3822 6324
86 289 220 356 1731

1454 299 1536 359 ΙΝ
1579 299 1783 359 PSAL.
1838 300 1989 360 CXI.

3211 304 3357 368 178‘!

149 411 223 473 γ’.
267 424 285 456 ι
325 404 460 471 Δόξα
485 407 579 459 καὶ
633 406 861 472 πλοῦτος
891 409 949 463 ὲν
981 408 1060 480 τῷ
1097 408 1232 480 οἴκῳ
1260 409 1444 465 αὐτοῦ.
1488 432 1504 462 ι
1547 411 1657 464 Καὶ

1836 410 2000 467 Vens.
2026 410 2078 466 5.
2125 431 2144 464 ι
2177 412 2362 469 Gloria
2389 422 2441 469 et
2466 414 2667 469 divitia:
2699 413 2751 468 in
2788 413 2952 469 domo
2980 412 3100 485 ejus
3131 430 3279 473 sunt.
3320 444 3339 472 ι

78 494 286 561 ταύτας
311 496 385 561 ὡς
411 497 547 568 πρὸς
570 498 780 562 ἀτελεῖς
798 499 900 567 ἔτι,
925 501 1018 554 καί
1058 501 1169 556 τῶν
1197 501 1418 555 τελείων
1448 504 1660 557 ὲπαῖειν

79 587 141 641 οὗ
187 588 541 659 δυναμένους,
588 593 825 644 ποιεῖται
857 592 954 656 τὰς
987 592 1333 663 ὑποσχέσεις.
1382 593 1521 656 Τοὺς
1553 595 1662 665 γὰρ

78 680 324 745 τελείους
362 682 391 735 ὀ
415 684 695 754 Δεσπότης
724 685 957 758 Χριστὸς
983 686 1243 740 τάναντία
1281 686 1543 751 διδάσκει,
1573 686 1660 740 λέυ

80 788 196 837 γων
220 790 234 806 ο
277 790 297 824 t
333 775 426 845 Μὴ
455 775 735 847 κτήσησθε
781 777 1004 848 χρυσὸν,
1056 778 1192 850 μηδὲ
1230 778 1492 851 ἄργυρον,
1529 780 1664 848 μήτε

81 862 283 931 χαλκὸν
312 867 390 928 εἰς
414 865 515 929 τὰς
543 867 720 932 ζώνας
745 869 921 939 ὑμῶν,
957 870 1032 940 μὴ
1067 872 1250 941 πήραν
1295 873 1376 935 εἰς
1414 871 1557 935 ὀδδν,
1591 872 1666 943 μὴ

85 953 433 1024 ὑποδήματα,
471 958 607 1027 μηδὲ
653 958 871 1029 ῥάϐδον.
907 979 926 1011 ι
955 962 1067 1015 Καὶ
1105 961 1272 1014 πάλιν
1295 977 1309 992 °
1343 980 1363 1014 ι
1417 962 1545 1015 Ἐὰν
1590 963 1665 1033 μή

83 1064 167 1110 τις
196 1048 538 1118 ἀποτάξας-ται
568 1053 702 1104 πᾶσι
726 1056 840 1117 τοῖς
878 1054 1216 1125 ὑπάρχουσιν
1262 1054 1450 1122 αὑτοῦ,
1490 1056 1553 1109 ού
1586 1055 1672 1110 δύ-

85 1138 243 1191 ναταί
271 1156 372 1208 μου
404 1134 546 1193 εἶναι
575 1142 840 1214 μαθητής.
874 1162 894 1195 ι
932 1144 1041 1197 Καί
1064 1164 1077 1177 ο
1115 1164 1133 1196 ι
1174 1146 1237 1198 Εἰ
1267 1144 1441 1209 θέλεις
1463 1147 1670 1211 τέλειος

85 1230 365 1297 γενέσθαι,
393 1232 645 1303 πώλησόν
673 1250 765 1287 σου
790 1234 858 1288 τὰ
900 1236 1235 1308 ὑπάρχοντα,
1267 1238 1361 1291 καὶ
1398 1239 1486 1303 δὸς
1524 1256 1670 1293 πτω-

88 1324 220 1389 χοῖς.
256 1341 275 1374 ι
305 1323 444 1376 Ἀλλ’
470 1326 620 1395 ὅμως
647 1326 820 1380 ταῦτα
842 1327 1171 1397 νομοθετῶν,
1197 1332 1379 1384 ἐκεῖνα
1408 1334 1519 1394 τοῖς
1544 1333 1670 1385 ἀτε-

86 1413 201 1467 λέσι
226 1415 319 1468 καὶ
345 1415 711 1486 ὑπισχνεῖται,
745 1418 840 1470 καὶ
863 1418 1102 1472 δίδωσιν.
1136 1419 1293 1475 Οὕτω
1319 1421 1398 1492 τῷ
1426 1424 1469 1456 ¹⁹
1509 1423 1669 1477 Σολο-

90 1506 263 1573 μῶντι
315 1507 411 1559 καὶ
458 1507 691 1563 πλοῦτον
737 1510 831 1563 καὶ
875 1508 1033 1575 δόξαν
1081 1511 1128 1543 ’⁸
1170 1515 1563 1583 προστέθεικεν
1603 1517 1670 1571 ’⁸.

88 1596 246 1651 Οὕτω
276 1598 324 1630 ’⁸
353 1601 471 1662 τοίς
510 1601 645 1664 υἱοῖς
693 1600 912 1673 Ἰσραὴλ
953 1603 1044 1656 τὸν
1070 1603 1180 1657 τῶν
1208 1606 1523 1675 Αἰγυπτίων
1552 1605 1675 1660 tam.

90 1690 298 1760 ρήσατο
327 1689 580 1747 πλοῦτον.
631 1709 649 1742 ι
684 1692 791 1744 Καὶ
817 1694 849 1764 ή
872 1692 1188 1765 δικαιοσύνη
1221 1694 1384 1748 αὑτοῦ
1419 1696 1572 1766 μένει
1594 1698 1674 1761 είς

86 1780 178 1832 τὸν
203 1780 376 1835 αίῶνα
417 1780 513 1835 τοῦ
555 1782 774 1847 αἰῶνος.
815 1801 834 1834 ι
870 1784 1140 1854 ’Δληστον
1183 1787 1291 1858 γὰρ
1318 1786 1347 1838 ό
1388 1786 1499 1840 τῶν
1535 1787 1672 1841 ὅλων

88 1871 218 1934 Θεὸς
245 1870 361 1941 ἔχει
392 1872 492 1941 τὴν
532 1871 775 1943 μνήμην,
807 1874 902 1927 καί
931 1874 1262 1945 ἀείμνηστον
1287 1875 1454 1931 αὑτοῦ
1478 1876 1672 1945 διαφυ-

88 1962 275 2015 λάττει
296 1964 356 2016 τὸ
381 1963 558 2027 κλέος.

155 2053 218 2108 δ’.
257 2072 276 2105 ι
311 2054 678 2119 Ἐξανέτειλεν
711 2056 769 2107 ἐν
804 2055 990 2108 σκότει
1012 2055 1127 2125 φῶς
1158 2058 1272 2120 τοῖς
1309 2056 1520 2111 ἔθνεσιν
1547 2058 1613 2113 ³⁸.
1646 2078 1665 2111 ι

88 2147 312 2214 Σκότος
339 2148 467 2201 ποτὲ
505 2148 603 2217 μὲν
650 2147 749 2219 τὴν
776 2147 1004 2217 ἄγνοιαν
1030 2150 1097 2215 ³⁵,
1144 2151 1276 2203 ποτὲ
1315 2149 1371 2203 δὲ
1405 2150 1502 2214 τὰς
1535 2168 1673 2223 συμ-

88 2243 262 2314 φορὰς
306 2243 586 2314 ὀνομάζει,
621 2245 716 2298 καὶ
758 2242 886 2313 φῶς
913 2242 970 2296 δὲ
1011 2242 1274 2308 ὡσαύτως
1304 2244 1403 2297 νῦν
1433 2244 1536 2315 μὲν
1569 2246 1672 2318 τὴν

91 2335 318 2403 γνῶσιν,
354 2336 449 2388 νῦν
476 2335 534 2387 δὲ
557 2334 668 2387 τῶν
699 2334 887 2388 κακῶν
917 2333 1017 2405 τὴν
1040 2333 1363 2405 ἀπαλλαγὴν
1397 2351 1672 2405 προσαγο·

91 2426 261 2496 ρεύει.
311 2427 476 2495 Λέγει
505 2425 709 2493 τοίνυν,
755 2427 839 2479 ὅτι
868 2425 963 2479 καὶ
999 2425 1289 2495 ἀγνοοῦσιν
1327 2426 1595 2492 ὑποδείξει
1625 2429 1673 2462 ⁸⁸

89 2519 185 2589 τὴν
214 2518 500 2589 ἀλήθειαν,
532 2519 624 2572 καὶ¹
645 2519 703 2570 ὲν
737 2520 803 2588 τῇ
827 2516 934 2570 τῶν
964 2515 1227 2586 λυπηρῶν
1256 2517 1532 2589 προσσολῇ
1568 2518 1668 2590 τὴν

88 2610 298 2663 οἰκείαν
329 2610 654 2680 ἒπικουρίαν
685 2609 883 2681 ὀρέξει.
934 2606 1093 2661 Οὕτω
1125 2608 1214 2661 τὸν
1240 2608 1438 2680 Ἰωσὴφ
1467 2610 1531 2664 ὲκ
1570 2611 1670 2680 τῆς

89 2701 198 2754 τῶν
245 2701 490 2769 ἀδελφῶν
541 2700 858 2771 μιαιφονίας
896 2698 1226 2771 ἐξήρπασεν,
1286 2698 1463 2764 οὕτως
1506 2702 1670 2755 αὐτὸν

90 2790 189 2860 τῆς
209 2791 577 2861 συκοφαντίας
602 2790 850 2860 ἀπέφηνε
882 2791 1196 2860 κρείττονα’
1232 2787 1373 2842 οὕτω
1406 2789 1503 2860 τῆς
1534 2792 1671 2863 Σὰρ-

94 2885 193 2953 ρας
244 2881 594 2952 ἁρπαγείσης
635 2878 805 2951 ὤρεξε
870 2879 949 2950 τῷ
1006 2879 1255 2951 Ἀϐραὰμ
1317 2881 1417 2951 τὴν
1463 2883 1668 2935 οἰκείαν

93 2974 269 3044 ῥοπήν
294 2990 307 3005 ·
339 2973 482 3027 οὕτω
509 2973 601 3027 τὸν
629 2973 818 3026 Λάϐαν
844 2971 1260 3042 ὲξεδειμάτωσε,
1293 2971 1388 3025 καὶ
1418 2972 1507 3024 τὸν
1540 2973 1670 3042 φεύ-

1768 498 1831 553 Ει
1855 501 1952 557 has
1989 503 2385 572 promissiones
2415 511 2674 573 umquam
2704 504 3064 573 imperfectis,
3098 507 3194 575 qui
3222 522 3353 561 non-

1764 592 1893 646 dum
1926 593 2167 663 perfecta
2195 595 2385 650 audire
2414 605 2666 665 possunt,
2700 595 2850 651 facit.
2891 595 3170 653 l’erfectos
3204 598 3352 654 enim

1766 682 2032 741 Dominus
2079 686 2331 742 Christus
2373 688 2644 742 contraria
2682 695 2864 754 docet,
2905 688 3096 745 dicens
3136 709 3148 744 :
3189 709 3209 742 ι
3244 689 3357 745 No-

1768 775 1861 829 lite
1891 776 2169 845 possidere
2193 791 2412 843 aurum,
2440 794 2617 849 neque
2644 788 2953 850 argentum,
2989 796 3168 851 neque
3193 798 3269 839 aes
3297 784 3359 837 in

1771 867 1925 922 zonis
1948 868 2170 933 vestris,
2199 883 2307 922 non
2338 884 2520 939 peram
2547 870 2600 923 in
2626 870 2734 930 via.
2759 885 2935 941 neque
2957 872 3351 940 calceamenta,

1771 974 1951 1030 neque
1985 960 2189 1030 virgam
2221 958 2271 1015 ά.
2312 980 2331 1013 ›
2366 960 2429 1015 Ει
2476 978 2672 1018 rursus
2712 982 2726 1018 :
2768 982 2786 1013 ι
2824 962 2939 1019 Nisi
2991 965 3115 1035 quis
3148 982 3354 1022 renun-

1777 1053 1997 1107 tiaverit
2046 1052 2304 1107 omnibus
2358 1068 2480 1123 quae
2509 1054 2769 1121 possidet,
2812 1071 2923 1111 non
2972 1066 3153 1125 potest
3196 1075 3353 1114 meus

1771 1159 1894 1200 esse
1944 1144 2329 1213 discipuluse.
2381 1162 2399 1195 ι
2453 1145 2560 1199 Et:
2611 1164 2629 1196 ι
2667 1145 2721 1199 Si
2758 1146 2839 1202 vis
2892 1148 3168 1217 perfectus
3202 1166 3349 1215 esse,

1771 1236 1945 1291 vende
1978 1237 2163 1290 omnia
2194 1250 2317 1305 qua:
2354 1235 2542 1301 habes,
2574 1245 2629 1291 et
2663 1237 2729 1290 da
2750 1239 3083 1307 pauperibus
3120 1239 3163 1295 τ.
3198 1260 3216 1292 ι
3254 1241 3353 1297 Ve-

1774 1335 2082 1382 rumtamen
2113 1328 2228 1382 haec
2260 1343 2387 1382 cum
2423 1329 2723 1398 pra'cipiat,
2773 1329 2988 1402 1404
3019 1331 3109 1385 illa
3150 1332 3353 1403 imper-

1775 1419 1932 1474 fectis
1952 1428 2007 1474 et
2029 1419 2280 1489 spondet,
2318 1428 2371 1474 et
2413 1419 2662 1491 largitur.
2698 1422 2788 1476 Sic
2821 1421 3102 1477 Salomoni
3135 1424 3352 1481 divitias

1774 1521 1829 1569 ct
1858 1513 2089 1584 gloriam
2123 1513 2276 1568 auxit
2307 1532 2321 1569 :
2354 1514 2435 1570 sic
2466 1514 2594 1570 ﬁliis
2644 1516 2810 1571 Israel
2844 1515 3225 1589 AEgyptiorum
3276 1520 3356 1573 di-

1775 1604 1935 1657 vitias
1970 1602 2215 1658 donavit.
2254 1622 2273 1655 ι
2313 1603 2377 1659 Ει
2399 1605 2607 1676 justitia
2632 1606 2751 1676 ejus
2785 1618 2969 1663 manet
3000 1608 3053 1662 in
3093 1610 3351 1664 saeculum

1776 1694 1981 1750 saeculi.
2035 1712 2055 1745 ι
2101 1692 2388 1749 ΑΞιει-ηιιω
2435 1697 2580 1750 enim
2633 1698 2795 1754 habet
2834 1701 3151 1755 memoriam
3208 1702 3355 1758 Deus

1775 1785 2196 1853 universorum,
2264 1796 2318 1842 et
2378 1800 2692 1859 perpetuam
2767 1802 3057 1846 conservat
3121 1794 3349 1864 gloriam

1774 1890 1954 1932 suam.

1774 2068 1792 2081 ·’
1847 2053 2008 2112 Vens.
2033 2055 2087 2111 4.
2142 2074 2160 2107 ι
2195 2056 2457 2113 Exortum
2488 2067 2571 2118 est
2598 2057 2651 2112 in
2684 2058 2924 2115 tenebris
2965 2056 3151 2116 lumen
3182 2060 3356 2133 genti-

1774 2146 1896 2202 bus.
1935 2166 1954 2198 ι
1998 2145 2260 2202 Tenebras
2304 2148 2466 2204 modo
2503 2148 2723 2219 quidem
2760 2150 3152 2221 ignorantiam,
3188 2152 3352 2207 modo

1773 2254 1901 2293 vero
1926 2238 2263 2294 calamitates
2291 2243 2538 2294 nominat
2570 2258 2584 2295 :
2616 2249 2671 2295 et
2699 2240 2873 2296 lumen
2903 2241 3177 2309 similiter,
3206 2259 3354 2299 nunc

1772 2329 1992 2401 quidem
2023 2331 2420 2403 c0gnitionem,
2447 2347 2593 2387 nunc
2621 2348 2753 2388 vero
2777 2332 3153 2391 liberationem
3178 2350 3208 2389 a
3242 2350 3371 2390 maor

1772 2421 1841 2477 lis
1870 2422 2126 2492 appellat.
2161 2422 2305 2478 Dicit
2345 2422 2533 2491 igitur.
2567 2431 2622 2479 et
2649 2423 3030 2493 ignorantibus
3063 2426 3349 2481 veritatem

1772 2524 1833 2565 se
1865 2511 2391 2580 demonstraturum,
2429 2520 2485 2567 et
2523 2512 2578 2567 in
2623 2514 2890 2569 malorum
2921 2515 3166 2570 incursw
3192 2529 3351 2569 suam

1771 2612 1929 2669 opem
1956 2598 2247 2654 allaturum
2282 2615 2423 2657 esse.
2457 2600 2551 2657 Sic
2579 2600 2876 2673 Josephum
2909 2603 3141 2659 fratrum
3171 2606 3350 2675 parri-

1771 2691 1916 2747 cidio
1936 2692 2159 2760 eripuit,
2194 2693 2275 2748 sic
2299 2693 2555 2748 eumdem
2587 2710 2617 2749 a
2649 2696 2924 2751 calumnia
2955 2696 3239 2751 liberavit:
3271 2696 3353 2751 sic

1770 2794 1954 2853 erepta
1988 2782 2121 2838 Sara
2147 2785 2411 2838 auxilium
2441 2785 2570 2839 tulit
2593 2785 2904 2842 Abrahamo
2930 2803 2944 2842 :
2970 2788 3049 2842 sic
3076 2786 3348 2843 Labanem

1772 2876 2087 2945 perterruit,
2127 2883 2182 2929 et
2237 2874 2533 2946 fugientem
2597 2877 2919 2947 insequente
2985 2878 3369 2948 potentiorem'

1771 2965 2029 3019 ostendit.
2062 2962 2268 3019 Divina!
2300 2965 2467 3034 igitur
2494 2967 2750 3035 potentiae
2797 2968 2905 3022 hoe
2937 2976 3021 3023 est
3058 2983 3348 3037 argumen-

92 3078 259 3131 γοντα
309 3062 404 3116 τοῦ
456 3060 749 3135 διώκοντος
800 3060 1172 3131 δυνατώτερον
1226 3059 1413 3124 ἔδειξε.
1469 3060 1581 3130 Τῆς
1621 3062 1668 3094 ³⁸

1775 3065 1908 3121 tum,
1936 3055 2283 3112 excitationis
2319 3072 2482 3111 causa
2514 3057 2846 3125 permittere,
2893 3067 2953 3113 ut
2976 3058 3112 3129 justi
3157 3059 3210 3112 in
3265 3073 3357 3114 res

92 3152 245 3214 θείας
296 3150 475 3204 τοίνυν
533 3150 818 3221 δυνάμεως
885 3150 981 3203 καὶ
1034 3149 1194 3204 τοῦτο
1238 3150 1558 3219 τεκμήριον,
1607 3150 1668 3203 τὸ

93 3241 401 3314 γυμνασίας
446 3241 545 3313 μὲν
578 3241 764 3295 εἵνεκα
806 3242 1113 3311 συγχωρεῖν
1151 3239 1511 3310 προσϐάλλειν
1556 3245 1670 3305 τοῖς

93 3333 322 3397 δικαίοις
362 3333 432 3387 τὰ
470 3333 711 3404 λυπηρὰ,
751 3331 990 3385 διαλύειν
1030 3330 1087 3384 δὲ
1136 3331 1341 3383 τούτων
1377 3331 1438 3383 τὸ
1489 3330 1666 3400 νέφος,

95 3424 189 3478 καὶ
218 3423 467 3494 καθαρὰν
520 3423 737 3493 αἰθρίαν
779 3421 1121 3493 χαρίζεσθαι.
1177 3440 1195 3472 ι
1233 3410 1534 3492 Ἑλεὴμων,
1576 3421 1671 3475 καὶ

95 3517 395 3587 οἰκτίρμων
422 3516 489 3581 ’⁷,
530 3516 626 3568 καὶ
655 3514 913 3575 δίκαιος.»
956 3512 1139 3567 Ταῦτα
1173 3512 1230 3564 δὲ
1258 3513 1675 3583 πρυτανεύειδι-

96 3606 376 3676 καιοσύνῃ,
411 3607 505 3660 καὶ
530 3606 685 3675 ὲλέῳ,
717 3606 811 3658 καὶ
831 3604 1129 3673 ἀγαθότητι
1159 3602 1460 3674 χρώμενος.
1493 3604 1670 3673 Κήδε-

95 3717 184 3755 ται
227 3699 328 3770 μὲν
361 3699 469 3770 γὰρ
497 3699 574 3760 ὡς
601 3697 1004 3766 φιλάνθρωπος,
1035 3694 1333 3764 στεφανοῦν
1357 3695 1415 3749 δὲ
1440 3695 1566 3756 τοὺς
1593 3694 1670 3748 δι-

1771 3146 2032 3200 adversas
2082 3146 2344 3212 incidant,
2387 3155 2442 3201 et
2490 3146 2682 3201 harum
2751 3149 3005 3203 nebulam
3053 3148 3349 3211 discutere,

1773 3252 2075 3308 puramque
2103 3238 2453 3293 serenitatem
2484 3239 2726 3295 edicere.
2764 3257 2782 3292 ι
2820 3239 3139 3296 Misericors
3167 3247 3221 3295 et
3247 3239 3353 3293 mi-

1773 3340 1999 3392 serator,
2027 3331 2045 3351 ⁶
2086 3336 2141 3385 et
2172 3330 2358 3401 justus
2403 3340 2506 3386 est.
2551 3350 2571 3382 ι
2613 3331 2739 3387 Haec
2781 3340 2962 3386 autem
3013 3331 3351 3396 moderatur,

1774 3419 2008 3490 iustitia,
2058 3429 2113 3475 et
2156 3421 2559 3483 misericordia,
2611 3431 2666 3477 et
2697 3423 2940 3479 bonitate
2995 3433 3173 3478 utens.
3217 3422 3350 3476 Nam

1774 3529 1963 3568 curam
1996 3514 2135 3585 gerit
2180 3515 2396 3584 quidem
2452 3525 2509 3569 ut
2549 3515 2818 3585 benignus
2855 3533 2868 3569 :
2915 3532 3183 3570 coronare
3225 3531 3355 3569 vero

1770 3605 1951 3674 justos
1981 3607 2193 3669 volens,
2226 3605 2529 3660 certamina
2562 3607 2849 3675 permittit,
2884 3606 3048 3661 solvit
3078 3620 3204 3660 vero
3240 3606 3355 3658 ha:c

1777 3697 2026 3765 protinus
2057 3696 2127 3750 ob
2152 3697 2477 3751 immensam
2511 3696 2832 3753 bonitatem.

97 3792 284 3855 καίους
323 3791 663 3863 βουλόμενος,
713 3792 986 3861 συγχωρεῖ
1020 3789 1146 3851 τοὺς
1192 3786 1430 3856 ἀγῶνας,
1498 3785 1616 3840 λύει
1681 3785 1739 3839 δὲ
1776 3786 2002 3850 τούτους
2044 3788 2129 3840 δτι
2168 3787 2214 3819 ’⁸
2266 3788 2498 3857 τάχιστα
2555 3786 2642 3840 διὰ
2691 3788 2789 3859 τὴν
2852 3790 3165 3860 ἀμέτρητον
3221 3793 3357 3859 ἁγα-

99 3882 320 3953 θότητα.

164 3995 232 4048 ε’.
271 4014 289 4046 ι
327 3994 574 4068 Χρηστῖκ
602 3992 740 4063 ἀνὴρ
773 3993 801 4044 ὁ
833 3992 1138 4064 οἰκτείρων,
1178 3992 1274 4045 καὶ
1313 3990 1549 4063 κιχρῶνο
1589 3992 1666 4045 οἰ-

1843 3988 2009 4044 Vens.
2037 3988 2087 4043 5.
2121 4008 2138 4041 ι
2165 3987 2440 4060 Bcnignus
2467 3988 2633 4044 homo
2665 3989 2759 4059 qui
2792 3989 3083 4045 miseretur
3123 4001 3177 4046 et
3205 4007 3357 4048 cont.

100 4086 391 4156 κονομήσει
440 4084 564 4146 τοὺς
599 4083 791 4151 λόγους
844 4081 1008 4135 αὑτοῦ
1059 4082 1119 4134 ὲν
1164 4081 1364 4152 κρίσει.
1419 4101 1439 4131 ι
1501 4082 1561 4136 '0
1606 4081 1665 4136 δὲ

1775 4079 2246 4148 modat,disponet
2278 4076 2489 4149 1405
2514 4091 2800 4134 sermones
2828 4094 2957 4134 suos
2983 4081 3036 4133 in
3065 4078 3296 4149 judicio.
3330 4102 3348 4133 ι

99 4175 395 4245 Σύμμαχος
444 4172 649 4237 οὕτως·
710 4172 965 4243 Ἀγαθός,
1015 4171 1387 4242 χαριστικὸς,
1420 4172 1518 4226 καί
1582 4189 1669 4227 κι-

1780 4169 2143 4244 Symmachus
2175 4178 2356 4225 autem
2397 4170 2477 4224 sic
2520 4186 2533 4223 :
2566 4168 2766 4234 Bonus,
2806 4171 3088 4241 muniﬁcus
3126 4180 3175 4225 et
3210 4187 3356 4226 com-

99 4265 278 4335 κρῶν,
312 4265 642 4335 οὶκονομῶν
671 4265 741 4321 τὰ
770 4264 1085 4334 πράγματα
1128 4264 1318 4319 αὑτοῦ
1358 4264 1509 4333 μετὰ
1549 4267 1673 4333 κρί-

97 4371 273 4421 σεως.
316 4354 376 4408 ὐ
410 4354 520 4425 γὰρ
554 4354 643 4407 τὸν
684 4355 881 4408 οἰκεῖον
912 4354 1177 4426 δεσπότην
1218 4354 1558 4426 μιμούμενος
1587 4372 1675 4423 φι-

97 4446 332 4517 λοτίμως
390 4445 683 4517 θεραπεύει
724 4447 853 4509 τοὺς
905 4445 1261 4516 ὁμοδούλους’
1310 4445 1596 4516 οἰκτείρων
1629 4447 1675 4479 ¹⁹

100 4536 220 4606 μὲν,
266 4537 344 4600 ὡς
384 4537 484 4607 τῆς
512 4536 727 4607 φύσεως
761 4538 1038 4600 κοινωνὸς,
1089 4537 1299 4607 κιχρῶν
1348 4536 1424 4601 δὲ,
1458 4536 1532 4600 ὡς
1575 4536 1676 4608 τὴν

96 4629 305 4682 ἔκτισιν
347 4628 499 4699 παρὰ
538 4629 633 4683 τοῦ
666 4628 848 4693 κοινοῦ
885 4629 1207 4701 προσμένων
1249 4629 1539 4683 Δεσπότου.
1576 4632 1675 4682 Ut)-

99 4719 186 4772 δὲν
230 4718 290 4772 δὲ
333 4720 362 4772 ὁ
415 4719 654 4783 τοιοῦτος
696 4720 1026 4793 ἀδιακρίτως
1064 4722 1383 4794 ἐργάζεται,
1430 4723 1545 4776 ἀλλ’
1589 4725 1674 4792 ὀρ·

99 4808 208 4873 θῶς
237 4810 284 4841 ³⁸
319 4810 599 4881 χρώμενος
628 4812 891 4882 λογισμῷ,
921 4815 1017 4866 καὶ
1055 4814 1184 4877 τοὺς
1236 4813 1431 4883 λόγους
1461 4813 1556 4867 καὶ
1606 4813 1675 4867 τὰ

98 4900 238 4972 ἔργα
267 4905 480 4971 κοσμεῖ.

170 5126 198 5167 δ
226 5126 415 5183 Matth.
452 5144 505 5194 ι,
530 5127 583 5194 9,
617 5127 704 5182 10.
827 5138 850 5167 ο
883 5127 1018 5182 Luc.
1054 5145 1166 5193 xw,
1192 5129 1279 5183 35.

1776 4262 2018 4329 modaus,
2066 4262 2156 4333 qui
2202 4261 2473 4331 dispensat
2522 4277 2603 4316 res
2649 4277 2774 4315 suas
2822 4278 2941 4315 cum
2977 4262 3209 4332 judicio.
3249 4262 3352 4331 Qui

1776 4354 1922 4410 enim
1953 4354 2239 4408 dominum
2274 4369 2436 4409 suum
2469 4353 2733 4420 imitatur,
2766 4354 2914 4423 larga
2937 4366 3101 4407 manu
3134 4369 3356 4409 conser—

1778 4447 1858 4502 vis
1879 4447 2175 4509 succurrit.
2200 4445 2472 4502 miserans
2494 4445 2712 4517 quidem
2738 4455 2796 4501 ut
2820 4456 3031 4501 natura:
3055 4446 3351 4516 particeps,

1776 4541 2135 4595 commodans
2169 4555 2317 4606 vero,
2355 4548 2614 4609 tanquam
2641 4554 2671 4593 a
2697 4538 2974 4595 communi
3008 4538 3241 4594 Domino
3266 4554 3357 4595 re.

1782 4631 2212 4686 munerationem
2242 4641 2588 4701 exspectans.
2615 4630 2758 4685 Nihil
2778 4641 2958 4686 autem
2991 4631 3116 4686 talis
3139 4631 3357 4687 incaute

1780 4724 1932 4788 facit,
1967 4724 2062 4778 sed
2111 4725 2276 4780 rectis
2306 4735 2467 4781 utens
2518 4725 2961 4795 cogitationibus,
2996 4735 3051 4781 et
3094 4724 3256 4782 verba
3301 4734 3359 4780 et

1782 4832 1946 4887 opera
1975 4828 2153 4873 ornat.

1381 5127 1399 5167 τ
1436 5128 1622 5183 Matth.
1668 5130 1900 5194 xu,2l.

1162 5329 1396 5386 VARIAS
1439 5331 1819 5390 LECTIONES
1877 5330 1965 5386 ET
1992 5330 2230 5387 ΝΟΤΑΕ.

216 5480 259 5514 ¹⁹
296 5479 406 5547 Τῷ.
442 5481 616 5538 cod.l

105 5622 153 5655 "
207 5622 338 5676 ibid.
373 5622 694 5689 ὑποδείξεις.
767 5624 813 5657 ⁸⁸
849 5624 965 5692 Τῆς
992 5657 1061 5666 --
1099 5627 1137 5681 ἁ

661 5497 852 5553 prtem.
885 5485 999 5539 καί.
1073 5487 1119 5519 ⁸⁸
1140 5487 1265 5542 cod.
1297 5486 1324 5539 1
1346 5486 1442 5539 καὶ
1466 5485 1625 5551 δόξαν
1646 5505 1669 5540 κ

1775 5486 2016 5541 πλοῦτον.
2100 5488 2140 5519 ¹¹
2170 5487 2301 5541 iltid.
2341 5486 2721 5555 προστίθησιν.

110 5552 237 5625 add.
258 5542 393 5625 uel.
458 5553 506 5625 ’ξ
535 5542 841 5625 filiai-amr.
870 5555 997 5625 cod.
1035 5556 1060 5610 1
1095 5556 1330 5618 εὐθὲσιν,
1356 5542 1588 5625 ascripta
1622 5565 1669 5609 ta

1775 5572 1805 5611 n
1846 5559 2015 5612 altera
2048 5557 2305 5612 lectione.
2340 5542 2503 5613 "chr.
2547 5542 2783 5617 nimim.

1144 5629 1454 5696 γαθότητα.
1515 5627 1636 5681 Des.
1694 5628 1834 5696 apud
1865 5628 2026 5681 (Iord.
2062 5628 2098 5681 l.
2130 5642 2175 5681 c.
2211 5643 2263 5696 p.
2290 5627 2420 5682 276.
2497 5629 2540 5660 ³⁷
2578 5630 2735 5681 Οὶκτ.
2772 5631 2896 5684 cod.
2939 5632 2961 5684 1
3002 5629 3183 5686 add.6
3243 5631 3359 5684 Κύ-

2826 5490 3083 5544 ³³Οὒτω.
3142 5490 3267 5545 cod.
3328 5490 3354 5544 1

2863 5560 2908 5591 ’⁵
2935 5561 3058 5614 cod.
3094 5559 3119 5613 1
3152 5562 3358 5615 ἄνοιαν.

112 5708 248 5762 ριος.
324 5692 370 5725 ⁸³
410 5693 563 5749 Ὅτι.
624 5694 793 5751 Abest
851 5710 881 5749 a
913 5696 1032 5751 cod.
1069 5697 1119 5749 1.
1150 5692 1159 5696 ⁷
1196 5698 1242 5729 ²⁹
1277 5692 1399 5751 cod.
1439 5697 1460 5751 1
1490 5696 1667 5768 οἰκτίρ

1775 5715 1814 5751 ν.
1894 5698 1938 5729 ³⁰
1974 5698 2106 5753 ibid.
2140 5692 2309 5770 ὀρθῷ.
