3822 6324
100 280 238 349 1793

1439 281 1521 341 ΙΝ
1576 279 1784 340 PSAL.
1806 279 2029 340 CXIII.

3230 279 3360 346 ΠΜ

163 401 348 465 ιγ’-ιε’.
399 413 417 447 ι
447 393 630 466 Στόμα
657 392 870 465 ἔχουσι,
924 393 1019 447 καὶ
1044 393 1105 447 οὐ
1148 392 1513 463 λαλήσουοκν⁸
1566 392 1671 462 όφ-

1848 388 2012 446 Vrzns.
2065 390 2251 446 15-15.
2313 410 2332 443 ι
2375 389 2450 447 Os
2499 389 2720 455 habent,
2775 397 2830 443 et
2878 404 2984 445 non
3036 389 3357 459 loquentur;

91 484 333 556 θαλμοὺς
360 485 407 517 ⁸⁸
441 485 647 557 ἔχουσι,
681 487 772 540 καὶ
818 486 921 539 οὐκ
965 485 1214 555 δψονται.
1266 480 1407 537 Ὦτα
1462 484 1671 555 ἔχουσι,

92 577 190 631 καὶ
218 577 316 629 οὐκ
344 576 671 630 ἀκούσονται
700 592 714 607 ’
743 579 896 648 ῥῖνας
928 576 1137 647 ἔχουσι,
1163 577 1259 630 καὶ
1283 576 1386 630 οὐκ
1428 577 1672 646 ὀσφραν-

91 666 368 736 οήσονται.
401 668 608 738 Χεῖρας
639 667 850 737 ἔχουσι,
889 670 984 720 καὶ
1010 667 1073 720 οὐ
1105 666 1501 737 ψηλαφήσουσι
1530 681 1544 695 ·
1574 667 1673 719 πό-

90 756 185 819 δας
208 756 409 826 ἔχουσι,
436 757 532 810 καὶ
564 758 631 810 οὐ
661 758 1158 828 περιπατήσουσιν.
1198 776 1217 810 ι
1250 758 1371 810 Τῶν
1412 756 1674 828 αἰσθητη-

92 848 243 918 ρίων.
278 848 433 919 φησι,
462 850 561 912 τὰς
596 849 695 918 μὲν
724 849 939 914 εἰκόνας
983 849 1343 919 περίκεινται,
1371 848 1472 916 τῆς
1498 848 1554 900 δὲ
1583 851 1672 901 ἐν-

92 940 312 1011 εργείας
329 941 674 1010 ἐστέρηνται.
696 940 1082 1011 usuuum
1095 940 1278 994 τοίνυν
1298 940 1359 992 οὐ
1385 939 1546 1008 μόνον
1563 939 1672 992 τῶν

94 1034 404 1099 ποιούντων,
426 1033 562 1085 ἀλλὰ
592 1036 687 1085 καὶ
715 1032 821 1085 τῶν
850 1033 1235 1103 σμικροτάτων
1254 1031 1511 1099 ζωῡφίων
1527 1032 1633 1084 εἰσί
1654 1045 1667 1060 ⁸

94 1124 247 1192 μυῖαι
280 1125 407 1191 γὰρ,
446 1124 539 1175 καὶ
573 1121 853 1186 κώνωπες,
890 1124 985 1174 καὶ
1028 1122 1096 1173 τὰ
1142 1122 1346 1173 τοᾷτων
1380 1122 1673 1190 σμικρότε-

95 1229 185 1281 ρα,
204 1212 309 1265 τῶν
330 1212 708 1283 αἰσθητηρίων
738 1213 923 1281 ἔχουσι
944 1212 1043 1281 τὴν
1075 1211 1359 1278 ἐνέργειαν
1383 1210 1670 1280 ’βλέπουσι

88 1302 219 1372 γὰρ.
238 1303 326 1355 καὶ
343 1302 627 1366 ἀκούουσι,
644 1301 738 1355 καὶ
761 1304 1044 1367 πέπανται,
1066 1302 1160 1354 καὶ
1178 1301 1482 1371 βαδίζουσιν
1510 1319 1523 1333 ·
1549 1302 1598 1353 οἰ
1617 1301 1673 1353 δὲ

94 1393 174 1456 ὡς
203 1392 312 1447 Θεοί
345 1393 837 1463 προσκυνούμενοι,
872 1393 994 1446 οὐδὲ
1015 1393 1114 1464 τὴν
1145 1391 1253 1444 τῶν
1282 1390 1479 1458 ὀλίγων
1506 1391 1553 1423 ⁸⁸
1575 1391 1673 1446 καὶ

90 1485 338 1555 σμικρῶν
365 1484 521 1547 ζώων
554 1485 835 1556 ἐνέργειαν
866 1486 1101 1557 ἔχουσιν.

168 1579 261 1637 ις’.
300 1591 319 1624 ι
349 1574 424 1626 Οὐ
480 1574 824 1645 φωνήσουσιν
877 1578 936 1630 ὲν
983 1577 1064 1647 τῷ
1105 1577 1343 1648 λάρυγγι
1405 1574 1606 1630 αὐτῶν.
1644 1592 1666 1627 ο

102 1662 323 1731 Ἐπειδὴ
370 1663 482 1733 γὰρ
504 1665 554 1716 οἰ
593 1663 663 1717 δι’
710 1665 892 1718 αὐτῶν
952 1667 1312 1739 ἐνεργοῦντες
1360 1667 1619 1738 δαίμονες
1652 1706 1668 1731 ,

1772 481 1967 536 oculos
1999 480 2236 547 habent,
2289 490 2346 536 et
2381 497 2489 536 non
2524 481 2806 535 videbunt.
2838 480 3015 535 Aures
3045 481 3268 545 habent,
3305 490 3362 535 et

1770 589 1885 629 non
1926 573 2142 648 1414
2172 576 2426 643 audient;
2465 590 2627 630 nares
2668 574 2889 635 habent,
2925 582 3116 629 etnon
3162 573 3360 627 odora-

1775 666 2005 721 buntur.
2044 668 2237 722 Manus
2272 668 2504 730 habent,
2553 676 2607 722 et
2653 682 2760 720 non
2813 665 3142 737 palpabunt;
3190 663 3358 734 pedes

1774 756 2014 824 habent,
2069 768 2121 811 et
2172 774 2276 812 non
2311 759 2694 813 ambulabunt.
2732 776 2750 810 ι
2792 758 3097 812 Simulaera
3136 757 3355 827 quidem

1774 862 2038 901 sensuum
2076 848 2370 904 domiciliis
2421 850 2608 904 induta
2658 857 2825 917 sunt,
2873 850 3189 919 operatione
3228 864 3358 903 vero

1772 937 2057 993 destituta.
2097 937 2302 993 Viliora
2371 941 2538 1010 igitur
2581 956 2692 994 non
2743 942 2906 994 modo
2962 950 3092 994 sunt
3148 940 3214 994 iis
3262 939 3355 1009 qui

1772 1028 1890 1099 ipsa
1943 1030 2249 1094 tinxerunt,
2296 1031 2388 1083 sed
2435 1031 2597 1083 etiam
2651 1030 2892 1085 minimis
2945 1030 3355 1082 animantibus:

1770 1119 2224 1189 quandoquidem
2261 1135 2471 1176 musca.
2505 1128 2558 1174 et
2586 1120 2817 1183 culices,
2848 1128 2904 1174 et
2934 1120 3019 1173 his
3050 1119 3354 1182 tenuiores,

1772 1212 1829 1265 in
1868 1228 2130 1267 sensuum
2170 1211 2396 1267 sedibus
2430 1212 2537 1265 vim
2587 1212 2787 1265 habent
2830 1212 3049 1282 (vident
3082 1211 3248 1273 enim,
3303 1220 3359 1264 et

1773 1306 2024 1371 audiunt,
2060 1315 2112 1360 et
2145 1307 2349 1370 volant,
2383 1317 2436 1361 et
2468 1305 2785 1375 ambulant)
2816 1322 2828 1358 :
2856 1305 2910 1358 hi
2939 1320 3070 1359 vero
3093 1305 3185 1374 qui
3237 1296 3359 1358 tan-4

1774 1412 1941 1467 quam
1975 1397 2053 1451 dii
2085 1398 2362 1463 coluntur,
2416 1413 2592 1466 neque
2626 1398 2944 1452 tenuiorum
2991 1394 3356 1451 animantium

1768 1493 1987 1541 ratione
2027 1490 2335 1542 carentium
2368 1489 2474 1542 vim
2516 1488 2738 1542 habent.

1842 1577 2011 1632 Vens.
2036 1579 2126 1634 l6.
2160 1597 2176 1629 ι
2205 1578 2324 1633 Non
2370 1580 2685 1634 cla-mahth
2723 1587 2943 1649 gutture
2999 1593 3155 1633 suo.)
3207 1578 3358 1646 Quo-

1773 1669 1920 1724 niam
1972 1671 2117 1725 enim
2166 1672 2461 1736 damones,
2512 1673 2605 1741 qui
2650 1686 2748 1740 per
2790 1673 2906 1741 ipsa
2961 1672 3354 1741 operabantur,

90 1754 188 1807 καὶ
225 1757 342 1817 ταῖς
380 1754 604 1824 ψευδέσι
633 1756 914 1829 χρώμενοι
956 1760 1261 1828 μαντείαις,
1320 1761 1382 1813 οὐ
1435 1759 1524 1812 διὰ
1560 1759 1667 1812 τῶν

1783 1762 2040 1831 l'alsisque
2083 1763 2582 1818 vaticinationibus
2637 1763 2954 1825 utebantur,
2991 1779 3101 1817 non
3142 1780 3237 1833 per
3275 1764 3358 1817 in-

89 1850 317 1920 ἁψύχων
355 1851 559 1917 ταύτας
583 1854 845 1919 εἰδώλων,
883 1855 1021 1910 ἀλλὰ
1045 1855 1138 1909 διὰ
1162 1856 1274 1910 τῶν
1309 1854 1550 1925 λογικῶν
1573 1857 1670 1909 ἀν-

88 1942 331 2005 θρώπων
364 1946 796 2018 προσέφερον,ἢ
845 1947 936 2001 διὰ
988 1949 1277 2018 συμϐόλων
1330 1948 1494 2003 τινῶν
1548 1945 1674 2001 τινὰ

94 2038 466 2109 κατεμήνυον,
530 2040 758 2102 εἰκότως
790 2041 916 2110 ἔφη·
955 2060 974 2091 ι
1010 2042 1083 2094 Οὐ
1117 2042 1464 2112 φωνήσουσιν
1515 2042 1574 2093 ἐν
1594 2039 1672 2110 τῷ

90 2127 333 2198 λάρυγγι
362 2129 564 2186 αὐτῶν.
602 2150 622 2184 θ
675 2130 937 2201 Ἀκίνητα
967 2132 1077 2203 γὰρ
1111 2132 1206 2186 καὶ
1243 2132 1426 2204 ἄψυχα
1478 2132 1673 2184 εἴδωλα

91 2219 398 2285 παντελῶς.

166 2310 254 2376 ιζ’.
289 2311 508 2382 Ὅμοιοι
546 2315 731 2378 αὐτοῖς
786 2315 1029 2384 γένοιντο
1079 2315 1133 2367 οἰ
1168 2314 1450 2380 ποιοῦντες
1507 2317 1668 2382 αὐτὰ,

88 2401 190 2456 καὶ
216 2403 417 2467 πάντες
446 2405 496 2456 οἰ
531 2405 855 2469 πεποιθότες
893 2408 982 2460 ἐπ’
1013 2406 1222 2470 αὐτοῖς.
1255 2425 1275 2459 ι
1326 2405 1469 2461 Ἀλλ’
1520 2409 1672 2462 ὲκεί-

86 2512 206 2559 νοις
240 2495 340 2564 μὲν
375 2497 697 2566 ὁμοιωοείεν
728 2498 826 2551 καὶ
851 2499 900 2551 oi
953 2497 1416 2568 προσκυνοῦντες,
1469 2502 1564 2554 καὶ
1621 2503 1671 2555 οἰ

86 2587 572 2659 δημιουργοῦντες.
592 2589 731 2654 Τοὺς
745 2590 855 2659 γὰρ
869 2590 1011 2660 λόγῳ
1029 2607 1145 2643 τετι
1152 2608 1227 2659 μη
1237 2591 1401 2661 μένου
1410 2609 1453 2655 ς,
1470 2591 1567 2646 καὶ
1592 2595 1672 2657 εἰς

86 2675 363 2748 τοσαύτην
442 2678 669 2748 ἀλογίαν
732 2679 1170 2742 ἐκπεπτωκότας
1195 2721 1212 2747 ,
1284 2680 1494 2737 δίκαιον
1561 2681 1673 2739 τῶν

88 2768 187 2820 ὑπ’
240 2768 424 2821 αὐτῶν
468 2771 971 2841 προσκυνουμένων
1021 2769 1123 2841 τὴν
1174 2771 1544 2842 ἀναισθησίαν
1575 2771 1673 2825 λα-

87 2861 153 2915 ϐε
163 2865 234 2916 ἰν.

164 2961 256 3024 ιη’,
289 2953 377 3009 ιϐ’.
414 2972 433 3006 ι
472 2949 635 3019 Οἶκος
673 2954 893 3027 Ἰσραὴλ
920 2956 1155 3028 ἤλπισεν
1184 2957 1230 2990 ⁸⁷
1271 2956 1369 3011 ἐπὶ
1425 2955 1632 3028 Κύριον
1655 2971 1670 2986 ·

89 3047 290 3120 βοηθὸς
341 3049 437 3101 καὶ
496 3048 918 3121 ὑπερασπιστὴς
969 3049 1153 3103 αὐτῶν
1194 3052 1367 3107 ἔστιν.
1429 3045 1590 3114 Οἶκος
1628 3049 1674 3082 ⁸⁸

1774 1855 2025 1909 animata
2055 1855 2345 1910 simulacra
2366 1856 2464 1911 has
2486 1854 2854 1925 proferebant,
2876 1855 2968 1909 sed
2988 1870 3082 1925 per
3104 1853 3357 1910 homines

1770 1947 2006 2002 rationis
2037 1955 2340 2016 compotes,
2384 1947 2470 2000 vel
2503 1962 2601 2016 per
2631 1948 2894 2001 nonnulla
2940 1947 3094 2016 signa
3142 1946 3352 2018 aliquid

1770 2039 2205 2105 denuntiabant,
2249 2039 2446 2092 merito
2488 2039 2609 2093 ait:
2640 2056 2660 2089 ι
2697 2036 2814 2091 Νοη
2863 2038 3183 2092 clamabunt
3224 2046 3353 2108 gut-

1770 2139 1892 2184 ture
1934 2144 2055 2183 suo.
2094 2149 2113 2182 ι
2156 2129 2463 2185 lmmobilia
2494 2128 2643 2184 enim
2694 2138 2749 2184 et
2788 2129 3085 2183 inanimata
3138 2129 3355 2196 penitus

1770 2231 1900 2278 sunt
1931 2221 2098 2275 idola.

1842 2309 2007 2365 Vsus.
2048 2309 2133 2364 l7.
2193 2327 2213 2361 ι
2253 2307 2472 2364 Similes
2503 2308 2610 2365 illis
2649 2307 2781 2364 [iant
2809 2308 2899 2377 qui
2933 2308 3144 2363 faciunt
3182 2321 3267 2369 ea,
3302 2314 3358 2362 et

1768 2417 1962 2456 omnes
1996 2400 2089 2470 qui
2139 2400 2425 2455 confidunt
2474 2401 2526 2453 in
2570 2400 2671 2453 eis.
2709 2417 2727 2451 ι
2768 2398 2941 2454 Porro
2976 2399 3083 2453 illis
3125 2399 3348 2468 quidem

1770 2493 1979 2549 similes
2006 2492 2137 2547 ﬁant
2158 2499 2213 2545 et
2236 2493 2332 2561 qui
2364 2492 2480 2560 ipsa
2512 2491 2720 2554 colunt,
2752 2500 2805 2544 et
2833 2491 2925 2561 qui
2959 2491 3186 2546 faciunt.
3213 2490 3354 2544 Cum

1770 2587 1915 2641 enim
1953 2584 2058 2654 etsi
2096 2582 2309 2638 ratione
2344 2583 2556 2653 prmditi
2591 2583 2722 2644 sint.
2758 2582 2812 2636 in
2855 2592 3062 2637 tantam
3098 2583 3353 2637 absurdi-

1770 2687 1936 2734 tatem
1994 2677 2315 2741 inciderint,
2375 2677 2581 2746 justum
2639 2685 2723 2732 est
2774 2692 2994 2732 omnem
3041 2693 3134 2733 eos
3189 2678 3357 2731 amit-

1770 2779 1888 2824 tere
1930 2784 2191 2832 sensum,
2248 2769 2426 2824 instar
2475 2769 2744 2822 idolorum
2791 2784 2914 2839 quae
2952 2770 3021 2824 ab
3061 2769 3195 2838 ipsis
3244 2784 3343 2824 co-

1772 2862 1983 2916 luntur.

1846 2953 2013 3010 Vsus.
2047 2955 2133 3021 l8,
2164 2955 2247 3010 l9.
2292 2973 2311 3006 ι
2342 2954 2548 3012 Domus
2570 2955 2738 3011 Israel
2762 2953 3077 3025 speraritin
3105 2952 3355 3017 Domino,

1776 3046 1995 3116 adiutor
2042 3062 2269 3115 eorum,
2321 3057 2375 3102 et
2418 3057 2693 3116 protector
2740 3062 2931 3101 eorum
2988 3055 3090 3100 est.
3148 3043 3357 3100 Domus

87 3137 310 3209 Ἀαρὼν
327 3137 556 3208 ἦλπισεν
575 3138 621 3170 ⁸⁸
643 3140 735 3192 ἐπὶ
752 3139 958 3212 Κύριον
978 3156 993 3172 ο
1020 3140 1214 3212 βοηθὸς
1244 3141 1338 3194 καὶ
1358 3141 1671 3210 ὑπερασπι-

1783 3135 1962 3191 Aaron
2007 3139 2245 3207 speravit
2276 3137 2330 3193 in
2366 3138 2622 3204 Domino,
2651 3138 2873 3208 adjutor
2901 3151 3118 3204 eorum,
3153 3143 3207 3190 et
3232 3150 3358 3206 pro-

88 3238 226 3297 στ’;ς
257 3230 437 3283 αὐτῶν
469 3231 640 3285 ἐστιν.
678 3249 700 3283 ι
767 3233 998 3286 Ἐκεῖνοι
1044 3234 1147 3303 μὲν
1197 3231 1428 3303 ζημίαν,
1464 3232 1581 3287 ἀλλ’
1606 3232 1666 3285 οὐ

1779 3238 1951 3284 teetor
1974 3244 2165 3283 eorum
2202 3239 2306 3285 est.
2339 3248 2358 3281 ι
2390 3229 2473 3284 llli
2504 3229 2726 3300 quidem
2763 3242 2873 3282 non
2901 3227 3354 3295 emolumentum,

86 3321 288 3392 κέρδος
319 3324 382 3376 ὲκ
412 3323 509 3393 τῆς
535 3323 744 3376 τούτων
774 3323 1072 3395 ἑδρέψαντο
1113 3325 1546 3395 προσκυνήσεως
1569 3340 1585 3356 ⁸
1643 3326 1671 3378 ό

1783 3323 1869 3378 sed
1896 3323 2286 3379 detrimentum
2311 3338 2377 3378 ex
2399 3323 2597 3378 horum
2624 3321 2941 3377 adoratione
2960 3327 3354 3392 perceperunt:

85 3414 149 3466 δὲ
182 3412 280 3467 τού
320 3414 537 3484 Ἰσραὴλ
570 3411 718 3478 οἶκος
744 3414 843 3485 τὴν
873 3418 953 3479 εἰς
984 3415 1077 3468 τὸν
1117 3416 1248 3469 ὄντα
1302 3416 1436 3469 Θεὸν
1479 3415 1671 3470 ἐλπίδα

1783 3415 1869 3470 sed
1906 3415 2120 3471 lsraelis
2156 3416 2353 3471 domus
2390 3430 2542 3484 spem
2574 3414 2629 3468 in
2661 3412 2773 3468 Deo
2802 3429 2932 3467 vero
2957 3426 3187 3482 ponens,
3218 3427 3355 3467 con-

89 3505 462 3576 κτησάμενος,
502 3505 605 3575 τῆς
630 3506 761 3577 παρ’
787 3505 956 3560 αὐτοῦ
999 3506 1260 3577 προνοίας
1302 3506 1569 3560 ἀπολαύει
1596 3506 1670 3560 δι-

1783 3506 1931 3561 linue
1957 3523 2115 3578 Opem
2148 3508 2220 3561 ab
2263 3508 2383 3575 ipso
2418 3507 2799 3576 consequitur.
2842 3504 3054 3577 15,15
3085 3504 3188 3559 Per
3215 3504 3357 3558 divi-

89 3595 328 3667 ηνεκῶς.
360 3596 517 3650 Κατὰ
550 3596 819 3667 διαίρεσιν
872 3597 931 3650 δὲ
962 3598 1062 3669 τὴν
1090 3598 1314 3669 μνήμην
1352 3598 1667 3670 ἐποιήσατο,

1783 3600 1987 3654 sionem
2020 3605 2038 3622 '
2060 3608 2242 3654 autem
2277 3600 2344 3653 de
2371 3599 2682 3653 sacerdotio
2715 3598 2840 3652 fecit
2869 3599 3225 3662 mentionem,
3255 3598 3359 3652 hoc

87 3686 195 3752 τὴν
252 3687 559 3757 ἱερωσύνην
603 3687 774 3761 ταύτῃ
822 3687 1021 3759 τιμῶν,
1069 3689 1164 3743 καὶ
1215 3689 1485 3743 διδάσκων
1542 3691 1671 3753 τοὺς

1783 3690 2079 3755 honorans,
2103 3702 2158 3744 et
2180 3691 2385 3746 docens
2415 3689 2671 3744 homines
2699 3689 2846 3742 illius
2872 3689 3154 3756 temporis.
3184 3704 3359 3756 quan-

88 3778 425 3848 τηνικαῦτα,
460 3780 604 3851 πόση
637 3780 776 3851 πρὸς
816 3780 946 3843 τοὺς
997 3780 1197 3845 ἄλλους
1252 3782 1285 3852 ἠ
1318 3781 1426 3834 τῶν
1480 3781 1671 3852 ἱερέων

1783 3789 1891 3834 tum
1944 3782 2016 3836 sit
2063 3781 2359 3835 discrimen
2418 3781 2560 3833 inter
2609 3778 2925 3834 sacerdOtes
2970 3788 3024 3833 et
3069 3778 3207 3833 alios
3259 3779 3357 3832 bo-

87 3871 356 3942 διαφορά.

165 3970 239 4019 κ’.
283 3982 303 4015 ι
331 3965 395 4018 Οἱ
427 3964 758 4035 φοϐούμενοι
786 3964 878 4019 τὸν
910 3964 1120 4037 Κύριον
1148 3964 1386 4037 ἤλπισαν
1413 3963 1509 4018 ἐπὶ
1560 3962 1675 4018 Κύ-

92 4070 216 4124 ριον
241 4067 256 4083 ⁸
287 4053 595 4125 βοηθόςκαὶ
614 4055 1036 4125 ὑπερασπιστὴς
1068 4054 1249 4108 αὐτῶν
1270 4057 1437 4108 ἐστιν.
1466 4074 1484 4105 ι
1517 4053 1675 4106 ’Ἐτε-

93 4161 194 4216 ρον
226 4144 388 4199 τοῦτο
420 4145 610 4216 τάγμα
635 4146 791 4218 παρὰ
824 4146 893 4199 τὰ
925 4147 1192 4217 πρότερα.
1239 4146 1492 4201 Διδάσκει
1539 4145 1598 4199 δὲ
1646 4146 1676 4197 ό

88 4236 280 4304 λόγος,
314 4237 397 4290 ὅτι
429 4237 535 4291 κᾶν
567 4238 643 4308 μὴ
676 4238 779 4308 τὴν
810 4238 911 4303 τῆς
945 4237 1248 4309 ἱερωσύνης
1269 4255 1355 4301 τις
1384 4236 1545 4302 ἀξίαν
1560 4236 1676 4309 ἔχει

91 4328 238 4400 μηδὲ
266 4328 366 4400 τὴν
408 4328 811 4400 Ἰσραηλιτικὴν
844 4331 1172 4398 συγγένειαν
1205 4330 1546 4401 περίκειται,
1598 4329 1677 4400 τῷ

84 4417 152 4470 δὲ
186 4416 320 4488 θείῳ
349 4417 501 4488 φόϐῳ
529 4417 909 4488 κοσμούμενος
934 4419 1281 4489 ἐπιμελεῖται
1313 4420 1412 4491 τῆς
1472 4419 1675 4492 ἀρετῆς

1775 3886 1975 3927 mines.

1847 3962 2011 4018 Vens.
2045 3964 2135 4019 20.
2173 3981 2191 4014 ι
2227 3963 2331 4030 Qui
2379 3963 2572 4018 timent
2623 3961 2940 4025 Dominum,
2999 3969 3357 4031 speraverunt

1777 4058 1830 4113 in
1862 4057 2096 4112 Domino
2135 4076 2149 4112 :
2187 4058 2408 4128 adjutor
2449 4071 2675 4123 eorum,
2726 4063 2781 4109 et
2835 4064 3112 4125 protector
3164 4069 3354 4108 eorum

1776 4159 1879 4205 est.
1914 4169 1931 4202 ι
1967 4150 2148 4204 Alium
2181 4150 2432 4206 ordinem
2464 4161 2628 4220 quam
2664 4148 2718 4203 iu
2755 4148 3136 4218 superioribus
3159 4148 3352 4201 tenuit.

1780 4240 1948 4296 Docet
1978 4250 2160 4296 autem
2204 4257 2410 4308 sermo,
2461 4236 2588 4297 licet
2624 4240 2823 4311 aliquis
2853 4240 3144 4295 sacerdotii
3175 4239 3356 4310 digni-

1781 4340 2092 4387 tatem-non
2125 4332 2346 4401 haheat,
2387 4349 2563 4403 neque
2600 4348 2665 4387 ex
2702 4332 2997 4388 Israelitica
3033 4332 3359 4401 cognatione

1781 4422 1875 4489 sit,
1910 4432 2088 4477 tamen
2122 4425 2169 4479 si
2203 4425 2389 4479 divino
2418 4426 2614 4480 timore
2646 4423 2906 4495 prmditus
2942 4424 3033 4489 sit,
3061 4432 3114 4477 et
3140 4423 3358 4479 virtutis

82 4507 200 4578 τῆς
224 4485 660 4577 ἴσηςκαὶναὺτὺς
684 4485 834 4579 παρὰ
861 4509 956 4563 τοῦ
987 4485 1124 4563 Θεοῦ
1161 4510 1273 4567 τῶν
1302 4485 1441 4564 ὅλων
1493 4485 1671 4574 τεύξε-

1783 4529 1972 4570 euram
2009 4526 2182 4586 gerat,
2217 4517 2481 4586 aequalem
2515 4532 2671 4586 opem
2714 4516 2877 4571 etiam
2922 4514 3098 4590 ipsum
3133 4514 3201 4567 ab
3230 4513 3359 4568 uni.

84 4616 189 4651 ται
221 4598 585 4669 προμηθείας.
604 4595 789 4653 τΗσαν
807 4600 864 4654 δὲ
887 4603 985 4655 καὶ
1012 4600 1183 4655 πάλαι
1202 4600 1357 4669 παρὰ.
1398 4601 1678 4665 Ἰουδαίοις

82 4688 343 4742 τοιοῦτοι
373 4689 583 4756 πολλοὶ,
643 4692 707 4746 ὲκ
741 4692 839 4761 μὲν
885 4693 982 4762 τῆς
1025 4692 1389 4763 Ἀϐραμιαίας
1442 4691 1506 4744 οὐ
1552 4691 1681 4762 βλα-

82 4781 405 4852 στήσαντες
434 4781 612 4852 ῥίζης,
649 4782 710 4848 ἐξ
747 4782 951 4854 ἐτέρων
982 4784 1028 4816 ⁸ο
1091 4783 1149 4836 δὲ
1189 4782 1579 4853 προσελθόντες
1633 4783 1676 4815 ⁸⁸

78 4872 293 4938 ἐθνῶν,
330 4874 660 4946 προσήλυτοι
702 4877 748 4908 9'
798 4875 1361 4946 προσαγορευόμενοι,
1407 4876 1501 4928 καὶ
1549 4875 1679 4945 περὶ

79 4962 300 5017 πολλοῦ
336 4964 406 5016 τὰ
434 4967 556 5018 θεῖα
584 4965 923 5035 ποιούμενοι.
952 4965 1067 5017 Kal.
1099 4964 1195 5017 νῦν
1220 4965 1276 5018 δὲ
1307 4963 1375 5017 τὰ
1424 4963 1552 5036 ἔθνη
1578 4965 1678 5018 οὐκ

73 5056 209 5125 ἔχει
237 5053 335 5107 τοῦ
382 5055 636 5128 Ἀὁραὰμ
661 5057 761 5128 τὴν
794 5056 937 5110 κατὰ
971 5056 1151 5127 σάρκα
1191 5054 1540 5124 συγγένειαν,
1583 5055 1677 5108 τοῦ

70 5146 147 5200 δὲ
198 5144 456 5217 ’Δόραὰμ
486 5147 583 5219 τὴν
615 5149 801 5202 πίςτιν
830 5149 1171 5219 κτησάμενα,
1202 5146 1370 5201 τέκνα
1399 5146 1674 5218 χρηματί-

74 5238 181 5303 ζει
212 5237 311 5292 τοῦ
353 5238 625 5308 Ἁϐραάμ.

1783 4621 2066 4662 versorum
2094 4606 2206 4661 Deo
2230 4616 2677 4663 consecuturum.
2701 4605 2870 4660 Erant
2900 4620 3032 4661 sane
3059 4605 3187 4659 olim
3215 4605 3358 4671 apud

1781 4693 2000 4750 Judmos
2026 4697 2338 4766 bujusmodi
2365 4698 2616 4752 homines
2647 4696 2823 4760 multi,
2851 4694 2945 4763 qui
2972 4711 3036 4763 ex
3061 4690 3359 4749 Abrahami

1784 4786 1969 4841 radice
2014 4788 2242 4843 minime
2302 4789 2404 4843 orti
2453 4796 2630 4853 erant,
2685 4790 2776 4841 sed
2828 4802 2891 4840 ex
2935 4786 3059 4839 aliis
3106 4783 3361 4855 gentibus

1782 4880 2149 4946 advenerant,
2191 4888 2246 4934 et
2290 4880 2551 4950 proselyti
2609 4881 2970 4937 vocabantur.
3023 4876 3230 4947 quique
3270 4886 3360 4929 res

1781 4968 1997 5024 divinas
2024 4970 2205 5041 magni
2233 4970 2524 5027 iaciebant.
2557 4969 2714 5025 Nunc
2740 4980 2921 5024 autem
2946 4979 3137 5040 gentes
3158 4981 3364 5036 cogitas

1782 5059 1985 5114 tionem
2028 5061 2324 5115 Abrahami
2372 5061 2672 5116 secundum
2711 5075 2930 5115 carnem
2974 5074 3083 5112 nun
3134 5057 3358 5120 habent.

1782 5154 1877 5205 sed
1923 5151 2220 5207 Abrahami
2266 5152 2424 5207 ﬁdem
2469 5153 2754 5216 habentes,
2802 5151 2895 5205 lilii
2935 5148 3232 5208 Abrahami
3265 5161 3361 5202 vo.

1778 5247 1994 5293 cantur.

1168 5375 1407 5431 VARIIE
1466 5372 1856 5430 LECTIONES
1913 5372 2001 5427 ET
2028 5373 2261 5429 NOT/E.

157 5486 231 5561 ”_
255 5487 424 5560 '0590.
457 5520 539 5561 --_
555 5505 757 5561 περιπ.
812 5491 940 5561 Des.
978 5490 1110 5546 ibid.
1185 5492 1234 5523 ⁸⁸
1269 5493 1540 5561 Ὀλίγων.
1581 5492 1657 5547 ξι).
1718 5491 1952 5560 ἀλόγων.
2027 5491 2070 5524 ⁸⁷
2095 5487 2277 5545 Οἶκον
2315 5491 2565 5560 Ἰσραὴλ

68 5558 337 5628 conﬁde.
401 5562 447 5594 ⁸⁸
474 5558 650 5628 οἰκοίη
683 5594 753 5605 —-
778 5560 979 5616 αὐτῶν
1009 5562 1199 5616 ἐστιν.
1236 5563 1358 5618 Des.
1396 5558 1449 5617 in
1484 5564 1608 5619 cod.
1645 5563 1697 5618 l.

72 5630 250 5704 ximo
282 5647 423 5690 vers.
498 5634 544 5667 ’°
591 5633 693 5697 ‘EE
722 5631 956 5700 ἐτέρων.
998 5632 1119 5687 cod.
1155 5633 1177 5685 1
1230 5632 1548 5704 ὲξαιρέτων.
1624 5632 1669 5666 ’ί

1783 5631 1835 5687 Li.
1877 5632 2370 5704 προσεληλυθότες.

70 5698 210 5755 καί.

2601 5489 2889 5559 ἤλπισεν.
2934 5484 3101 5540 Hebr.
3139 5481 3357 5559 ‘Israel,

1773 5555 2163 5617 “'"Hlmasr.
2203 5555 2417 5630 Hebr,
2446 5555 2713 5631 conﬁdite.
2751 5561 2825 5613 Ita
2874 5559 3093 5631 quoque
3138 5555 3191 5607 in
3222 5568 3356 5621 pro-

2471 5635 2516 5664 υιι
2545 5626 2555 5631 ’
2575 5631 2972 5701 "pou-11.2mm.
3001 5626 3131 5680 ibid.
3164 5638 3357 5697 praem.

3394 5390 3412 5454 ξ
