3890 6320
441 344 575 413 11³99

1424 330 1916 396 THEODORETI
1946 326 2295 390 EPISCOPI
2327 325 2699 388 CYRENSIS

3560 316 3699 384 1800

434 461 541 515 lem
570 459 714 514 cnim
747 431 817 512 de
859 454 1116 510 omnibus
1155 451 1470 505 hominibus
1514 456 1705 504 curam
1751 445 1913 518 gerit,
1949 453 2008 499 ut

2135 443 2217 515 ’ἄρ
2248 441 2466 496 πάντων
2490 437 2793 508 ἀνθρώπων
2827 439 3060 490 ποιεῖται
3109 433 3459 505 κηδεμονίαν,
3490 434 3578 487 ὅτι
3603 435 3700 487 καὶ¹

433 552 599 607 etiam
641 549 788 603 omni
834 561 963 601 cura
1010 544 1247 599 infantes
1274 544 1550 614 dignetur.
1590 540 1658 597 Et
1701 558 1810 596 non
1846 540 2010 595 modo

436 657 531 696 eos
577 639 669 708 qui
719 634 933 707 1419
966 635 1078 704 jam
1123 634 1176 688 in
1232 634 1410 689 lucem
1469 631 1600 687 editi
1651 639 1780 687 sunt
1823 643 2008 696 curat,

436 732 528 785 sed
564 729 731 783 etiam
769 734 1082 791 conservat,
1133 733 1186 780 et
1231 724 1500 788 custodit,
1562 732 1617 777 et
1659 721 1868 794 perlicit
1916 736 2012 776 eos

435 821 529 889 qui
581 821 636 874 in
694 828 849 874 utero
896 827 1132 872 matrum
1177 818 1528 882 delitescunt,
1563 823 1726 884 atque
1757 815 1807 868 in
1857 813 2014 882 aquis

437 913 580 965 male
620 910 895 965 olentibus
930 918 1144 973 natant,
1183 920 1236 961 et
1274 907 1328 960 in
1364 907 1653 960 tenebroso
1685 914 1738 958 et
1781 914 2013 971 angusto

436 1006 559 1059 loco
592 1013 943 1067 coercentur,
978 1011 1030 1055 et
1059 1002 1111 1055 in
1138 1001 1316 1053 lucem
1344 998 1520 1062 effert,
1545 998 1808 1066 lactisque
1836 994 2013 1048 fontes

438 1097 847 1156 subministrat,
886 1104 938 1149 et
979 1094 1046 1147 ab
1083 1092 1320 1145 inimicis
1359 1089 1699 1144 daemonibus
1747 1088 2013 1141 insidian-

439 1187 585 1241 t.l)us
608 1187 865 1247 vmdicat,
890 1196 961 1249 et,
992 1194 1049 1237 ut
1070 1199 1177 1237 uno
1207 1184 1373 1236 verbo
1397 1184 1595 1245 dicam,
1617 1189 1895 1249 paternam
1916 1195 2014 1231 cu-

438 1292 555 1331 ram
605 1276 863 1344 impertit.
904 1275 1023 1328 Non
1058 1283 1263 1328 temere
1297 1284 1481 1326 autem
1537 1272 1731 1324 horum
1784 1269 2012 1338 prOpbc-

442 1369 585 1421 ticus
640 1382 819 1419 sermo
868 1365 1012 1433 .l'ecit
1063 1365 1418 1430 mentionem,
1485 1364 1580 1419 sed
1636 1363 1858 1425 docens,
1909 1374 2016 1413 non

442 1459 603 1510 modo
658 1457 1040 1510 universorum
1074 1459 1093 1478 ‘
1130 1455 1297 1509 Deum
1345 1457 1620 1524 justorum
1668 1452 1881 1507 frui-tus
1928 1468 2018 1505 re-

442 1551 742 1614 munerari,
778 1550 872 1603 scd
908 1550 1073 1602 etiam
1111 1549 1165 1601 in
1208 1547 1601 1602 benefaciendo
1651 1546 1831 1613 ipsum
1887 1558 2021 1613 pra:-

443 1641 650 1706 venire,
706 1648 760 1694 et
805 1656 903 1695 eos
955 1642 1049 1711 qui
1113 1657 1221 1695 non
1278 1651 1408 1695 sunt
1458 1639 1749 1702 fabricare,
1791 1646 1845 1692 ct
1896 1652 2020 1691 cum

443 1732 714 1786 diluxerit
778 1749 973 1786 curam
1028 1748 1216 1801 gerere
1250 1750 1263 1785 :
1297 1733 1628 1800 demumque
1682 1736 1802 1797 post
1845 1726 2022 1797 perfe-

442 1834 587 1877 ctam
635 1833 847 1877 {etatem
894 1824 1122 1892 justiti-ae
1178 1823 1386 1877 fruetus
1417 1825 1690 1893 appet-iri,
1724 1830 1779 1876 et
1827 1835 2021 1874 rursus

444 1925 578 1971 tunc
623 1917 770 1970 viros
846 1918 1044 1984 probos
1106 1916 1356 1985 plurimis
1414 1914 1698 1969 beneﬁciis
1763 1912 2017 1966 allicere.

450 2023 469 2056 ι
510 2004 836 2059 llumiliatus
874 2022 1017 2072 sum,
1061 2016 1114 2061 et
1148 2006 1399 2061 liberavit
1450 2021 1556 2059 me.
1600 2023 1619 2055 ι
1660 2004 2022 2074 Symmachus

446 2107 626 2150 autem
670 2098 749 2152 sic
782 2115 795 2151 :
832 2099 1011 2167 Defeci
1054 2099 1274 2162 viribus,
1305 2113 1353 2152 et
1390 2098 1615 2152 salvavit
1652 2113 1753 2150 me.
1788 2096 1843 2149 Si
1876 2096 2020 2151 enim

447 2188 705 2252 infantes,
772 2191 864 2259 qui
907 2189 1147 2243 nondum
1200 2190 1323 2259 ejus
1373 2189 1745 2259 cognitionem
1798 2202 2022 2257 accepe-

448 2291 598 2343 runt,
638 2283 799 2336 talem
837 2281 905 2335 ab
938 2283 1059 2351 ipso
1098 2296 1286 2335 curam
1317 2288 1732 2349 consequuntur
1764 2298 1776 2333 :
1819 2284 2024 2347 quanto

447 2374 623 2441 magis
674 2375 741 2429 iis
804 2376 897 2443 qui
934 2376 1149 2429 sincere
1188 2375 1366 2444 ipsum
1398 2375 1606 2439 colunt,
1652 2373 1884 2427 salutem
1919 2372 2024 2425 im-

447 2464 654 2532 pertit?
699 2464 957 2520 Pratinus
1008 2467 1193 2536 igitur,
1236 2482 1361 2520 cum
1408 2480 1513 2521 nos
1563 2465 1633 2520 ob
1687 2464 2024 2519 calamitates

447 2553 741 2624 depressos
773 2556 1018 2617 vidisset,
1056 2572 1153 2610 sua
1184 2571 1285 2626 ope
1321 2571 1421 2611 nos
1453 2555 1710 2625 dignatus
1741 2562 1845 2609 est.

523 2646 680 2700 Vnus.
701 2646 750 2700 7.
794 2666 811 2697 ι
850 2647 1199 2721 Convertere,
1240 2648 1425 2701 anima
1481 2663 1623 2710 mea,
1656 2646 1724 2700 ad
1778 2645 2025 2715 requiem

446 2746 619 2803 tuam,
653 2741 785 2809 quia
826 2737 1094 2794 Dominus
1128 2739 1396 2794 benefecit
1423 2740 1539 2794 tibi.
1585 2759 1603 2790 ι
1641 2738 2025 2794 Adhortantut‘

451 2845 509 2883 se
543 2829 713 2897 ipsos,
745 2839 797 2884 et
827 2831 1064 2885 excitant
1089 2830 1154 2885 ad
1183 2830 1585 2894 fortitudinem,
1626 2828 2024 2883 beneﬁciorum

452 2922 860 2976 multitudinem
895 2927 1260 2992 prol‘erentes,
1294 2931 1347 2976 et
1376 2937 1436 2977 se
1478 2923 1628 2992 ipsos
1658 2921 1878 2985 docent,
1909 2920 2029 2975 fore

451 3020 512 3064 ut
549 3013 802 3082 quamvis
834 3026 933 3082 pro
986 3013 1183 3082 pietate
1238 3022 1470 3067 mortem
1516 3013 1806 3079 subierint,
1855 3013 1910 3067 in
1935 3010 2030 3082 ju-

449 3107 685 3159 cundam
732 3114 911 3159 tamen
949 3114 1005 3159 et
1035 3113 1241 3175 gratam
1274 3103 1442 3158 vitam
1477 3102 1896 3159 transferantur.
1928 3100 2030 3157 Re-

449 3197 621 3266 quiem
681 3197 826 3249 enim
885 3196 1030 3249 illam
1086 3197 1323 3252 vocavit.
1376 3195 1626 3252 Indicant
1679 3208 1861 3251 autem
1922 3194 2030 3250 hoc

449 3289 613 3342 etiam
649 3303 711 3342 ea
746 3303 867 3356 quae
901 3296 1224 3356 sequuntur.

524 3377 692 3432 Vsus.
727 3378 780 3443 8,
811 3378 863 3431 9.
914 3396 932 3430 ι
976 3377 1250 3443 Quoniam
1290 3379 1490 3448 eripuit
1523 3380 1760 3432 animam
1795 3392 1970 3433 meam
2000 3392 2030 3433 a

453 3482 649 3532 morte,
700 3468 891 3525 oculos
918 3482 1071 3528 meos
1121 3483 1152 3522 a
1195 3468 1476 3540 lacrymis,
1516 3470 1732 3543 1420
1769 3482 1822 3525 et
1869 3473 2032 3539 pedes

454 3578 606 3617 meos
630 3577 660 3619 a
685 3562 857 3629 lapsu.
884 3559 1119 3613 Placebo
1146 3558 1375 3615 Domino
1397 3562 1448 3614 in
1470 3552 1692 3630 regione
1710 3562 1981 3617 vivorum.
2009 3580 2027 3612 ι

453 3653 735 3724 Hegionem
775 3664 954 3707 autem
992 3653 1250 3716 vivorum,
1298 3668 1403 3707 non
1452 3665 1772 3723 praesentem
1818 3669 2033 3709 nuncu-

452 3756 546 3817 pat
582 3748 768 3809 vitam,
809 3746 861 3797 in
891 3757 998 3813 qua
1026 3742 1357 3808 suntlletus,
1391 3753 1441 3800 et
1461 3746 1714 3816 gemitus,
1750 3754 1805 3800 et
1831 3744 2028 3811 morbi,

453 3846 508 3893 et
540 3848 766 3898 mortes,
803 3845 857 3890 et
888 3842 1130 3904 peccata,
1165 3845 1218 3890 et
1248 3837 1609 3903 calamitates,
1644 3838 1739 3892 sed
1764 3839 1929 3890 vitam
1963 3836 2033 3891 ab

454 3931 544 3991 liis
578 3928 837 3983 omnibus
866 3928 1116 3994 liberam,
1152 3930 1205 3983 in
1239 3947 1343 3999 qua
1371 3931 1494 4001 sine.
1516 3930 1778 3984 aerumnis
1812 3938 1897 3984 est
1928 3930 2034 3982 vir-

455 4022 590 4080 tutis
643 4022 943 4092 possessio,
995 4031 1047 4077 et
1084 4022 1204 4077 sine
1244 4023 1522 4078 laboribus
1561 4022 1766 4077 divitiae
1804 4022 2034 4093 iustitiae

457 4113 678 4169 adsunt.
745 4111 847 4178 Qui
875 4110 1021 4167 enim
1057 4114 1156 4166 bas
1209 4130 1331 4166 eum
1370 4113 1651 4167 laboribus
1690 4113 1776 4167 bis
1808 4127 2032 4180 compa-

456 4217 583 4261 rare
609 4202 900 4263 voluerint,
947 4203 1022 4257 ibi
1064 4204 1481 4271 ampliﬁcabnnt
1527 4205 1672 4272 ipsas
1695 4202 2036 4257 sinelabori-

456 4297 584 4353 bus.
616 4295 886 4367 llymuum
913 4299 1081 4369 igitur
1107 4297 1406 4365 gratiamin
1434 4295 1666 4348 actionis
1687 4294 1946 4356 olferunt,
1968 4308 2034 4348 eo

457 4388 599 4461 quod
633 4389 772 4443 oculi
813 4390 1035 4459 quidem
1070 4402 1101 4440 a
1133 4385 1390 4455 lacrymis
1440 4385 1550 4438 sint
1578 4384 1812 4450 liberati,
1840 4393 1894 4438 et
1940 4399 2035 4455 pe-

457 4480 554 4538 des
604 4480 872 4534 lubricam
912 4478 1076 4530 vitam
1122 4474 1449 4543 effugerint,
1497 4484 1551 4527 et
1600 4474 1784 4526 anima
1829 4473 2034 4541 peccati
2072 4486 2112 4539 ι)

459 4581 695 4632 mortem
730 4570 1007 4624 declinare
1035 4565 1311 4636 potuerit;
1351 4574 1404 4618 et
1446 4565 1644 4618 docent
1687 4578 1746 4617 se
1777 4564 1946 4632 ipsos,
1978 4571 2039 4618 ut

458 4678 645 4723 rerum
679 4659 920 4715 tristium
978 4659 1214 4726 impetus
1265 4654 1495 4708 viriliter
1530 4650 1842 4722 perferant,
1889 4668 2039 4707 mor-

458 4761 683 4823 temque
717 4749 1041 4821 despiciant,
1081 4762 1147 4804 eo
1199 4746 1342 4817 quod
1378 4745 1488 4801 vita
1535 4745 1828 4815 tranquilla
1874 4745 2035 4802 morti

458 4844 738 4910 succedat.

2111 537 2178 589 τὰ
2218 534 2396 606 βρέφη
2431 533 2614 602 πάσης
2668 529 2813 596 ἀξιοῖ
2862 528 3228 600 προμηθείας.
3258 527 3367 582 Καὶ
3426 528 3490 580 οὐ
3540 528 3700 597 μόνον

2113 626 2415 697 τεχθέντων
2449 622 2819 694 ἐπιμελεῖται,
2847 620 2987 675 ἀλλὰ
3023 621 3117 674 καὶ
3150 620 3346 681 αὐταῖς
3372 619 3495 680 ταῖς
3511 615 3702 685 νηδύσι

2111 718 2222 773 τῶν
2254 719 2507 790 μητέρων
2552 714 3003 786 ὲπικρυπτόμενα
3038 756 3050 773 ,
3079 712 3175 766 καί¹
3215 711 3371 763 ὕδασι
3408 709 3703 764 δυσωδέσιν

2115 809 2474 879 ὲννηχόμενα,
2504 808 2599 860 καὶ
2632 808 2689 858 ἐν
2719 804 2985 875 ζοφώδει,
3017 804 3111 855 καὶ
3139 805 3196 854 ἐν
3251 800 3420 869 στενῷ
3444 799 3705 869 καθειργ-

2119 901 2258 971 μένα
2280 898 2465 969 χωρίῳ
2494 898 2742 967 διατηρεῖ
2771 935 2785 959 ,
2817 896 2911 948 καὶ
2942 892 3136 958 σώζει,
3169 894 3263 945 καὶ
3315 891 3705 957 τελεσιουργεῖ,

2117 992 2213 1044 καὶ
2268 992 2349 1052 είς
2410 987 2526 1058 φῶς
2587 989 2795 1055 ἐξάγει,
2829 987 2923 1039 καὶ
2958 986 3057 1046 τας
3086 983 3180 1035 τοῦ
3212 983 3484 1050 γάλακτος
3518 982 3709 1049 ὀρέγει

2119 1081 2324 1151 πηγὰς,
2356 1081 2451 1133 καὶ
2482 1080 2586 1132 τῶν
2611 1077 3070 1132 ἐπιϐουλευόντων
3107 1075 3380 1144 δαιμόνων
3406 1072 3706 1143 ἐλευθεροῖ,

2119 1173 2217 1225 καὶ
2259 1171 2564 1241 συλλήϐδην
2597 1172 2792 1233 εἰπεῖν,
2829 1168 3104 1238 πατρικῆς
3131 1164 3450 1236 μεταδίδωσι
3487 1181 3711 1234 προμη-

2121 1263 2295 1325 θείας.
2333 1262 2445 1331 Οὐχ
2478 1260 2663 1323 ἁπλῶς
2701 1259 2758 1312 δὲ
2804 1261 2904 1328 τὴν
2949 1255 3154 1309 τούτων
3178 1257 3206 1308 ὁ
3236 1252 3576 1325 προφητικὺς
3617 1251 3712 1304 λδ-

2121 1373 2217 1425 γος
2247 1356 2541 1426 ἐποιήσατο
2581 1354 2823 1423 μνήμην,
2854 1350 2990 1405 ἀλλὰ
3012 1330 3298 1412 διδάσκων,
3322 1346 3396 1409 ὡς
3419 1346 3521 1399 οὐκ
3548 1345 3714 1414 ἀμεί-

2124 1450 2275 1501 ϐεται
2311 1446 2472 1517 μόνον
2503 1447 2530 1498 ὁ
2561 1443 2668 1497 τῶν
2698 1442 2835 1495 ὅλων
2854 1442 2992 1503 Θεὸς
3021 1439 3146 1503 τούς
3168 1438 3279 1491 τῶν
3305 1436 3531 1489 δικαίων
3572 1450 3716 1505 καρ-

2125 1541 2281 1607 ποὺς,
2313 1538 2451 1592 ἀλλὰ
2481 1537 2577 1589 καὶ
2599 1536 2760 1606 ἄρχει
2783 1533 2881 1603 τῆς
2914 1531 3254 1603 εὐεργεσίας,
3293 1529 3387 1609 καξι
3441 1528 3716 1599 δημιουρ⁹

2125 1632 2211 1698 γεϊ
2239 1634 2364 1691 τοὺς
2397 1627 2496 1680 οὐκ
2524 1625 2706 1687 ὄντας,
2734 1624 2834 1677 ’καὶ
2873 1619 3178 1682 διαπλάσας
3222 1616 3589 1687 ἐπιμελεῖται,
3618 1614 3719 1665 καὶ

2130 1721 2267 1794 μετὰ
2294 1721 2392 1791 τὴν
2419 1719 2629 1773 τελείαν
2656 1715 2875 1787 ἡλικίαν
2906 1711 3166 1783 ἀναμένει
3210 1712 3334 1773 τούς
3375 1708 3481 1778 τῆς
3505 1708 3720 1761 δικαιο-

2052 1783 2095 1836 Β
2130 1812 2295 1882 σύνης
2321 1812 2592 1882 καρποὺς,
2625 1807 2723 1862 καὶ
2759 1807 2922 1861 πάλιν
2947 1804 3072 1857 τότε
3086 1805 3209 1866 ταῖς
3228 1798 3575 1871 εὐεργεσίαις
3590 1799 3722 1860 τοὺς

2128 1902 2368 1971 ἀγαθοὺς
2416 1898 2727 1963 ἐπικλύζει.
2769 1916 2787 1949 ι
2837 1893 3243 1962 Ἐταπεινώθην
3277 1894 3369 1957 ³⁵⁸,
3407 1892 3503 1943 καὶ
3545 1888 3723 1942 ἔσωσὲ

2132 2011 2223 2066 με.
2262 2013 2281 2046 ι
2329 1994 2388 2046 '0
2411 1993 2457 2024 “
2486 1991 2543 2044 δὲ
2567 1992 2865 2061 Σύμμαχος
2890 1986 3088 2050 οὕτως’
3122 1986 3418 2051 Ἡτόνησα
3441 1981 3540 2035 και
3570 1980 3725 2033 ἐσω-

2129 2083 2204 2137 σέ
2234 2099 2330 2151 με.
2357 2081 2420 2134 Εί
2450 2080 2559 2149 γὰρ
2585 2080 2652 2131 τὰ
2685 2079 2857 2148 νήπια
2883 2076 2951 2129 τὰ
2988 2074 3217 2146 μηδέπω
3247 2071 3343 2141 τὴν
3380 2071 3547 2124 αὐτοῦ
3574 2069 3724 2137 γνῶ-

2132 2192 2215 2228 σιν
2236 2172 2511 2242 δεξάμενα
2533 2169 2805 2240 τοσαύτης
2858 2162 3187 2239 παρ”αὐτοῦ
3247 2164 3504 2233 τυγχάνει
3558 2162 3727 2232 κηδεο

2130 2266 2344 2337 μονίας,
2374 2261 2554 2332 πολλῷ
2588 2261 2789 2332 μᾶλλον
2822 2261 2934 2322 τοῖς
2982 2255 3291 2326 εἰλικρινῶς
3324 2256 3490 2309 αὐτὸν
3520 2256 3727 2306 ἐπικα-

2129 2357 2411 2428 λουμένοις
2439 2354 2760 2428 μεταδίδωσι
2793 2349 3090 2422 σωτηρίας.
3119 2347 3330 2401 Λύτίκα
3358 2347 3543 2399 τοίνυν
3573 2346 3727 2416 ἡμᾶς

2129 2448 2249 2509 ταῖς
2286 2445 2593 2515 συμφοραῖς
2618 2439 3060 2503 ταπεινωθέντας
3089 2437 3213 2492 ἰδὼν
3233 2439 3333 2508 τῆς
3361 2437 3572 2500 οἰκείας
3602 2437 3729 2488 ἐπι-

2131 2535 2360 2605 κουρίας
2393 2532 2648 2603 ἠξίωσεν.
3474 2566 3483 2571 -

2204 2625 2271 2691 ζ’.
2309 2643 2328 2678 ι
2382 2622 2762 2695 Ἐπίστρεψον,
2800 2621 2945 2693 ψυχὴ
2981 2638 3106 2691 μου,
3136 2621 3219 2683 είς
3264 2619 3363 2688 τὴν
3417 2617 3729 2673 ἀνάπαυσίν

2134 2735 2252 2784 σου,
2279 2718 2361 2770 ὅτι
2389 2716 2591 2788 Κύριος
2620 2713 2960 2784 εὐηργέτησε
3000 2730 3084 2767 σε.
3130 2732 3148 2764 ι
3204 2710 3730 2781 Παραθαρῤύνουσιν

2132 2808 2382 2872 ἑαυτοὺς,
2410 2807 2505 2859 καὶ
2534 2806 2946 2876 παραθήγουσιν
2981 2805 3061 2866 είς
3087 2802 3360 2874 ἀνδρείαν,
3396 2801 3508 2855 τῶν
3561 2800 3731 2855 θείων

2135 2897 2465 2970 εὐεργεσιῶν
2508 2896 2923 2958 ὐποδεικνύντες
2969 2896 3030 2947 τὸ
3083 2893 3283 2964 πλῆθος
3321 2894 3386 2960 ³⁷,
3436 2892 3534 2947 καὶ
3575 2892 3727 2948 διδά-

2136 3006 2328 3044 σκουσι
2358 2989 2405 3021 ³⁸
2442 2990 2585 3059 σφᾶς
2616 2989 2840 3054 αὐτοὺς,
2867 2988 2948 3041 δτι
2986 2988 3095 3042 κᾶν
3142 2987 3232 3043 τὸν
3269 2986 3410 3056 ὑπὲρ
3437 2985 3728 3049 εὐσεϐείας

2139 3080 2537 3148 καταδέξωνται
2567 3080 2818 3146 θάνατον,
2848 3080 2928 3143 είς
2966 3077 3059 3132 τὸν
3112 3079 3331 3150 θυμήρη
3382 3078 3478 3133 καὶ
3519 3078 3733 3131 ἄλυπον

2138 3167 2603 3241 μετατεθήσονται
2636 3165 2772 3236 βίον.
2820 3165 3197 3220 Ἀνάπαυσιν
3228 3165 3337 3234 γὰρ
3362 3162 3572 3216 ἐκεῖνον
3599 3163 3734 3216 Exci-

2136 3260 2282 3313 λεσε.
2315 3259 2476 3330 Δηλοῐ
2497 3257 2555 3310 δὲ
2587 3255 2748 3311 τοῦτο
2791 3256 2885 3309 καὶ
2910 3258 2981 3308 τὰ
3018 3254 3412 3324 ἐπιφερόμενα.

2206 3345 2278 3418 η’,
2307 3348 2373 3405 θ’.
2409 3366 2428 3398 ι
2467 3347 2590 3400 Ὀτι
2616 3345 2854 3410 ἐξείλετο
2874 3346 2923 3379 ιο
2943 3345 3042 3416 τὴν
3073 3345 3252 3415 ψυχήν
3296 3360 3398 3412 μου
3453 3345 3519 3396 ἐκ
3561 3342 3736 3396 θανάν

2132 3454 2253 3502 του,
2284 3438 2414 3499 τοὺς
2439 3434 2752 3506 ὀφθαλμούς
2784 3452 2886 3505 μου
2910 3434 3021 3488 ἀπὸ
3044 3432 3313 3503 δακρύων,
3338 3433 3434 3486 καὶ
3463 3433 3592 3494 τούς
3631 3431 3737 3489 πᾶα

2137 3527 2233 3589 δας
2283 3543 2385 3597 μου
2442 3527 2552 3579 ἀπὸ
2590 3524 2974 3596 ὀλισθήματος.
3005 3525 3376 3596 Εὐαρεστήσω
3415 3524 3459 3555 ⁸⁸
3491 3522 3733 3577 ἐνώπιον

2136 3618 2345 3689 Κυρίου
2380 3618 2439 3671 ὲν
2485 3617 2639 3689 χώρα
2690 3616 2930 3680 ζώντων.
2970 3634 2986 3667 ι
3020 3615 3229 3684 Χώραν
3275 3616 3333 3668 δὲ
3383 3616 3637 3682 ζώντων,
3664 3615 3736 3673 οὔ

2138 3705 2231 3761 τὸν
2269 3706 2514 3775 παρόντα
2571 3705 2685 3778 βίον
2734 3705 2913 3771 καλεῖ,
2943 3708 3000 3765 ὲν
3024 3699 3069 3773 ᾧ
3100 3705 3308 3775 θρῆνοι,
3338 3705 3432 3759 καὶ
3475 3704 3734 3776 ὀδυρμοὶ,

2140 3798 2233 3853 καὶ
2255 3799 2420 3862 νόσοι,
2461 3798 2555 3852 καὶ
2581 3798 2825 3865 θάνατοι,
2857 3799 2952 3851 καὶ
2983 3798 3273 3869 ἁμαρτίαι,
3296 3797 3390 3850 καὶ
3410 3798 3730 3867 συμφοραὶ,

2138 3889 2278 3945 ἀλλὰ
2300 3890 2394 3943 τὸν
2418 3890 2630 3944 τούτων
2654 3889 2913 3948 ἁπάντων
2957 3887 3378 3960 ἀπηλλαγμένον
3418 3888 3549 3959 βίον,
3583 3890 3646 3941 ὲν
3681 3882 3734 3955 ᾧ

2139 3983 2525 4053 ἀταλαίπωρος
2548 3983 2648 4051 τῆς
2667 3983 2869 4053 ἀρετῆς
2891 3983 2924 4050 ἡ
2958 3981 3173 4051 κτῆσις,
3227 3980 3322 4034 καὶ
3371 3981 3491 4051 δίχα
3542 3980 3735 4034 πόνων

2140 4076 2169 4127 ὁ
2202 4075 2302 4144 τῆς
2331 4072 2680 4144 δικαιοσύνης
2710 4072 3067 4145 προσγίνεται
3087 4072 3335 4136 πλοῦτος.
3368 4074 3431 4131 Οί
3450 4072 3557 4142 γὰρ
3580 4074 3735 4140 μετὰ

2141 4166 2318 4219 πόνων
2351 4165 2586 4224 ἐνταῦθα
2618 4164 2806 4222 τοῦτον
2842 4163 3123 4236 θελόμενοι
3146 4167 3188 4197 ²¹
3216 4167 3556 4233 συναγεῖραι,
3588 4163 3733 4215 πολ-

2140 4253 2606 4312 λαπλασιάσουσιν
2637 4255 2802 4309 αὐτὸν
2831 4256 2876 4288 ³³
2908 4256 3089 4308 πόνων
3110 4255 3278 4329 χωρίς
3296 4270 3311 4284 ο
3346 4255 3438 4309 τὸν
3459 4256 3734 4325 χαριστή-

2144 4362 2258 4415 ριον
2287 4346 2468 4398 τοίνυν
2499 4346 2545 4377 ³³
2575 4345 2743 4416 ὕμνον
2775 4346 3200 4416 προσφέρουσιν,
3224 4346 3301 4409 ᾡς
3342 4346 3452 4397 τῶν
3495 4346 3592 4414 μὲν
3623 4345 3731 4414 ὀφ-

2143 4435 2366 4505 θαλμῶν
2394 4435 2489 4488 τοῦ
2521 4436 2782 4508 δακρύειν
2811 4436 3255 4503 ἀπαλλαγέντων,
3297 4436 3408 4487 τῶν
3442 4435 3498 4489 δὲ
3542 4435 3729 4489 ποδῶν

2141 4524 2232 4577 τὸν
2260 4525 2548 4596 ὀλισθηρὸν
2590 4526 2703 4596 βίον
2761 4527 3163 4595 διαφευγόντων
3185 4526 3251 4592 ⁸⁵,
3286 4527 3388 4596 τῆς
3438 4526 3497 4580 δὲ
3543 4526 3730 4596 ψυχῆς

2140 4615 2425 4687 διαδράναι
2474 4615 2798 4687 δυνηθείσης
2844 4618 2942 4687 τῆς
2974 4617 3248 4688 ἁμαρτίας
3304 4619 3396 4671 τὸν
3451 4616 3687 4675 θάνατον
3714 4633 3730 4648 ·

2143 4708 2239 4760 καὶ
2280 4707 2591 4760 διδάσκουσι
2636 4710 2777 4777 σφᾶς
2811 4708 3011 4771 αὐτοὺς
3047 4709 3293 4778 ἐνεγκεῖν
3329 4692 3592 4776 γενναίως
3621 4712 3736 4773 τὰς

2141 4800 2254 4853 τῶν
2275 4800 2542 4868 ἀλγεινῶν
2566 4800 2895 4871 προσϐολὰς,
2928 4800 3023 4857 καὶ
3052 4800 3147 4854 τοῦ
3175 4800 3410 4854 θανάτου
3442 4818 3736 4874 καταφροο

2143 4894 2328 4963 νῆσαι,
2389 4893 2468 4958 ὡς
2521 4893 2669 4965 ζωῆς
2711 4893 2921 4948 ἀλύπου
2986 4892 3373 4964 διαδεχομένης
3412 4892 3506 4951 τὸν
3560 4892 3735 4953 θάνα-

2139 4999 2252 5043 τον.

1570 5272 1805 5333 ΫΑΚΙᾸΕ
1851 5271 2240 5329 LECTIONES
2275 5271 2359 5324 ΕΤ
2381 5271 2615 5333 ΝΟΤΕ.

528 5504 602 5539 η·
630 5505 830 5559 Ἐταπ.
898 5500 1060 5559 Hebr.

465 5583 509 5615 ⁸⁸
532 5578 654 5631 cod.
678 5577 699 5630 l
723 5575 1082 5636 διδάσκοντες.

1129 5501 1446 5555 Attenuatus
1508 5515 1647 5554 sum.
1726 5497 1769 5530 ¹⁶
1815 5498 1943 5550 '0—
1973 5494 2171 5550 ἔσωσέ

1163 5572 1537 5635 ίνἘξείλετο.
1566 5569 1728 5623 Hebr.
1757 5567 2024 5639 Eripuisti

2138 5567 2159 5598 °
2175 5563 2610 5639 Εὐαρεσςτήσω.
2629 5566 2797 5621 Hebr.
2815 5564 3107 5639 Ambulobo
3135 5580 3314 5639 coram
3337 5564 3563 5639 Jehova.
3583 5566 3739 5639 Syra:

2208 5512 2303 5567 με.
2356 5495 2489 5567 Des.
2551 5497 2603 5550 in
2634 5496 2785 5567 icod.
2816 5495 2870 5567 1.
2925 5495 3003 5567 λ¹⁷ν
3026 5494 3095 5567 Τὸ
3130 5492 3386 5567 πλῆθος.
3590 5495 3736 5567 ibid.

469 5647 539 5705 Ut
567 5658 747 5718 gratus
781 5650 879 5699 sim
905 5635 1321 5718 coramjfltova.
1400 5643 1449 5718 fl
1472 5635 2024 5718 Osxdperot._c‘od.'l.

2135 5653 2300 5718 μενοι.
2360 5636 2422 5718 Δ³²
2451 5638 2672 5718 Αὐτόνς.
2703 5638 2827 5691 cod.
2856 5637 3053 5718 inadd:
3078 5636 3213 5718 ἐκεῖ,
3242 5650 3403 5718 quam
3441 5635 3739 5699 lectionem

467 5704 661 5777 Car'afa
686 5717 973 5789 expressit.
1050 5714 1096 5746 "
1125 5712 1356 5766 Τοίνυν.
1388 5711 1555 5765 Abest
1587 5704 1771 5765 a'cod.
1807 5709 1859 5773 l,
1889 5708 1981 5779 qui
2017 5707 2024 5761 Ι

2135 5704 2178 5762 ει
2197 5705 2252 5759 δὲ
2283 5713 2408 5762 ante
2432 5711 2807 5777 χαριστήριον.
2885 5705 2931 5737 ³⁵
2954 5705 3076 5761 cod.
3114 5707 3137 5760 1
3172 5704 3573 5779 διαφυγόντων.
