3890 6320
393 259 410 316 l
425 256 523 318 807

1336 249 1819 323 TIIEODORETI
1872 250 2208 315 EPISCOPI
2267 249 2633 310 CYRENSIS

3486 249 3627 319 1808

383 382 508 435 gum
562 378 802 420 errorem
857 363 1134 432 redarguit
1174 380 1184 413 :
1218 362 1294 415 sit:
1346 375 1576 430 magnus
1635 357 1828 413 Petrus
1886 359 1942 414 al

2055 358 2383 427 θεογνωσίας
2444 359 2628 410 ἀκτῖσι
2680 355 3058 433 κατηύγασεν·
3096 356 3265 420 οὕτως
3293 358 3321 410 6
3355 356 3631 421 θειότατος

382 455 755 529 Hierosolyma
783 471 954 526 usque
986 455 1050 509 ad
1092 454 1465 508 Romanorum
1500 453 1688 506 urbem
1731 466 1953 521 percur-

316 542 329 556 ’
383 551 476 613 rit,
530 549 788 604 omnibus
818 546 1066 600 veritatis
1096 545 1282 599 radios
1313 542 1550 598 oﬂ‘erens
1586 560 1600 596 :
1631 542 1710 597 sic
1761 556 1953 596 omnes

381 648 557 693 totum
596 648 865 693 terrarum
896 633 1080 689 orbem
1116 633 1402 697 obeuntes,
1424 640 1478 686 et
1507 631 1829 703 ignorantia
1850 647 1953 684 nu-

383 731 504 785 bem
542 727 941 791 discusserunt,
958 734 1014 780 et
1034 724 1262 794 iustitia:
1288 724 1457 778 solem
1483 725 1950 778 demonstrarunt.

383 820 573 875 Merito
610 818 773 888 igitur
800 831 987 872 sermo
1020 816 1395 887 propheticus,
1440 824 1498 868 ut
1543 829 1736 869 omnes
1767 822 1953 881 gentes

383 909 489 964 Deo
526 907 758 963 offerant
806 908 1067 978 hymnum
1120 915 1344 970 monet,
1403 905 1627 977 1526-
1665 915 1951 975 postquam

380 1002 610 1057 salutem
638 1000 824 1072 adepti
853 1007 1002 1056 sunt.
1027 1016 1047 1050 ι
1068 997 1311 1053 Laudate
1332 1013 1481 1064 eum,
1500 1013 1691 1055 omnes
1709 998 1911 1067 populi.
1926 1017 1946 1049 ο

378 1091 481 1147 Per
512 1100 688 1145 totum
724 1098 997 1143 terrarum
1052 1089 1242 1141 orbem
1297 1086 1468 1140 Judaei
1516 1089 1646 1139 olim
1702 1088 1951 1157 dissipati

378 1184 619 1243 fuerunt,
647 1196 819 1236 unum
847 1179 1014 1233 Deum
1047 1178 1229 1233 colere
1255 1177 1454 1232 edocti.
1490 1177 1756 1245 Quoniam
1791 1180 1953 1250 igitur

377 1291 483 1329 non
516 1273 755 1343 amplius
791 1272 1011 1326 unicam
1036 1270 1353 1325 incolebant
1385 1270 1750 1337 Palmstinam,
1777 1287 1795 1324 ι
1817 1287 1954 1341 eque

376 1382 544 1421 unum
576 1364 850 1420 faciebant
883 1362 1142 1433 populum
1193 1363 1296 1417 sub
1341 1377 1451 1417 uno
1482 1378 1606 1431 rege
1649 1365 1951 1428 constituti,

373 1460 471 1515 sed
500 1459 643 1513 inter
690 1465 881 1527 gentes
920 1454 1177 1524 dispersi,
1220 1454 1438 1509 illorum
1483 1454 1702 1525 quidem
1748 1456 1951 1524 princi-

374 1552 537 1622 pibus
568 1549 916 1628 obetliebant,
953 1547 1095 1616 apud
1128 1559 1187 1600 se
1214 1546 1364 1616 ipsos
1408 1561 1540 1601 vero
1576 1547 1827 1602 vivebant
1872 1548 1953 1602 le-

372 1644 455 1713 gis
498 1648 773 1712 praecepto
823 1640 1274 1709 obtemperantes
1310 1637 1473 1708 :jure
1526 1652 1634 1694 non
1684 1640 1948 1709 p0pulum

374 1736 544 1805 ipsos,
599 1735 693 1789 sed
732 1731 965 1801 populos
1011 1731 1257 1783 nominat
1293 1748 1307 1784 :
1338 1728 1786 1799 quandoquidem
1830 1731 1951 1800 plu-

370 1826 495 1879 rimi
529 1826 692 1879 etiam
725 1840 788 1879 ex
821 1825 903 1879 his
932 1824 1179 1879 divinum
1213 1823 1946 1894 susceperantprzeconium.

370 1917 428 1972 In
469 1921 603 1973 urbe
627 1918 785 1986 ,cnim
840 1915 1217 1989 Hierosolyma
1272 1915 1372 1970 tria
1409 1914 1577 1969 millia
1618 1925 1669 1969 et
1705 1914 1946 1983 quinque

372 2008 543 2061 millia
582 2002 791 2063 eodem
820 1996 1064 2076 tempore
1108 2006 1415 2077 piscatores
1463 2005 1654 2074 piscati
1693 2012 1841 2057 sunt.
1881 2004 1945 2075 lit

372 2108 561 2168 postea
602 2098 788 2153 multa:
826 2100 1098 2169 myriadcs
1132 2096 1375 2171 fuerunt,
1416 2096 1573 2150 utait
1602 2096 1820 2150 divinus
1851 2093 1942 2149 Ja-

370 2180 537 2243 cobus
567 2187 615 2242 ἀ.
644 2187 709 2242 Et
734 2188 786 2241 in
819 2186 973 2259 Syria
1006 2203 1218 2250 rursus,
1246 2197 1296 2240 et
1325 2184 1537 2251 Cilicia,
1568 2194 1621 2241 et
1655 2187 1943 2256 Lycaonia,

370 2290 425 2336 et
451 2280 675 2345 Pisidia,
700 2288 754 2335 et
782 2279 933 2345 Asia,
967 2289 1020 2334 ct
1040 2276 1383 2353 Pamphylia,
1405 2287 1458 2333 et
1490 2279 1543 2333 in
1583 2279 1794 2335 cmteris
1822 2295 1943 2334 om-

370 2375 532 2429 nibus
562 2374 829 2445 gentibus,
877 2372 1152 2444 prioribus
1193 2364 1399 2427 Lludaiis
1440 2370 1623 2427 divina
1667 2374 1943 2443 praeconia

371 2450 605 2537 apostoli
638 2464 974 2519 obtulerunt.
1005 2462 1071 2516 Et
1095 2462 1186 2515 alii
1223 2461 1446 2532 quidem
1491 2462 1857 2527 crediderunt,
1889 2472 1944 2520 et

367 2558 647 2611 veritatem
688 2554 855 2611 seculi
886 2562 1035 2620 sunt,
1067 2554 1157 2608 alii
1192 2568 1321 2608 vero
1352 2552 1651 2613 fructuosis
1679 2555 1943 2610 doctrinis

366 2643 832 2698 contradicebant.
902 2641 1095 2696 Merito
1145 2640 1310 2718 igitur
1358 2657 1539 2696 sermo
1593 2643 1942 2712 prapheticus

368 2735 502 2796 hos,
553 2742 612 2788 ut
662 2734 907 2789 beneficii
966 2728 1245 2789 auctorem
1291 2732 1530 2801 laudent,
1578 2734 1940 2789 adhortatur:

366 2826 467 2881 hos
496 2826 640 2881 enim
674 2827 907 2897 populos
942 2826 1197 2895 appellat.

2054 450 2323 511 Φίλιππος
2337 446 2568 518 Φρυγῶν
2591 446 2870 517 ἑκατέρων
2883 447 2983 517 τὴν
3003 448 3213 521 πλάνην
3234 448 3515 521 διήλεγξεν
3542 451 3584 483 ⁸¹
3613 466 3627 480 ο

2054 540 2228 605 οὕτως
2252 543 2280 592 6
2318 541 2491 610 μέγας
2522 539 2729 610 Πέτρος
2759 540 2868 593 ἀπὸ
2912 539 3015 609 τῆς
3059 540 3419 613 Ἰερουσαλὴμ
3469 544 3631 613 μέχρι

2052 634 2151 702 τῆς
2189 631 2470 702 Ῥωμαίας
2536 631 2741 703 ἔδραμε
2796 631 3026 696 πόλεως,
3084 634 3256 687 ἅπασι
3305 636 3634 705 προσφέρων

2054 725 2151 787 τὰς
2208 724 2306 790 τῆς
2357 723 2615 793 ἀληθείας
2670 724 2913 787 ἀκτῖνας.
2978 724 3164 789 Οὕτως
3232 726 3471 788 ἅπαντες
3527 729 3632 779 πᾶ-

2059 833 2159 869 σαν
2203 816 2303 888 τὴν
2333 817 2665 886 οἰκουμένην
2723 816 3246 888 περινοστήσαντες,
3274 819 3368 870 καὶ
3409 818 3500 871 τὸν
3533 821 3632 887 τῆς

2054 906 2272 975 ἀγνοίας
2303 907 2680 959 ἅπεσκέδασαν
2739 908 2958 975 γνόφον,
2993 909 3085 961 καὶ
3144 907 3235 961 τδν
3293 908 3391 978 τῆς
3423 908 3630 961 δικαιο-

2054 998 2220 1069 σύνης
2248 997 2535 1063 ὑπέδειξαν
2588 999 2757 1071 ἥλιον.
2793 1000 3033 1063 Εἰκότως
3083 1000 3261 1054 τοίνυν
3300 1002 3328 1052 ὀ
3360 1017 3628 1071 προφητι-

2054 1088 2149 1151 κδς
2174 1088 2330 1158 λόγος
2352 1091 2549 1144 ιπάντα
2578 1091 2648 1144 τά
2690 1092 2817 1162 ἔθνη
2860 1091 2937 1162 τῷ
2984 1090 3102 1162 Θεῷ
3127 1093 3220 1145 τὸν
3263 1091 3432 1163 ὕμνον
3462 1111 3625 1164 προσ-

2055 1180 2245 1250 φέρειν
2274 1183 2586 1252 παρεγγυᾷ,
2614 1183 2803 1252 ὲπειδὴ
2831 1184 3011 1236 πάντα
3068 1183 3171 1254 τῆς
3201 1183 3474 1253 σωτηρίας
3526 1186 3626 1237 ἀπ-

2055 1270 2319 1339 ήλαυσαν.
2350 1290 2368 1321 ι
2393 1272 2750 1326 Ἑπαινέσατε
2784 1265 3183 1343 αὐτὸν,πάντες
3220 1275 3271 1327 oi
3299 1275 3441 1328 λαοί.
3475 1295 3494 1327 ι
3534 1277 3625 1339 Εἰς

2054 1363 2272 1416 ἃπασαν
2295 1363 2463 1419 πάλαι
2485 1365 2972 1437 προδιεσπάρησαν
2997 1367 3242 1420 Ἰουδαῖοι
3264 1368 3311 1399 δ’
3336 1368 3435 1439 τὴν
3451 1370 3624 1421 οίκου-

2058 1454 2249 1527 μένην,
2279 1457 2370 1510 τὸν
2417 1458 2513 1512 ἕνα
2558 1458 2739 1511 σέϐειν
2783 1457 3157 1528 δεδιδαγμένοι
3213 1459 3367 1513 Θεόν.
3409 1459 3623 1529 Ἐπειδὴ

2054 1548 2233 1600 τοίνυν
2264 1549 2364 1601 οὐκ
2411 1549 2489 1602 ἑτι
2549 1550 2717 1619 μόνην
2758 1548 2937 1620 ᾤκουν
2968 1550 3065 1620 τὴν
3096 1550 3483 1622 Παλαιστίνην,
3509 1552 3623 1604 οὐδὲ

2054 1639 2135 1700 είς
2158 1638 2255 1691 Eva.
2275 1638 2404 1693 λαὸν
2434 1639 2650 1694 ἐτέλουν
2672 1640 2763 1709 ὑφ’
2785 1641 2869 1693 ἐνὶ
2887 1639 3103 1708 βασιλεῖ
3120 1641 3470 1710 τεταγμένοι,
3491 1641 3625 1695 ἀλλὰ

2056 1730 2113 1781 ὲν
2140 1732 2254 1793 τοῖς
2283 1730 2462 1785 ἔθνεσι
2494 1731 2910 1803 διεσπαρμένοι,
2932 1736 3047 1797 τοῖς
3083 1735 3183 1803 μὲν
3232 1736 3461 1789 ἐκείνων
3527 1738 3627 1790 ὑπ-

2056 1822 2252 1891 ήκουον
2277 1821 2529 1893 ἄρχουσι,
2550 1823 2672 1877 καθ’
2696 1825 2925 1888 ἑαυτοὺς
2946 1825 3003 1878 δὲ
3028 1825 3423 1891 ἐπολιτεύοντο,
3448 1832 3515 1899 τῇ
3533 1828 3624 1882 τοῦ

2055 1911 2219 1980 νόμου
2252 1912 2596 1982 διαγορεύσει
2644 1913 2979 1982 πειθόμενοι,
3019 1917 3247 1979 εἰκότως
3273 1918 3334 1969 οὐ
3369 1917 3497 1969 λαὸν
3526 1920 3621 1970 αὺ-

2049 2004 2196 2068 τοὺς,
2228 2004 2363 2057 ἀλλὰ
2412 2004 2576 2068 λαοὺς
2621 2006 2898 2076 ὀνομάζει.
2963 2008 3209 2061 Πλεῖστοι
3259 2009 3368 2079 γὰρ
3408 2010 3503 2064 καὶ
3560 2011 3621 2063 ἐκ

2045 2096 2251 2151 τούτων
2273 2096 2331 2149 τὸ
2361 2097 2503 2150 θεῖον
2527 2096 2777 2162 ἐδέξαντο
2797 2098 3080 2169 κήρυγμα.
3103 2098 3190 2152 Ἐν
3209 2100 3309 2170 μὲν
3340 2100 3621 2170 γὰρ’Ῑερο-

2055 2187 2178 2242 σολύ
2189 2205 2310 2258 μοις
2332 2189 2620 2259 τρισχίλιοι
2664 2188 2762 2242 καὶ
2802 2189 3235 2260 πεντακισχίλιοι
3259 2191 3400 2244 κατὰ
3428 2191 3619 2245 ταύτὸν

2051 2278 2159 2331 ύπδ
2178 2279 2287 2332 τῶν
2307 2278 2503 2332 ἁλιέων
2526 2278 2993 2350 ὲσαγηνεύθησαν.
3030 2281 3140 2335 Καὶ
3170 2280 3366 2332 πολλαί⁵
3392 2280 3448 2332 δὲ
3485 2281 3619 2350 μετὰ

2049 2369 2222 2423 ταῦτα
2259 2369 2519 2442 μυριάδες
2549 2371 2814 2440 ἐγένοντο,
2836 2368 3036 2440 ἔφησεν
3058 2373 3104 2409 ⁸³
3130 2370 3311 2434 ὁθεῖος
3344 2369 3614 2434 Ἰάκωϐος.

2049 2462 2161 2517 Καὶ
2191 2463 2249 2515 ὲν
2287 2462 2458 2533 Συρίᾳ
2493 2462 2567 2529 δὲ,
2605 2462 2700 2516 καὶ
2749 2462 2998 2533 Κιλικίᾳ,
3037 2462 3133 2515 καὶ
3179 2463 3478 2532 Λυκαονία,
3531 2462 3618 2515 καὶ

2049 2551 2290 2623 Πισιδίᾳ,
2330 2552 2423 2605 καὶ
2467 2552 2640 2622 Ἀσίᾳ,
2673 2552 2768 2604 καὶ
2814 2550 3127 2623 Παμφυλίᾳ,
3158 2551 3250 2605 καὶ
3290 2553 3346 2604 ἐν
3374 2554 3488 2615 τοῖς
3508 2550 3617 2604 λοι-

2049 2645 2170 2705 ποῖς
2194 2643 2241 2674 “
2274 2641 2478 2696 ἅπασιν
2508 2640 2737 2705 ἔθνεσιν,
2791 2639 3079 2711 προτέροις
3116 2640 3391 2703 Ἰουδαίοις
3440 2624 3619 2711 προσ-

2048 2734 2243 2805 ἔφερον
2263 2735 2312 2787 oi
2338 2732 2631 2787 ἀπόστολοι
2659 2733 2729 2786 τὰ
2757 2733 2872 2787 θεῖα
2911 2732 3265 2804 κηρύγματα.
3297 2732 3411 2786 Καὶ
3435 2734 3484 2785 οἱ
3521 2732 3616 2803 μὲν

2050 2826 2359 2891 ἐπίστευον,
2392 2826 2487 2879 καὶ
2518 2825 2620 2894 τῆς
2668 2825 2933 2896 ἀληθείας
2970 2826 3273 2898 ἁπήλαυον,
3305 2826 3357 2880 oi
3419 2825 3477 2880 δὲ
3498 2827 3616 2887 ταῖς

364 2920 708 2993 ὀνησιφόροις
733 2917 1101 2980 διδασκαλίαις
1151 2916 1456 2986 ἀντέλεγον.
1492 2916 1729 2982 Εἰκότως
1757 2917 1936 2971 τοίνυν
1962 2919 1992 2971 6
2018 2918 2354 2990 προφητικδς
2411 2919 2567 2988 λόγος
2618 2918 2715 2971 καὶ
2759 2916 2984 2982 τούτους
3038 2918 3228 2989 ὑμνεῖν
3279 2916 3371 2973 τὸν
3397 2918 3611 2993 εὐεργέα

366 3027 465 3081 την
493 3010 922 3081 παρακελεύεται
951 3025 966 3041 ⁸
995 3008 1213 3074 τούτους
1241 3010 1348 3080 γὰρ
1396 3011 1647 3081 ὀνομάζει
1686 3010 1865 3074 λαούς.

378 3112 384 3117 ’
437 3106 623 3163 ‘V’sas.
675 3107 724 3160 2.
767 3125 785 3159 ι
833 3105 1106 3173 Quoniam
1143 3106 1465 3162 conﬁrmata
1497 3116 1582 3161 est
1631 3122 1793 3176 super
1845 3122 1942 3161 nos

2121 3103 2184 3176 β’.
2211 3122 2229 3155 ι
2256 3104 2380 3156 Ὅτι
2411 3100 2886 3171 ἐκραταιώθηδδτδ
2906 3100 3057 3164 ἕλεος
3078 3098 3248 3153 αὑτοῦ
3276 3098 3361 3167 ἐφ’
3392 3099 3559 3177 ἡμᾶς.
3588 3117 3608 3152 ι

368 3199 741 3254 misericordia
774 3200 913 3268 ejus.
941 3216 959 3249 ν
1005 3198 1189 3252 Solam
1244 3199 1387 3252 enim
1440 3197 1703 3254 adhibens
1734 3199 1945 3255 miscri-

368 3290 637 3354 cordiam,
689 3296 935 3342 nostram
987 3287 1213 3357 perfecit
1252 3290 1506 3343 salutem.
1560 3289 1650 3345 Sic
1671 3302 1724 3344 et
1754 3291 1946 3345 beatus

368 3382 440 3437 ait
476 3381 679 3436 Paulus
710 3397 722 3432 :
757 3399 773 3429 ι
808 3379 943 3433 Cum
978 3388 1157 3433 autem
1191 3378 1499 3449 benignitas
1537 3389 1592 3433 et
1634 3381 1945 3436 humanitas

367 3472 677 3542 apparuerit
719 3469 1018 3523 Salvatoris
1053 3468 1223 3523 nostri
1264 3468 1357 3522 Dei
1388 3507 1403 3531 ,
1441 3484 1546 3523 non
1590 3486 1655 3523 ex
1688 3471 1946 3540 operibus

363 3563 608 3632 justitiaa,
650 3575 771 3631 qua:
809 3559 1040 3614 fecimus
1082 3574 1202 3625 nos,
1246 3559 1339 3613 sed
1376 3561 1679 3614 secundum
1715 3563 1937 3616 inultam

367 3668 522 3708 suam
553 3651 1004 3718 misericordiam,
1034 3650 1211 3705 salvos
1245 3666 1344 3706 nos
1370 3650 1502 3706 fecit
1529 3668 1625 3721 per
1655 3653 1936 3708 lavacrum

366 3745 794 3816 regenerationis
826 3755 879 3800 et
909 3746 1277 3801 renovatinnis
1307 3745 1541 3815 Spiritus
1570 3746 1781 3819 1427
1810 3764 1939 3804 san-

367 3839 473 3905 cti,
504 3852 664 3907 quem
708 3835 898 3892 effudit
941 3837 993 3891 in
1037 3851 1138 3891 nos
1172 3837 1386 3891 abunde
1432 3847 1476 3889 ο.
1513 3857 1531 3891 ι
1581 3838 1647 3892 Ει
1702 3856 1934 3895 rursus:

371 3949 392 3983 ε
426 3930 609 3985 Gratia
645 3931 837 3985 salvati
859 3931 993 3985 estis
1021 3946 1116 4000 per
1150 3932 1333 3995 fidem,
1370 3941 1424 3986 et
1454 3931 1557 3986 hoc
1588 3948 1694 3985 non
1739 3948 1803 3986 ex
1838 3949 1933 3986 vo-

366 4019 469 4082 bis,
506 4017 597 4074 Dei
628 4019 773 4074 enim
800 4020 1002 4073 donum
1022 4029 1107 4075 est.
1140 4020 1181 4075 τ.
1220 4040 1240 4073 ›
1268 4020 1335 4075 Ει
1363 4021 1526 4081 alibi;
1558 4040 1575 4072 ι
1616 4020 1791 4078 Verus
1820 4039 1936 4078 ser-

366 4125 477 4177 mo,
512 4119 567 4165 et
594 4110 742 4164 omni
776 4111 1149 4179 acecptatione
1179 4112 1397 4182 dignus,
1439 4112 1717 4167 Christum
1748 4111 1931 4169 Jesum

367 4199 581 4253 venisse
609 4198 663 4252 in
704 4198 851 4253 hunc
877 4200 1138 4255 mundum
1172 4212 1487 4269 peccatores
1519 4201 1699 4257 salvos
1732 4200 1931 4268 facere,

368 4305 599 4356 quorum
633 4289 843 4360 primus
873 4307 972 4363 ego
1012 4308 1155 4351 sum.
1192 4293 1286 4347 sed
1322 4293 1753 4348 misericordiam
1798 4308 1931 4349 con-

2061 3197 2227 3265 Ἐλέῳ
2256 3193 2367 3266 γὰρ
2392 3195 2537 3265 μόνῳ
2569 3191 2937 3263 χρησάμενος,
2975 3191 3074 3260 τὴν
3105 3190 3379 3261 ἡμετέραν
3408 3191 3614 3261 ἐπραγ-

2048 3287 2357 3359 ματεύσατο
2407 3285 2702 3356 σωτηρίαν.
2765 3281 2920 3335 Οὕτω
2976 3282 3069 3336 καὶ
3114 3285 3142 3334 ὁ
3191 3283 3460 3353 μακάριος
3510 3282 3612 3352 ἔφη

2043 3380 2255 3440 Παῦλος
2276 3393 2289 3407 ·
2327 3397 2345 3430 ι
2384 3378 2513 3430 Ὅτε
2547 3377 2604 3431 δὲ
2638 3379 2670 3445 ἡ
2705 3374 3013 3445 χρηστότης
3042 3374 3136 3428 καὶ
3166 3375 3200 3444 ἡ
3233 3374 3612 3444 φιλανθρωπία

2040 3469 2134 3523 τοῦ
2171 3471 2420 3540 Σωτῆρος
2470 3468 2627 3540 ἡμῶν
2680 3468 2927 3538 ἐπεφάνη
2961 3466 3118 3533 Θεοῦ,
3156 3468 3218 3519 οὐ
3262 3467 3350 3521 διὰ
3395 3467 3493 3531 τὰς
3532 3467 3612 3520 διο

2042 3561 2332 3625 καιοσύνας
2363 3563 2393 3630 ἡ
2404 3561 2517 3631 μῶν
2546 3560 2612 3623 ἃς
2658 3561 3018 3631 ἐποιήσαμεν,
3048 3559 3184 3612 ἀλλὰ
3212 3559 3352 3613 κατὰ
3378 3561 3439 3612 τὸ
3479 3559 3609 3614 πολὺ

2040 3654 2188 3717 ἔλεος
2231 3652 2418 3716 αὑτοῦ,
2455 3652 2657 3705 ἔσωσεν
2690 3653 2836 3723 ἡμᾶς
2871 3651 2959 3704 διὰ
3005 3650 3232 3722 λουτροῦ
3287 3652 3612 3719 παλιγγενεο

2040 3747 2178 3811 σίας,
2214 3746 2308 3800 καὶ
2354 3744 2774 3808 ἀνακαινώσεως
2824 3744 3144 3814 Πνεύματος
3189 3744 3369 3812 ἁγίου,
3407 3739 3469 3797 οῦ
3527 3744 3609 3810 ἐξ·

2036 3837 2187 3910 ἐχεεν
2216 3838 2301 3907 ἐφ’
2331 3839 2478 3908 ἡμᾶς
2506 3836 2796 3897 πλουσίως.
2818 3854 2836 3887 ι
2865 3835 2976 3889 Καὶ
3008 3835 3189 3890 πάλιν·
3221 3854 3238 3886 ι
3266 3834 3464 3906 Χάριτί
3490 3836 3609 3887 ἐστε

2039 3931 2375 3999 σεσωσμένοι
2425 3928 2513 3983 διὰ
2571 3930 2672 4000 τῆς
2725 3918 2992 3990 πίστεως⁶
3048 3927 3143 3982 καὶ
3198 3925 3356 3980 τοῦτο
3405 3928 3507 3979 οὐκ
3551 3926 3609 3989 ἐξ

2037 4021 2216 4093 ὑμῶν,
2245 4020 2381 4077 Θεοῦ
2412 4021 2473 4075 τὸ
2518 4020 2710 4090 δῶρον.
2764 4038 2783 4072 ι
2824 4020 2933 4073 Καὶ
2968 4019 3220 4091 ἑτέρωθιο
3267 4039 3287 4072 α
3346 4021 3540 4083 Πιστὸς
3580 4022 3608 4074 6

2034 4114 2213 4183 λόγος,
2246 4113 2341 4167 καί⁵
2383 4113 2563 4186 πάσης
2593 4110 2867 4181 ἀποδοχῆς
2904 4109 3075 4176 ἄξιος,
3110 4111 3194 4162 ὅτι
3225 4110 3460 4182 Χριστὸς
3501 4108 3605 4179 Ἰη-

2035 4205 2163 4270 σοῦς
2208 4201 2369 4277 ἦλθεν
2419 4206 2501 4268 είς
2545 4204 2635 4258 τὸν
2680 4203 2885 4274 κόσμον
2925 4188 3606 4275 ἁμαρτωλοῦς’σῶσαι,ὧν

2035 4296 2249 4366 πρῶτός
2280 4299 2397 4365 εἰμι
2445 4294 2576 4364 ἐγὼ,
2627 4294 2744 4350 ἀλλ’
2790 4293 3019 4366 ἔλεήθην
3051 4295 3113 4350 ⁸⁸.
3161 4313 3179 4346 ι
3220 4295 3515 4367 Συνίστησι
3550 4295 3606 4349 δὲ

366 4388 586 4436 secutus
631 4396 750 4436 sum
790 4382 836 4434 8.
875 4401 893 4433 ι
932 4381 1493 4437 Commendatautem
1535 4383 1675 4437 Deus
1700 4385 1728 4423 ιι
1772 4399 1926 4437 suam

2048 4387 2129 4460 ιην
2186 4388 2379 4441 ἑαυτοῦ
2427 4389 2472 4422 ⁵⁷
2518 4387 2741 4459 ἀγάπην
2789 4388 2817 4440 6
2866 4387 2998 4452 Θεὸς
3048 4386 3128 4449 εἱς
3184 4368 3354 4457 ἡμᾶς,
3404 4388 3484 4440 ὅτι
3531 4386 3606 4438 ἔτι

366 4473 686 4527 charitatcm
726 4473 777 4527 in
802 4474 981 4538 nobis,
1004 4472 1288 4543 quoniam,
1324 4488 1448 4527 Clllll
1484 4489 1730 4529 essemus
1757 4475 1933 4530 adhuc

2048 4480 2380 4551 ἁμαρτωλῶν
2406 4480 2563 4551 ήμῶν
2591 4480 2759 4533 ὄντων
2785 4478 3019 4550 Χριστὸς
3049 4477 3190 4549 ὑπὲρ
3215 4477 3374 4551 ἡμῶν
3405 4478 3606 4531 ἀπέθαυ

366 4574 703 4632 peccatores,
747 4565 995 4618 Christus
1026 4579 1124 4633 pro
1174 4563 1331 4618 nobis
1380 4571 1629 4619 mortuus
1657 4574 1759 4618 est.
1811 4563 1940 4619 Jure

2048 4589 2148 4625 νεν.
2185 4573 2425 4635 Εἰκότως
2455 4572 2632 4626 τοίνυν
2671 4574 2699 4626 ὁ
2727 4572 2771 4609 ⁸⁸
2806 4570 3142 4641 προφητικδς
3175 4568 3280 4639 ἔφη
3312 4570 3489 4639 λόγος.
3527 4571 3607 4623 ὅτι

368 4657 534 4726 igitur
557 4672 738 4711 sermo
759 4657 835 4710 ait
863 4655 1213 4724 propheticus
1236 4673 1247 4707 :
1275 4674 1292 4706 ‹
1318 4654 1588 4719 Quoniam
1618 4656 1937 4733 confirmata

2048 4663 2383 4734 ὲκραταιὼθη
2416 4664 2476 4717 τὸ
2507 4663 2655 4728 ἕλεος
2684 4664 2850 4716 αὐτοῦ
2884 4662 2970 4732 ἐφ’
2997 4663 3167 4733 ἡμᾶς.
3207 4679 3228 4713 ι
3269 4662 3380 4714 Καὶ
3406 4663 3441 4733 ἡ
3481 4662 3608 4732 ἀλή-

366 4757 451 4803 est
498 4764 661 4818 super
710 4763 810 4802 nos
865 4746 1239 4802 misericordia
1279 4748 1419 4821 ejus.
1478 4749 1542 4804 Et
1593 4749 1794 4803 veritas
1834 4751 1937 4805 Do-

2048 4753 2157 4807 λεια
2188 4755 2281 4807 τοῦ
2314 4756 2519 4825 Κυρίου
2559 4754 2708 4825 μένει
2741 4755 2821 4818 εἰς
2846 4753 2940 4807 τὸν
2972 4754 3165 4809 αἰῶνα.
3203 4772 3223 4806 ι
3260 4754 3364 4806 Ἢν
3387 4752 3498 4823 γὰρ
3524 4752 3611 4805 διὰ

368 4837 497 4890 mini
559 4846 744 4891 manet
786 4838 841 4891 in
889 4845 1175 4890 aeternum.
1222 4856 1241 4889 ι
1289 4837 1462 4903 Quam
1513 4840 1659 4893 enim
1703 4840 1932 4896 salutem

2048 4851 2144 4904 τῶν
2192 4851 2362 4919 ἁγίων
2408 4851 2705 4923 προφητῶν
2738 4850 3028 4922 ὑπέσχετο,
3063 4850 3265 4905 δέδωκε
3309 4850 3606 4921 σωτηρίαν.

367 4943 461 4997 per
493 4929 872 4983 sanctissimos
907 4928 1198 5015 prophetas
1238 4930 1509 4999 promisit,
1560 4931 1790 5002 largitus
1828 4942 1932 4991 est.

2048 4942 2210 4997 Τοῦτο
2239 4945 2332 4998 καὶ
2364 4946 2393 4997 6
2442 4944 2714 5016 μακάριος
2742 4942 2846 5015 ἔφη
2878 4941 3091 5008 Παῦλος
3129 4942 3240 4995 τῶν
3285 4940 3425 5013 πρὸς
3482 4943 3608 4995 Ῥω-

365 5020 478 5076 Hoc
506 5022 670 5076 etiam
703 5022 889 5076 beatus
922 5022 997 5074 ait
1024 5022 1248 5089 Paulus,
1296 5024 1588 5080 exordiens
1632 5025 1926 5095 Epistolam

2048 5035 2235 5104 μαίους
2264 5036 2608 5106 γραμμάτων
2630 5034 2959 5109 ἀρξάμενος,
2991 5054 3009 5088 ι
3043 5033 3256 5101 Παῦλος
3284 5033 3470 5096 δοῦλος
3506 5033 3608 5103 Ἰη-

366 5114 432 5167 ad
464 5114 743 5168 Romanos
774 5131 786 5167 :
828 5132 846 5165 ι
873 5113 1071 5170 Paulus
1101 5130 1292 5171 servus
1319 5114 1445 5173 Iesu
1469 5116 1671 5174 Christi
1706 5129 1934 5177 vocatus

2048 5124 2135 5178 σοῦ
2186 5108 2424 5198 Χριστοῦ
2470 5128 2665 5199 κλητδ,
2704 5126 3040 5195 ἀπόστολος,
3093 5126 3482 5199 ἀφωρισμένος
3533 5127 3609 5188 είς

433 5311 463 5351 ἀ
494 5313 616 5367 Act.
648 5330 761 5375 xxi,
789 5313 879 5399 29.
961 5327 982 5353 ε
1022 5314 1128 5369 Tit.
1168 5333 1248 5383 ιιι,
1284 5318 1393 5373 4-6.
1503 5314 1744 5391 ῖἘρΙιοε.
1779 5338 1837 5385 ιι,
1866 5322 1920 5377 8.

2056 5323 2072 5377 Ι
2105 5324 2243 5379 Tim.
2271 5342 2311 5390 ι,
2350 5325 2436 5380 15.
2514 5326 2541 5364 ιι
2577 5325 2734 5383 Rom.
2762 5343 2815 5391 ν,
2847 5329 2899 5385 8.

1450 5475 1687 5531 VARUE
1723 5477 2112 5536 LECTIONES
2141 5480 2227 5534 ET
2257 5480 2488 5535 ΝΟΤᾸΞ.

430 5570 473 5669 ⁸Ι¹
500 5577 1087 5669 (Ιξιξτίκξ..ἐξήλεγξε-ι..Δ
1128 5582 1368 5669 ηλουιξ.
1397 5585 1686 5669 ρος-..ἰίεἰιιι
1764 5588 1942 5669 σε...βὲ

2048 5607 2118 5669 ιτς.
2161 5592 2231 5669 ib.
2276 5583 2529 5669 ᾖμφησιν.
2556 5661 2567 5669 _
2592 5592 2921 5669 _"‘A0uzor'c.
2947 5596 3018 5669 ib.
3049 5595 3251 5663 ἄλλοις.
3326 5598 3374 5631 ⁸⁸
3405 5599 3596 5669 Ἐκραο

366 5630 615 5719 ταιωᾶὴῖ
629 5630 837 5706 ἰἰὲιὶιῗῧ
862 5630 1111 5709 arma.
1187 5630 1370 5709 ’ῖὶόῐιζ
1392 5630 1744 5726 Largius.
1820 5630 1942 5711 ""i'n

2048 5660 2222 5714 αὑτοῦ.
2282 5630 2463 5714 ἰκτθέ).
2495 5661 2627 5715 ibid.
2660 5678 2846 5733 pmm.
2871 5630 3000 5720 ³κσῖἱξ
