3824 6318
246 399 393 464 1809

1580 400 1663 460 ΙΝ
1720 398 1926 459 PSAL.
1983 398 2213 461 CXVII.

3392 398 3529 465 1810

251 506 595 577 Εὐαγγίλιον
635 506 797 576 Θεοῦ,
832 509 862 563 δ
892 511 1374 583 προεπηγγείλατο
1419 510 1507 565 διὰ
1552 512 1664 564 τῶν
1708 528 1845 582 προ-

1966 500 2253 582 apostolus,
2283 520 2597 587 segregatus
2620 511 2674 567 in
2699 510 3052 581 Evangelium
3084 508 3200 575 Dei,
3230 510 3372 580 quod
3402 520 3529 567 ante

247 600 448 671 φητῶν
477 600 645 655 αὐτοῦ
673 603 732 656 ἐν
756 602 1003 674 Γραφαῖς
1026 604 1229 673 ἁγίαις.
1263 623 1282 657 ι
1310 606 1421 658 Καὶ
1444 604 1662 661 πάλιν(
1683 607 1844 674 Λέγω

248 692 314 745 δὲ
347 692 586 764 Χριστὸν
627 694 838 765 Ἰησοῦν
887 696 1136 752 διάκονον
1168 698 1502 769 γεγενῆσθαι
1539 702 1845 772 περιτομῆς

249 786 401 856 ὑπὲρ
430 785 691 857 ἀληθείας
721 787 879 855 Θεοῦ,
919 791 1000 853 είς
1041 789 1101 843 τὸ
1133 790 1434 861 βεϐαιῶσαι
1464 790 1565 855 τὰς
1609 796 1847 861 ἐπαγγε-

247 877 379 942 λίας
413 878 524 932 τῶν
556 881 831 954 ποτέρων,
863 880 933 935 τὰ
965 882 1179 955 astam
1224 883 1368 955 ὑπὲρ
1400 885 1584 949 ἐλέους
1622 884 1846 953 δοξάσαι

247 968 351 1021 ’τὸν
385 967 541 1025 Θεόν.
589 990 608 1023 ι
659 974 875 1046 Ἐπειδὴ
904 976 1084 1030 τοίνυν
1123 978 1456 1050 πεπλήρωκε
1480 980 1580 1044 τὰς
1613 980 1846 1051 ὑποσχέ-

255 1076 378 1123 σεις
408 1062 436 1113 ὁ
460 1062 570 1115 τῶν
600 1064 739 1119 ὅλων
771 1065 926 1132 Θεὸς,
961 1069 1053 1121 καὶ
1082 1068 1150 1139 ῆν
1181 1070 1469 1140 ὑπέσχετο,
1510 1070 1709 1125 δέδωκε
1745 1089 1848 1126 σω-

251 1150 481 1222 τηρίαν,
515 1155 610 1231 καὶ
653 1154 890 1227 ἠνέῳξεν
921 1156 1090 1213 ἅπασι
1135 1160 1235 1222 τὰς
1273 1158 1369 1213 τοῦ
1403 1160 1583 1226 ἐλέους
1641 1163 1843 1233 πηγὰς,

254 1243 358 1294 καὶ
394 1245 557 1315 ἡμεῖς
588 1244 637 1299 οἱ
665 1246 725 1312 ἐξ
760 1249 1019 1313 Ἰουδαίοις
1054 1251 1447 1321 προσελθόντες
1469 1255 1537 1318 ⁸⁹,
1573 1256 1667 1307 καὶ
1688 1256 1849 1324 ὑμεῖς

253 1335 311 1386 οί
343 1334 403 1399 ἐξ
435 1336 607 1391 ἐθνῶν
635 1340 1086 1407 πεπιστευκότες,
1122 1342 1412 1414 σύμφωνον
1449 1346 1721 1417 ὑμνῳδίαν
1753 1366 1847 1403 κε-

256 1427 534 1495 ράσαντες
567 1431 657 1483 τὸν
692 1430 988 1503 εὐεργέτην
1021 1434 1350 1505 ἀμείψασθε.

570 1629 833 1685 ΕΡΜΙΞΝ.
881 1633 1018 1685 ΤΟΥ
1053 1634 1172 1686 PlZ'
1214 1636 1537 1690 ΨΑΛΜΟΥ.

349 1739 728 1809 Ἀλληλούἴα.
782 1746 991 1817 ’Ύμνος
1022 1749 1067 1780 ⁸ο
1106 1752 1199 1802 καὶ
1225 1744 1381 1816 οὗτός
1411 1754 1560 1807 ἐστιν
1603 1754 1710 1807 ὑπὸ
1742 1756 1849 1810 τῶν

1946 604 2277 673 promiserat
2314 620 2410 674 per
2439 603 2733 674 prophetas
2768 619 2902 659 suos
2950 604 3004 657 in
3057 602 3357 673 Scripturis
3401 618 3528 657 san-

1947 694 2051 748 ctis
2089 695 2130 747 ί.
2162 712 2180 746 ι
2219 695 2280 748 Et
2324 711 2557 750 rursus:
2615 715 2633 747 ι
2677 695 2805 749 Dico
2850 696 2994 749 enim
3029 693 3216 750 Jesnm
3248 693 3525 749 Christum

1948 783 2262 840 ministrum
2290 785 2461 841 fuisse
2493 787 2935 842 circumcisionis
2966 795 3192 858 propter
3241 787 3527 859 veritatem

1951 872 2067 938 Dei,
2096 875 2163 929 ad
2203 876 2604 931 conﬁrmandas
2636 876 3031 947 promissiones
3059 886 3298 948 patrum,
3336 887 3527 949 gentes

1950 973 2133 1020 autem
2168 982 2268 1036 pro
2313 969 2695 1025 misericordia
2746 969 3026 1024 celebrare
3067 967 3293 1025 Deumi.
3329 989 3346 1021 ι
3381 969 3530 1036 Quo-

1948 1056 2100 1111 niam
2138 1058 2307 1127 igitur
2336 1057 2477 1115 Deus
2526 1060 2908 1117 universorum
2960 1062 3228 1130 promissa
3259 1062 3524 1131 implevit,

1951 1160 2004 1204 et
2028 1150 2267 1206 salutem
2296 1166 2461 1222 quam
2495 1153 2774 1222 pollicitus
2807 1164 2910 1219 est,
2962 1156 3210 1224 donavit,
3243 1155 3530 1211 omnibus-

1951 1259 2058 1312 que
2102 1244 2499 1300 misericordiae
2545 1244 2725 1301 fontes
2774 1247 3057 1312 reseravit,
3096 1257 3149 1302 et
3172 1263 3289 1314 nos,
3326 1248 3418 1319 qui
3461 1263 3524 1303 et

1949 1334 2153 1391 Judaeis
2191 1337 2549 1399 accessimus,
2600 1346 2653 1393 et
2694 1352 2811 1403 vos,
2842 1339 2934 1409 qui
2976 1354 3039 1392 ex
3077 1339 3329 1409 gentibus
3355 1338 3529 1395 credi—

1951 1424 2130 1488 distis,
2164 1441 2465 1483 consonam
2500 1429 2716 1483 laudem
2759 1430 3126 1484 communiter
3158 1428 3404 1484 beneﬁcii
3436 1444 3530 1483 au—

1951 1517 2087 1571 ctori
2117 1519 2413 1586 rependite.
3450 1510 3451 1513 “

2336 1632 2610 1689 INTERP.
2653 1632 2773 1688 PSA
2786 1633 2903 1688 LM!
2945 1633 3149 1689 CXVII.

2024 1746 2274 1816 Alleluia.
2312 1748 2412 1803 llic
2441 1751 2603 1804 etiam
2646 1749 2885 1821 hymnus
2916 1761 3000 1805 est
3029 1750 3100 1804 ab
3136 1749 3221 1804 bis
3252 1749 3344 1819 qni
3379 1751 3529 1805 salu-

251 1829 366 1898 τῆς
396 1834 674 1905 σωτηρίας
703 1838 1158 1896 ἀπολελαυκότων
1190 1843 1267 1915 τῷ
1309 1844 1429 1915 Θεῷ
1460 1848 1848 1919 προσφερόμε-

1966 1852 2056 1893 em
2088 1854 2116 1892 a
2147 1840 2257 1894 Deo
2300 1841 2587 1895 consecuti
2632 1850 2781 1907 sunt,
2808 1842 3048 1896 oblatus.
3096 1839 3270 1896 Judaei
3316 1840 3533 1912 1523

252 1930 375 2012 νος.
416 1922 659 1981 Ἰουδαῖοι
688 1928 788 1997 μὲν
816 1930 927 2000 γὰρ
963 1932 1102 2002 μετὰ
1133 1935 1232 2005 τὴν
1267 1937 1545 2001 ἐπάνοδον,
1576 1938 1684 1991 τῶν
1714 1939 1847 2012 πλη-

255 2014 548 2086 σιοχώρων
600 2019 856 2074 ἁπάντων
916 2024 1059 2078 κατὰ
1112 2026 1307 2080 ταυτὸν
1333 2029 1376 2059 ⁶¹
1428 2029 1848 2101 ἀθροισθέντων,

255 2105 607 2174 φθονούντων
645 2112 689 2142 ⁸³
721 2112 907 2178 αὐτοῖς
938 2116 1037 2185 τῆς
1083 2118 1358 2189 προτέρας
1387 2121 1710 2194 εὐημερίας,
1755 2123 1850 2177 καὶ

253 2200 457 2275 μέντοι
486 2203 582 2255 καὶ
611 2202 739 2275 ἔθνη
768 2205 932 2279 ἔτερα
967 2210 1064 2262 καὶ
1098 2210 1351 2282 βάρϐαρα
1382 2215 1847 2286 συναγειράντων,

254 2286 386 2345 εἶτα
449 2291 733 2364 θεηλάτοις
798 2299 1188 2357 ἀναλωθέντων
1251 2304 1489 2375 πληγαῖς
1549 2309 1691 2361 κατὰ
1752 2308 1851 2379 τὴν

272 2379 453 2470 Ἰωήλ,
506 2382 600 2437 καὶ
658 2386 942 2461 Ἰεζεκιὴλ,
989 2392 1085 2445 καὶ
1134 2388 1524 2464 Μιχαίου,“κοιὶ
1577 2398 1848 2469 Ζαχαρίου

256 2476 629 2545 προφητείαν,
661 2477 853 2533 τοῦτον
877 2481 971 2536 τὸν
1015 2482 1186 2555 ὕμνον
1220 2488 1575 2559 χαριστήριον
1611 2491 1852 2560 προσφέ-

258 2559 425 2635 ρουσι
457 2567 535 2638 τῷ
563 2569 704 2640 Θεῷ.
752 2572 973 2647 Ἐπειδὴ
1019 2576 1079 2629 δὲ
1106 2578 1167 2631 ἐν
1213 2579 1445 2644 ἐκείνοις
1472 2559 1853 2651 προεγράφετο

252 2658 340 2710 τά
372 2660 635 2734 ἡμέτερα,
670 2665 871 2735 μᾶλλον
914 2670 1177 2741 ἁρμόττει
1206 2676 1320 2735 τοῖς
1361 2674 1419 2740 ἐξ
1469 2673 1639 2728 ἐθνῶν
1688 2693 1852 2729 πεπι-

264 2753 557 2807 στευκόσιν
587 2757 619 2826 ἡ
651 2757 924 2828 ὑμνῳδία·
953 2760 1001 2814 οἳ
1034 2763 1187 2835 παρά
1219 2764 1431 2819 πολλῶν
1458 2767 1549 2820 καὶ
1579 2768 1853 2838 ἀρχόντων

260 2844 369 2896 καὶ
398 2845 740 2916 ἀρχομένων,
770 2850 960 2923 δήμων
1004 2854 1102 2907 καὶ
1143 2855 1512 2926 δημαγωγῶν,
1563 2861 1656 2915 καὶ
1706 2859 1852 2930 βασι-

261 2934 411 2988 λέων
457 2938 552 2991 καὶ
611 2943 973 3013 στρατηγῶν,
1030 2945 1383 3017 διωχθέντες,
1441 2950 1534 3003 καὶ
1589 2951 1855 3022 στρεϐλωο

263 3025 483 3092 θέντες,
536 3030 629 3083 καὶ
673 3034 1033 3102 αἰκισθέντες,
1091 3039 1188 3091 καὶ
1240 3040 1411 3110 μυρία
1457 3040 1688 3096 θανάτου
1731 3043 1855 3096 ὑπο-

267 3118 559 3188 μείναντες
602 3123 741 3194 εῐδη,
784 3127 1071 3197 κρείττους
1127 3130 1238 3184 τῶν
1282 3132 1667 3202 πολεμούντων
1726 3134 1856 3188 ἐδεί-

1953 1932 2097 1987 enim
2162 1941 2285 2002 post
2339 1934 2732 1998 reversionem,
2790 1948 2916 1988 cum
2977 1949 3171 1989 omnes
3214 1933 3432 1988 ﬁnitimi
3476 1936 3532 1987 in

1954 2040 2122 2078 unum
2156 2025 2332 2080 coacti
2367 2034 2571 2091 essent,
2626 2026 2918 2095 pristinam
2967 2027 3076 2081 illis
3112 2026 3530 2096 prosperitatem

1952 2117 2277 2184 invidentes,
2334 2127 2498 2188 atque
2537 2119 2702 2174 etiam
2747 2128 2934 2187 gentes
2977 2119 3114 2175 alias
3177 2128 3230 2174 et
3276 2120 3532 2175 barbaras

1952 2220 2372 2277 convocassent,
2405 2226 2472 2267 ae
2498 2212 2691 2267 deinde
2720 2212 2892 2281 plagis
2918 2214 2962 2267 ‘a
3008 2211 3119 2267 Deo
3151 2213 3314 2268 illatis
3348 2212 3534 2283 proﬂi-

1952 2306 2062 2375 gati
2102 2312 2307 2370 essent,
2340 2304 2644 2358 secundum
2670 2301 2859 2370 Joelis,
2895 2313 2949 2358 et
2988 2302 3309 2370 Ezechielis,
3345 2315 3401 2359 et
3429 2304 3532 2361 Mi»

1953 2398 2137 2460 chzeae,
2173 2406 2228 2453 et
2265 2396 2545 2452 Zachariae
2578 2397 3044 2463 vaticinationem,
3087 2397 3235 2452 hunc
3268 2384 3528 2468 hymnum

1951 2491 2256 2562 gratiarum
2289 2492 2306 2513 ⁶
2336 2491 2569 2545 actionis
2600 2488 2710 2544 Deo
2751 2489 3007 2545 olferunt.
3044 2489 3312 2555 Quoniam
3346 2498 3531 2545 autem

1955 2584 2009 2639 in
2063 2584 2171 2640 illis
2211 2584 2391 2654 potius
2446 2598 2533 2638 res
2576 2593 2776 2638 nostra:
2825 2581 3315 2646 adumbrabantnr,
3361 2583 3535 2653 magis

1956 2676 2208 2746 congruit
2238 2675 2354 2730 haec
2381 2674 2565 2729 suavis
2588 2674 2910 2745 symphonia
2940 2674 3008 2727 iis
3061 2673 3153 2744 qui
3181 2689 3246 2729 ex
3278 2675 3535 2746 gentibus

1956 2766 2303 2821 crediderunt
2341 2764 2496 2834 :,qui
2536 2779 2657 2819 cum
2706 2779 2737 2819 a
2776 2764 2964 2820 multis
3000 2773 3054 2819 et
3096 2763 3435 2834 principibus
3481 2772 3539 2821 et

1955 2855 2212 2920 subditis,
2246 2856 2466 2926 populis
2502 2866 2553 2911 et
2587 2856 2771 2926 populi
2808 2856 3065 2927 ducibus,
3107 2864 3162 2910 et
3201 2856 3441 2924 regibus,
3480 2864 3539 2911 et

1951 2946 2231 3018 praefectis
2267 2949 2725 3018 persequentibus
2767 2950 3021 3013 cruciati,
3063 2957 3119 3004 et
3152 2948 3439 3004 tormentis
3465 2963 3540 3003 ac

1954 3041 2239 3110 suppliciis
2273 3039 2477 3105 allecti,
2519 3041 2760 3097 inﬁnitas
2803 3056 2911 3097 moi
2929 3042 2996 3096 tis
3039 3042 3251 3111 species
3296 3040 3539 3115 perpessi

1959 3143 2164 3197 essent,
2197 3133 2449 3193 hostibus
2479 3134 2798 3203 superiores
2826 3143 3138 3190 evaserunt.
3170 3132 3266 3189 His
3295 3133 3460 3203 igitur
3485 3141 3542 3189 et

266 3210 504 3293 χθησαν.
564 3216 675 3268 Καὶ
713 3193 926 3282 τούτοις
957 3220 1140 3288 μέντοι
1178 3193 1454 3286 κάκείνοις
1489 3225 1521 3295 ἡ
1560 3223 1656 3277 τοῦ
1697 3225 1854 3278 πνεύ-

1966 3223 2072 3278 illis
2104 3193 2329 3294 spiritus
2361 3225 2532 3295 gratia
2553 3193 2873 3295 .hyntuodite
2898 3225 3203 3280 doctrinam
3231 3193 3537 3296 provposuit.

271 3320 447 3374 ματος
505 3308 666 3378 χάρις
704 3308 803 3382 τὴν
843 3313 943 3383 τῆς
996 3313 1271 3384 ὑμνωδίας
1326 3308 1672 3370 διδασκαλίαν
1726 3334 1860 3388 προ-

267 3397 541 3453 τέθεικεν.

347 3497 421 3543 α’.
460 3510 480 3543 ε
530 3492 971 3564 Ἐξομολογεῖσθε
1021 3498 1099 3568 τῷ
1146 3498 1363 3570 Κυρίῳ,
1409 3500 1490 3553 ὅτι
1522 3490 1746 3569 ἀγαθὸς,
1778 3505 1860 3556 ὄτι

270 3584 359 3646 είς
388 3584 479 3638 τὸν
510 3585 683 3639 αἰῶνα
710 3587 771 3640 τὸ
792 3589 939 3652 ἔλεος
966 3589 1157 3643 αὐτοῦ.
1199 3609 1219 3642 ι
1263 3591 1574 3662 Ὑμνήσατε
1597 3592 1691 3647 τὸν
1728 3595 1863 3662 ἀγα-

273 3672 393 3737 θὸν,
425 3674 520 3726 καὶ
548 3674 658 3730 τῶν
695 3677 915 3743 ἀγαθῶν
946 3679 1035 3732 τὸν
1067 3681 1321 3750 χορηγόν.
1359 3684 1569 3754 Διαρκῆ
1600 3685 1707 3754 γὰρ
1750 3684 1861 3754 ἔχει

270 3763 373 3817 τὸν
395 3754 566 3832 ἔλεον,
600 3768 696 3820 καὶ
726 3770 919 3823 τοῦτον
949 3771 1036 3825 ἀεὶ
1062 3776 1291 3842 χορηγεῖ
1321 3776 1431 3838 τοῖς
1458 3775 1753 3845 δεομένοις.

351 3940 420 4011 β’,
454 3942 522 4011 γ’.
566 3964 585 3996 ι
620 3947 845 4002 Είπάτω
891 3949 950 4003 δὲ
987 3950 1033 3982 ⁵³
1077 3950 1224 4016 οἶκος
1251 3955 1295 3986 ⁸⁸
1333 3956 1565 4028 Ἰσραὴλ,
1598 3959 1678 4012 ὅτι
1723 3959 1863 4031 ἀγα..

277 4032 508 4100 segem
542 4039 624 4101 είς
650 4039 741 4093 τὸν
789 4041 960 4094 αίῶνα
996 4044 1057 4095 τὸ
1100 4044 1248 4109 ἔλεος
1303 4047 1492 4100 αὑτοῦ.
1543 4050 1767 4104 Είπάτω
1817 4052 1862 4084 ⁵⁸

274 4125 338 4178 δὲ
372 4127 416 4157 ⁸⁸
445 4124 595 4195 οἶκος
648 4122 879 4204 ’Λαρὼν,
916 4136 997 4188 ὅτι
1018 4138 1224 4205 ἀγαθὸς
1259 4139 1322 4202 ⁸⁷,
1351 4141 1432 4193 ὅτι
1464 4143 1544 4205 είς
1574 4143 1663 4196 τὸν
1693 4125 1864 4197 αἰῶνα

277 4218 342 4270 τὸ
376 4218 527 4286 ἔλεος
552 4224 740 4279 αὐτοῦ.
779 4245 799 4277 ι
845 4214 1064 4283 Τούτων
1097 4231 1238 4284 κατὰ
1270 4232 1533 4305 διαίρεσιν
1563 4236 1866 4307 μνημονεύ-

281 4329 406 4378 σας,
438 4313 548 4369 τῶν
591 4316 652 4381 ἐξ
697 4318 868 4373 ἐθνῶν
902 4323 1349 4379 πεπιστευκότων
1398 4326 1583 4397 κοινὴν
1629 4329 1863 4381 ποιεῖται

279 4406 382 4478 τὴν
410 4410 517 4479 μνή
527 4428 654 4480 μην.

352 4498 415 4592 δ’.
452 4519 472 4553 ι
510 4500 837 4592 Είπάτωσαν
882 4502 947 4575 δὴ
993 4504 1196 4569 πάντες
1238 4507 1282 4540 ⁸⁸
1328 4509 1377 4561 οί
1419 4508 1746 4581 φοϐούμενοι
1777 4513 1866 4567 τον
1899 4536 1943 4592 D

284 4587 511 4659 Κύριον,
541 4591 624 4644 ὅτι
659 4592 863 4661 ἀγαθὸς
893 4596 958 4660 ⁸³,
990 4595 1071 4649 ὅτι
1101 4596 1149 4629 ⁷⁸
1184 4598 1264 4661 είς
1293 4598 1385 4651 τὸν
1416 4600 1590 4655 αἰῶνα
1630 4601 1692 4654 τὸ
1719 4602 1867 4668 ἔλεος

286 4683 475 4737 αὐτοῦ.
531 4702 551 4736 ι
598 4685 893 4751 Ἅπαντες,
946 4689 1101 4759 φησὶ,
1140 4690 1234 4742 τοῦ
1281 4690 1416 4743 Θεοῦ
1451 4690 1867 4764 φιλανθρωπίαν

288 4774 593 4846 ὑμνήσατε,
628 4778 722 4831 καὶ
752 4780 801 4830 οἱ
837 4780 894 4846 ἐξ
951 4779 1167 4851 Ἰσραὴλ
1210 4780 1271 4834 τὸ
1314 4781 1469 4850 γένος
1514 4785 1865 4853 κατάγοντες,

287 4864 383 4918 καὶ⁸
409 4865 509 4937 τὴν
542 4869 876 4940 προγονικὴν
907 4870 1202 4941 αὐχοῦντες
1234 4872 1538 4939 εὐσέϐειαν,
1592 4878 1687 4929 καὶ
1734 4880 1782 4931 oi
1810 4878 1869 4932 ἐν

288 4957 477 5020 αὐτοῖς
504 4960 604 5030 τῆς
653 4958 955 5031 ἱερωσύνης
994 4959 1310 5032 ἠξιωμένοι,
1344 4964 1440 5017 καὶ
1483 4966 1534 5018 οί
1584 4966 1650 5019 ἐκ
1681 4966 1871 5036 διαφό-

292 5064 404 5119 ρων
439 5049 541 5120 μέν
561 5049 717 5115 ὄντες
737 5050 929 5120 ἐθνῶν,
955 5051 1055 5124 τῆς
1088 5052 1147 5106 δὲ
1176 5052 1284 5108 τῶν
1308 5055 1586 5125 προγόνων
1615 5056 1871 5122 ἀσεϐείας

344 5226 363 5267 ί
408 5227 569 5284 Rom.
609 5246 649 5295 ι,
687 5231 739 5298 l,
780 5232 836 5286 2.
947 5229 961 5282 i
1009 5233 1169 5289 Rom.
1206 5248 1295 5300 xv,
1333 5234 1387 5298 8,
1428 5233 1484 5288 9.
1562 5278 1571 5288 .

2034 3489 2200 3546 Vens.
2239 3491 2291 3545 1.
2333 3510 2352 3541 ‹
2386 3489 2737 3545 Conﬁtemini
2764 3488 3017 3557 Domino,
3048 3493 3308 3562 quoniam
3343 3493 3538 3560 bonus,

1963 3582 2221 3651 quoniam
2257 3582 2309 3635 in
2340 3583 2597 3637 saeculum
2629 3583 3004 3636 misericordia
3032 3584 3171 3653 ejus.
3218 3602 3236 3635 ι
3271 3582 3543 3640 Laudibus
3614 3628 3619 3633 .

1965 3671 2372 3740 prosequamini
2433 3687 2555 3725 eum
2620 3672 2713 3740 qui
2766 3671 2946 3726 bonus
2999 3685 3083 3727 est
3155 3682 3208 3727 et
3270 3674 3541 3730 bonorum

1965 3761 2191 3832 largitor
2236 3780 2247 3814 :
2303 3777 2593 3831 perennem
2650 3763 2793 3816 enim
2851 3762 3015 3816 habet
3068 3764 3540 3830 misericordiam,

1964 3864 2019 3907 et
2068 3854 2209 3906 hanc
2252 3868 2465 3922 semper
2511 3854 2858 3922 precantibus
2893 3853 3158 3924 suggerit.

2038 3946 2203 4002 Vens.
2244 3946 2298 4011 9.,
2339 3946 2392 4000 '5.
2457 3966 2474 3997 ι
2510 3943 2663 3999 Dicat
2720 3961 2867 4000 nunc
2915 3946 3113 4002 domus
3172 3944 3338 4001 Israel
3396 3949 3544 4018 quod

1966 4041 2144 4096 bonus
2170 4040 2259 4107 sit,
2297 4041 2571 4112 quoniam
2598 4040 2653 4094 in
2689 4040 2948 4095 saxulum
2987 4040 3365 4096 misericordia
3402 4041 3541 4113 ejus.

1966 4133 2118 4189 Dicat
2158 4147 2306 4188 nunc
2332 4130 2531 4188 domus
2578 4132 2812 4188 Aaronis
2870 4133 3018 4203 quod
3058 4134 3238 4190 bonus
3268 4134 3362 4201 sit,
3407 4151 3548 4205 quo-

1967 4227 2115 4281 niam
2150 4225 2208 4280 in
2245 4226 2507 4281 saeculum
2534 4225 2912 4281 misericordia
2936 4225 3075 4295 ejus.
3117 4246 3136 4280 ι
3171 4223 3305 4281 Cum
3349 4227 3540 4282 horum

1968 4335 2063 4390 per
2089 4319 2415 4375 divisionem
2459 4318 2820 4380 meminisset,
2849 4332 3042 4372 eorum
3073 4319 3166 4388 qui
3199 4334 3264 4373 ex
3289 4319 3544 4390 gentibus

1968 4410 2316 4466 crediderunt
2342 4424 2691 4465 communem
2719 4409 3052 4465 mentionem
3088 4408 3238 4467 facit.

2045 4503 2207 4559 Vens.
2240 4503 2293 4559 ί.
2333 4522 2352 4556 ι
2393 4502 2585 4559 Dicant
2619 4518 2766 4559 nunc
2794 4518 2984 4559 omnes
3013 4503 3106 4573 qui
3142 4504 3334 4557 timent
3370 4501 3547 4557 Domi-

1975 4608 2125 4659 num,
2160 4594 2307 4663 quod
2338 4594 2515 4649 bonus
2549 4592 2641 4660 sit,
2665 4593 2924 4665 quoniam
2952 4592 3006 4645 in
3031 4592 3290 4648 saeculum
3331 4590 3549 4647 miseri-

1974 4685 2165 4742 cordia
2186 4686 2324 4756 ejus.
2362 4704 2380 4736 »
2408 4684 2632 4751 Omnes,
2660 4685 2858 4754 inquit,
2890 4685 2987 4741 Dei
3013 4683 3400 4756 benignitatem
3433 4685 3548 4738 lan-

1975 4777 2119 4844 date,
2149 4788 2203 4833 et
2225 4792 2338 4843 vos,
2364 4777 2458 4846 qui
2483 4792 2549 4832 ex
2575 4776 2795 4831 Israelis
2820 4772 3035 4848 1529
3059 4790 3255 4846 genere
3282 4775 3547 4845 originem

1977 4870 2200 4936 ducitis,
2242 4869 2627 4939 maiorumque
2661 4869 2865 4938 pietate
2896 4867 3223 4937 gloriamini,
3261 4873 3314 4920 et
3347 4865 3438 4935 qui
3475 4865 3553 4920 in-

1982 4971 2060 5019 ter
2093 4964 2240 5033 ipsos
2271 4960 2576 5018 sacerdotio
2599 4959 2808 5030 praediti
2836 4961 2991 5025 estis,
3020 4968 3073 5014 et
3103 4960 3195 5030 qui
3223 4974 3287 5035 ex
3318 4957 3550 5013 diversis

1979 5052 2232 5126 gentibus
2276 5054 2380 5107 orti
2425 5052 2559 5108 estis
2606 5066 2637 5106 a
2677 5051 2944 5122 majorum
2987 5051 3266 5122 impietate
3313 5048 3548 5104 liberati.

1356 5407 1594 5464 VABIIE
1626 5401 2011 5462 LECTIONES
2058 5400 2147 5455 ET
2203 5399 2434 5456 NOTAE.

369 5524 417 5556 "
447 5523 571 5596 cod.
601 5523 627 5576 1
662 5524 1151 5596 προσεληλυθότες.
1227 5526 1275 5558 ⁶⁰
1297 5526 1320 5545 "
1338 5522 1854 5596 ιμνος-αεροτέθει

1966 5539 1999 5596 ς.
2028 5522 2155 5596 Haec
2184 5519 2404 5596 Ori_ge_ni
2437 5516 2956 5596 tribuuntur__a|)utl.
2984 5515 3150 5596 Cord.
3187 5517 3222 5569 Ι.
3247 5529 3307 5596 _c.
3332 5529 3396 5596 Ap.

296 5593 343 5627 “
375 5593 498 5661 apd.
537 5596 556 5649 Ι
595 5585 719 5647 κατδ
741 5585 944 5661 αὐτῶν.
1019 5596 1064 5626 ⁶¹
1094 5585 1561 5650 (Mor-oditur;-
1584 5585 1854 5661 εὗημερίο

1966 5591 2073 5646 Des.
2102 5592 2153 5644 in
2172 5585 2307 5661 cod:
2340 5591 2385 5644 ι.
2418 5659 2426 5661 Α
2463 5587 2661 5661 “cod.
2692 5585 2826 5661 ίδῂ,
2857 5603 2980 5661 qua:
3000 5594 3083 5661 est
3106 5585 3409 5661 re_e._l_ectio
3433 5585 3554 5661 h._l.

296 5663 345 5734 ’,⁸
365 5654 563 5734 όἶιιος,
598 5673 652 5734 et
679 5656 877 5719 deinde
903 5663 993 5718 ὅτι
1017 5663 1258 5734 ἀγαθὸς,
1294 5665 1410 5721 des.
1440 5664 1496 5719 in
1525 5652 1851 5734 testeum-em

1966 5662 2005 5734 ξε
2028 5656 2570 5734 Εὶπάτωσ-αύτοῦ.
2606 5657 2731 5713 Des.
2768 5652 2985 5734 inuecti.
3027 5657 3100 5734 1,Δ
3149 5656 3217 5734 ξθΔ
3234 5652 3363 5734 Rec.
3394 5655 3557 5734 lectio

293 5731 381 5804 est
415 5733 507 5804 δή.
563 5803 567 5804 ν
608 5731 653 5767 ⁸⁷
693 5734 817 5787 Ὅτι
848 5731 1090 5804 ἁγαθόρ.
1138 5734 1303 5804 Abest
1331 5750 1361 5788 τι
1385 5743 1531 5788 textu
1562 5733 1724 5791 llcbr.

298 5803 424 5861 Des.
462 5803 594 5861 ibid.
677 5804 720 5837 ⁷⁸
757 5803 980 5858 Ὅτι-
1002 5804 1211 5859 αὑτοῦ.
1254 5803 1375 5859 Des.
1413 5807 1464 5857 in
1496 5807 1614 5860 cod.
1651 5807 1697 5860 1.

1966 5730 2144 5797 ὶντες.
2176 5729 2339 5785 Abest
2369 5731 2527 5783 etiam
2566 5744 2595 5782 a
2626 5736 2774 5783 textu
2818 5726 2977 5795 Hebr.
3057 5727 3102 5759 “9
3149 5725 3277 5780 Ὅτι
3314 5725 3555 5795 ἁγαθός.
