3824 6318
201 371 364 441 1813

205 505 316 556 μοι
345 490 663 565 γλυκύτητα
690 497 790 570 τῆς
832 499 1116 570 εὐσεϐείας
1147 507 1368 577 ἀφελεῖν
1413 513 1510 567 ἐπε

206 596 238 630 ς
287 582 395 636 Καὶ
423 582 472 614 ⁸⁸
500 583 877 659 ἐξεκαύθησαν
912 593 988 657 ὡς
1019 596 1130 666 πῦρ
1168 600 1227 655 ἐν
1279 582 1564 669 ἀκάνθαις.
1617 626 1635 659 ι
1667 582 1807 663 *Ἤλ-

203 687 392 726 πισαν
431 674 487 727 δὲ
530 678 624 730 καὶ
660 680 805 748 μάλα
837 684 1035 754 ῥᾳδίως
1069 705 1171 758 μου
1223 691 1596 762 περιέσεσθαι,
1634 699 1806 753 κοιθά-

205 778 328 834 ττερ
377 765 437 818 τὸ
492 767 607 838 πῠρ
657 771 900 837 εὐπετῶς
931 777 1145 851 δαπανᾷ
1189 783 1288 847 τὰς
1322 787 1588 853 ἀκάνθας.
1637 811 1654 842 ι
1696 795 1807 847 Καὶ

198 853 300 924 τῷ
337 856 560 927 ὀνόματι
597 863 803 934 Κυρίου
856 869 1151 944 ἠμυνάμην
1199 877 1414 941 αὐτούς.
1469 898 1487 930 ι
1526 883 1710 936 Ταῦτα
1749 885 1806 939 δὲ

205 950 700 1048 προσδοκήσαντες
734 957 1035 1031 διήμαρτον
1071 965 1170 1034 τῆς
1204 967 1441 1036 ἐλπίδος,
1475 977 1540 1043 τῇ
1591 977 1698 1048 ἐμῇ
1730 995 1807 1031 νι-

207 1038 488 1132 αεηθέντες
541 1041 740 1097 ἐλπίδι·
777 1049 868 1100 τὸν
927 1051 1034 1122 γάρ
1091 1055 1224 1123 ἐμὸν
1290 1038 1568 1132 Δεσπότην
1627 1038 1804 1118 ’πιάσιν

207 1129 454 1196 ἐκείνοις
490 1135 777 1205 ἀντέταξα,
809 1141 906 1193 καὶ
954 1143 1021 1194 δι’
1079 1146 1243 1200 αὑτοῦ
1290 1151 1388 1221 τὴν
1426 1153 1584 1223 νίκην
1613 1159 1802 1228 ἐκομι-

295 1321 385 1382 ιγ’.
427 1335 445 1368 ‹
497 1317 704 1384 Ὡσθεὶς
747 1323 1060 1398 ἀνετράπην
1103 1330 1198 1383 τοῦ
1251 1337 1463 1403 πεσεῖν,
1512 1341 1607 1390 καὶ
1637 1341 1664 1391 ὁ
1695 1342 1806 1394 Κύ-

213 1423 342 1500 ριος
369 1409 699 1500 ἀντελάϐετό
748 1431 868 1484 μου.
912 1436 930 1468 ι
980 1419 1162 1473 Ταῦτα
1197 1423 1470 1490 κάκείνοις
1518 1429 1798 1500 ἁρμόττει,

209 1499 318 1549 καὶ
357 1499 587 1564 τούτοις.
650 1505 908 1560 Κάκεῖνοι
954 1510 1061 1580 γά”ρ
1106 1512 1326 1584 ὄλεθρον
1383 1517 1450 1571 ἂν
1505 1499 1802 1591 ὑπέμειναν

211 1592 488 1682 παντελῆ.
527 1596 574 1647 εί
625 1596 698 1666 μὴ
743 1598 842 1668 τῆς
874 1600 1025 1664 θείας
1057 1605 1381 1674 ἀπήλαυσαν
1417 1613 1636 1682 χάριτος
1660 1633 1673 1646 ·
1706 1618 1800 1668 καὶ

205 1676 368 1734 οὗτοι
398 1683 464 1736 ἂν
489 1682 750 1749 ἐξέπεσαν
779 1692 857 1754 είς
895 1693 1170 1762 ἀσέϐειαν,
1208 1698 1282 1769 μὴ
1321 1703 1418 1771 τῆς
1450 1702 1600 1768 Θείας
1626 1705 1672 1737 ⁸⁸
1706 1709 1802 1761 αὐ-

206 1773 350 1837 τοὺς
369 1775 739 1852 ύπερεισὰσης
768 1782 969 1854 ἀρετῆς
995 1785 1061 1838 ⁸⁸.

1552 403 1635 462 ΙΝ
1677 404 1882 464 PSAL.
1924 407 2147 474 CXVII.

1521 517 1804 614 ιράθηῖεξγ-
1837 524 1884 582 Α
1913 524 2252 586 dulcedinem
2288 535 2444 602 mihi,
2486 553 2608 607 qua:
2641 538 2694 592 in
2728 554 2816 594 me
2851 540 3011 609 inest,
3044 543 3256 614 eripere
3303 548 3483 600 conati

3350 426 3484 494 18H

1913 629 2062 675 sunt.
2095 641 2112 674 ‹
2161 623 2226 679 Ει
2262 639 2586 683 exarserunt
2618 631 2762 685 sicut
2795 632 2935 703 ignis
2967 633 3019 687 in
3056 637 3250 705 spinis.
3287 656 3305 688 ι
3353 636 3485 706 Spe-

1912 721 2101 766 rarunt
2126 724 2306 771 autem
2356 717 2647 774 admodum
2687 721 2844 777 facile
2893 740 2977 779 me
3024 742 3304 797 superare,
3340 731 3484 785 sicut

1910 805 2051 875 ignis
2092 808 2201 862 cito
2225 811 2410 878 spinas
2444 814 2735 868 consumit.
2775 833 2794 866 ι
2833 814 2897 868 Ει
2922 816 2976 869 in
3011 819 3231 874 nomine
3261 819 3481 875 Domini

1911 897 2060 949 ultus
2084 912 2205 950 sum
2230 914 2348 956 eos.
2389 919 2406 950 ι
2442 900 2564 956 Haec
2594 912 2772 958 autem
2813 914 3214 974 exspectantes,
3248 925 3343 964 sua
3385 926 3483 980 spe

1907 985 2248 1054 exciderunt,
2297 1005 2412 1044 mea
2459 1007 2554 1060 spe
2596 993 2891 1049 debellati:
2943 998 3142 1068 quippe
3189 998 3478 1060 Dominum

1911 1091 2089 1130 meum
2122 1079 2377 1134 omnibus
2406 1080 2512 1136 illis
2551 1081 2760 1154 15.31
2803 1087 3058 1155 opposui,
3089 1095 3145 1144 et
3174 1105 3270 1159 per
3298 1089 3478 1160 ipsum

1908 1169 2193 1226 victoriam
2225 1173 2513 1241 reportavi.

1977 1328 1996 1347 ⁶
2030 1328 2191 1384 Vens.
2222 1330 2310 1383 i5.
2345 1349 2363 1381 ‹
2398 1327 2668 1400 lmpulsus
2695 1347 2920 1387 eversus
2946 1347 3064 1387 sum
3104 1342 3163 1388 ut
3203 1334 3474 1403 caderem,

1905 1431 1958 1474 et
1997 1420 2260 1478 Dominus
2311 1424 2553 1493 suscepit
2590 1439 2696 1481 me.
2729 1445 2747 1478 ι
2809 1425 2934 1480 Haec
2979 1425 3086 1480 illis
3133 1434 3187 1480 et
3236 1425 3321 1479 his
3352 1440 3480 1480 con-

1905 1523 2126 1583 gruunt.
2163 1515 2241 1568 Illi
2273 1516 2418 1569 enim
2446 1525 2744 1571 extremam
2778 1517 3206 1572 internecionem
3237 1519 3479 1587 perpessi

1905 1613 2110 1670 essent,
2149 1607 2252 1660 nisi
2282 1605 2525 1660 divinam
2565 1609 2708 1664 nacti
2735 1619 2916 1665 essent
2942 1611 3172 1677 gratiam
3208 1627 3221 1662 :
3254 1620 3305 1664 et
3338 1610 3388 1663 hi
3425 1611 3479 1663 in

1905 1697 2238 1767 impietatem
2275 1699 2514 1768 prolapsi
2548 1711 2753 1766 essent,
2795 1701 2898 1754 nisi
2939 1701 3124 1756 divina
3178 1701 3350 1756 virtus
3383 1715 3478 1756 eos
3563 1767 3565 1769 ι

1906 1797 2282 1843 sustentasset.

294 1866 377 1921 ιδ’.
421 1887 439 1919 ι
493 1867 664 1940 Ἰσχύς
692 1889 792 1942 μου
831 1876 920 1930 καὶ
950 1875 1186 1948 ὕμνησὶς
1243 1898 1347 1949 μου
1390 1884 1418 1936 ὁ
1453 1885 1675 1955 Κύριος,
1707 1888 1802 1943 καὶ

1983 1876 2147 1932 Vens.
2175 1879 2261 1932 Μ.
2299 1897 2316 1930 ι
2345 1877 2628 1934 Fortitudo
2655 1894 2769 1933 mea
2826 1889 2880 1934 et
2905 1881 3025 1936 laus
3053 1896 3168 1936 mea
3194 1881 3476 1947 Dominus,

211 1957 440 2024 ἐγένετό
470 1979 559 2031 μοι
595 1965 675 2027 εἰς
706 1967 1002 2036 σωτηρίαν.
1042 1989 1059 2020 ι
1107 1971 1277 2024 Αὑτὸν
1308 1973 1353 2004 ⁸⁷
1383 1976 1564 2028 τοίνυν
1607 1977 1803 2049 ἔχομεν

215 2051 320 2142 καὶ
351 2051 603 2142 δύναμιν,
640 2057 736 2107 καὶ
785 2057 1090 2129 νίκην,ικαὶ
1125 2065 1308 2133 πηγὴν
1336 2066 1630 2136 ὕμνῳδίας.
1664 2071 1801 2142 Παρ’

214 2140 389 2231 αύτοῦ
417 2141 526 2212 γὰρ
557 2143 665 2196 τῶν
696 2146 918 2213 ἀγαθῶν
943 2150 1354 2218 ἀπολαύσαντες
1383 2157 1501 2226 μετ’
1535 2140 1802 2231 εὐθυμίας

214 2226 314 2281 τὸν
346 2228 514 2300 ὕμνον
540 2236 945 2307 προσφέρομεν.

296 2319 379 2414 ιε’..
421 2339 438 2370 ι
480 2323 636 2394 Φωνὴ
666 2326 1038 2395 ἀγαλλιάσεως
1069 2333 1162 2386 καὶ
1201 2338 1474 2408 σωτηρίας
1493 2341 1549 2394 ἐν
1575 2347 1802 2414 σκηναῖς

208 2411 488 2506 δικαίων.
570 2417 726 2470 Μετά
747 2419 856 2490 γὰρ
881 2420 980 2491 τὴν
1024 2421 1200 2489 νίκην,
1225 2427 1330 2480 τῶν
1361 2432 1642 2502 προτέρων
1667 2411 1802 2506 θρή-

210 2519 333 2554 νων
364 2504 787 2575 ἀπαλλαγέντες,
841 2513 899 2564 ὲν
956 2512 1244 2583 Θυμηδίαις
1289 2515 1432 2589 ἦσαν
1482 2523 1578 2576 καὶ
1633 2504 1800 2596 εὐφητ

215 2593 402 2663 μίαις,
441 2597 531 2649 τὸν
559 2598 692 2652 Θεὸν
727 2602 1108 2673 ἁνυμνοῢντες.
1709 2593 1717 2595 -
1759 2593 1798 2605 ν’

307 2704 324 2735 ι
367 2687 539 2774 Δεξιά
604 2691 807 2760 Κυρίου
857 2695 1076 2764 ἐποίησε
1133 2697 1381 2770 δύναμιν.
1436 2700 1582 2774 [ις’]
1638 2705 1799 2770 Δεξιά

213 2773 434 2843 Κυρίου
463 2775 646 2845 ὕψωσέ
692 2797 758 2849 με
789 2780 854 2833 ⁸⁸.
895 2799 915 2835 ι
963 2783 1207 2851 Δεειὰν,
1247 2788 1388 2841 καθὰ
1419 2773 1677 2857 πολλάκις
1723 2797 1798 2848 εί-

216 2867 501 2937 ρήκαμεν,
551 2868 647 2941 τὴν
700 2872 912 2944 ἀγαθὴν
961 2875 1242 2947 ἐνέργειαν
1294 2878 1442 2948 λέγει
1497 2883 1562 2936 ⁸9.
1621 2881 1695 2939 Εὖ
1742 2887 1799 2940 δὲ

216 2956 510 3022 ποιοῦντες
539 2961 636 3030 οὐχ
675 2962 889 3027 ἑαυτοῖς
918 2967 1288 3037 ἐπιγράφουσι
1331 2971 1430 3039 τὴν
1463 2973 1642 3044 νίκην,
1678 2977 1798 3030 ούδέ

209 3049 295 3116 τῇ
345 3049 520 3121 οἰκείᾳ
572 3053 855 3126 προθυμίᾳ
899 3058 994 3110 καὶ
1045 3059 1271 3132 δυνάμει
1319 3061 1632 3136 θαρροῦσιν,
1681 3068 1797 3124 ἀλλ’

213 3139 334 3190 ὑπὸ
365 3140 466 3209 τῆς
497 3140 648 3206 θείας
690 3144 910 3215 χάριτος
941 3148 1144 3221 ταύτης
1176 3155 1534 3223 τετυχηκέναι
1579 3158 1796 3226 βοῶσιν.

304 3248 322 3280 ι
342 3230 499 3295 Δεξιά
529 3233 736 3305 Κυρίου
763 3237 984 3308 ἐποίησε
1008 3215 1257 3311 δύναμιν.
1457 3215 1801 3304 Οὑκιὰποθα-
1828 3215 1873 3276 c

209 3321 442 3391 νοῦμαι,
472 3323 609 3377 ἀλλὰ
645 3326 901 3398 ζήσομαι,
930 3331 1024 3384 καὶ
1055 3331 1382 3408 διηγήσομαι
1420 3336 1488 3389 τὰ
1519 3336 1654 3408 ἔργα
1685 3341 1799 3393 Κυ-

212 3416 367 3486 ρίου.
420 3436 439 3468 ι
475 3418 589 3488 Τῆς
635 3421 842 3474 ἄνωθεν
881 3423 1060 3477 τοίνυν
1108 3427 1430 3498 ἐπικουρίας
1461 3431 1796 3497 ἀπολαύσας,

211 3511 322 3561 καὶ
356 3511 624 3580 κρείττων
655 3514 746 3566 τοῦ
785 3515 1013 3569 θανάτου
1053 3519 1362 3590 γενόμενος,
1397 3523 1495 3587 τὰς
1526 3525 1674 3589 θείας
1708 3527 1800 3579 εύ-

211 3602 501 3671 εργεσίας,
543 3605 637 3658 καὶ
675 3608 801 3670 τοὺς
831 3609 1160 3675 ἀγνοοῦντας
1194 3613 1408 3678 διδάξω,
1451 3617 1694 3682 καὶτοὺς
1722 3621 1800 3672 εί-

210 3691 384 3755 δότας
433 3695 751 3766 ἀναμνήσω,
802 3698 895 3750 καὶ
936 3702 1002 3769 τῇ
1049 3701 1240 3772 μνήμῃ
1277 3702 1484 3757 τούτων
1531 3706 1629 3776 τὴν
1674 3709 1800 3777 περὶ

213 3782 388 3836 αὐτὸν
416 3787 637 3858 ἀγάπην
669 3789 982 3859 πυρσεύσω.

300 3873 386 3943 ιη’.
433 3893 452 3925 ι
494 3877 770 3931 Παιδεύων
799 3880 1085 3934 ἐπαίδευσέ
1119 3899 1186 3952 με
1220 3884 1247 3935 ὁ
1277 3883 1500 3953 Κύριος,
1534 3887 1627 3938 καὶ
1654 3886 1728 3956 τῷ
1752 3889 1797 3919 ⁹⁰

215 3964 441 4034 θανάτῳ
472 3968 532 4019 οὐ
566 3970 852 4040 παρέδωκέ
885 3989 975 4042 με.
1024 3992 1042 4023 ι
1077 3974 1431 4044 Συνεχώρησε
1477 3976 1586 4047 γάρ
1631 3995 1798 4048 προσσ

215 4053 409 4108 ϐαλεῖν
447 4075 536 4126 μοι
572 4063 640 4112 τὰ
674 4060 913 4132 λυπηρὰ,
946 4065 1229 4134 πατρικῶς
1284 4083 1350 4134 με
1397 4067 1668 4121 παιδεύων
1689 4085 1705 4101 ·
1739 4070 1799 4122 τὸ

215 4144 286 4199 δὲ
315 4147 540 4214 στυγνὸν
583 4149 784 4204 τούτων
823 4154 1034 4207 διέλυσε
1073 4156 1255 4224 νέφος,
1307 4159 1400 4210 καὶ
1444 4159 1545 4229 τῆς
1587 4161 1798 4216 ἐκεῖθέν

221 4251 297 4305 με
323 4238 366 4268 ⁹¹
394 4240 674 4304 παντελῶς
705 4243 1048 4316 ἠλευθέρωσε
1082 4245 1278 4318 λώϐης.

299 4409 383 4461 ιϐ’.
424 4428 442 4461 ι
468 4410 740 4478 Ἀνοίξατέ
775 4434 866 4485 μοι
899 4418 1074 4485 πύλας
1115 4414 1464 4494 δικαιοσύνης
1489 4443 1503 4456 ο
1538 4429 1796 4485 εἰσελθὼν

1910 1979 1962 2023 et
2015 1969 2190 2024 factus
2234 1979 2318 2027 est
2353 1970 2502 2026 salus
2543 1985 2682 2024 mea.
2727 1989 2744 2022 ι
2785 1971 2965 2040 Ipsum
2999 1972 3162 2042 igitur
3195 1973 3476 2038 habemus,

1909 2071 1961 2116 et
1988 2061 2306 2131 potentiam,
2351 2069 2405 2116 et
2453 2061 2760 2126 victoriam,
2804 2075 2856 2116 et
2891 2061 3094 2118 fontem
3151 2064 3348 2120 laudis.
3397 2064 3479 2118 Ab

1910 2153 2029 2221 ipso
2085 2153 2229 2207 enim
2283 2153 2425 2207 bona
2473 2153 2777 2218 consecuti,
2824 2169 2948 2209 cum
2983 2155 3167 2210 laatitia
3222 2164 3275 2210 et
3321 2155 3478 2210 laude

1909 2247 2168 2316 hymnum
2197 2245 2502 2301 offerimus.

1980 2336 2143 2393 Vens.
2181 2338 2268 2392 15.
2307 2356 2326 2389 ι
2360 2337 2471 2390 Vox
2501 2336 2881 2391 exsultationis
2912 2345 2965 2390 et
2991 2336 3182 2392 salutis
3215 2337 3266 2390 in
3298 2336 3477 2390 taber-

1909 2429 2123 2484 naculis
2169 2429 2462 2496 justorum.
2499 2448 2517 2481 ι
2576 2426 2709 2482 Nam
2762 2434 2885 2496 post
2933 2427 3238 2492 victbriam,
3271 2443 3396 2483 cum
3445 2441 3477 2480 a

1907 2521 2152 2590 pristinis
2189 2519 2423 2574 luctibus
2468 2519 2680 2574 liberati
2714 2527 2918 2584 essent,
2950 2517 3165 2588 gaudiis
3218 2527 3271 2572 et
3302 2517 3480 2573 laudi-

1907 2614 2008 2667 bus
2037 2627 2094 2666 se
2126 2620 2270 2666 totos
2295 2610 2516 2676 dabant,
2547 2609 2713 2665 Deum
2746 2609 3104 2664 celebrantes.

1981 2723 2000 2754 ‹
2033 2703 2259 2759 Dextera
2301 2701 2518 2756 Domini
2555 2701 2663 2769 egit
2715 2715 2838 2754 cum
2877 2701 3092 2754 virtute.
3133 2697 3323 2772 [νεεδ.
3363 2693 3477 2772 16.]

1906 2797 2136 2852 Dextera
2168 2795 2382 2850 Domini
2425 2793 2682 2848 exaltavit
2711 2806 2817 2844 me.
2858 2809 2875 2842 ι
2921 2789 3223 2852 Dexteram,
3276 2798 3334 2843 ut
3369 2803 3488 2874 εω-¹

1906 2889 2029 2956 pius
2059 2885 2318 2949 diximus,
2344 2885 2539 2939 bonam
2571 2881 2839 2937 actionem
2872 2891 3170 2950 nuncupat.
3202 2878 3349 2935 Bene
3377 2895 3478 2936 au-

1908 2990 2014 3031 tem
2063 2985 2282 3046 agentes
2332 2973 2614 3029 victoriam
2661 2985 2772 3027 non
2830 2971 2930 3027 sibi
2987 2969 3121 3038 ipsis
3168 2969 3474 3033 ascribunt,

1909 3083 2085 3136 neque
2115 3065 2335 3136 propria
2365 3064 2643 3120 alacritate
2670 3073 2726 3120 et
2753 3063 2994 3134 potentia
3041 3058 3162 3114 freti
3199 3067 3347 3124 sunt,
3379 3060 3474 3114 sed

1909 3161 2048 3213 hanc
2079 3175 2108 3212 a
2139 3156 2321 3213 divina
2352 3155 2521 3228 gratia
2551 3169 2608 3212 sc
2640 3153 2864 3225 adeptos
2893 3166 3013 3208 esse
3037 3150 3382 3221 proﬁtentur.

1981 3267 1999 3298 ‹
2047 3247 2276 3302 Dextera
2311 3245 2525 3299 Domini
2555 3245 2666 3316 egit
2698 3258 2822 3298 cum
2867 3242 3086 3296 virtute.
3133 3238 3325 3312 [Vens
3360 3239 3475 3312 47.}

1902 3339 2020 3395 Non
2045 3339 2269 3404 moriar,
2305 3337 2398 3393 sed
2420 3337 2621 3404 vivam,
2653 3342 2709 3390 et
2737 3334 2972 3404 narrabo
2993 3346 3153 3402 opera
3180 3330 3418 3386 Domini.
3451 3349 3469 3382 ι

1907 3433 2214 3503 Supernum
2243 3429 2407 3500 igitur
2428 3429 2692 3483 auxilium
2724 3428 2971 3498 adeptus,
3005 3436 3061 3482 et
3085 3430 3279 3484 mortis
3301 3428 3477 3482 victor

1905 3522 2102 3585 factus,
2147 3521 2331 3575 divina
2377 3518 2646 3576 beneﬁcia,
2678 3517 2841 3572 etiam
2897 3518 3116 3589 ignaros
3165 3517 3392 3581 docebo,
3425 3528 3477 3570 et

1903 3615 2202 3670 scientibus
2247 3614 2300 3666 in
2346 3613 2667 3666 memoriam
2697 3610 2985 3676 revocabo,
3021 3610 3328 3680 horumque
3361 3625 3476 3663 me-

1901 3708 2076 3762 moria
2108 3719 2351 3760 amorem
2378 3717 2502 3771 erga
2538 3702 2714 3772 ipsum
2739 3701 3053 3756 accendam.

1973 3881 2141 3936 Vens.
2200 3880 2288 3933 18.
2341 3897 2357 3928 ι
2401 3877 2684 3947 Castigan
2725 3875 3008 3946 castigavit
3047 3889 3134 3928 me
3187 3873 3472 3938 Dominus,

1900 3985 1953 4030 et
1982 3970 2143 4027 morti
2175 3984 2284 4024 non
2329 3967 2552 4022 tradidit
2595 3982 2701 4021 me.
2747 3987 2765 4018 ι
2806 3967 3061 4022 Permisit
3099 3968 3244 4021 enim
3282 3975 3340 4020 ut
3389 3983 3475 4021 res

1901 4067 2085 4120 tristes
2144 4077 2233 4116 me
2281 4060 2653 4122 adorirentur,
2721 4068 2944 4128 paterne
3004 4074 3092 4113 mc
3151 4059 3472 4129 castigans:

1905 4157 2116 4229 1432
2147 4136 2429 4209 molestam
2464 4165 2593 4206 vero
2636 4151 2830 4206 horum
2869 4151 3067 4206 nubem
3109 4150 3388 4213 discussit,
3425 4159 3477 4203 et

1902 4265 1930 4304 a
1967 4248 2320 4308 detrimento,
2352 4242 2498 4313 quod
2527 4241 2653 4297 inde
2683 4255 2905 4297 manare
2937 4248 3171 4310 poterat,
3204 4255 3291 4294 me
3320 4241 3477 4312 peni-

1903 4351 1990 4397 tus
2020 4335 2332 4392 vindicavit.

1972 4431 2137 4484 Vens.
2167 4427 2254 4481 19.
2303 4443 2322 4476 ι
2361 4423 2579 4495 Aperite
2611 4423 2744 4479 mihi
2776 4429 2960 4492 portas
2981 4420 3230 4491 iustitiae,
3263 4421 3477 4492 ingres-

210 4501 284 4577 νέν
313 4500 502 4595 αὐταῖς
533 4504 1000 4595 ἐξομολογησομαί
1037 4513 1116 4583 τῷ
1165 4517 1371 4586 Κυρίῳ.
1413 4536 1432 4570 ι
1475 4521 1682 4588 Πύλας
1708 4522 1793 4576 διο

1919 4538 1996 4579 ιυε
2027 4522 2080 4574 in
2109 4533 2203 4573 eas
2226 4516 2526 4573 conﬁtebor
2558 4515 2808 4571 Domino.
2845 4533 2863 4566 ι
2896 4512 3090 4568 Porta:
3109 4512 3340 4581 justitiw
3369 4528 3475 4566 non

217 4589 557 4658 καιοσύνης
591 4594 636 4624 θ’
667 4596 727 4648 οὐ
757 4597 858 4662 τὰς
883 4600 978 4653 τοῦ
1009 4603 1136 4656 ναοῦ
1178 4604 1354 4669 πύλας
1379 4608 1537 4661 καλεῖ
1566 4611 1634 4677 ³³,
1661 4612 1798 4666 ἀλλὰ

222 4677 326 4775 ’τὰς
375 4678 661 4775 διαφόρους
689 4688 787 4758 τῆς
830 4691 1031 4763 ἀρετῆς
1077 4694 1254 4759 ἰδέας·
1310 4697 1377 4751 δι’
1432 4700 1650 4767 ἐκείνας
1687 4705 1795 4775 γὰρ

224 4769 450 4823 δυνατὴν
482 4773 648 4838 ἀξίως
693 4777 934 4848 ὑμνῆσαι
993 4783 1085 4837 τὸν
1139 4787 1250 4840 τῶν
1297 4788 1435 4844 ὃλων
1482 4792 1633 4850 Θεόν.
1688 4769 1801 4850 Καὶ

225 4858 386 4954 etiam
423 4863 755 4954 σαφέστερον
795 4871 883 4926 διὰ
910 4874 1017 4927 τῶν
1060 4877 1474 4951 ἐπιφερομένων
1508 4884 1798 4954 ἐδήλωσεν.

227 4944 352 5045 Οἴον
383 4953 488 5025 γάρ
521 4973 641 5010 τινα
667 4959 713 4992 9⁸
745 4962 1036 5034 ἀπόκρισιν
1060 4944 1266 5037 δίδωσί,
1290 4944 1381 5027 καί
1416 4944 1618 5045 φησιν’·

301 5043 366 5095 κ’.
406 5064 426 5097 ‹
463 5046 612 5118 Αὕτη
645 5051 678 5121 ὴ
728 5053 870 5124 πύλη
911 5057 1004 5110 τοῦ
1041 5059 1265 5132 Κυρίου,
1309 5043 1510 5120 δίκαιοι
1558 5069 1801 5122 εἰσελεύ-

230 5151 414 5190 σονται
460 5139 519 5194 ἐν
568 5143 724 5215 αὐτῇ.
764 5166 782 5198 ι
822 5147 980 5204 Οὕτω
1023 5153 1227 5225 καὶτῷ
1273 5160 1542 5233 νεανίσκῳ
1573 5161 1650 5232 τῷ
1700 5163 1802 5233 τῆς

1911 4620 2094 4690 templi
2123 4617 2325 4688 januas
2366 4622 2667 4681 nuncupat,
2700 4609 2793 4665 sed
2824 4607 3067 4666 diversas
3100 4606 3319 4662 virtutis
3353 4622 3475 4676 spe-

1902 4714 2014 4770 cies
2053 4731 2065 4766 :
2099 4725 2195 4780 per
2229 4707 2350 4761 illas
2390 4704 2534 4760 enim
2565 4702 2950 4758 universorum
2989 4699 3130 4755 Deus
3161 4697 3324 4769 digne
3363 4700 3480 4752 lau-

1903 4805 2020 4859 dari
2054 4809 2252 4872 potest.
2293 4796 2358 4851 Et
2385 4797 2488 4850 hoc
2516 4796 2732 4866 planius
2767 4810 2862 4865 per
2890 4794 3173 4861 Sequentia
3205 4789 3479 4862 signiﬁca-

1904 4897 2000 4950 vit.
2051 4891 2353 4960 Quamdam
2405 4889 2548 4943 enim
2605 4889 2748 4944 velut
2806 4885 3218 4957 responsionem
3275 4884 3390 4950 dat,
3424 4892 3480 4938 et

1903 4985 2034 5040 dicit
2060 5000 2073 5036 :

1977 5074 2142 5130 Vens.
2168 5072 2255 5127 20.
2305 5090 2322 5123 ι
2355 5069 2477 5124 Haec
2509 5078 2661 5139 porta
2683 5066 2916 5135 Domini,
2940 5067 3077 5138 justi
3109 5065 3393 5121 intrabunt
3423 5063 3477 5118 i'n

1909 5181 2050 5222 eam.
2087 5184 2108 5219 ›
2158 5163 2251 5218 Sic
2299 5162 2462 5217 etiam
2514 5161 2888 5226 adolescenti,
2920 5160 3065 5215 viam
3118 5159 3182 5214 ad
3219 5167 3476 5213 azternam

1314 5380 1550 5439 VARIJ‘E
1587 5385 1975 5443 LECTIONES
2029 5387 2113 5442 ET
2150 5384 2378 5440 NO'UE.

296 5522 482 5613 ἵξῃ
536 5527 918 5613 ’,εἶξάτθαιςο
962 5531 1124 5613 Hebr.
1149 5541 1409 5613 exstincti
1432 5549 1554 5594 sunt
1592 5543 1727 5613 sicut
1764 5543 1802 5612 ig

1931 5544 2228 5613 spinarum.
2260 5542 2400 5613 Aqu.
2444 5550 2512 5613 et
2538 5538 2763 5613 _Symm._
2795 5536 3214 5613 dns_q6£o_0noav
3252 5534 3326 5597 ὡς
3367 5535 3480 5603 πῦρ

227 5593 501 5695 εἷέἶῖίὲᾟ
522 5595 847 5695 ..ἶῗμθέίξτθ
875 5593 1010 5695 δεξίὲ
1034 5609 1068 5695 ί.
1095 5609 1225 5695 add;
1261 5609 1506 5695 adesos

228 5607 524 5663 axavvwv._
577 5607 622 5629 ου
654 5607 847 5666 Θείας,
878 5607 1001 5664 cod.
1034 5609 1056 5660 l
1095 5609 1220 5689 add.
1261 5609 1506 5695 χάριτος,
1563 5612 1635 5681 μὴ
1690 5607 1802 5680 τῆξ

228 5661 660 5750 φέρρμενέῃῖξαξς
683 5670 1231 5750 ἀνωνυμεὶ-θιςιιιιιιιιι
1261 5681 1424 5750 Lord.
1462 5681 1496 5733 Ι.
1524 5697 1574 5736 c.
1608 5697 1660 5750 p.
1699 5681 1802 5735 552

1919 5607 1988 5676 ις.
2067 5613 2114 5645 ⁸⁸
2138 5607 2402 5680 Ἀρετῆς.
2443 5607 2600 5664 ibid.’
2628 5607 2820 5728 dfxﬁc.

1919 5683 1946 5714 "’
1977 5682 2227 5750 ’⁹Υψ·ωσέ
2251 5699 2388 5750 μου.
2428 5677 2606 5750 Ηειη·ζ
2625 5693 2651 5730 e
2676 5687 2774 5750 aut
2795 5684 2892 5750 est.

2701 5606 2820 5676 χῆς.
2894 5606 2938 5638 ⁸⁷
2977 5605 3174 5660 Αὑτὸν
3197 5634 3264 5645 ——
3291 5619 3482 5671 προσ-

2701 5687 2767 5730 τια
2795 5684 2892 5729 est.
2990 5677 3036 5708 δ’
3067 5675 3254 5742 Λέγει.
3289 5673 3412 5728 cod.
3449 5672 3470 5742 i

229 5730 402 5818 καλεῖ.
468 5733 526 5818 ξς
553 5736 783 5818 narro.
823 5730 901 5818 ni.
923 5742 1000 5812 τῷ
1029 5730 1138 5799 δέ(
1184 5730 1226 5780 ἀι
1253 5730 1802 5807 Mléftiesfi'nrcéd.‘

1944 5753 1988 5784 θ’
2016 5730 2234 5818 "ridae;
2251 5730 2538 5804 reri—avari".
2578 5745 2699 5811 Des,
2741 5745 2897 5814 ibid._
2968 5746 3012 5776 ⁸³
3052 5730 3239 5807 Καλή
3289 5742 3410 5797 cod.
3450 5740 3484 5799 l.

229 5799 397 5870 λέγει.
468 5803 515 5835 ’⁵
553 5805 708 5860 de.
733 5799 816 5864 'ib.
843 5812 962 5870 τήν.
