3924 6534
416 357 490 423 27
1558 357 1953 421 ΡΒᾸΞΡΑΤΙΟ

2127 358 2550 420 LECTOREM.
3599 358 3676 423 28

419 490 559 535 nzos
588 469 812 533 attulit.
852 470 899 531 E
937 469 1161 551 Catena
1201 469 1770 551 seuAExpositione
1818 475 2069 535 Patrum
2110 475 2474 535 Graecorum
2519 471 2586 531 in
2634 468 2937 551 Psalmos,
2975 487 3163 549 quam
3193 470 3392 531 Balth.
3430 471 3669 533 Corde-

420 554 549 631 rius
591 551 731 631 S.J.
786 554 962 609 Antv.
1014 546 1355 631 1643-1616
1401 546 1618 631 edidit,
1669 552 1859 614 multa
1890 554 2243 631 potuissent
2288 552 2354 612 in
2386 557 2625 631 textum
2661 547 2902 631 inferri,
2940 546 3086 631 qua:
3133 558 3337 631 tamen
3386 556 3676 631 consulto

422 630 783 709 omisimus;
830 647 960 689 tum
1001 630 1145 709 quia
1195 627 1395 709 dubia
1432 629 1807 709 plerumque
1845 626 1937 692 est
1982 635 2347 693 Catenarum
2382 630 2558 700 fides,
2586 636 2733 709 tum
2765 628 2909 709 quia
2940 626 3169 689 librum
3203 630 3387 689 istum
3430 630 3678 709 facilius

423 727 609 788 quam
657 708 929 771 codices.
979 707 1265 790 quisquis
1301 707 1471 767 adire
1510 706 1735 790 potest.
1792 710 1951 771 Satis
1982 712 2192 790 itaque
2228 707 2765 790 esseputavimus,
2797 707 2848 766 si
2880 706 3158 769 locorum
3197 726 3338 787 qua;
3367 707 3444 769 ad
3483 708 3674 769 alium

422 785 743 850 auctorem
783 806 817 845 a
845 785 1137 847 Corderio
1172 786 1358 847 relata
1389 794 1555 859 sunt,
1590 788 1682 849 vel
1721 790 1917 851 tribus
1950 785 2158 851 verbis
2192 785 2427 849 mentio
2458 788 2654 848 fieret.
2935 830 2943 838 .

506 870 652 927 [iam
707 866 960 926 fuerunt
1017 865 1326 944 prtesidia,
1363 865 1599 944 quibus
1629 870 1849 929 muniti
1890 870 2265 930 accessimus
2292 868 2369 929 ad
2400 874 2637 928 textum
2669 867 2977 944 Graecum,
3016 865 3123 925 ubi
3154 882 3315 944 Opus
3348 873 3535 939 esset,
3570 884 3675 928 re—

424 945 814 1027 stituendum
864 962 934 1006 ac
978 942 1513 1027 locupletandum.
1554 947 1625 1006 In
1667 946 1786 1008 hoc
1818 951 2069 1023 negotio
2106 946 2468 1027 peragendo
2513 945 2829 1027 egregiam
2862 942 3400 1027 utilitatem—nobis
3430 946 3677 1027 praesti-

424 1034 634 1086 terunt
678 1023 927 1105 codices
971 1022 1347 1105 Augustam,
1402 1040 1673 1105 quorum
1718 1042 1839 1104 ope
1883 1022 2316 1105 supple'vimu's
2364 1043 2505 1105 quas
2546 1022 2621 1105 in
2671 1022 3675 1105 textuASirmondianodesidera-

430 1107 671 1165 bantur.
707 1102 916 1184 Multis
956 1104 1084 1184 jam
1126 1120 1249 1163 non
1284 1120 1441 1184 opus
1485 1104 1602 1164 erit
1632 1102 2026 1177 testimoniis,
2079 1123 2223 1184 qua;
2260 1124 2335 1167 ex
2374 1102 2640 1166 Scholiis
2672 1103 2899 1164 nostris
2934 1102 3117 1184 facile
3139 1102 3348 1184 colligi
3373 1112 3673 1184 possent:

429 1194 659 1257 tamen,
712 1190 780 1243 ut
824 1180 1003 1261 dictis
1048 1182 1230 1261 ﬁdem
1279 1180 1604 1255 faciamus,
1649 1201 1846 1245 unum
1899 1180 2247 1246 alterumve
2288 1184 2602 1245 adducere
2642 1199 2851 1257 operae
2882 1180 2997 1242 erit
3042 1181 3332 1259 pretium.
3380 1183 3467 1243 Ita
3518 1182 3676 1261 psal.

428 1281 552 1335 va,
605 1265 664 1333 1,
706 1278 844 1341 pag.
894 1259 1004 1321 977
1042 1260 1191 1321 edit.
1229 1268 1462 1323 nostra:
1501 1280 1534 1322 e
1578 1262 1719 1323 cod.
1777 1267 1933 1340 Aug.
1988 1265 2059 1325 1..
2103 1263 2440 1324 inserenda
2488 1262 2743 1341 fuerunt
2783 1262 2971 1341 verba
3015 1261 3155 1333 ista,
3204 1272 3239 1341 A6
3275 1270 3446 1339 μέγας
3485 1259 3677 1329 Δαδὶδ.

430 1349 497 1401 ut
550 1339 755 1404 textus
792 1341 1049 1420 Graecus
1095 1343 1512 1419 responderet
1552 1343 1824 1403 versioni
1883 1339 2119 1404 Latium
2167 1343 2420 1414 Carafaa,
2461 1342 2572 1420 qui
2603 1340 2819 1401 eadem
2857 1339 3025 1416 legit,
3058 1346 3124 1400 ut
3161 1339 3682 1420 observatumrest

430 1420 469 1479 l.
516 1439 568 1500 c.
602 1421 665 1480 in
715 1418 915 1500 schol.
968 1421 1067 1480 Sic
1115 1418 1370 1500 quoque
1408 1419 1564 1495 psal.
1606 1439 1819 1495 cxvm,
1861 1421 1992 1492 139,
2032 1438 2173 1500 pag.
2230 1420 2378 1481 W73
2417 1418 2564 1481 odit.
2597 1436 2798 1487 novre,
2827 1428 2970 1479 ante
3004 1418 3681 1500 nomenStepbaniex

430 1499 654 1561 eodem
685 1499 903 1561 codice
944 1498 1375 1576 supplevimus
1403 1508 1430 1557 ὁ
1458 1508 1783 1579 καλλίνικος,
1821 1500 1993 1579 quod
2025 1497 2235 1561 Carafa
2259 1500 2541 1579 quidem,
2564 1515 2702 1579 non
2731 1506 2938 1558 autem
2971 1497 3339 1579 Sirmondus
3368 1498 3434 1579 in
3456 1497 3679 1559 codice

430 1598 543 1640 suo
586 1580 841 1658 legerat.
884 1579 1125 1658 Saepius
1156 1596 1416 1658 quoque
1462 1578 1524 1638 in
1576 1576 1867 1640 versione
1910 1580 2118 1640 Latina
2150 1576 2432 1658 suppleri
2479 1578 2810 1658 debebant,
2858 1594 3021 1658 quae
3049 1594 3173 1658 non
3200 1576 3389 1658 modo
3420 1577 3682 1658 intextu

431 1655 1031 1739 Sirmon:liano,sed
1077 1655 1328 1739 nostris
1358 1674 1616 1739 quoque
1671 1658 1993 1719 codicibus
2061 1655 2405 1739 exstabant.
2476 1657 2676 1739 Hujus
2700 1655 3173 1739 emendationis
3223 1655 3319 1739 veli
3357 1657 3682 1739 unicume

433 1737 643 1798 multis
700 1735 1059 1816 exemplum
1105 1732 1399 1816 attulisse.
1442 1737 1727 1807 suiliciat,
1773 1742 1942 1815 quod
1974 1744 2171 1798 exstat
2214 1736 2368 1816 psal.
2408 1732 2620 1807 cxvni,
2660 1734 2789 1807 15‘2,
2834 1753 2974 1813 pag.
3013 1732 3185 1807 1476,
3217 1734 3321 1795 ubi
3351 1734 3417 1795 in
3447 1734 3684 1816 Carafaa

432 1813 947 1895 interpretatione
988 1815 1500 1878 desiderabantur
1544 1817 1731 1877 verba
1776 1813 1934 1876 ista:
1971 1813 2383 1886 Descendens,
2422 1815 2651 1895 inquit,
2704 1824 3049 1895 conte‘stnrc
3089 1832 3341 1895 eoshper
3371 1813 3580 1895 calum
3607 1834 3685 1881 ac

433 1892 688 1955 terram.
732 1896 853 1955 Sed
902 1897 981 1955 de
1027 1895 1121 1954 his
1154 1895 1321 1955 satis.
1367 1895 1558 1973 Magis
1590 1895 1775 1956 laetati
1826 1895 2157 1973 sumuside
2193 1895 2432 1956 auxilio
2464 1892 2632 1971 quod
2682 1892 2917 1969 egregii
2958 1892 3055 1973 isti
3087 1892 3337 1973 codices
3372 1893 3553 1973 nobis
3582 1901 3683 1973 at-

433 1975 730 2044 tulerunt,
776 1981 841 2034 ut
887 1973 1108 2035 lacuna
1142 1973 1267 2046 illa,
1301 1977 1379 2037 de
1408 1970 1531 2053 qua
1556 1974 1686 2051 jam
1714 1974 2006 2045 diximus,
2047 1972 2313 2036 feliciter
2347 1970 2587 2053 expleri
2623 1982 2854 2053 posset,
2891 1971 3262 2053 psal.__xvut_,
3292 1970 3360 2053 Δ6,
3398 1970 3683 2053 7.-Μμιίᾱ

433 2054 639 2124 etiam,
663 2072 863 2132 eaque
896 2070 1350 2131 nonnunquam
1382 2049 1527 2115 satis
1549 2049 1789 2132 prolixa
1830 2053 1964 2114 loca
1988 2054 2051 2113 in
2072 2049 2531 2114 Commentario
2554 2052 2630 2113 ad
2654 2051 2929 2112 Psalmos
2945 2051 3117 2132 LXIX]
3145 2068 3219 2111 ex
3244 2049 3338 2111 his
3359 2050 3691 2132 codicibus

432 2129 853 2213 accesserunt,
878 2150 1019 2211 quze
1049 2129 1227 2209 signo
1264 2133 1371 2194 illo
1397 2129 1716 2213 (»)atextu
1740 2133 2597 2213 Sirmondianodistinguere
2629 2132 2825 2192 visum
2849 2129 3106 2213 est._Sed
3136 2148 3263 2190 non
3301 2146 3521 2191 omnes
3550 2130 3686 2213 ista;

439 2212 834 2292 accessiones
873 2209 934 2273 in
970 2219 1204 2292 textum
1238 2213 1433 2292 recipi
1460 2209 1562 2273 'vel
1597 2213 2067 2292 potueruntvel
2108 2209 2461 2292 debuerunt
2484 2230 2506 2292 :A
2530 2227 2816 2289 magnam
2846 2210 3058 2292 potius
3088 2226 3298 2270 earum
3337 2215 3572 2292 partem
3602 2209 3689 2292 ad

436 2290 784 2367 marginem
833 2290 1203 2357 remisimus.
1258 2292 1306 2352 si
1347 2287 1441 2352 v'el
1474 2287 1673 2352 nexus
1704 2310 1846 2352 cum
1879 2290 1999 2351 illis
2025 2309 2166 2369 quae
2252 2287 2665 2363 rzecedebant,
2699 2287 3091 2351 erat—minus
3149 2287 3354 2367 aptus,
3392 2287 3484 2349 vel
3514 2287 3684 2367 apud

436 2370 967 2429 Montfauconium
1005 2370 1067 2429 in
1112 2369 1497 2429 Collectione
1534 2388 1691 2429 nova
1736 2373 2007 2429 Patrum.
2054 2310 2244 2429 apud)
2276 2370 2661 2429 Corderium.
2702 2369 2831 2429 imo
2871 2384 3127 2429 ouooue
3168 2368 3235 2429 in
3261 2366 3684 2429 Chrvsostomi

434 2366 967 2450 Montfauconium
993 2369 1497 2450 inCollectione
1534 2388 1691 2450 nova
1736 2373 2007 2442 Patrum,
2046 2366 2223 2450 apud
2276 2370 2661 2450 Corderium,
2702 2369 2831 2430 imo
2871 2384 3127 2450 quoque
3168 2366 3235 2429 in
3261 2366 3684 2450 ChrysostOmi

433 2448 826 2525 aliorumque
883 2448 1152 2527 scriptis,
1199 2449 1421 2511 eadem
1468 2454 1584 2511 sub
1614 2449 1875 2511 aliorum
1925 2446 2251 2511 auctorum
2307 2449 2564 2527 nomine
2602 2446 2909 2526 expressa
2942 2446 3233 2519 vidimus,
3268 2447 3361 2507 vel
3407 2446 3690 2525 denique

356 2592 365 2595 ν
435 2527 573 2588 aliae
605 2528 931 2590 dubitandi
967 2526 1238 2589 rationes
1268 2529 1625 2589 adfuerunt.
1658 2530 1994 2607 Speramus
2023 2528 2235 2599 etiam,
2266 2544 2483 2607 aequos
2515 2526 2741 2607 harum,
2759 2544 2969 2607 rerum
2991 2526 3239 2605 judices
3262 2527 3697 2607 liocnostrum

437 2606 771 2667 consilium
812 2624 948 2666 esse
981 2607 1380 2685 probaturos.
1416 2604 1746 2668 Maluimus
1794 2608 1959 2667 enim
1991 2608 2053 2669 in
2093 2625 2159 2668 re
2189 2604 2537 2684 satis'gravi
2572 2606 2919 2667 timidiores
2955 2623 3145 2685 quam
3189 2604 3687 2685 audacioresvi-

436 2686 593 2757 deri,
642 2694 764 2765 eta
798 2683 999 2765 culpa
1019 2687 1133 2746 ista
1172 2687 1484 2747 immunes
1513 2704 1671 2754 esse,
1708 2703 1893 2765 quam
1926 2686 2015 2747 illi
2046 2687 2163 2747 sibi
2192 2683 2662 2758 contraxerunt,
2697 2685 2805 2764 qui
2843 2692 2909 2746 ut
2946 2683 3319 2764 seriptorem
3352 2683 3699 2764 quemdam

437 2765 687 2841 egregie
716 2763 1131 2839 locupletasse
1165 2763 1748 2843 putarentur,obvia
1776 2783 2045 2844 qumque
2077 2766 2282 2826 minus
2312 2775 2487 2826 caute
2510 2763 2932 2843 arripuerunt.

516 2845 694 2905 Nunc
738 2844 950 2922 paucis
983 2841 1319 2904 reddendaa
1349 2852 1533 2905 erunt
1562 2841 1859 2917 rationes,
1899 2841 2011 2906 cur
2058 2845 2125 2905 in
2167 2844 2438 2905 Scholiis
2480 2841 2699 2917 textui,
2741 2860 2927 2922 parca
2970 2842 3117 2903 licet
3152 2860 3366 2916 manu,
3398 2841 3684 2921 adjectis,

439 2929 569 2983 tum
604 2930 916 3002 receptam
961 2924 1113 2983 LXX
1146 2925 1563 3002 Interpretum
1596 2924 1959 2998 lectionem,
1991 2931 2123 2985 tum
2159 2926 2525 3000 Fragmenta
2558 2924 2944 3002 reliquorum
2988 2922 3406 3001 interpretum
3432 2924 3689 2983 Graeco-

441 3018 600 3075 rum,
655 3008 785 3061 tum
820 3001 1098 3080 denique
1136 3001 1333 3080 ipsius
1362 3006 1592 3063 Graecae
1627 3003 1931 3063 versionis
1963 3003 2040 3063 ab
2076 3002 2379 3063 Hebraica
2420 3004 2674 3063 veritate
2700 3001 3085 3075 dissensum,
3121 3002 3348 3080 passim
3373 3003 3689 3077 attingere

440 3080 637 3160 visum
679 3081 779 3140 sit.
817 3080 901 3139 Ad
937 3079 1207 3158 primum
1239 3081 1406 3160 quod
1454 3081 1691 3148 attinet.
1725 3080 2101 3143 lectionibus
2131 3082 2435 3142 versionis
2472 3084 2703 3142 Graeca;
2736 3079 3139 3160 restituendis
3165 3080 3503 3160 admodum
3536 3096 3691 3159 pro-

443 3158 672 3219 ticuum
721 3177 859 3221 esse
899 3166 1215 3237 putamus,
1261 3158 1310 3222 si
1344 3161 1409 3221 in
1441 3160 1689 3239 scriptis
1722 3162 1969 3221 Patrum
2014 3162 2372 3239 Grarcorum
2417 3160 2721 3222 lectiones
2757 3159 2881 3221 illa}
2921 3176 3049 3239 non
3084 3158 3692 3239 negligunturpquaa

440 3255 475 3318 a
527 3246 772 3317 recepta
822 3236 975 3298 LXX
1010 3242 1429 3318 Interpretum
1478 3236 1749 3301 lectione
1783 3239 2107 3300 recedunt.
2145 3241 2233 3300 Ita
2272 3237 2441 3318 enim
2486 3239 2652 3299 haud
2685 3255 2823 3300 raro
2857 3237 3194 3318 genuinam
3227 3247 3287 3298 et
3322 3236 3691 3314 primitivam

443 3315 1114 3397 liorum'lnterpretum
1143 3315 2047 3397 lectionemdeprehendimus,
2081 3318 2147 3397 in
2196 3335 2319 3394 qua
2354 3317 2444 3378 vel
2482 3334 2703 3378 omnes
2752 3315 3142 3397 vel'plurimi
3164 3322 3695 3397 commentatores

442 3396 640 3458 erci
671 3395 1095 3478 consentiunt.
1128 3396 1226 3478 Sic.
1255 3400 1309 3458 ll
1342 3401 1497 3475 Reg.
1522 3415 1637 3470 xx,
1674 3395 1768 3478 18,
1800 3416 1986 3478 recep

2171 3397 2272 3458 :tio
2302 3397 2602 3457 versionis
2632 3398 2863 3458 Graacaa
2888 3395 2988 3478 est
3017 3402 3229 3469 ἐθεντος
3261 3395 3720 3478 Τιιθφόοζεῑᾳδ-

444 3484 676 3548 autem,
705 3484 771 3536 ut
824 3475 900 3536 ad
950 3473 1159 3537 locum
1201 3477 1386 3537 istum
1431 3473 1918 3547 Observavimus,
1946 3473 1961 3478 ⁷
2002 3477 2149 3553 legit
2188 3484 2460 3538 διέθεντο.
2492 3478 2626 3537 Jam
2688 3493 2831 3536 cum
2888 3474 3023 3536 haec
3056 3475 3365 3552 posterior
3406 3473 3590 3536 lectio
3626 3474 3695 3535 in

448 3555 932 3616 Commentariis
955 3554 1185 3617 Graecis
1215 3562 1455 3617 tantum
1480 3572 1609 3617 non
1642 3556 1937 3617 omnibus
1968 3556 2147 3617 obvia
2170 3555 2270 3625 sit,
2303 3554 2521 3634 specie
2544 3554 2712 3634 haud
2749 3561 2919 3634 caret
2956 3553 3340 3634 conjectura,
3381 3570 3516 3634 eam
3555 3569 3695 3615 esse

447 3634 787 3713 genuinam
824 3641 887 3713 et
933 3634 1330 3712 primitivam,
1380 3653 1457 3696 ex
1496 3653 1621 3713 qua
1650 3634 1974 3696 emendari
2026 3635 2221 3713 possit
2258 3632 2511 3713 recepta
2544 3632 2755 3696 lectio.
2807 3633 2940 3695 Alia
2984 3632 3173 3712 hujus
3204 3632 3453 3713 generis
3484 3649 3696 3713 axem:

448 3716 550 3850 pla
598 3712 660 3773 in
720 3710 945 3775 eodem
984 3713 1143 3775 libro
1173 3722 1417 3775 exstant
1458 3710 1599 3793 cap.
1646 3732 1778 3786 xxi,
1810 3716 1873 3784 2,
1921 3721 1982 3775 et
2026 3710 2164 3793 cap.
2204 3730 2380 3782 xxxv,
2408 3710 2474 3774 ’1.
2524 3713 3005 3775 Observavimus
3046 3710 3276 3785 autem,
3314 3710 3698 3773 Theodoreti
3732 3750 3739 3753 -

473 3790 753 3850 ectiones
801 3792 1178 3850 plerumque
1216 3794 1572 3850 consentire
1604 3810 1745 3850 cum
1774 3792 1993 3850 codice
2037 3792 2460 3850 Alexandrino
2491 3798 2553 3850 et
2588 3792 2951 3850 Oxoniensi.
2987 3792 3204 3850 sicaue
3234 3808 3376 3850 cum
3419 3791 3696 3850 editione

473 3790 753 3871 ectiones
801 3792 1178 3871 plerumque
1216 3790 1572 3854 consentire
1604 3810 1745 3854 cum
1774 3792 1993 3855 codice
2037 3790 2460 3854 Alexandrino
2491 3798 2553 3853 et
2588 3792 2951 3868 Oxoniensi,
2987 3792 3204 3870 sicque
3234 3808 3376 3852 cum
3419 3791 3696 3871 editione

450 3869 688 3952 Aldina,
742 3868 825 3952 et,
867 3872 921 3952 si
965 3868 1117 3932 fides
1150 3871 1419 3952 debetur
1464 3872 1632 3932 Bosii
1664 3872 2012 3951 Excerptis,
2048 3872 2233 3952 etiam
2277 3890 2422 3934 cum
2465 3871 2925 3952 Complutensi.
2957 3868 3346 3952 Adalterum
3394 3868 3563 3950 quod
3599 3876 3696 3952 at-

450 3950 628 4022 tinet,
684 3951 1112 4031 antiquiorum
1144 3951 1557 4030 interpretum
1587 3948 1956 4028 Fragmenta
1994 3950 2350 4013 adhibenda
2388 3968 2525 4013 esse
2556 3948 3080 4031 putavimus,ubi
3109 3948 3695 4031 Theodoretusmi-

450 4046 581 4109 nus,
614 4039 847 4109 rectam
893 4029 1501 4109 LXXlnterpretum
1556 4031 1908 4092 versionem
1947 4037 2198 4093 secutus
2226 4037 2378 4102 erat,
2413 4029 2589 4109 quod
2615 4037 2827 4092 tamen
2854 4030 3053 4109 rarius
3091 4029 3341 4102 accidit,
3375 4037 3445 4091 ut
3473 4032 3694 4109 quiest.

454 4110 532 4169 VI
570 4108 895 4188 inglibrum
934 4106 1372 4170 Judicumee
1402 4109 1651 4188 reliquo
1682 4109 2070 4171 laudandum
2102 4118 2193 4170 est
2230 4106 2516 4188 criticum
2560 4109 2769 4171 Nostri
2802 4108 3102 4188 studium,
3141 4116 3363 4188 utpote
3394 4106 3509 4187 qui
3531 4106 3698 4188 haud

453 4204 593 4269 raro
624 4186 808 4248 falsas
838 4189 993 4247 LXX
1031 4188 1461 4269 Interpretum
1481 4185 1930 4269 explicationes
1963 4190 2112 4265 [XX]
2136 4187 2881 4269 melioribusSymmachi
2905 4185 3297 4269 aliorumque
3321 4185 3699 4269 postposuit,

454 4266 769 4347 ubiﬁopus
807 4274 958 4339 erat,
1002 4264 1395 4347 reliquorum
1447 4264 1994 4347 interpretationes
2038 4267 2376 4329 recensuit.
2409 4264 2671 4329 Multum
2714 4268 2927 4347 itaque
2967 4264 3697 4347 adjuvit'Mdntfa'uconii

455 4353 516 4406 et
556 4346 768 4426 ADrusii
814 4364 1073 4426 operam
1132 4347 1197 4406 in
1257 4346 1629 4426 colligendis
1675 4348 2077 4422 antiquorum
2112 4346 2527 4426 interpretum
2561 4345 2922 4409 Graecorum
2962 4345 3346 4424 Fragmentis
3373 4345 3641 4426 positam
3674 4360 3691 4417 ;

457 4424 571 4485 etsi
616 4424 996 4506 in_ScbOliis
1042 4426 1271 4506 passim
1302 4442 1337 4485 a
1379 4428 1564 4506 nobis
1607 4425 1875 4506 indicata
1923 4427 2067 4497 sint,
2116 4424 2369 4505 quas—in
2412 4426 2867 4488 Montfauconii
2898 4427 3193 4506 Hexaplis
3242 4424 3700 4488 desiderantur.

456 4503 631 4592 Quod
675 4502 950 4592 denique
982 4502 1296 4592 reliquum
1333 4503 1827 4592 estLdiversitas,
1865 4523 2007 4592 qua;
2050 4502 2214 4592 inter
2250 4512 2490 4567 textum
2531 4506 2905 4592 Hebraicum
2948 4513 3009 4567 et
3038 4502 3392 4592 versionem
3421 4506 3701 4592 Oraacam

458 4581 619 4644 haud
657 4600 796 4644 raro
834 4581 1187 4664 intercedit,
1230 4582 1394 4664 etin
1430 4583 1687 4644 Psalmis
1730 4581 2048 4664 praecipue
2084 4585 2381 4663 frequens
2412 4594 2531 4659 est,
2570 4584 2667 4647 vel
2728 4584 2870 4646 ideo
2905 4585 3119 4663 paucis
3174 4583 3508 4664 indicanda
3544 4582 3700 4664 fuit,

456 4669 526 4723 ut
570 4678 789 4743 cavere
841 4662 958 4743 sibi
990 4661 1229 4743 discant
1270 4660 1398 4733 alii,
1440 4679 1519 4723 ne
1568 4660 1758 4724 sensu
1794 4660 2001 4743 alieno
2030 4664 2097 4725 in
2136 4660 2619 4742 SfScripturam
2649 4664 2845 4737 illato,
2874 4660 2950 4725 ad
2980 4664 3098 4725 alia
3130 4666 3367 4743 qumvis
3400 4660 3702 4743 delaban-

460 4748 578 4800 tur.
624 4741 759 4824 }_I_oc
792 4742 958 4824 enim
988 4741 1269 4824 Pati-ibus
1299 4742 1529 4803 Graecis
1566 4743 1797 4824 saepius
1834 4742 2161 4817 accidisse,
2198 4740 2391 4807 docet
2412 4743 2717 4804 versionis
2751 4746 3005 4817 Graecae,
3041 4740 3228 4824 quam
3259 4742 3440 4823 sequi
3470 4740 3701 4814 solent,

459 4836 605 4880 cum
633 4818 951 4898 _Hebraica
987 4820 1242 4882 veritate
1277 4818 1689 4898 comparatio.

538 4896 874 4981 Reliquum
909 4906 1023 4981 est,
1074 4908 1139 4960 ut
1168 4896 1568 4981 moneamus,
1582 4900 1667 4981 ad
1697 4900 1943 4981 initium
1968 4903 2338 4981 paginarum
2370 4900 2672 4963 editionis
2704 4901 3157 4963 Sirmondianaa
3190 4919 3257 4961 se
3286 4899 3520 4981 referre
3548 4906 3708 4981 aste-

460 4977 657 5039 riscos
696 4977 1145 5061 admarginem
1172 4980 1248 5061 in
1293 4985 1467 5040 textu
1497 4978 1788 5061 editionis
1832 4977 2433 5061 nostraa'appositos,
2458 4982 2581 5060 ipsi
2607 4986 2816 5041 autem
2858 4982 3043 5059 Operi
3073 4981 3351 5042 Indicem
3389 4979 3710 5061 harmoni-

463 5074 631 5147 cum,
660 5063 730 5147 ut
763 5056 1000 5147 dicunt,
1044 5058 1410 5147 paginarum
1439 5058 2094 5147 utriusqueheditionis
2126 5056 2515 5147 prmmissum
2552 5077 2715 5147 esse,
2744 5076 2872 5147 quo
2902 5056 2969 5120 in
3000 5078 3127 5121 rem
3164 5059 3705 5147 suam_commod_e

464 5136 555 5217 uti
598 5145 918 5216 poterunt,
963 5136 1307 5217 quilocum
1345 5154 1422 5197 ex
1462 5136 1739 5199 editione
1771 5136 2207 5201 Sirmondiana
2244 5139 2602 5217 allegatum,
2642 5140 2708 5200 in
2740 5136 2950 5200 nostra
2988 5147 3300 5217 quaerunt.
3334 5140 3460 5201 Nec
3488 5138 3709 5199 inutile

465 5215 669 5277 visum
741 5221 855 5296 est,
904 5215 1004 5277 adi
1057 5216 1245 5296 tinem
1293 5217 1736 5277 Commentarii
1780 5218 1846 5278 in
1897 5220 2173 5281 Psalmos
2247 5215 2530 5280 Graecum
2603 5215 3320 5296 subjungereindicem,
3358 5218 3706 5279 secundum

468 5299 672 5435 prima
710 5295 978 5373 cujusvis
1008 5295 1230 5375 psalmi
1273 5298 1483 5368 verba,
1514 5296 1566 5356 al
1579 5296 1909 5374 phabetico
1942 5305 2009 5359 ut
2046 5298 2220 5360 aiunt
2247 5299 2467 5360 ordine
2496 5295 2941 5376 compositum.
2977 5299 3136 5359 Loca
3167 5298 3355 5359 etiam
3386 5297 3615 5359 biblica
3642 5299 3709 5357 in

490 5392 590 5435 ioc
631 5375 833 5435 Opere
872 5375 1077 5435 citata.
1122 5391 1250 5435 non
1294 5375 1428 5435 solo
1467 5376 1694 5435 capitis
1745 5394 2033 5435 numero.
2077 5385 2146 5435 ut
2172 5380 2234 5435 in
2282 5376 2479 5435 nriori
2517 5377 2816 5435 editione.
2870 5376 2979 5435 sed
3011 5376 3224 5435 addito
3255 5376 3709 5435 versiculorum

490 5392 590 5436 ioc
631 5375 833 5455 Opere
872 5375 1077 5457 citata,
1122 5391 1250 5457 non
1294 5375 1431 5457 solo
1467 5376 1694 5457 capitis
1745 5394 2033 5457 numero,
2077 5385 2146 5439 ut
2172 5380 2234 5439 in
2282 5376 2479 5457 priori
2517 5375 2816 5457 editione,
2870 5376 2987 5457 sed
3011 5376 3224 5439 addito
3255 5376 3710 5457 versiculorum

470 5452 734 5517 numero
784 5453 1189 5536 exprimenda
1229 5470 1365 5515 esse
1397 5452 1711 5536 duximus.
1753 5452 2451 5536 Laudandumquoque
2483 5462 2575 5516 est
2604 5454 2883 5517 studium
2915 5455 3016 5536 cl.
3055 5456 3356 5517 Bertrami
3391 5459 3460 5515 A.
3486 5458 3565 5536 Μ.
3601 5454 3712 5533 qui

472 5548 727 5593 omnem
765 5531 935 5623 ded-it
971 5550 1252 5623 operam,
1295 5538 1365 5594 ut
1407 5531 1543 5595 haec
1592 5551 1751 5597 nova
1802 5536 2019 5612 editio,
2060 5531 2363 5616 quantum
2399 5536 2533 5597 fieri
2586 5542 2824 5615 posset,
2873 5535 2951 5598 ab
3000 5536 3318 5597 erroribus
3347 5531 3709 5614 typotheta-

472 5627 612 5673 rum
664 5619 826 5672 esset
874 5619 1195 5674 immunis.

556 5688 749 5773 l_)_eum
798 5708 1109 5773 rogamus,
1156 5698 1225 5773 ut
1265 5690 1382 5773 hos
1442 5698 1503 5753 et
1566 5693 1844 5773 reliquos
1894 5702 2157 5757 conatus
2200 5700 2443 5756 nostros
2472 5694 2537 5755 in
2572 5694 2849 5755 nominis
2901 5694 3001 5755 sui
3044 5693 3305 5773 gloriam
3345 5698 3405 5754 et
3446 5693 3713 5754 aiiorum

476 5767 1301 5912 l(Eiiderejubeat
1332 5767 1840 5837 clementissime.
1880 5774 2027 5837 Dab.
2061 5773 2235 5837 Halae
2267 5784 2326 5838 in
2360 5774 2546 5837 Acad.
2585 5773 2881 5837 Frideric.
2921 5791 2987 5833 γι
3026 5767 3149 5835 Cal.
3178 5772 3426 5835 Octobr.
3454 5777 3523 5834 A.
3549 5774 3622 5834 R.
3649 5774 3710 5831 S.
