3924 6532
548 368 610 428 31
1734 370 2212 435 TESTIMONIA
2242 367 2634 431 veranum.
3747 354 3829 423 32

541 480 761 543 direxit,
795 482 1123 552 agnovimus
1145 481 1490 537 dilectionem
1531 488 1677 534 tuam
1720 495 1959 550 superno
1997 478 2269 548 adjutorio
2291 478 2575 534 nobiscum
2615 486 2724 533 tam
2752 477 3088 534 Nestorianze
3119 474 3414 545 impietatis
3440 488 3605 544 quam
3633 470 3825 541 Euty-

540 573 749 629 cbiana:
779 575 1012 629 vesaniae
1040 576 1316 631 exstitisse
1336 574 1635 653 victricem.
1669 572 1739 627 Et
1773 583 1888 643 post
1918 572 2047 627 alia.
2083 572 2189 627 Sed
2213 573 2527 629 benedictus
2552 572 2700 629 Deus
2734 582 2939 640 noster,
2965 574 3124 643 cujus
3146 569 3477 627 invincibilis
3508 568 3725 623 veritas
3751 564 3827 619 ab

539 666 689 723 omni
719 666 991 722 haareseos
1014 667 1225 721 macula
1259 667 1523 721 mundum
1548 676 1600 720 te
1630 664 1930 719 secundum
1970 663 2115 718 sedis
2145 664 2456 734 apostolica:
2478 664 2682 733 judicia
2712 663 3129 718 demonstravit.
3152 662 3252 718 Cui
3276 662 3495 733 dignam
3531 658 3824 715 retribues

539 778 640 835 pro
659 772 737 817 tot
754 763 1029 818 laboribus
1059 763 1311 835 gratiam,
1343 761 1388 817 si
1414 760 1575 815 talem
1601 772 1671 824 te,
1700 759 1915 831 qualem
1939 759 2291 830 probavimus
2313 776 2376 816 ac
2397 760 2713 831 probamus,
2739 774 2839 829 pro
2863 759 3188 814 universalis
3207 756 3462 813 Ecclesiae
3478 755 3824 810 defensione

540 856 867 911 servaveris.
912 854 1045 909 Nam
1074 855 1214 925 quod
1243 854 1389 909 Deus
1428 854 1675 908 omnium
1728 853 2196 909 calumniosorum
2240 852 2481 908 fallacias
2512 852 2695 918 solvit,
2730 852 3027 906 maximam
3067 848 3369 905 beatissimi
3409 846 3556 902 Petri
3607 858 3818 900 curam

540 966 638 1020 pro
673 948 831 1003 nobis
875 949 1085 1002 cunctis
1121 946 1490 1017 agnoscimus,
1534 945 1627 1015 qui
1668 956 1957 1015 postquam
1989 958 2103 998 sua:
2141 944 2286 1000 sedis
2315 944 2578 1015 judicium
2617 944 2672 1000 in
2721 942 2843 999 ﬁdei
2875 942 3191 998 defensione
3221 940 3475 1006 tlrmavit,
3507 955 3607 994 nec
3656 937 3819 992 circa

540 1041 863 1110 cujusquam
896 1050 1159 1102 vestrum,
1184 1038 1277 1108 qui
1313 1039 1596 1094 nobiscum
1630 1052 1730 1108 pro
1750 1038 2017 1092 catholica
2038 1036 2141 1091 fide
2163 1038 2475 1103 laborastis,
2502 1052 2797 1108 personam
2833 1036 3133 1109 quidquam
3157 1035 3445 1107 reprobum
3471 1030 3649 1088 videri
3687 1044 3823 1102 per.

540 1134 691 1189 misit
721 1150 735 1185 :
767 1133 896 1204 quia
926 1148 1026 1189 nec
1048 1142 1260 1203 poterat
1282 1130 1484 1201 Spiritu
1509 1137 1702 1185 sancto
1733 1128 2012 1199 iudicante
2039 1125 2329 1199 quisquam
2352 1145 2418 1183 ex
2445 1128 2525 1184 eis
2555 1141 2661 1182 non
2685 1127 2862 1184 victor
2893 1126 3173 1191 exsistere,
3201 1139 3434 1207 quorum
3460 1123 3576 1193 jam
3602 1118 3815 1176 vicerit

541 1227 697 1284 lides.

1287 1474 1547 1530 Gennadii
1578 1472 1891 1544 presbyteri,
1920 1474 1978 1527 in
2003 1472 2139 1526 libro
2174 1468 2251 1524 De
2300 1467 2429 1523 viris
2462 1468 2783 1534 illustribus,
2818 1485 2937 1540 cap.
2967 1467 3059 1523 89.

618 1588 998 1645 Theodoretus
1044 1591 1335 1659 episcopus
1363 1588 1488 1660 Cyri
1522 1588 1757 1644 civitatis
1788 1588 1841 1658 (a
1863 1587 2005 1659 Cyro
2026 1586 2171 1642 enim
2199 1601 2326 1655 rege
2344 1583 2636 1642 Persarum
2662 1584 2882 1640 condita
2906 1589 3087 1641 servat
3108 1582 3380 1652 hodieque
3407 1580 3548 1652 apud
3582 1577 3814 1652 Syriam

541 1698 738 1737 nomen
774 1683 1061 1751 auctoris),
1098 1682 1385 1752 scripsisse
1412 1683 1613 1737 dicitur
1637 1683 1807 1736 multa
1836 1698 1851 1734 :
1885 1682 1953 1737 ad
1984 1695 2161 1736 meam
2191 1687 2375 1736 tamen
2408 1679 2657 1734 notitiam
2688 1678 2788 1733 ista
2822 1688 2951 1734 sunt
2977 1693 3099 1749 quae
3125 1686 3413 1734 venerunt.
3440 1676 3513 1731 De
3542 1677 3818 1731 incarna-

541 1773 684 1829 tione
726 1774 940 1830 Domini
992 1776 1255 1831 adversus
1300 1775 1594 1846 Eutychem
1628 1776 2032 1847 presbyterum,
2062 1785 2116 1831 et
2142 1772 2467 1830 Dioscorum
2500 1772 2843 1828 Alexandriae
2894 1774 3235 1844 episcopum,
3277 1771 3369 1841 qui
3406 1771 3714 1825 humanam
3756 1769 3814 1822 in

539 1866 762 1921 Christo
792 1882 1012 1922 carnem
1038 1866 1207 1921 fuisse
1232 1876 1450 1937 negant,
1477 1867 1682 1937 scripta
1707 1865 1889 1932 fortia,
1916 1882 2014 1937 per
2036 1880 2158 1937 quae
2188 1867 2477 1922 confirmat
2503 1872 2557 1919 et
2584 1865 2795 1918 ratione
2821 1872 2875 1918 et
2895 1863 3224 1919 testimoniis
3256 1861 3698 1932 Scripturarum,
3736 1860 3815 1915 ita

543 1959 693 2011 illum
736 1975 915 2013 veram
951 1968 1209 2014 maternae
1238 1958 1560 2014 substantiae
1601 1976 1822 2015 carnem
1864 1959 2146 2024 habuisse,
2185 1972 2349 2027 quam
2389 1972 2457 2012 ex
2498 1964 2672 2011 matre
2710 1955 2934 2027 Virgine
2967 1963 3296 2031 sumpserat,
3333 1956 3475 2011 sicut
3511 1962 3566 2007 et
3609 1968 3814 2007 veram

545 2052 828 2117 Deitatem,
860 2069 1023 2123 quam
1054 2062 1255 2108 aeterna
1295 2052 1659 2107 nascibilitate
1692 2068 1723 2107 a
1758 2052 1869 2107 Deo
1904 2053 2064 2108 Patre
2098 2051 2352 2123 gignente
2379 2050 2495 2120 ipse
2523 2049 2800 2105 nascendo
2826 2048 3087 2119 suscepit.
3119 2050 3187 2104 Et
3213 2048 3396 2104 decem
3429 2046 3691 2101 Historia
3718 2062 3816 2099 ec-

541 2146 852 2200 clesiasticw
889 2146 1031 2210 libri,
1060 2162 1199 2215 quos
1228 2147 1471 2201 imitatus
1502 2145 1802 2200 Eusebium
1840 2144 2230 2201 Caesariensem
2271 2143 2512 2215 scripsit,
2550 2143 2816 2213 incipiens
2849 2159 2878 2198 a
2910 2143 3017 2198 line
3052 2143 3315 2197 librorum
3352 2142 3595 2207 Eusebii,
3627 2155 3817 2210 usque

542 2238 608 2292 ad
666 2254 824 2293 suum
864 2248 1102 2309 tempus,
1144 2238 1196 2295 id
1223 2249 1327 2307 est,
1354 2255 1384 2294 a
1414 2238 1807 2294 Vicennalibus
1828 2237 2171 2294 Constantini
2200 2254 2371 2309 usque
2392 2238 2461 2293 ad
2485 2236 2777 2309 imperium
2807 2235 3006 2293 Leonis
3036 2236 3287 2303 senioris,
3315 2236 3418 2292 sub
3435 2252 3544 2309 quo
3568 2245 3626 2292 et
3652 2251 3817 2292 mor-

545 2340 670 2385 tuus
695 2337 800 2384 est.

1217 2577 1474 2634 Theodori
1503 2577 1709 2633 abbatis
1751 2588 1800 2632 et
1837 2578 2131 2649 philosophi
2158 2580 2212 2634 in
2243 2584 2566 2654 Argumenta
2595 2583 2785 2655 synodi
2813 2582 3110 2655 Ephesium.

614 2714 826 2787 Εὑρὲθη
853 2716 910 2769 δὲ
950 2715 1090 2787 μετὰ
1126 2716 1374 2769 Ἰωάννου
1402 2713 1749 2786 Θεοδὼρητός
1773 2732 1880 2781 τις,
1912 2714 2119 2783 ἐλλογι-

545 2807 793 2880 μώτατος
816 2808 1035 2881 Κύρῤου
1070 2808 1371 2873 ἐπίσκοπος
1393 2809 1603 2874 πόλεως
1631 2807 1975 2877 ἀνατολικῆς.
2017 2800 2121 2861 Οὗ-

540 2918 632 2964 τος
678 2900 817 2954 κατὰ
867 2900 1137 2972 Κυρίλλου
1189 2900 1387 2969 λέγων,
1434 2899 1850 2969 ἐπελαμϐάνετο
1883 2897 2120 2951 καὶτῶν

540 2989 747 3045 δώδεκα
773 2992 1103 3057 κεφαλαίων,
1133 2983 1208 3044 ὧν
1230 2989 1471 3062 ἔγραψεν
1505 2990 1562 3042 ἐν
1589 2992 1656 3059 τῇ
1678 2988 1837 3060 τρίτῃ
1862 2987 2116 3058 ἐπιστολῇ

540 3086 606 3154 τῇ
642 3082 777 3154 πρὸς
814 3083 1131 3154 Νεστόριον.
1167 3083 1275 3135 Καὶ
1308 3081 1607 3151 άνέτρεπεν
1644 3081 1803 3145 αὐτὰ,
1838 3080 2010 3148 λέγων
2036 3081 2119 3133 ὅτι

553 3174 828 3247 Ἀρειανός
859 3176 1006 3228 ὲστιν
1039 3176 1067 3227 ὁ
1111 3174 1266 3244 ἅγιος
1304 3172 1595 3245 Κύριλλος,
1625 3173 1720 3227 καὶ
1748 3172 1818 3226 τὰ
1848 3172 2116 3243 Εὑνομίου

539 3269 635 3321 καὶ
675 3265 1052 3337 Ἀπολιναρίου
1084 3268 1288 3335 φρονεῖ.
1329 3267 1387 3318 Ὀ
1417 3266 1522 3337 γὰρ
1546 3264 1813 3336 Κύριλλος
1836 3264 2118 3335 Νεστορίῳ

539 3359 959 3429 ἀπομαχόμενος
1010 3358 1087 3429 τῷ
1140 3358 1433 3428 διαιροῦντι
1482 3359 1581 3428 τὴν
1626 3358 1980 3429 οίκονομίαν.,
2015 3358 2117 3427 τῆς

540 3452 785 3512 ἑνώσεως
812 3450 1011 3519 μᾶλλον
1042 3450 1299 3522 φροντίδα
1329 3449 1620 3520 πεποίηται
1637 3467 1649 3480 ·
1675 3448 1796 3502 ὅθεν
1819 3450 1912 3503 καὶ
1941 3449 2116 3503 ἐδόκει

542 3561 659 3606 πως
699 3542 777 3613 τῷ
817 3543 1145 3613 Θεοδωρήτῳ
1199 3541 1274 3604 ὡς
1310 3542 1437 3611 μίαν
1468 3542 1630 3610 φύσιν
1657 3540 1918 3606 δοξάζων,
1948 3541 2025 3604 ὡς
2064 3542 2114 3594 οἱ

552 3630 820 3706 Ἀρειανοὶ
872 3635 963 3689 καὶ
993 3635 1041 3688 οί
1073 3636 1198 3707 περὶ
1228 3635 1318 3687 τὸν
1364 3635 1756 3705 Ἀπολινάριον.
1800 3635 1943 3707 Πλὴν
1990 3633 2115 3689 οὔτε

540 3727 884 3798 Θεοδώρητος
911 3725 1159 3795 φαίνεται
1188 3725 1407 3779 πώποτε
1452 3726 1545 3779 τὸν
1592 3727 1891 3797 Νεπόριον
1939 3726 2113 3797 ὑπερ-

544 3816 868 3886 μαχόμενος,
896 3815 1032 3869 ἀλλὰ
1060 3814 1219 3885 μόνον
1241 3816 1330 3868 τὸν
1358 3816 1625 3887 Κύριλλον
1649 3818 2115 3889 άπομεμερόμενος

539 3910 627 3962 διὰ
660 3909 757 3980 τὴν
797 3908 1085 3978 συμϐᾶσαν
1117 3909 1195 3971 εἰς
1225 3908 1479 3979 Ἰωάννην
1508 3909 1755 3981 ἀτιμίαν.
1793 3911 1855 3962 Ei
1896 3910 1952 3963 δὲ
1988 3909 2114 3980 βούο

538 4002 689 4056 λεταί
727 4019 811 4066 τις
845 4002 1070 4070 γνῶναι,
1106 4002 1188 4055 ὅτι
1237 4001 1581 4073 Θεοδώρητος
1624 4004 1718 4057 καὶ
1766 4002 1884 4056 λίαν
1929 4004 2111 4074 ἐμίσει

540 4095 852 4166 Νεστὸριον,
888 4094 1105 4165 ἀναγνῷ
1134 4094 1194 4146 τὸ
1224 4095 1352 4165 περὶ
1378 4095 1486 4147 τῶν
1516 4097 1779 4166 αἱρέσεων
1807 4096 1954 4168 αὐτῷ
1983 4098 2114 4151 Θεο⁴

539 4185 768 4258 δωρήτῳ
788 4188 1177 4259 γεγραμμένον
1216 4188 1439 4259 βιϐλίον.

2294 2719 2430 2775 Cum
2466 2720 2675 2777 Joanne
2702 2721 2875 2777 adfuit
2902 2718 3278 2777 Theodoretus
3311 2718 3815 2790 eloquentissimus

2226 2815 2518 2885 episcopus
2559 2814 2685 2887 Cyri
2725 2814 2965 2870 civitatis
2995 2813 3297 2868 orientalis.
3339 2810 3441 2867 Hic
3471 2821 3663 2867 contra
3700 2811 3812 2883 Cy-

2226 2908 2407 2962 rillum
2433 2924 2619 2974 agens,
2638 2908 2925 2963 duodecim
2950 2906 3069 2977 ejus
3092 2905 3326 2975 capitula
3351 2904 3811 2975 reprehendebat.

2226 3014 2347 3068 qum
2378 3000 2431 3054 in
2466 3001 2622 3055 tertia
2651 3000 2719 3055 ad
2747 2999 3058 3056 Nestorium
3086 2996 3312 3069 epistola
3333 2996 3684 3066 conscripsit;
3719 3010 3810 3049 re-

2226 3089 2548 3160 fellebatque
2585 3090 2699 3153 illa,
2730 3090 2919 3145 dicens
2952 3089 3215 3143 Arianum
3247 3103 3369 3143 esse
3402 3095 3652 3142 sanctum
3701 3084 3813 3156 Cy-

2226 3181 2431 3249 rillum,
2478 3191 2533 3237 et
2582 3198 2708 3237 cum
2762 3181 3034 3235 Eunomio
3094 3189 3149 3234 et
3209 3176 3512 3247 Apollinari
3570 3175 3809 3231 sentire.

2224 3274 2458 3345 Cyrillus
2501 3274 2703 3345 quippe
2754 3272 3006 3327 Nestorio
3062 3272 3321 3326 resistens
3368 3269 3807 3324 incarnationem

2224 3366 2505 3432 dividenti,
2528 3366 2788 3437 majorem
2813 3365 3033 3421 unionis
3053 3379 3240 3420 curam
3264 3378 3373 3433 pra:
3397 3377 3455 3417 se
3478 3360 3632 3415 tulit:
3656 3358 3810 3416 unde

2223 3467 2276 3512 et
2310 3455 2653 3511 Theodoreto
2697 3455 2916 3511 unicam
2961 3464 3210 3508 naturam
3254 3453 3448 3506 docere
3485 3444 3805 3516 videbatur”,

2223 3551 2364 3606 sicut
2384 3549 2571 3604 Ariani
2600 3558 2655 3605 et
2686 3547 3033 3619 Apollinaris.
3069 3545 3174 3601 Sed
3205 3560 3380 3616 neque
3421 3543 3805 3598 Theodoretus

2221 3641 2531 3699 Nestorium
2580 3642 2873 3698 defendere
2913 3654 3155 3710 unquam
3192 3640 3344 3694 visus
3377 3646 3480 3703 est,
3507 3634 3602 3693 sed
3627 3634 3806 3708 Cyril-

2222 3737 2335 3793 lum
2366 3737 2629 3793 duntaxat
2666 3750 2929 3793 accusare
2958 3734 3030 3790 ob
3053 3733 3258 3787 illatam
3285 3729 3484 3786 Joanni
3509 3738 3801 3784 contume-

2221 3829 2371 3885 liam.
2402 3830 2558 3896 Quod
2604 3829 2649 3885 si
2692 3829 2816 3900 quis
2853 3844 3014 3883 nosse
3043 3826 3171 3881 velit
3194 3839 3423 3880 exosum
3446 3824 3805 3877 vehementer

2220 3919 2564 3977 Theodoreto
2598 3920 2765 3976 fuisse
2812 3917 3143 3981 Nestorium,
3193 3916 3392 3970 librum
3447 3914 3588 3985 legat
3630 3925 3803 3983 quem

2220 4012 2596 4070 Theodoretus
2624 4014 2738 4085 ipse
2769 4012 3029 4066 Adversus
3062 4010 3285 4065 hwreses
3309 4004 3638 4077 composuit.

1278 4416 1507 4475 Joannis
1548 4418 1823 4477 Euchaita:
1861 4422 1916 4476 in
1949 4421 2155 4494 Elogiis
2195 4424 2515 4491 scriptorum
2549 4421 3051 4477 ecclesiasticarum.

694 4557 1080 4633 Ἑνιστορήσας
1105 4560 1233 4625 τοὺς
1260 4564 1458 4631 σοφοὺς
1486 4564 1836 4629 διδασκάλους

682 4652 793 4706 Καὶ
824 4653 916 4705 τὸν
950 4652 1294 4725 Θεοδὼρητον
1333 4655 1514 4719 αὐτοῖς
1546 4657 1831 4729 ἐγγράφω,

697 4742 785 4806 Ὠς
815 4743 985 4813 ἄνδρα
1017 4743 1180 4811 θεῖον,
1218 4744 1294 4807 ὼς
1322 4744 1641 4800 διδάσκαλον
1672 4748 1865 4818 μέγαν,

691 4836 781 4900 Ὦς
842 4835 1181 4906 ἅκράδαντον
1207 4837 1516 4905 ὀρθοδοξίας
1548 4839 1759 4895 στύλον.

684 4928 782 4979 “Av
812 4925 857 4979 δ’
886 4926 1148 4997 ὲκλονήθη
1184 4929 1378 4998 μικρὸν
1402 4928 1464 4981 ἐκ
1493 4947 1638 4993 τινος
1666 4930 1857 5002 τύχης,

688 5015 1007 5086 ’Ἄνθρωπος
1030 5011 1120 5087 ἦν.
1152 5017 1421 5086 ἄνθρωπε.
1458 5019 1531 5090 μὴ
1568 5021 1900 5097 κατακρίνῃς
1920 5039 1935 5053 ο

684 5110 761 5165 Οὐ
791 5110 898 5180 γάρ
926 5110 1181 5164 τοσοῦτον
1213 5111 1477 5182 δυσσεϐὴς
1510 5108 1577 5183 ἦν
1604 5113 1633 5165 ὁ
1666 5115 1872 5180 κλόνος,

686 5202 852 5255 Ὅσον
876 5205 1094 5273 μετεῖχε
1122 5204 1221 5275 τῆς
1255 5204 1537 5273 ἐριστικῆς
1566 5204 1706 5275 βίας.

686 5292 753 5345 Τί
783 5295 893 5364 γάρ
919 5312 935 5359 ;
974 5295 1242 5364 Κύριλλον
1275 5296 1553 5367 πανταχοῦ
1579 5301 1733 5368 νικᾷν
1760 5298 1887 5361 ἔδει,

686 5387 799 5439 Καὶ
821 5387 1188 5460 δογματιστὴν
1226 5388 1374 5454 ὄντα,
1411 5391 1503 5443 καὶ
1538 5391 1899 5462 λογογράφον.

689 5481 878 5550 Ὅμως
903 5481 959 5535 δὲ
993 5481 1167 5549 τούτῳ
1196 5481 1286 5535 καὶ
1311 5481 1616 5552 διώρθωται
1655 5484 1835 5539 πάλιν.

690 5569 772 5622 Τά
802 5569 848 5623 δ’
868 5570 1004 5625 ἄλλα
1038 5570 1214 5624 πάντα
1241 5569 1351 5623 τῶν
1382 5568 1654 5641 μεγίστων
1685 5573 1959 5642 ποιμένων

694 5660 919 5715 Βλέπων
946 5661 1037 5715 τὸν
1061 5662 1229 5734 ἄνδρα
1264 5663 1488 5734 μηδενὸς
1507 5662 1883 5735 λελειμμένον-

706 5750 967 5809 Ἐνταῦθα
999 5753 1206 5819 τούτοις
1229 5755 1453 5821 εἰκότως
1484 5756 1863 5828 συνεγγράφω.

2218 4570 2416 4622 ι)οοιοε
2446 4568 2739 4636 magistros
2764 4565 2958 4621 litteris
2997 4563 3126 4620 dum
3146 4577 3473 4635 prosequor,

2214 4655 2346 4713 Jure
2363 4657 2745 4714 Theodoretus
2776 4658 2915 4714 inter
2945 4656 3048 4714 bos
3070 4658 3379 4713 censendus
3403 4662 3508 4722 est,

2216 4750 2443 4807 Divinus
2470 4761 2529 4805 ut
2556 4751 2657 4815 vir,
2681 4760 2742 4804 ut
2765 4750 3024 4822 magister
3052 4750 3314 4821 optimus,

2215 4840 2365 4896 Fidei
2394 4842 2711 4897 orthodoxae
2733 4857 2832 4898 ceu
2863 4841 3116 4897 columna
3148 4841 3467 4896 immobilis.

2215 4933 2423 5000 Quodsi
2456 4948 2749 5004 parumper
2774 4932 2912 4988 forte
2945 4932 3182 5003 quadam
3224 4942 3405 4987 motus
3437 4941 3542 4999 est,

2216 5025 2391 5080 llomo
2416 5034 2551 5091 erat,
2586 5026 2679 5096 qui
2705 5026 2867 5080 homo
2888 5040 2968 5090 es,
2992 5041 3061 5079 ne
3086 5025 3291 5080 crimen
3315 5024 3541 5090 inferas,
3563 5040 3713 5082 cave.

2215 5118 2334 5173 Non
2368 5128 2474 5175 tam
2502 5120 2739 5176 sinistrae
2776 5104 2961 5173 motus
2997 5117 3086 5172 hic
3111 5117 3417 5182 sententiae,

2216 5214 2387 5280 Quam
2415 5213 2705 5283 pertinacis
2730 5213 2967 5283 impetus
2988 5226 3183 5282 pugna:
3206 5209 3330 5269 fuit.

2216 5305 2357 5371 Quid
2395 5304 2579 5360 enim?
2607 5304 2870 5378 Cyrillum
2906 5305 3107 5375 ubique
3138 5304 3355 5360 vincere
3378 5319 3478 5375 par
3504 5310 3645 5366 erat,

2218 5397 2457 5451 Summa:
2479 5397 2657 5451 virum
2683 5397 2947 5452 doctrinm
2967 5406 3021 5450 et
3048 5396 3397 5466 eloquentiae,

2218 5486 2323 5540 Sed
2357 5498 2541 5556 postea
2573 5490 2676 5541 hoc
2710 5485 2889 5556 ipsum
2924 5486 3039 5555 ipse
3067 5487 3308 5541 correxit
3338 5493 3519 5540 tamen

2218 5574 2375 5628 Hunc
2405 5589 2536 5643 ergo
2569 5590 2798 5629 cernens
2821 5574 3034 5630 ueteris
3061 5576 3115 5629 in
3151 5574 3408 5629 omnibus

2219 5664 2333 5720 Non
2366 5666 2628 5736 imparem
2650 5682 2771 5722 esse
2800 5667 3054 5722 maximis
3080 5666 3413 5736 pastoribus,

2221 5758 2411 5816 Merito
2437 5759 2576 5815 inter
2608 5759 2732 5816 illos
2770 5759 2875 5816 hoc
2904 5760 3024 5816 loco
3054 5758 3325 5815 recensui.
