3924 6532
528 302 600 375 35
1476 309 1575 369 DE
1608 309 1786 371 VITA
1824 309 1919 368 ET
1957 307 2298 370 SCRIPTIS
2331 310 2819 371 THEODOBETI
3721 309 3799 370 36

707 419 853 474 Idem
884 420 936 474 iu
970 420 1166 475 librant
1202 420 1266 475 II
1292 421 1514 494 Regum,
1538 434 1728 494 quiest.
1757 422 1973 489 XLIII,
2012 425 2074 479 de
2106 426 2297 496 hymno
2330 431 2568 499 loquens,
2608 445 2697 483 seu
2723 429 2924 482 cantico
2965 426 3184 481 Davidis
3212 426 3273 480 ob
3301 427 3592 480 victoriam.

604 536 883 591 Consonat
910 544 1093 590 autem
1128 536 1340 606 psalmo
1368 552 1497 601 xvn,
1531 538 1612 591 vel
1642 537 1820 607 potius
1849 537 1986 591 idem
2008 546 2111 603 est,

531 638 731 694 paucas
777 624 983 679 habens
1040 626 1323 681 nominum
1374 628 1721 682 mutationes.
1766 627 1877 698 Ego
1929 638 2110 682 autem

530 732 654 771 cum
681 717 804 771 aliis
829 717 1058 773 Psalmis
1083 718 1229 775 hunc
1253 734 1471 790 quoque
1494 721 1901 791 interpretatus,
1926 736 2114 790 super.
2142 790 2166 805 ρ

532 824 834 864 vacaneum
886 811 1195 866 existimavi
1240 812 1535 867 secundam
1572 828 1901 884 componere
1938 813 2103 867 inter-

534 902 914 971 pretationem.

2280 541 2435 594 Ἐστι
2459 541 2516 594 δὲ
2541 539 2830 612 σύμφωνος
2856 539 2936 611 τῷ
2967 537 3030 602 ιζ’
3052 538 3272 609 ψαλμῷ,
3304 537 3501 610 μᾶλλον
3528 539 3584 593 δὲ
3615 539 3799 602 αὐτός

2206 634 2378 699 ἐστιν,
2423 633 2610 702 ὀλίγας
2658 632 2798 702 ἔχων
2840 632 3116 701 ὀνομάτων
3159 629 3482 698 ὲναλλαγάς.
3537 629 3688 699 Ἐγὼ
3735 630 3797 683 δὲ

2209 726 2348 798 μετὰ
2391 724 2498 778 τῶν
2544 724 2720 778 ἄλλων
2744 724 2990 794 Ψαλμῶν
3031 723 3126 777 καὶ
3172 721 3360 776 τοῦτον
3409 722 3795 794 ἑρμηνεύσας,

2206 815 2460 887 περιττὸν
2522 815 2794 869 ὑπέλαόον
2859 814 3117 885 δευτέραν
3177 813 3475 887 ἑρμηνείαν
3543 816 3795 885 ποιήσα-

2206 906 2355 961 σθαι.

1285 1233 1615 1305 Nicephorus
1640 1236 1734 1292 lib.
1763 1253 1872 1301 xiv,
1908 1253 2024 1307 cap.
2051 1236 2142 1303 51,
2172 1235 2483 1292 Theodoreti
2511 1254 2669 1306 opera
2705 1254 3038 1293 enumerans.

605 1340 866 1400 Similiter
891 1353 944 1400 et
969 1346 1023 1403 in
1048 1348 1282 1405 Psallam
1310 1348 1458 1403 aliud
1478 1364 1619 1418 Opus
1647 1350 1890 1422 reliquit.

2288 1349 2565 1415 Ὡσαύτως
2593 1353 2687 1406 καὶ
2712 1354 2790 1417 εἰς
2818 1353 2908 1406 τὸν
2935 1352 3203 1425 Ψαλτῆρα
3228 1351 3417 1425 ἕτερον
3440 1351 3796 1424 σύγγραμμα.

2205 1445 2519 1500 κατέλιπεν.

745 1646 3764 1673 Ἦ

1600 1798 2713 1921 DlSSERTATlO

1036 2041 1183 2130 DE
1273 2044 1556 2137 VITA
1639 2041 1787 2131 ET
1853 2042 2383 2133 SCRIPTIS
2446 2045 3264 2145 THEODORETI.

598 2379 680 2457 [7)]
713 2383 1040 2455 Dignissima
1079 2393 1163 2440 est
1193 2400 1316 2456 quae
1361 2393 1648 2441 enarretur
1686 2385 1803 2441 Vita
1851 2387 2101 2444 Theodo-
2131 2401 2178 2459 Α
2204 2391 2337 2459 Quae
2367 2408 2491 2449 cum
2526 2395 2601 2451 ita
2632 2397 2761 2461 sint,
2793 2414 3012 2457 auream
3063 2406 3492 2463 mediocritatem
3549 2426 3786 2469 servare

528 2476 653 2543 reti,
686 2477 798 2529 sive
846 2476 1202 2547 multiplicem
1244 2478 1343 2531 viri
1383 2479 1706 2545 doctrinam,
1740 2480 1853 2534 sive
1898 2482 2101 2536 variam

527 2569 649 2638 ejus
682 2568 955 2623 fortunam
987 2580 1320 2639 spectemus.
1395 2570 1512 2637 Illa,
1574 2580 1634 2626 ut
1689 2572 2100 2629 admirationem

528 2660 677 2714 omni
707 2661 1107 2731 juremeretur,
1140 2662 1213 2716 ita
1247 2677 1466 2731 quoque
1492 2664 1719 2716 multam
1753 2680 1852 2718 nos
1882 2664 1949 2718 ad
1979 2664 2103 2720 imi-

528 2753 786 2807 tationem
818 2753 1091 2807 excitandi
1122 2755 1230 2807 vim
1268 2755 1462 2821 habet;
1498 2754 1613 2809 haec
1642 2770 1793 2817 vero,
1825 2757 1924 2811 etsi
1956 2766 2104 2813 tanto

532 2844 660 2901 Viro
694 2846 878 2901 minus
907 2846 1066 2915 digna
1105 2847 1274 2902 videri
1293 2848 1487 2918 possit,
1516 2858 1695 2903 tamen
1724 2864 1976 2919 magnam
2006 2867 2105 2905 no-

530 2939 613 2993 bis
641 2947 867 3009 prmslat
896 2941 1208 2995 utilitatem.
1258 2940 1465 2995 lllustri
1524 2940 1667 2995 enim
1702 2942 1951 3012 exemplo
2002 2958 2103 2999 suo

530 3047 630 3086 nos
659 3029 1253 3096 docuit'l‘heodoretus,
1289 3042 1401 3087 tum
1420 3049 1542 3103 qua:
1571 3033 1727 3089 nobis
1757 3034 2103 3104 ingredienda

529 3121 603 3178 sit
639 3124 747 3189 via,
789 3125 833 3177 si
891 3125 959 3178 de
990 3133 1136 3179 cmtu
1176 3122 1490 3179 Christiano
1524 3124 1661 3181 bene
1699 3127 1895 3181 mereri
1944 3129 2103 3183 volu-

529 3232 672 3283 mus,
706 3228 819 3271 tum
854 3228 1054 3286 quanta
1090 3233 1228 3287 opus
1256 3218 1328 3273 sit
1353 3219 1860 3289 circumspectione,
1892 3238 1957 3277 ne
1980 3222 2103 3277 vita:

529 3326 651 3365 cum
717 3311 875 3364 laude
923 3319 1058 3364 actae
1114 3319 1169 3365 et
1237 3312 1474 3366 nominis
1538 3314 1725 3383 gloria:
1802 3316 1884 3370 vel
1966 3315 2100 3371 levis

532 3413 855 3472 aspergatur
888 3402 1120 3457 macula.
1144 3400 1374 3468 Norunt,
1406 3412 1670 3473 quotquot
1699 3406 1879 3459 szeculi
1907 3420 1937 3457 v
1963 3416 2017 3460 et
2046 3422 2099 3461 vr

530 3508 594 3546 ac
626 3495 981 3563 synodorum,
1031 3509 1261 3563 quarum
1292 3496 1554 3549 memoria
1604 3497 1656 3549 in
1695 3498 1809 3552 hate
1857 3508 2098 3569 tempora

529 3584 740 3649 incidit,
777 3585 1065 3639 historiam
1115 3586 1529 3653 consuluerunt,
1573 3604 1737 3658 quam
1765 3589 1966 3643 variam
1989 3591 2099 3644 for-

530 3688 715 3730 tunam
766 3687 1022 3745 expertus
1079 3679 1150 3732 sit
1205 3675 1603 3746 Theodoretus,
1677 3680 1835 3749 cujus
1883 3682 2091 3748 eadem,

525 3786 647 3839 qua:
680 3770 809 3822 olim
840 3768 1058 3825 Eusebii
1123 3770 1496 3836 Caesariensis,
1552 3787 1673 3829 sors
1746 3774 1865 3828 fuit.
1922 3772 2092 3840 Quem

525 3862 672 3917 enim
706 3863 921 3932 plurimi
956 3864 1190 3918 summis
1238 3875 1576 3919 exornarunt
1619 3866 1892 3930 laudibus.
1937 3882 2095 3921 eum-

525 3956 647 4010 dem
685 3956 774 4009 alii
811 3955 878 4009 de
907 3956 1010 4010 [ide
1038 3968 1350 4026 suspectum
1404 3958 1729 4024 habuerunt,
1796 3969 1894 4014 sua
1949 3976 2097 4016 com-

527 4051 786 4103 munione
825 4050 914 4101 vix
944 4050 1164 4118 dignum
1197 4059 1481 4119 putarunt,
1510 4061 1565 4105 et
1591 4067 1711 4121 qua:
1742 4067 1929 4107 eorum
1970 4064 2097 4109 tem-

525 4157 719 4212 porum
757 4139 862 4195 fuit
892 4142 1169 4211 iniquitas,
1207 4143 1555 4197 anathemate
1603 4144 1884 4200 ferierunt.
1942 4146 2094 4202 Haud

526 4232 697 4285 multo
730 4229 810 4302 [4]
833 4233 1100 4302 aequiores
1130 4241 1319 4286 nostro
1345 4233 1507 4287 etiam
1552 4242 1794 4304 tempore
1827 4237 2092 4305 quosdam

526 4338 734 4392 invenit
756 4338 989 4406 judices,
1028 4346 1218 4392 contra
1243 4354 1381 4407 quos
1415 4337 1633 4393 difficile
1668 4350 1752 4393 est
1777 4343 2093 4414 Apologiam

525 4444 636 4484 non
665 4429 926 4483 scribere.
959 4428 1055 4484 llis
1086 4429 1312 4485 omnino
1337 4430 1739 4486 aceensendum
1768 4448 1889 4488 esse
1939 4446 2095 4505 puta-

524 4536 648 4576 mus
694 4520 1047 4584 Garnerium,
1094 4521 1189 4590 qui
1237 4522 1443 4590 passim
1503 4522 1556 4577 in
1608 4522 2093 4586 Dissertationibus

524 4630 662 4683 quas
692 4613 951 4668 Auetario
980 4628 1083 4669 suo
1113 4616 1431 4684 complexus
1459 4625 1562 4682 est,
1595 4618 1852 4672 acerbum
1902 4620 2093 4676 adver-

522 4722 618 4761 sus
639 4708 956 4775 scriptorem
988 4713 1232 4760 nostrum
1256 4708 1366 4778 egit
1395 4708 1656 4777 judicem,
1679 4709 1767 4764 cui
1796 4721 1974 4767 tamen
1997 4729 2092 4782 po-

523 4801 631 4854 titis
659 4815 818 4868 quam
837 4798 1179 4853 Theodoreto
1214 4800 1483 4855 accidisse
1510 4802 1918 4868 existimamus,
1943 4806 2090 4874 quod

523 4893 560 4946 I.
584 4907 635 4946 c.
665 4906 719 4961 p.
752 4891 875 4956 115,
910 4890 977 4945 de
1021 4888 1219 4945 Nostro
1248 4892 1401 4972 dicit,
1443 4912 1461 4945 ι
1495 4893 1548 4948 ld
1582 4911 1776 4964 passus
1810 4905 1912 4962 est,
1946 4899 2091 4967 quod

521 4984 700 5038 solent
728 4981 872 5037 oculi
914 4982 1261 5038 vehementer
1289 4984 1502 5041 aﬂ‘ecti:
1553 4989 1707 5044 visus
1765 4998 1849 5044 est
1899 5005 2091 5059 nempe

2206 2485 2566 2554 studebimus,
2620 2505 2687 2544 ne
2748 2491 2829 2546 vel
2882 2492 3081 2565 iniquis
3138 2501 3582 2557 accusationibus
3646 2503 3783 2559 Viro

2204 2578 2412 2649 optimo
2451 2593 2657 2651 partem
2704 2585 2880 2642 laudis
2924 2589 3227 2657 detrahere,
3283 2596 3363 2649 vel
3424 2598 3595 2652 nimio
3662 2601 3787 2653 lau-

2204 2670 2393 2735 dandi,
2414 2684 2507 2728 aut
2530 2675 2576 2729 si
2606 2677 2734 2746 quid
2768 2681 2991 2734 humani
3022 2697 3215 2751 passus
3242 2696 3323 2740 est
3346 2686 3561 2755 Noster,
3609 2690 3786 2746 dissi-

2205 2764 2450 2819 mulandi
2493 2768 2692 2835 studio,
2728 2786 2759 2825 a
2802 2773 3026 2829 veritate
3081 2776 3258 2832 aliena
3320 2782 3535 2837 tradere
3587 2785 3781 2839 videa-

2205 2874 2349 2912 mur.

2274 2948 2352 3005 Ne
2374 2953 2568 3008 ordine
2593 2966 2778 3011 careat
2809 2956 2923 3014 haec
2947 2962 3127 3017 omnis
3156 2962 3475 3035 Disputatio,
3506 2978 3615 3024 tres
3644 2987 3783 3024 eon-

2205 3041 2496 3100 stituemus
2536 3059 2717 3117 partes
2754 3047 2889 3105 Vitae
2918 3051 3267 3111 Theodoreti.
3298 3059 3478 3113 Prima
3528 3064 3782 3117 narrabit

2203 3133 2323 3203 ejus
2354 3137 2673 3205 primordia,
2711 3157 2998 3199 successus
3028 3161 3091 3199 ac
3122 3148 3300 3201 studia
3334 3165 3508 3219 usque
3551 3155 3617 3207 ad
3673 3171 3780 3209 an-

2204 3239 2333 3278 num
2364 3226 2525 3281 istum
2562 3245 2671 3299 quo
2693 3231 2763 3286 ad
2810 3234 3172 3305 episcopalem
3203 3240 3517 3309 dignitatem
3548 3256 3782 3300 evectus

2201 3327 2303 3372 est.
2342 3318 2591 3376 Secunda
2618 3335 2854 3394 exponet
2902 3327 2969 3381 de
2996 3330 3160 3385 rebus
3197 3331 3365 3401 gestis
3419 3336 3539 3404 ejus
3595 3353 3781 3407 usque

2201 3409 2268 3464 ad
2295 3412 2581 3468 concilium
2608 3414 3064 3485 Cbalcedonense,
3084 3437 3177 3476 seu
3196 3428 3592 3482 mcumenicum
3612 3448 3779 3499 quar-

2199 3510 2340 3557 tum.
2378 3503 2560 3561 Tertia
2586 3507 2821 3580 denique
2852 3515 3155 3569 reeensebit
3194 3518 3382 3573 ultima
3412 3522 3529 3589 ejus
3562 3525 3674 3578 fata
3719 3536 3776 3581 et

2199 3607 2383 3653 motus
2414 3613 2537 3669 post
2562 3603 2770 3656 obitum
2812 3604 2957 3661 illius
3013 3619 3181 3674 ortos,
3236 3612 3436 3681 quibus
3500 3614 3663 3671 ﬁnem
3723 3619 3773 3672 si

2203 3704 2310 3743 non
2356 3689 2501 3752 fecit.
2536 3691 2714 3749 facere
2739 3696 2930 3751 saltem
2959 3698 3145 3754 debuit
3171 3704 3463 3760 concilium
3497 3709 3775 3765 Constan-

2201 3783 2620 3852 tinopolitanum
2650 3800 2745 3841 seu
2796 3791 3191 3847 meumenicum
3219 3797 3490 3865 quintum.

2266 3874 2441 3941 Quam
2493 3880 2749 3934 nascendi
2806 3894 3006 3937 sortem
3064 3882 3310 3942 habuerit
3364 3889 3769 3961 Theodoretus,

2197 3967 2595 4038 ignoraremus,
2623 3973 2726 4027 nisi
2764 3973 2879 4044 ipse
2911 3974 3078 4043 (IIist.
3130 3980 3276 4051 relig.
3310 3998 3430 4053 cap.
3466 3984 3555 4053 15)
3588 4001 3767 4055 pauca

2196 4064 2482 4131 attigisset,
2515 4080 2545 4118 e
2565 4068 2764 4135 quibus
2792 4069 3086 4139 colligitur,
3131 4089 3254 4129 eum
3277 4074 3582 4132 Antiochiae
3614 4081 3765 4135 circa

2195 4154 2259 4208 A.
2296 4156 2357 4210 C.
2392 4156 2517 4222 586,
2554 4159 2609 4211 in
2639 4161 2815 4215 lucem
2873 4162 3080 4217 editum
3120 4181 3264 4231 esse,
3296 4170 3398 4224 etsi
3445 4170 3525 4243 [5]
3565 4171 3764 4230 Fabri-

2196 4248 2315 4304 cius
2348 4248 2625 4320 (Bibliotlt.
2658 4250 2751 4308 Gr.
2784 4254 2893 4308 vol.
2926 4254 3037 4320 VII,
3067 4273 3120 4327 p.
3150 4259 3275 4329 450)
3308 4263 3516 4319 natales
3544 4266 3669 4335 ejus
3695 4267 3765 4322 ad

2193 4342 2261 4396 A.
2286 4341 2348 4395 C.
2374 4344 2480 4398 395
2506 4344 2709 4401 referre
2744 4349 3017 4405 maluerit.
3042 4350 3160 4407 Non
3206 4354 3629 4413 immorabimur
3654 4364 3763 4414 mi-

2193 4433 2397 4489 raculis
2433 4438 2779 4493 recensendis
2825 4455 2946 4509 quae
2972 4442 3086 4511 ipse
3136 4444 3256 4499 loco
3310 4446 3422 4515 jam
3478 4449 3647 4504 citato
3695 4452 3764 4503 de

2194 4525 2511 4582 Macedonio
2538 4530 2732 4584 Asceta
2763 4531 2947 4597 refert,
2977 4535 3135 4604 cujus
3169 4539 3422 4607 precibus
3452 4556 3607 4596 suam
3666 4559 3765 4598 na-

2193 4618 2458 4673 tivitatem
2483 4620 2693 4677 tribuit.
2726 4620 2853 4679 Haec
2910 4625 3031 4680 ideo
3063 4638 3273 4684 tantum
3335 4633 3637 4701 attigimus,
3704 4646 3763 4689 ut

2192 4722 2473 4780 appareat,
2532 4728 2657 4768 eum
2712 4715 2917 4772 dictum
2966 4718 3138 4775 fuisse
3199 4721 3565 4795 Θεοδώρητον,
3628 4730 3757 4796 quia

2192 4804 2512 4870 parentibus
2550 4821 2582 4859 a
2614 4807 2725 4861 Deo
2755 4810 2911 4879 quasi
2961 4811 3197 4868 donatus
3229 4816 3520 4871 erat..:Non
3562 4820 3758 4874 lallun-

2192 4902 2280 4947 tur
2309 4895 2492 4964 itaque
2521 4897 2615 4967 qui
2649 4914 2843 4957 nomen
2901 4903 3022 4972 ejus
3068 4902 3253 4962 Graece
3293 4923 3389 4977 per
3443 4928 3477 4981 η
3517 4912 3757 4967 scribere

2187 4985 2398 5055 jubent,
2423 4991 2569 5059 quod
2603 4992 2657 5045 in
2684 4995 2965 5050 codicibus
2997 4998 3161 5051 etiam
3193 4999 3307 5055 ﬁeri
3338 5003 3755 5060 observavimus

520 5078 624 5134 sibi
658 5076 843 5132 videre
872 5085 1039 5131 totam
1067 5092 1127 5132 re
1148 5078 1267 5148 ipsa
1319 5081 1574 5145 haeresin.
1630 5083 1941 5153 ubicunque
2004 5086 2156 5148 velc
2188 5090 2473 5152 postquam
2524 5086 2734 5152 primus
2767 5088 2870 5142 hoc
2921 5104 3022 5144 nos
3070 5090 3254 5146 docuit
3297 5092 3416 5150 Joa.
3475 5096 3636 5153 Picus
3696 5100 3749 5153 in

519 5170 746 5225 minima
776 5170 988 5240 species
1016 5172 1323 5241 umbraque
1371 5184 1708 5230 occurreret.
1756 5195 1775 5227 ι
1846 5176 2087 5232 Fuerunt

517 5271 699 5318 autem
734 5262 885 5318 omni
914 5273 1177 5334 tempore,
1208 5266 1303 5336 qui
1332 5280 1554 5322 causam
1606 5265 1931 5323 Theodoreti
1992 5270 2086 5324 de-

518 5354 798 5412 fendentes
823 5356 927 5426 ipsi
958 5357 1170 5411 veritati
1203 5360 1528 5426 patrocinati
1562 5369 1712 5424 sunt,
1770 5358 1875 5416 etsi
1942 5360 2086 5416 Cett-

516 5447 696 5514 sinus,
729 5450 822 5519 qui
858 5450 913 5504 in
943 5448 1267 5505 Prmfatione
1301 5450 1369 5505 ad
1408 5452 1906 5522 interpretationem
1959 5453 2085 5508 Gal-

515 5540 677 5596 licam
729 5541 984 5598 Historia:
1017 5544 1201 5599 eccles.
1234 5543 1557 5599 Theodoreti
1592 5561 1788 5616 magno
1818 5561 1939 5601 cum
1996 5563 2084 5601 ar-

514 5631 646 5688 dore
674 5647 770 5703 pro
800 5634 893 5689 illo
912 5637 1189 5706 pugnavit,
1218 5646 1272 5692 et
1300 5636 1524 5692 forsitan
1546 5638 1790 5692 nonnulli
1823 5638 1911 5692 alii
1940 5639 2079 5692 haud

519 5722 793 5780 immerito
821 5724 1001 5782 nimiae
1051 5728 1105 5782 in
1142 5727 1293 5783 illum
1320 5726 1614 5784 voluntatis
1648 5730 1723 5785 rei
1755 5718 2075 5785 habeantur.

2191 5172 2349 5229 Pra-f.
2387 5177 2454 5231 ad
2488 5176 2816 5235 Theodoreti
2854 5182 3193 5247 Quaestioues
3224 5186 3277 5239 in
3334 5188 3747 5258 Octateuchum,

2189 5282 2328 5335 quas
2349 5267 2534 5325 Graace
2562 5272 2731 5327 edidit
2758 5272 2932 5328 Paris.
2963 5288 3014 5328 a.
3050 5276 3207 5332 1558.
3243 5279 3380 5333 idem
3417 5298 3634 5351 quoque
3660 5285 3749 5337 de—

2190 5356 2409 5414 fendere
2469 5363 2682 5417 videtur
2716 5362 2936 5429 Suidas,
2995 5369 3086 5437 qui
3142 5367 3471 5441 Bsoritbpno';
3534 5376 3746 5444 quidem

2190 5466 2384 5505 nomen
2418 5454 2697 5523 proprium
2733 5471 2855 5511 esse
2886 5458 3165 5527 observat,
3201 5462 3423 5517 alteram
3460 5480 3587 5519 vero
3615 5466 3749 5521 scri-

2187 5541 2344 5596 bendi
2372 5546 2633 5599 rationem
2674 5547 2955 5603 meliorem
2998 5565 3117 5605 esse
3141 5552 3285 5607 haud
3327 5553 3560 5611 obscure
3608 5556 3747 5611 indi-

2186 5644 2293 5700 cat,
2330 5638 2509 5693 verbis
2534 5639 2652 5695 istis
2677 5656 2799 5709 quae
2840 5644 3088 5713 proxima
3118 5656 3266 5712 sunt,
3301 5646 3643 5721 Θεοδώρητος
3686 5649 3746 5723 ῥὲ

2183 5729 2272 5782 διὰ
2304 5730 2394 5783 τοῦ
2432 5749 2464 5802 η
2489 5734 2522 5804 ἡ
2551 5733 2728 5805 δωρεὰ
2755 5736 2848 5791 τοῦ
2878 5738 3036 5792 Θεοῦ.
3092 5738 3358 5799 Nolumus
3414 5752 3594 5798 tamen
3640 5744 3743 5796 illis
