3924 6530
196 334 261 395 37
1595 331 2114 402 DISSERTATIO.
3392 336 3463 399 38

198 462 522 518 magnopere
546 450 856 516 adversari,
885 451 979 523 qui
1000 467 1199 508 nomen
1232 452 1365 508 illud
1396 467 1525 523 pert
1549 454 1791 511 scribere
1817 465 1861 519 Α
1894 455 2129 525 cogitur,
2164 452 2291 507 talia
2324 454 2557 509 subinde
2581 454 2632 508 in
2667 454 2890 508 Catenis
2921 452 3023 523 legi
3053 469 3117 509 ex
3174 451 3463 523 Theodoro

199 540 423 601 malunt,
478 542 616 606 quia
665 543 749 596 sic
777 559 998 613 quoque
1032 543 1086 597 in
1135 544 1423 599 codicibus
1472 544 1783 615 frequenter

198 631 478 695 scribitur,
523 634 809 703 imprimis
846 636 898 689 in
932 637 1305 692 Acrostichide
1338 637 1577 691 Canonis
1631 647 1781 693 cata-

198 724 388 793 nyctici
423 726 494 779 ad
550 727 931 793 Servatorem,
966 731 1111 801 apud
1165 730 1418 785 Lambec.
1474 732 1570 785 lib.
1621 748 1674 799 v,
1728 748 1781 800 p.

196 815 321 869 288.
363 818 471 871 Sed
505 821 785 875 mittimus
814 821 950 887 haec,
1008 832 1062 877 et
1116 822 1181 875 ad
1251 823 1561 887 historiam,
1592 839 1621 877 a
1676 840 1785 893 qua

202 912 478 981 paululum
510 914 753 983 digressi
778 932 1021 979 eramus,
1060 917 1408 971 revertimur.
1448 916 1702 981 Liberali,
1728 928 1789 973 ut

204 1015 435 1071 tempora
471 1004 756 1072 ferebant,
810 1008 1154 1064 institutione
1182 1009 1289 1062 frui
1342 1009 1492 1063 licuit
1541 1010 1789 1065 Theodo-

206 1106 335 1149 reto.
364 1100 411 1149 Δ
440 1099 628 1166 prima
665 1100 815 1152 enim
842 1100 1125 1170 juventute
1168 1101 1335 1155 vitam
1367 1101 1476 1171 egit
1504 1102 1557 1155 in
1601 1119 1789 1157 mona-

206 1188 363 1242 sterio
403 1188 671 1259 Euprepii
708 1206 875 1260 prope
918 1192 1285 1258 Antiochiam,
1332 1192 1421 1246 ubi
1450 1197 1626 1263 prima
1664 1210 1790 1248 eru-

207 1279 418 1332 ditionis
448 1282 641 1348 posuit
687 1280 1069 1345 fundamcnta,
1130 1285 1355 1355 adjutus
1420 1284 1606 1339 favore
1660 1283 1792 1340 Por—

206 1371 399 1439 phyrii,
434 1373 537 1440 qui
573 1388 639 1427 eo
665 1382 914 1444 tempore
948 1373 1204 1430 Ecclesia:
1246 1374 1601 1431 Antiochense
1655 1392 1795 1446 prte-

208 1460 685 1519 erat.Monasticze
735 1466 859 1519 vita
893 1482 923 1520 a
961 1469 1275 1536 parentibus
1336 1470 1460 1524 inde
1511 1484 1541 1523 a
1594 1471 1791 1524 nativi-

206 1566 303 1609 tate
334 1569 727 1622 consecratus,
761 1574 857 1628 per
890 1561 1108 1629 triginta
1124 1561 1189 1615 ad
1224 1561 1509 1616 minimum
1540 1579 1714 1617 annos
1738 1564 1791 1618 in

205 1648 537 1701 monasterio
559 1647 653 1701 illo
681 1660 933 1702 versatus
955 1658 1061 1713 est,
1082 1666 1180 1705 nec
1210 1649 1337 1703 inde
1366 1651 1648 1706 discedere
1698 1667 1795 1706 vo-

206 1738 315 1799 luit,
334 1754 461 1793 cum
485 1739 608 1809 jam
643 1741 862 1796 lectoris
882 1743 1163 1797 etdiacoui
1193 1744 1496 1797 honoresin
1529 1760 1653 1798 eum
1682 1744 1796 1798 col-

210 1830 294 1882 lati
316 1840 527 1884 essent.
554 1830 714 1885 Haud
736 1832 877 1887 male
903 1849 1030 1888 vero
1047 1834 1114 1888 ab
1144 1835 1235 1887 illo
1265 1834 1590 1889 collocatum
1625 1836 1794 1890 fuisse
1824 1804 1869 1863 Β

209 1932 417 1991 tempus
467 1924 621 1992 quod
670 1925 742 1979 ibi
788 1927 1076 1997 transegit,
1126 1935 1401 1981 testantur
1432 1929 1645 1999 egregia
1706 1928 1797 1983 illa

211 2015 406 2083 ingenii
458 2014 581 2069 fere
638 2016 810 2069 divini
843 2027 898 2070 et
945 2016 1157 2071 subacti
1222 2016 1408 2086 judicii
1478 2017 1795 2087 specimina,

208 2122 320 2174 qua:
344 2105 575 2170 deinde,
622 2124 748 2161 cum
796 2109 862 2161 ad
933 2125 1135 2163 munus
1192 2109 1501 2179 episcopale
1576 2118 1797 2164 evectus

210 2208 365 2257 esset,
399 2198 599 2252 edidit.
643 2198 824 2255 Libris
854 2199 935 2273 [6]
981 2201 1125 2267 istis,
1164 2202 1257 2271 qui
1314 2218 1512 2273 magno
1571 2218 1799 2259 numero

212 2299 527 2358 supersunt,
570 2291 941 2356 elaborandis,
976 2293 1426 2363 gravissimisque
1457 2293 1562 2348 illis
1624 2310 1792 2364 nego-

209 2383 294 2434 tiis
340 2398 468 2450 quae
497 2392 694 2449 postea
741 2384 929 2447 subiit,
963 2399 1047 2447 se,
1084 2399 1206 2438 cum
1240 2384 1293 2438 in
1331 2384 1433 2438 hoc
1459 2385 1649 2439 lateret
1680 2400 1798 2438 mo-

212 2477 471 2540 nasterio,
529 2477 792 2530 idoneum
835 2477 1089 2530 reddidit.
1135 2477 1244 2532 Nec
1275 2477 1563 2542 miramur,
1618 2486 1799 2534 tantos

211 2568 357 2621 illum
392 2568 448 2621 in
480 2584 770 2623 sacrarum
800 2567 1133 2623 Litterarum
1190 2569 1369 2623 studio
1429 2569 1620 2623 fecisse
1674 2584 1798 2638 pro-

212 2675 447 2724 gressus,
525 2675 653 2712 cum
726 2660 941 2715 licuerit
987 2660 1063 2713 illi
1112 2660 1523 2729 exoptatissima
1572 2658 1799 2715 Joannis

211 2752 908 2823 Chrysostomidiscipliua
955 2763 1010 2807 et
1063 2754 1411 2808 institutione
1442 2754 1567 2821 guti.
1616 2752 1793 2818 Quam

212 2846 316 2897 sint
353 2846 575 2911 felices,
612 2846 819 2914 quibus
846 2846 1137 2913 contingit,
1198 2847 1387 2916 probis
1454 2848 1797 2902 innotescere

211 2939 362 3000 viris,
396 2937 467 2989 ab
515 2952 715 2990 eorum
750 2952 847 2991 ore
890 2938 1144 3006 pendere,
1176 2955 1439 3009 suamque
1468 2940 1534 2994 ad
1580 2940 1795 2994 illorum

211 3032 520 3097 exemplum
566 3044 900 3096 componere
932 3030 1117 3094 vitam,
1151 3030 1253 3084 nisi
1286 3032 1530 3084 omnium
1587 3041 1795 3101 tempo-

214 3137 328 3173 rum
376 3122 613 3174 doceret
645 3121 895 3187 historia,
928 3121 1029 3175 lioc
1087 3121 1247 3176 unico
1293 3124 1540 3191 exemplo
1582 3123 1797 3176 abunde

213 3220 398 3281 posset
432 3211 814 3279 comprobari.
860 3210 1222 3267 Coucedimus
1254 3212 1498 3282 quidem,
1529 3214 1595 3267 ad
1648 3230 1797 3267 sum-

217 3321 357 3357 mum
384 3305 525 3357 illud
562 3304 616 3356 in
665 3305 966 3358 arte-bene
1014 3305 1230 3359 dicendi
1286 3304 1591 3375 fastigium,
1636 3290 1799 3376 quod

214 3400 350 3451 inter
377 3398 641 3453 rhetores
672 3413 858 3451 sacros
899 3413 1041 3452 unus
1091 3396 1203 3451 fere
1252 3401 1427 3452 tenuit
1475 3398 1802 3469 Chrysosto—

218 3508 356 3553 mus,
408 3506 527 3544 non
559 3491 935 3545 assurrexisse
956 3489 1380 3554 Theodoretum,
1413 3491 1462 3543 id
1491 3500 1668 3544 tamen
1710 3505 1801 3545 as-

220 3598 403 3637 serere
430 3597 550 3635 non
614 3580 952 3645 dubitamus,
988 3580 1041 3635 in
1106 3582 1336 3636 scientia
1387 3582 1490 3636 ista
1551 3581 1802 3652 theologo

218 3674 464 3742 apprime
509 3672 704 3740 digna,
734 3687 856 3740 quae
910 3680 1119 3740 spectat
1170 3673 1236 3725 ad
1295 3672 1801 3741 interpretationem

218 3779 501 3818 sacrarum
552 3761 912 3828 Litterarum,
967 3779 1074 3815 non
1123 3763 1407 3833 mysticam
1457 3764 1632 3828 illam,
1704 3763 1800 3818 sed

219 3859 458 3924 planam,
489 3855 844 3924 perspicuam
891 3861 945 3907 et
987 3854 1415 3924 uniuscujusque
1468 3854 1648 3925 captui
1709 3870 1803 3910 ac-

220 3944 657 4006 commodatam,
689 3944 777 3996 vix
823 3958 947 3998 esse
1002 3959 1335 4014 quemquam
1410 3947 1503 4015 qui
1567 3946 1805 4017 Chryso-

224 4048 399 4091 stonio
433 4038 511 4091 sit
537 4036 793 4090 similior.
836 4037 894 4090 In
928 4036 1031 4091 hoc
1083 4036 1346 4090 imitando
1377 4037 1514 4092 adeo
1558 4036 1687 4093 felix
1705 4036 1807 4091 fuit

224 4128 636 4190 Theodoretus,
687 4129 818 4183 utsi
852 4128 1290 4183 Commentarios
1330 4128 1450 4198 ejus
1504 4129 1558 4183 in
1619 4145 1807 4185 sacros

225 4225 389 4277 bbros
434 4222 584 4275 Novi
632 4223 983 4291 potissimum
1038 4220 1377 4278 Tcstamenti
1436 4222 1802 4289 consulimus,

224 4315 361 4367 haud
380 4331 515 4369 raro
533 4315 712 4382 ipsum
735 4313 1179 4384 Clirysostomum
1209 4317 1383 4385 legere
1412 4324 1681 4384 putemus.
1704 4315 1807 4370 Sed

226 4426 329 4464 non
361 4410 593 4463 unicum
620 4410 764 4460 hunc
793 4407 983 4460 habuit
1016 4408 1149 4460 artis
1182 4423 1293 4460 suae
1318 4406 1659 4476 magistrum.
1700 4406 1807 4459 Ha-

1884 546 1992 600 isto
2026 546 2081 598 in
2116 541 2385 607 Psalmos,
2417 560 2540 614 quae
2566 545 2877 611 ostendant,
2911 545 2980 598 ab
3024 545 3143 613 ipso
3181 545 3465 599 litteralem

1887 650 2110 690 sensum
2145 635 2375 689 feliciter
2405 636 2710 706 expositum
2748 637 2935 690 fuisse.
2970 635 3095 689 Haec
3149 636 3273 689 licet
3321 635 3465 690 haud

1887 725 2020 776 adeo
2068 725 2296 777 multum
2334 724 2398 778 ad
2457 726 2711 779 tuendam
2739 724 3009 780 Theodori
3039 741 3257 779 causam
3289 726 3468 780 facere

1885 820 2188 885 videantur,
2220 830 2423 886 tamen,
2460 825 2587 892 quia
2612 825 2680 877 ab
2725 823 3041 878 adversario
3097 840 3271 893 eoque
3328 824 3466 878 alias

1888 911 2022 964 satis
2054 911 2244 980 iniquo
2274 912 2723 981 proﬁciscuntur,
2755 914 3017 983 majorem
3046 914 3111 967 ad
3146 929 3270 967 eum
3305 928 3460 967 com-

1888 1004 2255 1056 mendandum
2314 1004 2424 1057 vim
2461 1004 2760 1068 habebunt,
2794 1022 2956 1075 quam
2996 1022 3117 1076 quae
3174 1004 3466 1061 Facundus

1889 1092 2078 1147 multis
2108 1094 2425 1163 complexus
2477 1102 2560 1150 est
2622 1097 2794 1150 libris.
2854 1096 3129 1165 Quidquid
3186 1113 3315 1151 vero
3376 1098 3465 1163 sit,

1890 1201 2079 1255 parum
2111 1188 2350 1252 proticua
2385 1188 2485 1241 fuit
2508 1187 2855 1241 Theodoreto
2899 1188 3265 1251 familiaritas,
3302 1204 3468 1257 quam

1891 1292 2015 1332 cum
2067 1279 2158 1331 illo
2208 1289 2578 1333 contraxerat.
2654 1280 2889 1350 Uterque
2946 1283 3114 1346 enim,
3179 1291 3467 1350 postquam

1892 1370 2027 1425 satis
2043 1371 2133 1424 diu
2164 1370 2373 1425 funesta
2411 1375 2474 1427 de
2509 1373 2685 1427 tribus
2716 1372 2980 1442 Capitulis
3013 1376 3211 1443 agitata
3241 1384 3357 1428 erat
3382 1375 3467 1438 lis,

1894 1463 1948 1515 in
1994 1464 2205 1533 synodo
2241 1480 2270 1515 v
2304 1464 2912 1534 Constantinopolitana
2950 1468 3013 1519 A.
3045 1467 3106 1522 C.
3142 1468 3265 1534 555,
3315 1469 3470 1521 dam-

1895 1562 2058 1608 natus
2084 1564 2188 1609 est.
2224 1555 2299 1609 De
2325 1554 2582 1610 Nestorio
2622 1567 2801 1610 autem
2839 1559 2967 1628 quid
3004 1559 3295 1613 dicamus?
3359 1560 3467 1631 Op-

1897 1647 2122 1700 tandum
2157 1663 2288 1701 sane
2323 1658 2495 1713 esset,
2551 1650 2756 1704 nullam
2789 1648 2987 1706 Nostro
3021 1668 3143 1705 cum
3176 1653 3267 1705 illo
3298 1653 3469 1706 inter-

1900 1740 2131 1794 cessisse
2165 1741 2640 1798 consuetudinem.
2680 1743 2871 1815 Magna
2898 1757 3076 1799 autem
3106 1732 3320 1815 pietatis
3349 1762 3473 1814 spe-

1895 1831 2028 1892 cies,
2064 1842 2227 1897 quam
2259 1846 2326 1884 eo
2359 1842 2618 1901 tempore,
2665 1849 2775 1903 quo
2827 1832 3201 1889 'l'heodoretus
3258 1837 3309 1889 iu
3356 1851 3472 1889 mo-

1896 1924 2140 1977 nasterio
2181 1923 2523 1988 versabatur,
2560 1940 2670 1995 prae
2705 1940 2762 1979 se
2820 1924 3030 1979 ferebat
3062 1925 3343 1982 Nestorius
3389 1927 3469 1981 ef-

1898 2010 2047 2078 fecit,
2091 2022 2150 2066 ttt
2187 2015 2493 2068 arctissima
2534 2016 2674 2069 inter
2705 2026 3002 2087 utrumque
3052 2020 3468 2072 contraheretur

1897 2107 2157 2172 amicitia,
2185 2123 2303 2177 quae
2336 2109 2592 2162 maximis
2622 2108 3042 2165 adversitatibus
3073 2126 3217 2180 mgre
3246 2110 3469 2165 dissolvi

1898 2202 2092 2269 putuit.
2138 2198 2517 2255 Theodoretus
2548 2202 2693 2254 enim
2730 2204 3033 2256 amicorum
3072 2219 3295 2257 suorum
3354 2214 3473 2258 erat

1898 2294 2337 2349 studiosissimus
2363 2303 2417 2348 et
2453 2294 2504 2347 in
2537 2293 2892 2350 defendendis
2938 2297 3045 2350 illis
3091 2298 3472 2351 constantissi-

1899 2397 2042 2436 mus.
2073 2381 2370 2437 Multorum
2407 2384 2521 2439 haec
2571 2386 2672 2455 ipsi
2706 2386 2807 2440 fuit
2838 2401 3003 2440 causa
3056 2387 3345 2453 malorum,
3408 2390 3473 2440 de

1897 2475 2096 2545 quibus
2125 2477 2177 2529 in
2211 2478 2459 2545 proxima
2486 2477 2653 2546 hujus
2681 2478 3091 2534 Dissertationis
3122 2490 3273 2550 parte
3298 2482 3476 2550 aptior

1896 2568 2000 2620 erit
2026 2567 2241 2621 dicendi
2275 2568 2449 2624 locus.
2484 2567 2598 2623 Hoc
2630 2572 2853 2625 unicum
2913 2587 3059 2626 nunc
3106 2572 3471 2642 adjiciendum

1899 2662 2035 2725 erit,
2078 2674 2293 2715 errores
2349 2662 2473 2725 viri,
2514 2662 2673 2731 cujus
2722 2679 3011 2732 personam
3064 2666 3293 2731 colebat,
3356 2683 3473 2719 ma-

1899 2750 2133 2821 gnopere
2185 2753 2511 2806 detestatum
2539 2769 2662 2807 esse
2703 2752 3130 2819 Theodoretum,
3160 2766 3220 2810 ut
3273 2756 3472 2826 scripta

1898 2844 2017 2914 ejus
2050 2854 2104 2899 et
2134 2846 2266 2899 Acta
2316 2846 2532 2900 concilii
2563 2847 3027 2902 Chalcedonensis
3056 2832 3345 2903 testantur.

1969 2938 2101 3004 Quae
2141 2935 2347 2991 fuerint
2369 2938 2656 3007 scriptoris
2690 2944 2858 2994 nostri
2890 2940 3210 3009 primordia,
3236 2958 3346 3011 quo
3382 2944 3474 2996 de-

1898 3029 2133 3084 lectatus
2162 3030 2232 3083 sit
2259 3029 2566 3084 studiorum
2605 3046 2823 3101 genere,
2853 3047 2993 3101 quos
3024 3033 3276 3087 habuerit
3339 3050 3469 3101 prae.

1900 3130 2172 3191 ceptores,
2212 3136 2460 3190 quosque
2490 3123 2727 3176 coluerit
2758 3124 2985 3188 amicos,
3019 3125 3281 3179 hactenus
3320 3126 3473 3178 vidi-

1901 3230 2045 3270 mus.
2081 3214 2388 3268 Verendum
2424 3223 2606 3269 autem
2634 3224 2739 3277 est,
2769 3232 2856 3277 ne,
2894 3225 2951 3269 ut
2974 3216 3124 3284 justo
3155 3218 3359 3272 diutius
3403 3219 3470 3270 il-

1900 3307 2013 3361 lttm
2068 3305 2124 3358 in
2162 3304 2415 3359 cmuobio
2465 3302 2649 3358 Sancti
2686 3303 2942 3374 Euprepii
2994 3306 3271 3358 delituisse
3339 3318 3475 3357 non-

1902 3398 2038 3451 nulli
2102 3405 2314 3466 putant,
2362 3398 2433 3449 ita
2487 3412 2705 3465 quoque
2760 3414 2859 3451 nos
2906 3396 3018 3466 jam
3052 3398 3183 3451 satis
3245 3397 3334 3449 diu
3391 3398 3475 3449 his

1902 3490 2026 3544 vita:
2085 3490 2205 3558 ejus
2253 3489 2425 3543 initiis
2475 3490 2800 3542 immoratos
2855 3505 2976 3543 esse
3028 3489 3361 3542 existiment.
3396 3487 3475 3561 [8]

1903 3579 2239 3636 Comitemur
2289 3578 2470 3647 itaque
2497 3593 2643 3633 nunc
2674 3577 3075 3632 Theodoretum
3105 3595 3168 3632 ex
3225 3581 3476 3648 angustis

1904 3670 2223 3725 monasterii
2258 3670 2405 3724 illius
2440 3670 2700 3725 cancellis
2738 3671 2791 3723 in
2837 3670 3158 3739 ampliorem
3219 3680 3272 3723 ct
3326 3680 3477 3724 tanto

1905 3767 2024 3819 viro
2062 3764 2364 3833 digniorem
2424 3778 2643 3818 scenam
2717 3763 3095 3831 prodeuntem.
3160 3760 3475 3827 Videamus,

1906 3871 2070 3925 quam
2099 3856 2295 3910 deinde
2324 3870 2610 3924 personam
2651 3857 2842 3924 egerit,
2876 3865 2929 3909 et
2962 3870 3084 3925 qua!
3138 3853 3303 3908 fuerit
3359 3860 3479 3924 ejus

1908 3949 1963 4002 in
2006 3945 2439 4002 administrando
2460 3946 2987 4015 munereepisc0pali
3011 3962 3132 4000 rara
3158 3946 3476 4002 assiduitas.

1906 4041 2191 4097 Publicum
2227 4039 2485 4094 Ecclesite
2512 4040 2788 4094 doctorem
2843 4039 2959 4108 jam
2998 4054 3159 4109 agere
3211 4051 3472 4111 coeperat,

1908 4148 2033 4187 cum
2074 4134 2143 4187 ab
2171 4133 2478 4186 Alexandro
2506 4130 2805 4185 Antiochia:
2822 4132 2921 4185 huc
2951 4140 3193 4200 tempore
3221 4136 3480 4202 episcopo

1909 4224 2175 4280 diaconus
2234 4222 2566 4277 constitutus
2613 4230 2777 4275 esset.
2818 4220 2931 4275 Hoc
2981 4235 3229 4287 munere,
3284 4223 3386 4275 etsi
3451 4238 3479 4274 e

1908 4316 2240 4371 monasterio
2258 4331 2359 4369 suo
2383 4313 2618 4368 nondum
2643 4327 2917 4383 egressus,
2942 4328 3153 4368 summa
3172 4329 3293 4367 cum
3320 4315 3480 4368 laude

1910 4407 2131 4463 functus
2161 4414 2268 4469 est,
2296 4422 2421 4460 cum
2460 4404 2514 4457 in
2555 4404 2924 4467 sermonibus,
2955 4419 3095 4473 quos
3121 4420 3303 4457 coram
3334 4414 3476 4459 cmtu

229 4504 336 4555 buit
360 4502 539 4555 etiam
558 4498 926 4565 Theodorum,
955 4496 1560 4567 quemMopsuestenum
1588 4500 1799 4565 dicunt,
1836 4506 1879 4561 D
1909 4516 2065 4556 sacro
2096 4500 2380 4563 recitabat,
2425 4498 2953 4567 Apollinaristarum,
2985 4497 3310 4550 Arianorum
3345 4498 3482 4551 aliu-

228 4597 291 4647 de
338 4607 456 4663 quo
492 4590 776 4645 nescimus
803 4605 871 4643 an
901 4590 1036 4644 satis
1064 4590 1497 4660 rectejudicent,
1533 4592 1625 4659 qui
1682 4607 1804 4646 cum

230 4686 492 4741 Patribus
525 4682 719 4754 synodi
761 4684 967 4751 quinta:
987 4698 1203 4737 omnem
1239 4683 1357 4750 ejus
1404 4684 1667 4738 datnuaut
1697 4700 1812 4739 me-

232 4781 493 4832 moriam.
542 4774 881 4829 Paucissima
913 4773 1059 4828 illius
1111 4773 1175 4827 ad
1223 4789 1322 4828 nos
1357 4783 1622 4828 venerunt
1675 4774 1811 4828 scri-

236 4886 343 4940 pta,
373 4871 576 4925 Graeco
614 4867 872 4921 idiomate
927 4865 1264 4934 consignata,
1315 4866 1470 4934 plura
1543 4880 1691 4928 vero,
1753 4875 1811 4919 ut

237 4968 379 5017 bene
408 4969 606 5015 contra
634 4958 928 5029 Dupinium
965 4959 1175 5013 monuit
1222 4958 1379 5013 Ricli.
1424 4956 1613 5012 Simon
1670 4956 1807 5011 Crit.

232 5067 364 5108 tom.
404 5052 445 5116 Ι,
478 5051 695 5121 p.107.
761 5051 903 5104 inter
954 5048 1120 5120 Syros
1176 5050 1470 5120 quaerenda
1525 5058 1669 5104 sunt.
1734 5049 1811 5103 Ex

228 5148 421 5217 paucis
468 5145 599 5201 illis.
638 5158 759 5210 quae
784 5144 895 5197 sive
928 5143 1187 5211 temporis
1216 5142 1331 5195 sive
1369 5142 1808 5196 adversariorum

228 5242 347 5309 ejus
384 5236 676 5306 iniquitate
706 5236 863 5289 nobis
890 5236 1073 5289 relicta
1110 5245 1257 5297 sunt,
1290 5239 1376 5287 vix
1408 5236 1539 5289 satis
1563 5234 1812 5304 judicare

229 5335 522 5400 licet,quze
549 5328 714 5382 fuerit
737 5329 837 5382 viri
870 5327 1103 5382 illiussic
1121 5329 1261 5381 dicta
1280 5329 1616 5397 improbitas.
1647 5327 1811 5382 Sum-

232 5443 374 5478 mam
395 5435 579 5477 tamen
604 5422 725 5491 ejus
768 5422 817 5475 in
849 5430 959 5474 toto
996 5419 1214 5474 Oriente
1245 5419 1415 5475 fuisse
1431 5422 1808 5475 auctoritatem

234 5520 511 5581 norimus,
541 5524 594 5571 et
626 5515 671 5570 si
703 5531 770 5570 ex
806 5513 1170 5581 Fragmentis,
1201 5530 1323 5583 quae
1350 5514 1403 5566 in
1438 5513 1657 5568 Catenis
1689 5530 1813 5581 pas-

234 5612 337 5665 sim
389 5610 551 5665 obvia
574 5616 725 5671 sunt,
756 5604 920 5677 dej'ij
956 5607 1060 5659 hoc
1090 5604 1645 5675 Scriptorcjudicium
1672 5605 1812 5659 ferre

241 5703 476 5766 licuerit,
514 5702 672 5755 laude
717 5700 901 5769 potius
949 5714 1112 5768 quam
1164 5698 1561 5766 vituperatione
1616 5696 1811 5765 dignus

240 5795 532 5853 videbitur.
559 5794 680 5864 Ipse
705 5789 1008 5846 Garncrius
1037 5788 1305 5855 Auctarii,
1350 5804 1402 5859 p.
1466 5788 1585 5855 tst,
1651 5789 1809 5845 fateri

1912 4610 2143 4662 rumque
2170 4608 2383 4647 errores
2418 4591 2616 4645 acriter
2647 4593 3059 4660 perstringeret.
3091 4589 3279 4644 Sacris
3311 4591 3479 4651 hisce,

1910 4688 1956 4743 si
1988 4689 2063 4742 ita
2092 4688 2273 4743 dicere
2303 4686 2388 4742 fas
2415 4688 2507 4751 sit,
2541 4686 2757 4755 przeliis,
2801 4686 3144 4756 gravioribus
3177 4702 3298 4756 qua:
3335 4698 3482 4756 post-

1909 4796 1973 4834 ea
2022 4779 2213 4843 subiit,
2248 4778 2645 4833 certaminibus
2676 4778 2831 4847 quasi
2866 4777 3162 4847 praludere
3195 4780 3347 4834 visus
3377 4788 3478 4845 est,

1910 4878 2227 4937 tantamque
2251 4870 2316 4922 de
2351 4884 2411 4923 se
2439 4883 2589 4937 spem
2640 4866 2787 4932 fecit,
2844 4876 2903 4921 ut
2943 4883 3065 4921 cum
3096 4868 3244 4939 Cyri,
3313 4867 3483 4940 Syria:

1912 4960 2281 5028 Euphratesiae
2311 4960 2481 5023 urbis,
2509 4976 2673 5030 quam
2704 4959 2791 5013 alii
2820 4959 3087 5031 berrum
3118 4960 3330 5025 dicunt,
3363 4962 3481 5031 epi-

1917 5068 2117 5122 scopus
2157 5053 2267 5107 vita
2299 5053 2589 5106 defunctus
2659 5062 2821 5116 esset,
2859 5052 3172 5107 Theodotus
3226 5067 3291 5106 eo
3346 5061 3482 5106 tem-

1912 5160 2042 5214 pore
2072 5145 2378 5199 Antiochiae
2410 5144 2628 5213 praesul,
2671 5143 2928 5199 Nostrum
2964 5144 3343 5213 dignissimum
3382 5159 3482 5211 pu—

1915 5244 2074 5302 taret,
2105 5236 2198 5306 qui
2231 5237 2343 5291 sedi
2390 5236 2519 5289 huic
2572 5235 2867 5306 episcopali
2921 5236 3321 5289 admuveretur.
3379 5232 3482 5287 Fa-

1914 5341 2060 5385 ctum
2097 5332 2195 5385 hoc
2222 5345 2342 5385 esse
2394 5337 2587 5400 putant
2615 5329 2882 5385 Baronius
2925 5338 2978 5383 et
3008 5327 3296 5381 Tillemont
3320 5326 3382 5381 Α.
3416 5325 3479 5382 C.

1912 5422 2037 5475 ηδ.
2074 5421 2365 5475 Sententiae
2399 5433 2510 5474 sua:
2538 5418 2949 5479 fundamentum
2989 5426 3181 5488 petunt
3203 5431 3271 5470 ex
3307 5416 3483 5471 Theo-

1913 5511 2089 5565 doreti
2118 5510 2186 5565 ad
2211 5510 2446 5565 Leonem
2497 5511 2811 5579 episcopum
2884 5508 3189 5561 Romanum
3230 5507 3480 5577 epistola,

1914 5618 2036 5673 quae
2062 5609 2147 5657 est
2175 5602 2474 5657 centesima
2496 5602 2703 5657 decima
2737 5601 2912 5653 tertia.
2948 5596 3004 5650 In
3034 5597 3123 5650 illa
3156 5597 3300 5673 enim
3329 5598 3480 5664 dicit,

1915 5712 1973 5750 se
2000 5711 2097 5750 sex
2133 5704 2188 5751 et
2216 5695 2406 5766 viginti
2459 5695 2619 5748 annis
2655 5708 2683 5745 a
2722 5691 2829 5745 Deo
2866 5689 2965 5744 sibi
3013 5690 3324 5746 commissa;
3377 5690 3480 5744 Ec-

1915 5789 2094 5845 clesiae
2157 5788 2456 5860 praefuisse.
2530 5784 2792 5839 Eumdcm
2848 5783 3174 5857 episcOpalis
3236 5781 3482 5855 muneris
