3924 6560
432 330 507 395 39
1397 318 1496 378 DE
1532 316 1708 383 VITA
1746 314 1841 374 ET
1875 306 2216 373 SCRIPI‘IS
2245 304 2735 368 THEODORETI

3629 297 3711 363 ω

435 449 643 491 annum
686 430 839 503 ponit
867 430 920 485 in
953 428 1113 500 epist.
1155 426 1281 495 116,
1313 441 1436 498 qua:
1460 424 1669 481 Renato
1702 423 2019 495 presbytero
2052 430 2095 485 Α
2125 433 2245 472 rum
2278 416 2557 472 erroribus
2588 430 2717 487 grex
2750 421 2935 468 noster
2965 421 3188 503 ereptus
3225 418 3342 503 est.
3386 408 3553 503 Novit
3601 405 3701 503 qni

435 524 698 595 inscripta
745 530 850 579 est.
887 519 1009 576 1am
1051 534 1183 576 vero
1210 530 1439 589 utraque
1470 517 1587 572 lucc
1615 516 1846 585 epistola
1906 528 2016 567 non

436 615 615 685 potuit
644 615 811 670 scribi
843 624 969 669 ante
1015 613 1081 667 A.
1118 611 1181 666 C.
1214 611 1340 676 M9,
1368 610 1421 664 iu
1454 627 1618 681 quam
1694 608 1881 663 incidit
1932 622 2021 676 sy-

438 709 616 764 nodus
646 706 937 779 λῃστρικὴ,
967 707 1035 761 de
1061 721 1167 775 qua
1202 706 1254 758 in
1282 705 1366 758 his
1389 703 1716 773 litterisjure
1747 701 2016 772 queritur.

438 797 606 854 Recte
634 799 820 867 itaque
853 813 913 853 se
948 797 1111 851 habet
1160 796 1427 860 calculus,
1474 795 1519 849 si
1565 809 1793 849 summa:
1845 807 2020 846 anno-

440 907 563 947 rum
594 891 699 946 419
729 891 1092 946 detrahuntur
1120 888 1190 943 26
1238 890 1388 943 anni.
1420 889 1593 942 Aliam
1630 897 1811 942 tamen
1866 900 2019 940 com-

438 984 667 1055 putandi
699 984 964 1038 ratioaem
1030 990 1356 1051 sequuntur,
1410 982 1502 1049 qui
1553 996 1759 1033 annum
1812 987 2022 1049 ponunt

439 1077 567 1132 420.
592 1075 733 1132 Huic
771 1073 1055 1130 sententire
1083 1088 1185 1128 nos
1208 1072 1374 1127 etiam
1402 1071 1826 1134 subscribimus,
1900 1078 2016 1123 tum

438 1171 566 1240 quia
613 1166 928 1223 confirmari
983 1165 1199 1220 videtur
1269 1180 1365 1235 per
1423 1163 1711 1234 epistolam
1759 1163 1829 1218 85
1899 1177 2022 1232 quae

439 1262 641 1331 scripta
673 1268 757 1314 est
786 1260 854 1312 ad
906 1257 1230 1313 Dioscorum
1286 1256 1605 1327 episcopum
1654 1254 2017 1320 Alexandriae,

442 1360 557 1407 tum
598 1350 726 1420 quia
754 1350 861 1403 alio
891 1349 1092 1419 duplici
1143 1348 1426 1419 scriptoris
1477 1348 1650 1402 nostri
1700 1346 2018 1401 testimonio

440 1441 577 1498 satis
611 1438 691 1513 [9]
726 1440 990 1495 munitur.
1025 1440 1105 1494 Ad
1165 1438 1518 1494 Eutrechium
1567 1438 1712 1493 enim
1775 1438 2021 1492 scribens

442 1528 731 1599 (Epistula
774 1537 857 1583 est
883 1530 1215 1599 octogesima
1266 1527 1541 1596 numero)
1588 1526 1911 1583 Pontilicem
1963 1542 2023 1583 se

442 1620 693 1675 nominat
719 1619 813 1689 qui
847 1619 1221 1689 episcopatum
1277 1633 1375 1687 per
1411 1618 1481 1672 ‘25
1536 1631 1714 1671 annos
1767 1616 2017 1687 gesserit.

441 1711 705 1768 Eumdem
741 1728 1031 1766 numerum
1070 1711 1216 1782 ponit
1256 1711 1309 1764 iu
1351 1711 1550 1765 litteris
1575 1726 1716 1779 quas
1780 1711 1846 1765 ad
1905 1708 2038 1764 No-~

441 1818 595 1859 mum
639 1804 920 1858 consulem
951 1804 1101 1858 dedit
1154 1801 1401 1874 (epistola
1432 1811 1516 1857 cst
1548 1802 1662 1870 81).
1692 1800 1835 1856 'Jam
1886 1818 2019 1857 vero
2050 1785 2092 1840 Β

440 1894 650 1952 Nomus
677 1896 868 1951 consul
897 1894 1000 1950 fuit
1030 1912 1159 1950 anu.
1190 1895 1316 1950 445.
1357 1894 1411 1948 Si
1440 1895 1625 1964 itaque
1645 1894 2020 1950 demasanuos

443 1988 536 2055 25,
566 1989 762 2044 incidit
792 1990 1008 2044 initium
1039 1988 1321 2060 dignitatis
1342 1989 1672 2060 cpisc0palis
1692 1987 2021 2043 Theodoreti

443 2086 499 2142 in
528 2101 659 2140 ann.
700 2084 764 2141 Ο.
800 2085 927 2141 420.
960 2086 1019 2140 ln
1050 2086 1239 2141 eadem
1261 2086 1328 2140 ad
1369 2084 1603 2141 Nonium
1658 2085 1888 2155 epistola
1944 2092 2021 2140 te-

442 2190 642 2244 statur,
662 2195 720 2235 se
746 2181 975 2235 invitum
1003 2180 1315 2235 ordinatum
1349 2196 1494 2236 esse.
1520 2180 1678 2246 Quod
1706 2195 1772 2235 ne
1794 2178 2022 2237 miretur

442 2272 757 2342 quisquam,
792 2272 902 2327 duo
933 2273 1606 2339 commemorandaerunt,
1636 2287 1756 2342 quae
1777 2273 1831 2326 in
1855 2286 2021 2327 causa

444 2366 616 2421 fuisse
668 2365 945 2432 videntur,
974 2380 1073 2420 cur
1108 2367 1313 2423 invitus
1343 2367 1482 2422 banc
1508 2367 1844 2437 provinciam
1874 2367 1932 2423 in
1963 2382 2024 2421 se

445 2458 767 2528 susceperit.
800 2458 967 2528 Regio
995 2459 1301 2530 Cyrestica,
1336 2460 1461 2515 licet
1497 2460 1842 2530 octingentos
1872 2460 2022 2514 vicos

446 2550 951 2620 comprehenderet,
1002 2560 1061 2605 ut
1108 2566 1174 2606 ex
1214 2552 1447 2621 epistola
1477 2552 1544 2607 ad
1599 2550 1837 2607 Leonem
1894 2551 2021 2607 data

446 2643 589 2715 (qua:
617 2652 702 2699 est
750 2644 872 2714 115)
908 2654 1076 2713 patet,
1106 2645 1207 2699 soli
1238 2653 1419 2700 tamen
1457 2646 1746 2700 sterilitate
1796 2661 2021 2715 magno-

444 2750 571 2805 pere
601 2734 971 2804 premebatur,
1000 2736 1412 2804 montibusque,
1447 2744 1507 2789 ut
1554 2734 1751 2790 Noster
1786 2735 1851 2790 ad
1881 2734 2024 2790 Cou-

445 2830 709 2883 stantium
746 2827 1061 2897 prtefectum
1088 2829 1278 2884 scribit
1311 2828 1491 2898 (epist.
1515 2827 1629 2896 42),
1671 2827 1880 2883 inclusa
1905 2836 2025 2883 erat

446 2921 637 2975 multis
670 2930 725 2975 et
756 2922 990 2991 magnis,
1031 2923 1231 2993 partim
1264 2921 1425 2992 plane
1462 2922 1644 2985 nudis,
1689 2924 1884 2992 partim
1939 2921 2025 2975 iu-

447 3011 744 3068 fructuosis
769 3015 1062 3069 arboribus
1094 3015 1346 3070 consitis.
1375 3013 1627 3069 Miseram
1658 3028 1879 3084 quoque
1904 3028 2024 3069 eam

2119 507 2303 562 omnia
2350 506 2514 569 videt,
2549 513 2683 575 quot
2719 503 2923 571 lapides
2960 516 2992 555 a
3042 499 3292 555 nefandis
3322 494 3589 553 haereticis
3640 498 3704 553 in

2120 616 2208 655 me
2234 601 2513 671 coniectos
2542 597 2874 667 exceperim,
2925 610 3089 665 quam
3142 593 3331 648 multis
3373 591 3429 645 iu
3475 590 3704 645 urbibus

2122 693 2361 748 Orientis
2392 691 2695 746 certamina
2725 689 2859 743 mihi
2893 687 3179 744 subeunda
3236 684 3442 740 fuerint
3504 685 3701 739 adver-

2088 814 2091 819 ·
2120 806 2217 845 sus
2254 789 2507 861 gentiles,
2536 788 2798 842 adversus
2830 784 3053 839 Iudaeos
3087 793 3144 838 et
3194 783 3457 838 adversus
3507 793 3699 834 omnes

2121 882 2500 937 haereticorum
2531 893 2768 933 errores.
2804 896 2822 927 ι
2856 875 2982 931 Haec
3006 884 3187 930 autem
3248 889 3316 929 ne
3369 874 3496 945 quis
3546 872 3698 942 justo

2120 973 2471 1028 ambitiosius
2502 988 2533 1026 a
2572 970 2772 1025 Nostro
2798 969 2941 1023 dicta
2977 983 3101 1023 esse
3139 977 3309 1039 putet,
3365 965 3699 1021 monendum

2118 1066 2241 1131 erit,
2297 1064 2490 1119 acerba
2544 1063 2642 1116 viri
2685 1062 2869 1117 multis
2893 1060 3295 1115 calamitatibus
3330 1074 3396 1114 eo
3456 1067 3703 1127 tempore

2119 1159 2361 1226 oppreSsi
2405 1156 2667 1210 fatahanc
2690 1157 2811 1208 vita:
2830 1153 2985 1223 quasi
3014 1153 3304 1221 imaginem
3334 1160 3388 1205 et
3416 1149 3697 1205 defensio-

2122 1265 2244 1304 nem
2274 1247 2621 1318 elliagitasse.
2657 1248 2811 1301 Alias
2844 1247 2989 1302 enim
3009 1247 3060 1299 iu
3078 1245 3331 1299 laudibus
3359 1243 3474 1298 suis
3504 1241 3703 1312 praedi-

2119 1342 2329 1407 candis,
2354 1342 2497 1411 quod
2520 1343 2780 1396 modestis
2803 1340 3083 1410 proprium
3096 1353 3217 1394 esse
3241 1337 3396 1399 solet,
3413 1337 3702 1390 estadmo-

2123 1435 2252 1489 dum
2287 1450 2505 1505 parcus.
2566 1434 2769 1504 Ecquis
2794 1434 2977 1503 itaque
2993 1440 3096 1499 est,
3120 1430 3213 1501 qui
3246 1446 3352 1485 non
3386 1430 3699 1500 perspiciat,

2119 1544 2337 1584 summo
2369 1530 2551 1585 studio
2582 1527 2839 1583 Nostrum
2900 1530 2954 1582 in
3000 1542 3066 1581 eo
3114 1526 3413 1588 laborasse,
3483 1534 3543 1579 ut
3596 1540 3703 1591 pu-

2121 1623 2319 1677 riorem
2364 1623 2480 1677 suis
2541 1621 2781 1677 traderet
2844 1620 3169 1684 doctrinam,
3226 1632 3457 1686 eamque
3511 1625 3701 1670 contra

2121 1713 2347 1784 quosvis
2381 1728 2601 1768 errores
2631 1711 2875 1767 mascule
2907 1709 3266 1767 defenderet?
3302 1709 3367 1764 Et
3405 1709 3533 1778 quis
3588 1722 3699 1760 non

2123 1807 2416 1861 mirabitur
2449 1806 2828 1861 assiduitatem
2852 1816 2907 1860 et
2937 1804 3271 1859 indefessum
3304 1801 3539 1857 studium
3572 1800 3699 1863 viri,

2121 1901 2215 1970 qui
2244 1889 2375 1954 eum"
2401 1900 2746 1970 octingentas
2793 1913 2940 1955 cura)
2972 1913 3087 1954 suae
3120 1895 3445 1952 commissas
3480 1895 3705 1949 haberet

2123 1993 2420 2057 Ecclesias,
2474 1995 2710 2048 aliorum
2757 2008 2978 2064 quoque
3008 1993 3304 2047 multorum
3350 1989 3512 2046 saluti
3572 2004 3703 2057 pro-

2122 2084 2339 2159 spexit?
2397 2087 2510 2144 Hoc
2561 2089 2664 2144 sibi
2713 2088 2899 2142 datum
2952 2102 3076 2143 esse
3151 2087 3428 2156 negotium
3491 2082 3707 2155 putavit

2124 2182 2523 2248 Theodoretus,
2563 2193 2621 2236 ut
2676 2197 2782 2236 non
2840 2180 3133 2252 Cyresticat
3170 2180 3333 2235 modo
3383 2177 3702 2249 provinciae,

2122 2278 2218 2333 sed
2246 2277 2596 2332 Antiocheuis
2611 2290 2847 2347 quoque,
2870 2274 3319 2330 Berrbteensibus
3336 2273 3564 2341 aliisque
3581 2273 3706 2341 pluo

2126 2373 2279 2428 ribus
2309 2372 2550 2428 caelestis
2593 2371 2858 2426 doctrina:
2892 2369 3151 2425 veritates
3214 2369 3507 2424 occasione
3539 2380 3703 2420 enata

2124 2475 2473 2536 proponeret.
2510 2463 2619 2518 Nec
2648 2463 2807 2519 laude
2835 2471 2985 2518 caret
3012 2461 3333 2527 liberalitas,
3378 2476 3485 2530 qua
3532 2474 3704 2529 egen-

2126 2560 2275 2615 tibus
2321 2557 2596 2613 distribuit
2626 2557 2791 2619 bona,
2822 2570 2943 2625 quae
2973 2569 3003 2608 a
3035 2554 3353 2624 parentibus
3393 2563 3705 2622 acceperat,

2124 2653 2330 2716 omnia,
2356 2663 2409 2708 et
2438 2652 2643 2707 reditus
2666 2666 2793 2706 suos
2822 2649 3051 2720 publica;
3078 2649 3301 2703 utilitati
3328 2646 3444 2720 111]
3508 2662 3708 2702 conse-

2126 2747 2317 2803 cravit.
2366 2744 2577 2812 Quibus
2607 2756 2667 2798 ut
2695 2743 2857 2797 ﬁdem
2890 2742 3178 2805 faciamus,
3211 2742 3377 2796 verba
3424 2732 3597 2811 ipsius
3631 2756 3707 2794 ex

2129 2841 2371 2913 Epistula
2402 2841 2468 2895 ad
2514 2839 2749 2894 Leonem
2780 2837 3156 2891 Romanorum
3187 2837 3499 2907 episcopum
3530 2852 3709 2905 appu-

2127 2935 2333 2990 nimus.
2370 2952 2387 2985 ι
2422 2932 2749 3003 Episcopatu
2802 2931 3001 3001 inquit,
3038 2939 3120 2984 tot
3178 2931 3339 2984 annis
3392 2941 3544 3000 gesto
3593 2946 3708 2984 nun

2127 3026 2351 3080 domum
2404 3022 2695 3092 acquisivi,
2730 3036 2838 3075 non
2864 3034 3076 3089 agrum,
3131 3006 3271 3072 uon'
3298 3018 3539 3083 obolum,
3594 3032 3710 3069 non

447 3115 607 3161 vocat
632 3107 907 3177 regionem
938 3108 992 3161 in
1028 3108 1223 3163 litteris
1254 3109 1323 3163 ad
1348 3106 1694 3163 Puleheriam
1721 3109 2022 3177 Augustam
2052 3126 2097 3189 ρ
2127 3117 2459 3187 ερρυιοιιυιη,
2490 3115 2583 3169 sed
2616 3120 2808 3183 sponte
2830 3118 3201 3181 paupertatem
3237 3107 3520 3177 amplexus
3555 3122 3707 3167 sum,

451 3199 597 3255 datis
629 3199 811 3269 (epist.
845 3200 956 3267 15).
990 3199 1159 3271 Magis
1186 3210 1367 3255 autem
1408 3202 1685 3255 deterrere
1715 3216 1839 3254 eum
1872 3210 2026 3269 pote-

449 3303 535 3348 rat
561 3292 1005 3349 Marcionitarum
1023 3296 1465 3365 Arianorumque
1495 3294 1728 3350 nefanda
1764 3294 2021 3363 haeresis,

448 3403 573 3458 qua:
599 3399 706 3443 tam
742 3388 881 3444 altas
914 3388 986 3442 ibi
1017 3396 1199 3459 egerat
1236 3388 1469 3454 radices,
1507 3398 1563 3442 ut
1592 3402 1699 3442 non
1740 3389 1859 3443 siue
1880 3403 2033 3443 sum-

449 3482 557 3538 mis
608 3480 1018 3537 difficultatibus
1074 3482 1362 3551 exstirpari
1415 3483 1670 3552 potuerit.
1745 3481 1851 3537 Sed
1910 3496 2033 3552 qua:

449 3591 551 3647 per
578 3586 821 3631 extrema
861 3576 1105 3645 pericula
1144 3585 1198 3630 et
1229 3565 1478 3631 summas
1508 3576 1851 3631 calamitates
1899 3575 2028 3630 illu-

460 3668 632 3724 strior
659 3678 905 3738 apparet,
944 3668 1131 3724 divina
1165 3669 1357 3740 gratia,
1391 3679 1588 3740 praesto
1620 3662 1725 3724 fuit
1764 3668 1823 3723 Β.
1854 3667 2033 3725 Theo-

455 3763 667 3827 doreto,
694 3763 1051 3833 animumque
1081 3763 1158 3817 illi
1190 3764 1419 3829 addidit,
1459 3772 1518 3819 ut
1550 3762 1765 3833 abjecto
1790 3764 1939 3818 omni
1960 3764 2031 3818 ti-

452 3872 607 3912 more
635 3856 1197 3928 adirerproviuciam,
1231 3872 1374 3928 qua,
1411 3857 1458 3914 si
1517 3857 1622 3912 ulla
1652 3857 1781 3923 alia,
1824 3857 1932 3912 fido
1977 3865 2034 3912 et

454 3948 630 4018 perito
660 3963 799 4019 opus
830 3949 1066 4004 habebat
1097 3950 1362 4005 antistite.
1396 3948 1507 4005 Nec
1536 3965 1797 4006 successu
1842 3965 2033 4005 carue-

454 4049 585 4095 runt
614 4050 849 4097 conatus
873 4042 1014 4112 ejus,
1045 4042 1247 4113 quibus
1278 4057 1346 4097 eo
1379 4042 1556 4112 major
1604 4043 1831 4098 debetur
1893 4042 2032 4107 laus,

452 4151 567 4208 quo
600 4137 835 4206 majores
867 4137 1189 4208 superanda:
1249 4136 1473 4193 fuerunt
1500 4136 1866 4193 dillicultates.
1923 4135 2034 4191 Has

456 4230 630 4300 ipsius
657 4230 1099 4300 prastantissimi
1165 4230 1267 4285 viri
1300 4229 1484 4286 verbis
1507 4246 1574 4286 ex
1624 4232 1782 4300 epist.
1815 4231 1878 4286 81
1937 4232 2033 4286 de-

456 4324 695 4395 sumptis
723 4324 918 4380 Latino
941 4339 1196 4380 sermone
1227 4339 1513 4380 recensere
1534 4324 1768 4393 juvabit.
1814 4344 1832 4375 ‹
1877 4323 2030 4389 Octo,

459 4418 661 4488 inquit,
716 4417 871 4473 vicos
914 4416 1177 4473 Marciani
1227 4417 1421 4473 hazresi
1468 4416 1719 4483 inlectos,
1753 4432 1904 4487 aeque
1968 4432 2033 4472 ac

2131 3218 2185 3265 et
2209 3224 2295 3275 ea,
2329 3223 2450 3278 qua:
2477 3222 2505 3261 a
2535 3203 2852 3275 parentibus
2877 3215 3214 3271 acceperam,
3283 3207 3408 3268 post
3479 3196 3705 3250 illorum

2132 3309 2365 3357 mortem
2399 3298 2582 3355 statim
2606 3295 2882 3359 distribui,
2917 3303 2978 3349 ut
3017 3295 3199 3349 sciunt
3230 3306 3422 3346 omnes
3460 3290 3553 3360 qui
3612 3289 3717 3342 ha-

2130 3390 2308 3447 bitant
2337 3390 2391 3443 in
2419 3389 2656 3443 Oriente.
2692 3408 2712 3439 ι
2744 3385 2942 3440 Eadem
2981 3382 3092 3438 fere
3140 3392 3271 3438 sunt
3315 3397 3437 3452 quae
3471 3379 3539 3435 ad
3596 3377 3715 3433 No-

2132 3499 2284 3541 mum
2317 3482 2597 3539 consulem
2654 3479 2866 3543 scribit,
2917 3492 3038 3547 quae
3079 3492 3147 3532 ne
3196 3476 3475 3546 longiores
3534 3475 3714 3528 simus

2129 3577 2242 3650 jam
2306 3577 2634 3650 omittimus,
2680 3583 2736 3628 et
2785 3574 2886 3629 ista
2941 3580 3155 3627 tantum
3208 3586 3274 3626 ex
3324 3570 3426 3624 hac
3481 3567 3713 3639 epistola

2134 3648 2279 3743 (quae
2308 3680 2390 3727 est
2417 3648 2753 3739 octogesima
2805 3668 3001 3738 prima)
3050 3666 3105 3720 iu
3149 3666 3225 3720 rei
3279 3664 3438 3720 fidem
3484 3663 3715 3718 adduci-

2134 3781 2297 3832 mus,
2348 3779 2469 3834 quae
2528 3761 2807 3834 providam
2867 3760 2983 3829 eius
3031 3759 3098 3813 de
3142 3758 3321 3813 salute
3400 3756 3547 3812 urbis
3595 3770 3716 3811 Suae

2134 3873 2343 3915 curam
2387 3865 2676 3911 testantur.
2715 3873 2734 3905 ι
2773 3852 3043 3918 Publicas,
3103 3850 3297 3921 inquit,
3357 3849 3619 3920 porticus,
3676 3864 3717 3905 ο

2133 3948 2439 4007 redditibus
2468 3945 2858 4003 ecclesiasticis
2889 3942 3058 4009 erexi,
3105 3953 3296 4013 pontes
3344 3942 3481 3997 duos
3535 3941 3717 3995 maxi-

2132 4057 2253 4098 mos
2269 4040 2532 4103 exstruxi,
2565 4038 2882 4093 balneorum
2912 4034 3287 4089 communium
3318 4047 3503 4088 curam
3537 4032 3706 4103 gessi,

2134 4149 2366 4204 cumque
2394 4149 2459 4188 ex
2488 4131 2726 4185 allucnte
2754 4126 2917 4182 fluvio
2945 4142 3141 4197 aquam
3172 4127 3225 4181 in
3252 4125 3438 4181 urbem
3463 4134 3712 4182 nostram

2134 4228 2335 4284 deferri
2366 4224 2689 4287 invenirem,
2744 4222 3121 4293 aquaeductum
3152 4220 3335 4290 parari
3390 4219 3597 4283 curavi,
3654 4228 3717 4272 et

2136 4323 2324 4378 urbem
2355 4334 2497 4391 aqua
2526 4327 2797 4373 carentem
2830 4314 2988 4385 aquis
3016 4313 3273 4384 replevi.»
3310 4311 3435 4368 Haec
3469 4311 3713 4381 insignia

2137 4416 2190 4469 iu
2221 4415 2368 4470 cives
2399 4412 2555 4467 urbis
2588 4409 2711 4481 Cyri
2744 4409 2942 4464 collata
2999 4408 3262 4463 beneficia
3318 4417 3718 4462 commemorat

460 4478 611 4564 locos
646 4508 877 4574 vicinos,
901 4508 969 4564 ad
990 4508 1266 4563 veritatem
1293 4508 1533 4563 volentes
1559 4478 2027 4577 perduxi.-Vicum
2068 4478 2108 4534 θ
2135 4521 2353 4579 quoque
2382 4507 2434 4560 iu
2464 4478 2689 4575 epistola
2721 4502 2787 4557 ad
2818 4501 3127 4557 Anatolium
3148 4500 3433 4571 patricium
3468 4500 3610 4572 (quae
3626 4507 3717 4553 est

459 4598 630 4653 alium
664 4597 1043 4665 Eunomianis,
1079 4598 1246 4653 alium
1277 4598 1494 4654 Arianis
1528 4598 1808 4665 refertum,
1838 4600 1905 4654 ad
1946 4601 2029 4653 di-

460 4692 601 4748 vina:
623 4693 952 4765 cognitionis
1006 4693 1182 4747 lucem
1235 4691 1460 4757 adduxi,
1529 4693 1851 4762 nullumque
1912 4691 2031 4765 [10]

456 4784 606 4854 apud
636 4798 759 4849 nos,
795 4782 886 4838 Dei
916 4784 1198 4849 beneficio,
1232 4784 1612 4845 haereticorum
1662 4785 1929 4853 reliquum
1951 4794 2036 4840 est

460 4876 674 4932 lolium.
727 4876 843 4931 Non
901 4877 1021 4932 sine
1062 4876 1319 4947 periculis
1371 4886 1553 4933 autem
1615 4878 1728 4933 haec
1786 4879 2034 4948 przestiti,

461 4971 561 5027 sed
593 4970 766 5026 effuso
794 4971 993 5042 saepius
1006 4972 1267 5044 sanguine
1296 4987 1437 5035 meo,
1465 4972 1610 5028 haud
1632 4972 2037 5042 rarolapidibus

462 5064 537 5119 ab
561 5063 693 5135 ipsis
723 5066 946 5133 petitus,
980 5075 1035 5121 et
1069 5066 1225 5136 quasi
1285 5066 1350 5119 ad
1410 5066 1555 5135 ipsas
1608 5063 1801 5120 inferni
1853 5077 2037 5135 portas

420 5186 434 5198 κ
463 5157 697 5213 delatus.
739 5175 758 5208 ι
794 5156 889 5212 His
912 5159 1264 5229 respondent,
1283 5174 1405 5229 qute
1431 5159 1569 5213 idem
1588 5158 1752 5213 Leoui
1783 5159 2039 5228 episcopo

466 5249 717 5307 Romano
773 5236 965 5306 scribit
987 5250 1167 5323 (epist.
1200 5250 1343 5321 115),
1383 5270 1401 5302 ί
1441 5249 1628 5304 Divina
1654 5251 1781 5303 mihi
1812 5264 2040 5304 succur-

467 5352 621 5398 rente
649 5344 823 5414 gratia
857 5359 1021 5415 supra
1050 5344 1195 5399 mille
1223 5345 1436 5399 animas
1465 5358 1495 5396 a
1529 5342 1819 5399 Marcionis
1850 5343 2041 5396 morbo

468 5434 716 5500 liberavi,
778 5437 1088 5507 multasque
1111 5437 1248 5491 alias
1276 5452 1396 5506 quae
1418 5436 1531 5490 Arii
1556 5444 1611 5491 et
1632 5434 1881 5489 Eunomii
1912 5451 2041 5504 par-

468 5527 618 5585 tibus
648 5530 991 5587 adhazserant
1027 5532 1094 5586 ad
1122 5531 1401 5586 Christum
1437 5529 1725 5585 Dominum
1787 5530 2039 5599 perduxi.

470 5621 542 5677 Et
589 5622 1025 5695 octingentarum
1079 5623 1435 5680 ecclesiarum
1498 5632 1682 5692 pastor
1719 5623 2045 5677 constitutus

472 5730 594 5771 sum
634 5715 738 5787 (tot
773 5715 919 5770 enim
952 5715 1127 5787 Cyrus
1168 5717 1329 5772 habet
1380 5715 1690 5786 parochias)
1733 5716 1786 5769 in
1845 5718 2044 5787 quibus

470 5806 664 5863 lolium
704 5807 913 5864 nullum
954 5808 1201 5864 relictum
1227 5817 1331 5875 est,
1364 5808 1461 5864 sed
1486 5809 1739 5865 omnibus
1762 5808 2044 5866 hmretico-

2138 4601 2538 4672 septuagesima
2571 4613 2718 4653 nona
2751 4596 3002 4666 nurnero)
3059 4596 3208 4650 data.
3268 4593 3557 4656 Mirentur,
3615 4592 3714 4662 qui

2138 4692 2253 4747 haec
2284 4693 2487 4761 legunt,
2524 4704 2704 4743 raram
2762 4687 2943 4742 Nostri
2992 4685 3045 4739 in
3107 4685 3306 4754 opibus
3359 4683 3716 4752 disponendis

2137 4788 2580 4855 collocandisque
2612 4786 3062 4845 moderationem,
3098 4791 3368 4854 quantum
3404 4781 3642 4837 abfuerit
3677 4799 3712 4836 a

2140 4881 2278 4935 lucri
2328 4881 2583 4949 cupidine
2641 4879 3109 4945 immoderateque
3158 4877 3429 4931 bonorum
3489 4875 3720 4932 stet-ula-

2141 4976 2279 5029 rium
2343 4989 2467 5036 usu,
2520 4980 2574 5025 et
2651 4986 2817 5040 quam
2906 4970 3128 5040 dignum
3190 4984 3420 5037 persona
3476 4967 3718 5037 episcopi

2143 5068 2431 5138 putaverit,
2490 5080 2597 5119 non
2649 5066 2813 5121 modo
2870 5078 3055 5119 curam
3131 5063 3438 5116 animarum
3507 5077 3716 5131 gerere,

2142 5164 2234 5219 sed
2268 5163 2427 5217 saluti
2461 5177 2680 5231 quoque
2708 5169 2947 5215 externte
2978 5173 3232 5223 suorum,
3264 5172 3565 5226 eorumque
3620 5172 3720 5210 ne-

2141 5258 2483 5312 cessitatibus
2515 5255 2819 5325 invigilare.
2881 5253 3058 5307 Studii
3117 5252 3278 5321 hujus
3328 5253 3469 5322 quod
3503 5251 3719 5305 laudem

2143 5366 2275 5403 sane
2302 5357 2559 5410 meretur,
2589 5357 2643 5400 et
2672 5348 2723 5400 in
2747 5361 2856 5415 quo
2886 5345 2970 5399 vix
3005 5346 3103 5399 sibi
3121 5361 3300 5414 parem
3336 5344 3520 5398 habuit
3542 5344 3724 5397 Theo-

2144 5439 2387 5503 doretus,
2424 5452 2594 5490 unum
2630 5436 2932 5490 alterumve
2962 5435 3141 5489 adhuc
3189 5449 3619 5489 commemorare
3651 5434 3719 5485 li-

2145 5537 2265 5583 ceat
2296 5528 2693 5583 testimonium.
2728 5525 3146 5596 Euphratesiam
3203 5528 3434 5595 ejusque
3489 5526 3717 5594 primam

2144 5616 2331 5669 urbem
2375 5617 2597 5687 Cyrum,
2631 5617 2933 5686 ingressus,
2994 5633 3114 5671 cum
3173 5631 3311 5684 opus
3339 5633 3459 5669 esse
3514 5609 3722 5669 viieV-et

2144 5716 2392 5777 medicis,
2426 5729 2642 5768 onmem
2693 5716 2843 5771 dedit
2895 5733 3135 5786 operam,
3195 5725 3255 5769 ut
3303 5717 3437 5770 artis
3468 5715 3721 5771 salutaris

2146 5808 2461 5863 exercendae
2492 5806 2695 5875 peritos
2726 5809 2790 5865 ad
2824 5809 2965 5865 hanc
2996 5809 3333 5880 provinciam
3378 5809 3720 5863 incoleudam
