3924 6560
176 399 229 466 li
1382 418 1385 419 '
1515 403 2051 466 DISSEBTATIO.’
3322 399 3394 464 42

177 517 413 590 pretmus
481 516 811 581 adduceret,
876 534 1111 589 quorum
1171 537 1337 576 unum
1413 538 1738 593 magnopere
1768 530 1812 584 Α
1842 522 1963 578 foro
1995 523 2139 577 civili
2170 537 2346 592 prensa
2392 531 2723 587 statuuntur,
2780 535 2887 576 non
2927 530 3108 576 autem
3139 522 3394 577 decon-

174 608 557 667 commendavit
606 611 815 679 Apellae
843 612 897 665 in
926 614 1156 682 epistola
1202 630 1325 684 qua:
1353 624 1436 670 est
1475 615 1581 670 115
1631 631 1736 669 nu-

175 719 331 757 mero.
362 700 471 756 Nec
522 700 649 774 [l2]
682 704 868 760 minus
912 716 1220 776 paternum,
1255 724 1364 778 quo
1421 724 1551 764 suos
1583 707 1735 764 l‘ove-

172 797 271 857 bat,
300 811 538 849 amorem
571 806 812 852 testatus
839 807 945 863 est,
977 815 1100 855 cum
1133 800 1406 872 Cyrestica
1439 812 1580 857 terra
1606 818 1735 859 oue-

173 890 309 941 ribus
348 889 585 957 publicis
618 906 955 961 magnopere
987 904 1340 960 premeretur.
1375 895 1524 950 Adeo
1554 896 1732 965 ipsum

175 982 380 1051 augebat
405 996 606 1035 eorum
666 999 809 1052 quos
855 1000 1003 1039 curae
1032 1001 1144 1040 suae
1188 986 1513 1043 commissos
1565 988 1734 1042 habe-

173 1078 255 1128 bat
276 1074 516 1138 miseria,
552 1086 615 1128 ut
650 1090 751 1144 pro
806 1077 1046 1131 levandis
1096 1078 1352 1132 oneribus
1412 1080 1531 1134 istis
1591 1082 1731 1149 apud

169 1168 496 1223 Pulcbet'iam
530 1172 842 1242 Augustam
874 1180 929 1227 et
972 1172 1353 1228 Constantium
1415 1173 1730 1243 praefectum

170 1262 547 1315 intercederet:
583 1277 712 1332 qua
743 1273 977 1334 utraque
1010 1265 1237 1332 epistola
1296 1265 1387 1335 (ἀὲ
1416 1274 1469 1320 et
1499 1265 1611 1336 45),
1674 1280 1734 1322 ut

168 1360 498 1420 argumento,
545 1353 630 1408 sic
664 1368 885 1424 quoque
920 1370 1152 1409 numero
1180 1365 1263 1409 est
1314 1366 1562 1426 cognata.
1622 1354 1732 1412 Nec

165 1442 353 1496 silentio
388 1445 789 1512 praetereunda
817 1455 903 1500 est
932 1447 1133 1501 eximia
1183 1446 1273 1501 illa
1334 1447 1731 1512 munificentia,

162 1550 244 1603 qua
274 1546 394 1601 post
421 1548 809 1608 expugnatam
862 1555 893 1593 a
926 1538 1183 1594 Vandalis
1243 1550 1297 1594 et
1320 1539 1586 1610 direptam
1609 1539 1736 1595 Car-

161 1627 408 1704 thaginem
452 1628 609 1682 haud
642 1646 872 1698 paucos,
890 1633 983 1701 qui
1006 1648 1129 1685 cum
1150 1641 1388 1686 extrema
1421 1642 1734 1703 paupertate

160 1719 614 1782 collocabantur,
650 1721 951 1777 liberaliter
990 1724 1230 1792 hospitio
1258 1723 1491 1794 excepit,
1522 1735 1575 1779 et
1602 1741 1730 1794 prov

158 1810 256 1861 vida
301 1826 403 1862 sua
432 1826 578 1865 cura
610 1813 873 1883 dignatus
901 1824 1007 1879 est,
1040 1816 1093 1868 in
1120 1817 1312 1884 primis
1341 1815 1729 1883 Celestiacum,

1838 615 2121 670 troversiis
2155 629 2278 685 qua:
2305 614 2373 668 de
2397 614 2663 682 capitibus
2694 613 2817 666 lidei
2860 613 3151 683 agitantur,
3206 613 3397 682 quales

1836 708 1939 778 ipsi
1993 723 2119 763 cum
2148 707 2832 778 Cyrillointercessernut.
2899 705 3152 776 Longiori
3208 716 3394 759 contra

1835 798 2106 855 Oudinum
2162 814 2268 855 non
2324 815 2462 870 opus
2494 801 2604 854 erit
2659 798 3048 870 disputatione,
3097 811 3286 866 quam,
3331 812 3400 850 ne

1836 894 2119 963 scriptoris
2141 895 2312 948 nostri
2343 907 2565 947 causam
2601 894 2851 947 deserere
2879 891 3207 954 videremur,
3235 889 3372 943 omit

1834 996 1948 1040 tere
1997 986 2213 1054 quidem
2248 1000 2350 1038 non
2385 986 2682 1055 potuimus,
2720 985 3039 1054 protrahere
3069 993 3247 1036 tamen
3302 996 3401 1035 no-

1832 1076 2034 1140 lumus,
2065 1074 2190 1143 quia
2220 1075 2285 1127 de
2307 1077 2692 1136 controversia,
2717 1090 2836 1143 quae
2866 1075 3003 1128 inter
3031 1071 3287 1127 Nostrum
3319 1081 3401 1124 at-

1832 1181 1939 1235 que
1966 1165 2227 1236 Cyrillum
2260 1166 2461 1235 agitata
2486 1176 2588 1231 est,
2624 1166 2678 1219 in
2712 1167 2957 1235 proxima
2994 1164 3155 1233 hujus
3186 1163 3399 1219 Disser-

1836 1261 2059 1312 tationis
2097 1268 2267 1326 parte,
2300 1259 2367 1313 ad
2398 1274 2560 1329 quam
2610 1259 3011 1329 progredimur,
3047 1272 3226 1312 sermo
3256 1273 3401 1311 nunc

1835 1351 2172 1405 instituetur.

1904 1441 2108 1513 Viginti
2133 1452 2188 1497 et
2214 1443 2355 1514 quod
2385 1442 2623 1497 excurrit
2647 1458 2912 1497 annorum
2957 1443 3181 1497 historia
3217 1452 3401 1498 texen-

1833 1535 1900 1590 da
1934 1547 2019 1592 est
2052 1537 2229 1599 nobis,
2281 1552 2403 1591 cum
2438 1536 2491 1591 in
2544 1537 2713 1592 altera
2762 1535 2897 1590 Vitae
2930 1536 3092 1602 hujus
3142 1545 3292 1605 parte
3335 1536 3401 1590 de

1832 1628 1997 1683 rebus
2025 1630 2194 1700 gestis
2226 1627 2545 1684 Theodoreti
2593 1644 2765 1697 usque
2797 1629 2863 1682 ad
2916 1627 3203 1683 concilium
3235 1626 3400 1680 Chal-

1836 1720 2139 1776 cedonense
2164 1724 2441 1790 exponere
2469 1721 2820 1776 constitutum
2854 1720 2944 1774 sit.
2985 1719 3190 1774 Rerum
3216 1718 3403 1772 dicen-

1837 1815 2028 1870 darum
2057 1818 2194 1871 ordo
2219 1818 2391 1886 jubet,
2421 1826 2482 1870 ut
2515 1817 2723 1871 initium
2764 1816 3026 1871 faciamus
3060 1817 3128 1869 ab
3153 1815 3257 1868 illis
3282 1829 3403 1882 quae

157 1914 292 1966 quem
326 1911 533 1968 postea
565 1903 766 1957 amicis
815 1904 930 1957 suis
963 1905 1145 1973 (epist.
1177 1904 1371 1977 29-56)
1429 1908 1497 1961 de
1525 1907 1732 1962 meliori
1768 1887 1810 1941 Β
1836 1909 2124 1965 concilium
2153 1908 2268 1982 [14]
2291 1909 2612 1980 Ephesinum
2633 1910 2807 1978 prius,
2830 1910 2971 1978 quod
2996 1908 3049 1961 in
3070 1922 3199 1962 ann.
3217 1905 3398 1961 451C.

156 1992 583 2045 conuiuendavit.
621 1992 900 2048 Hactenus
929 1995 984 2047 in
1020 1997 1369 2050 recensendis
1400 1995 1734 2052 Theodoreti

154 2085 455 2145 virtutibus,
495 2094 561 2139 ut
590 2100 695 2155 par
722 2096 863 2151 erat,
897 2088 1146 2156 occupati
1178 2087 1405 2151 fuimus,
1438 2104 1560 2159 quae
1613 2105 1734 2144 om-

152 2191 251 2238 nes,
292 2177 341 2229 si
376 2177 708 2241 conjunctae
748 2186 1090 2248 spectantur,
1151 2181 1436 2235 amabilem
1498 2182 1611 2237 veri
1651 2184 1737 2238 di-

151 2271 336 2337 gnique
385 2271 669 2326 antistitis
711 2272 971 2325 exhibent
1025 2272 1340 2343 imaginem.
1409 2273 1545 2329 Huic
1602 2276 1734 2346 quid

151 2360 353 2429 adjungi
414 2363 598 2429 possit
665 2363 749 2416 vel
810 2363 1021 2428 debeat,
1063 2379 1170 2417 non
1243 2365 1513 2420 videmus.
1565 2364 1731 2431 Num,

152 2466 343 2518 qum,
396 2453 499 2520 qni
548 2454 673 2506 hate
701 2454 884 2507 omnia
922 2453 1135 2524 legerit,
1167 2454 1328 2509 iidem
1359 2466 1601 2510 nostram
1626 2458 1730 2512 du-

154 2544 271 2595 biam
308 2544 533 2607 reddet,
569 2545 618 2598 si
653 2545 978 2611 dixerimus,
1028 2561 1154 2600 eum
1209 2549 1303 2617 qui
1360 2549 1428 2603 de
1480 2551 1733 2607 omnibus

149 2636 263 2688 bene
296 2640 536 2697 mereri,
576 2648 636 2691 et
671 2653 782 2691 nou
824 2638 941 2694 suis
993 2639 1178 2705 modo,
1210 2639 1303 2694 sed
1333 2640 1536 2694 exteris
1567 2642 1730 2695 etiam

148 2729 466 2800 benignum,
505 2731 789 2785 liberalem
825 2747 889 2785 ac
920 2732 1241 2786 muniﬁcum
1271 2748 1330 2788 se
1346 2734 1601 2790 exhibere
1624 2747 1734 2791 stu—

148 2825 268 2885 duit,
310 2839 524 2893 pacem
553 2840 780 2894 quoque
830 2826 1089 2891 coluisse,
1145 2827 1222 2881 ita
1280 2836 1341 2882 ut
1394 2844 1495 2883 nec
1547 2830 1615 2884 de
1679 2831 1729 2885 vi

147 2926 318 2984 aperta
366 2916 463 2969 ulli
508 2916 686 2979 illata,
720 2933 820 2971 nec
848 2916 915 2970 de
944 2917 1072 2971 dolo
1104 2918 1227 2973 aliis
1258 2927 1469 2974 structo
1490 2935 1729 2990 unquam

146 3011 414 3070 accusari,
448 3011 575 3064 sive
599 3010 657 3064 in
685 3011 775 3079 jus
802 3013 992 3066 vocari
1025 3013 1298 3082 potuerit?
1327 3013 1403 3068 Ita
1434 3014 1581 3068 omni
1604 3015 1730 3084 jure

146 3108 203 3156 de
232 3104 432 3159 Nostro
467 3104 853 3171 statuendum,
889 3124 989 3161 nec
1028 3108 1138 3162 ullo
1168 3109 1405 3178 amplius
1437 3123 1575 3177 Opus
1606 3122 1729 3163 esse

147 3210 399 3267 putamus
447 3200 803 3255 testimonio.
848 3198 1077 3263 Tamen,
1110 3217 1178 3255 ne
1212 3202 1298 3255 vel
1363 3201 1496 3256 levis
1545 3201 1728 3269 suspi-

150 3291 276 3343 cioni
308 3293 674 3361 relinquatur
699 3293 871 3355 locus,
904 3302 1100 3347 testem
1134 3293 1496 3348 excitabimus
1526 3292 1732 3364 episto-

151 3382 239 3435 im
324 3400 501 3454 qutun)
556 3384 708 3439 dedit
754 3388 819 3440 ad
865 3384 1100 3440 Nomum
1164 3386 1465 3442 consulem.
1524 3385 1582 3440 in
1628 3385 1731 3441 hac

150 3483 277 3546 {qu
297 3480 501 3535 ordine
554 3491 640 3534 est
666 3480 757 3548 8i)
820 3480 1014 3534 scribit
1046 3502 1056 3534 :
1100 3499 1118 3532 ε
1149 3481 1335 3535 Annos
1365 3479 1553 3550 viginti
1572 3479 1733 3549 quin-

150 3591 243 3640 que
270 3575 349 3630 ita
400 3575 544 3639 vixi,
596 3583 659 3627 ut
691 3589 869 3644 neque
915 3574 968 3627 in
1004 3575 1098 3645 jus
1132 3585 1357 3629 vocatus
1404 3576 1505 3630 sim
1536 3592 1566 3630 a
1598 3589 1732 3643 quo-

150 3682 321 3734 quam,
356 3681 549 3736 neque
578 3666 698 3734 ipse
743 3682 1076 3736 quemquam
1129 3670 1524 3724 accusaverim.
1575 3670 1728 3727 Toti-

152 3760 261 3810 dem
319 3757 489 3811 anuis
550 3756 737 3811 nullus
782 3757 1318 3826 religiosissimorum
1382 3761 1725 3829 clericorum,

153 3849 339 3915 quibus
372 3862 671 3917 prmeram,
706 3846 1000 3901 tribunalia
1027 3846 1410 3919 frequentavit.
1443 3848 1558 3905 Non
1594 3852 1725 3908 oboo

156 3942 275 4001 lum,
308 3956 417 3994 non
450 3952 668 3994 vestem
701 3955 731 3993 a
755 3955 1031 4010 quoquam
1089 3942 1299 4011 sumpsi
1334 3962 1348 3996 :
1405 3959 1473 3997 ne
1502 3946 1726 3999 unicum

154 4035 365 4102 quidem
413 4049 642 4104 panem,
682 4045 775 4087 aut
830 4034 1005 4087 ovum'
1044 4033 1156 4105 [1⁸51
1206 4036 1349 4091 ullus
1399 4038 1730 4094 domestico-

157 4142 267 4180 rum
326 4142 581 4181 meorum
613 4128 826 4197 accepit
859 4143 1120 4195 unquam.
1151 4129 1353 4183 Praeter
1406 4130 1730 4200 panniculus

156 4222 343 4287 quibus
378 4222 633 4274 amictus
666 4234 811 4284 sum,
846 4220 978 4273 nihil
1036 4220 1312 4289 possidere
1364 4224 1534 4277 volui.
1573 4243 1593 4276 ι
1655 4226 1731 4280 lta

157 4326 361 4380 quoque
390 4312 457 4364 ad
496 4310 854 4364 Eutrecliium
887 4308 1221 4378 praefectum,
1254 4313 1467 4377 eodem,
1504 4324 1563 4368 ut
1619 4315 1728 4387 jam

158 4402 272 4455 alibi
304 4403 658 4455 notavimus.
697 4411 958 4469 tempore,
1009 4403 1258 4457 scribens
1290 4403 1470 4474 (epist.
1501 4405 1591 4475 80)
1652 4416 1733 4461 te—

160 4504 339 4558 statur,
374 4512 437 4549 se
468 4510 574 4548 nec
605 4494 785 4547 forum
806 4494 1059 4562 iudiciale
1080 4496 1453 4566 interpellasse
1470 4514 1729 4570 unquam,

1835 2001 2046 2067 incidit,
2078 2010 2491 2071 praecesserunt.
2542 2000 2689 2056 Lites
2727 2017 2874 2056 nunc
2911 2000 3229 2055 enarrandte
3276 2009 3405 2053 sunt

1831 2094 2241 2156 funestissimae,
2265 2110 2389 2164 qua:
2415 2096 2469 2149 in
2492 2110 2659 2150 causa
2685 2095 2940 2159 Nestorii,
2970 2095 3119 2165 impii
3144 2095 3399 2155 hominis,

1833 2202 1942 2241 non
1977 2187 2095 2242 sine
2129 2188 2363 2241 maxima
2387 2188 2697 2242 animorum
2729 2190 3095 2254 contentione,
3125 2190 3181 2243 in
3211 2188 3401 2243 Orien-

1832 2278 1923 2332 tali
1953 2287 2007 2333 et
2035 2278 2369 2332 Occidentali
2415 2277 2659 2334 Ecclesia
2689 2294 2755 2333 eo
2790 2290 3032 2349 tempore
3069 2280 3261 2350 agitari
3289 2294 3403 2334 cte-

1833 2378 2047 2439 perunt.
2075 2368 2169 2424 His
2198 2371 2341 2425 enim
2379 2371 2562 2426 litibus
2594 2371 2731 2426 adeo
2765 2371 3010 2427 involuta
3034 2381 3119 2428 est
3147 2370 3403 2427 Theodo-

1834 2461 1934 2515 reti
1976 2463 2107 2527 vita,
2144 2472 2224 2525 ut,
2263 2463 2356 2532 qui
2407 2462 2550 2516 hanc
2582 2462 2889 2517 describere
2919 2462 3246 2533 aggreditur,
3281 2463 3402 2518 illas

1833 2552 2061 2622 attingat
2091 2567 2314 2608 necesse
2341 2554 2432 2607 sit.
2460 2549 2537 2607 Ne
2569 2560 2750 2606 autem
2778 2552 3103 2621 quibusdam
3136 2553 3401 2608 lectorum

1832 2644 2129 2699 obscurum
2179 2646 2271 2707 sit,
2318 2645 2463 2699 unde
2508 2656 2628 2699 orta
2683 2647 2848 2699 fuerit
2898 2645 3074 2698 acrior
3126 2645 3213 2698 illa
3262 2646 3405 2699 inter

1830 2737 2092 2809 Cyrillum
2126 2748 2181 2792 et
2212 2736 2614 2793 Theodoretutn
2665 2738 2983 2808 disputatio,
3037 2738 3197 2806 paulo
3243 2738 3404 2792 altius

1830 2834 2135 2901 repetendae
2167 2841 2327 2886 erunt
2378 2831 2496 2899 ejus
2534 2831 2792 2902 origines.
2830 2830 3180 2885 Notissimum
3225 2831 3404 2885 omni-

1832 2924 1934 2978 bus
1966 2938 2088 2978 esse
2121 2924 2300 2987 debet,
2353 2924 2536 2977 minus
2577 2933 2723 2979 recte
2767 2925 2832 2977 de
2866 2924 3048 2977 divina
3073 2923 3278 2979 Christi
3306 2940 3404 2977 na-

1833 3025 1953 3071 tura
1982 3024 2037 3071 et
2065 3016 2131 3070 de
2162 3016 2532 3070 incarnatione
2564 3019 2800 3072 sensisse
2842 3016 3172 3081 Nestorium,
3218 3016 3311 3086 qui
3339 3032 3407 3070 eo

1832 3118 2077 3179 tempore
2114 3107 2737 3174 Constantinopolitanae
2787 3107 3044 3163 Ecclesiae
3097 3118 3215 3163 erat
3266 3122 3405 3179 pra-

1837 3201 2028 3255 lectus.
2068 3198 2173 3253 Per
2201 3200 2521 3267 discipulos,
2560 3208 2619 3253 ut
2647 3199 2758 3254 ﬁeri
2800 3201 2956 3260 solet,
2985 3200 3149 3269 impia
3184 3213 3407 3269 sparge-

1836 3292 1930 3347 bat
1957 3294 2207 3360 dogmata
2234 3307 2354 3354 sua,
2404 3291 2454 3344 in
2487 3292 2676 3361 primis
2712 3306 2806 3360 per
2836 3290 3205 3357 Auastasium,
3241 3307 3411 3362 quem

1834 3387 2069 3442 habebat
2098 3387 2493 3455 presbyterum,
2531 3386 2621 3452 qui
2666 3401 2763 3454 pro
2800 3386 3063 3440 concione
3113 3386 3407 3456 aliquando

1836 3479 2087 3543 dixerat,
2154 3478 2437 3548 Deiparam
2500 3476 2771 3548 Virginem
2823 3476 3082 3531 Θεοτόκον
3132 3478 3238 3533 dici
3294 3494 3405 3534 non

1834 3586 2013 3643 posse.
2056 3571 2356 3626 Accusatus
2390 3586 2420 3624 a
2455 3570 2601 3625 clero
2650 3568 3268 3638 Constantinopolitano,
3305 3570 3407 3625 de—

1833 3665 2019 3721 fensus
2060 3674 2236 3717 autem
2281 3673 2365 3717 est
2412 3679 2441 3716 a
2469 3661 2740 3718 Nestorio.
2783 3661 2923 3717 Hinc
2958 3663 3067 3717 illre
3128 3663 3399 3734 lacrymte.

1833 3756 1995 3827 Ignis,
2032 3756 2123 3825 qui
2158 3755 2391 3824 primum
2418 3755 2471 3807 in
2502 3755 2635 3809 urbe
2663 3754 2804 3823 regia
2835 3753 3065 3824 gliscere
3096 3755 3400 3820 videbatur,

1834 3864 1959 3902 mox
1994 3849 2047 3901 in
2092 3847 2343 3901 ﬂammas
2376 3847 2715 3916 erumpebat,
2765 3854 2820 3899 et
2863 3860 2971 3899 non
3020 3846 3181 3900 modo
3228 3856 3402 3901 totum

1834 3940 2105 3995 Orientem
2141 3938 2484 4008 pervadebat,
2527 3936 2623 3991 sed
2664 3936 2891 3990 Romam
2932 3950 3150 4006 quoque
3191 3935 3405 3993 defere-

1834 4032 2013 4086 batur.
2058 4029 2409 4092 Coelcstinus,
2456 4027 2708 4084 Ecclesiae
2741 4027 2995 4082 Romana:
3028 4027 3132 4083 hoc
3160 4036 3405 4099 tempore

1836 4126 2083 4185 antistes.
2134 4139 2163 4177 a
2197 4123 2397 4193 Cyrillo
2446 4122 2500 4176 in
2555 4121 2858 4176 subsidium
2905 4130 3156 4188 vocatus,
3211 4123 3404 4189 primis

1835 4217 1962 4271 mali
1993 4215 2155 4286 hujus
2184 4216 2372 4281 initiis,
2403 4230 2469 4268 ne
2520 4230 2672 4268 mora
2711 4214 3121 4269 diuturnitatem
3162 4216 3403 4271 attrahe-

1834 4321 1935 4376 ret,
1967 4309 2183 4363 obviam
2216 4308 2452 4362 cundum
2484 4323 2604 4362 esse
2652 4307 2878 4376 putavit,
2912 4308 3020 4377 igni
3058 4321 3190 4362 vero
3221 4308 3401 4362 oleum

1834 4403 2114 4458 al'fundere
2161 4402 2310 4457 visus
2353 4411 2454 4455 est.
2512 4400 2850 4455 Severiorem
2898 4401 3040 4454 enim
3083 4401 3243 4455 istam
3278 4401 3403 4455 tulit

1839 4502 2184 4564 sententiam,
2231 4514 2339 4569 qua
2368 4498 2617 4554 Nestorio
2648 4496 3049 4566 injungebatur,
3084 4497 3223 4550 intra
3254 4494 3401 4551 deci-

160 4602 248 4641 nee
274 4589 341 4641 ab
372 4589 489 4641 ullo
524 4588 777 4641 criminis
809 4602 961 4641 reum
991 4603 1112 4643 esse
1140 4599 1345 4644 actum.
1379 4590 1512 4658 Quis
1542 4593 1727 4662 itaque
1761 4609 1804 4665 ι)
1829 4612 1978 4651 mum
2024 4611 2056 4651 a
2107 4593 2379 4665 publicata
2431 4590 2697 4646 sententia
2745 4589 2910 4653 diem,
2961 4589 3240 4643 erroribus
3284 4589 3401 4644 suis

161 4682 218 4733 de
271 4681 374 4734 viri
407 4680 661 4744 lenitate,
692 4678 946 4747 aequitate
976 4689 1028 4733 et
1058 4696 1187 4751 erga
1221 4682 1358 4736 alios
1382 4683 1731 4755 justitiajure

162 4772 896 4843 dubitaverit?Magnopere
924 4774 1111 4843 itaque
1170 4778 1457 4844 miramur,
1514 4776 1730 4833 Oudino

164 4870 310 4923 verba
348 4868 457 4922 ista
492 4867 747 4938 potuisse
797 4867 1068 4933 excidere,
1102 4884 1227 4938 quae
1256 4880 1472 4924 exstant
1501 4880 1655 4926 tomo
1704 4871 1726 4926 Ι

163 4958 221 5012 De
248 4962 442 5029 script.
476 4958 697 5023 eccles.,
726 4976 777 5027 p.
810 4957 970 5013 1056.
1008 4976 1027 5009 t
1064 4958 1198 5014 Cum
1258 4961 1562 5016 exercuerit
1615 4971 1728 5017 tam

162 5054 383 5115 grandes
444 5050 767 5105 inimicitias
825 5050 1087 5105 adversus
1142 5048 1412 5121 Cyrillum
1456 5051 1611 5106 Alex.
1677 5061 1731 5108 et

159 5158 267 5201 ante
298 5148 579 5215 synodum
614 5143 959 5211 Ephesinam,
989 5158 1110 5213 qua:
1160 5159 1304 5197 anno
1332 5144 1428 5199 451
1462 5144 1601 5200 facta
1623 5152 1728 5211 est,

159 5248 201 5289 et
250 5240 381 5306 post
406 5235 707 5306 synodum,
739 5235 1092 5291 amarulentis
1126 5236 1179 5290 in
1234 5251 1351 5290 eam
1400 5238 1730 5308 conscriptis

162 5329 298 5383 libris
336 5347 353 5381 :
387 5328 584 5393 miror,
618 5344 725 5397 qua
759 5328 969 5383 ratione
1025 5325 1405 5383 Theodoretus
1447 5329 1725 5400 glorietur,

152 5422 365 5491 sibique
413 5422 770 5491 potissimum
827 5420 893 5474 de
949 5421 1184 5475 mititate
1240 5414 1622 5476 abblandiatur
1673 5422 1730 5476 in

158 5516 385 5585 epistola
414 5515 478 5567 81
521 5516 586 5567 ad
620 5512 875 5567 Nomum.
918 5533 936 5564 ι
972 5511 1096 5568 Hinc
1111 5515 1247 5568 satis
1273 5525 1459 5583 aperte
1490 5513 1730 5583 produnt

157 5607 663 5677 interpretationem
698 5622 727 5658 a
763 5622 925 5661 sensu
972 5606 1256 5675 scriptoris
1311 5606 1727 5661 alienissimam.

156 5702 284 5755 Cum
310 5702 463 5755 enim
483 5702 679 5754 Noster
709 5703 774 5752 ad
806 5699 1038 5754 Nonium
1064 5710 1119 5755 et
1150 5698 1497 5753 Eutrecliium
1520 5699 1725 5765 scribit,

156 5809 250 5848 nec
287 5810 352 5848 se
382 5810 482 5847 nec
514 5809 739 5847 suorum
787 5808 1115 5861 quemquam
1166 5791 1540 5862 l'requeutasse
1564 5791 1730 5845 δικα-

162 5888 403 5959 ςτήρεον,
435 5887 500 5938 de
531 5883 855 5938 criminibus
896 5882 1122 5954 intelligi
1178 5884 1367 5948 voluit,
1424 5883 1624 5953 quibus
1672 5881 1730 5937 in

388 5980 655 6038 Parnm.
702 5978 817 6036 Gn.
858 5975 1089 6037 LXXX.

1833 4687 1951 4741 vale
1979 4686 2179 4749 dicere,
2230 4694 2282 4738 et
2313 4683 2599 4737 duodecim
2645 4681 2895 4752 capitulis
2926 4681 3039 4735 sive
3067 4681 3400 4734 Anathema-

1833 4778 2012 4835 tismis
2059 4791 2089 4830 a
2123 4775 2327 4846 Cyrillo
2353 4773 2668 4843 compositis
2696 4773 3055 4836 subscribere,
3096 4772 3301 4835 addita,
3340 4781 3401 4827 ut

1833 4872 1877 4925 si
1908 4883 2066 4924 secus
2098 4866 2317 4931 faceret,
2349 4865 2645 4934 episcopali
2681 4865 2806 4919 sede
2835 4865 3139 4934 ejiceretur,
3172 4862 3401 4917 commi-

1834 4962 2070 5017 natione.
2100 4959 2218 5012 Alia
2247 4965 2427 5012 autem
2463 4956 2710 5012 medendi
2743 4956 2972 5019 ratione,
3002 4962 3057 5008 et
3086 4954 3281 5024 m’ajori
3313 4954 3401 5008 in-

1833 5054 2029 5125 primis
2060 5054 2278 5107 lenitate
2325 5065 2464 5119 opus
2516 5048 2726 5103 fuisset.
2779 5046 3058 5102 Nestorius
3085 5047 3253 5114 enim,
3286 5048 3400 5104 sive

1831 5145 2032 5217 ingenii
2076 5159 2187 5215 quo
2234 5143 2468 5213 pollebat
2499 5132 2773 5209 ﬂumine,
2826 5149 2880 5195 et
2930 5140 3236 5210 eloquentia
3291 5154 3399 5209 qua

1832 5240 2034 5294 multos
2059 5253 2161 5293 suo
2192 5235 2309 5309 [15]
2338 5246 2577 5305 tempore
2608 5232 2917 5303 superabat,
2945 5231 3133 5297 fretus,
3161 5231 3274 5287 sive
3300 5246 3399 5285 au-

1833 5331 2061 5385 licorum
2086 5343 2224 5400 quos
2243 5328 2296 5380 in
2324 5325 2457 5381 urbe
2488 5326 2632 5395 regia
2660 5324 2891 5378 habebat
2926 5322 3185 5386 fautores,
3213 5321 3399 5376 amici-

1836 5423 1927 5485 tia,
1946 5435 2121 5490 eaque
2137 5419 2311 5489 quain
2332 5416 2552 5483 Oriente
2568 5415 2896 5484 conspicuus
2912 5423 3029 5469 erat
3056 5413 3394 5477 auctoritate,

1833 5514 1946 5569 sive
1973 5512 2206 5582 denique
2241 5509 2472 5564 aliorum
2506 5508 2866 5578 quorumdam
2901 5505 3277 5574 episcoporum
3312 5520 3400 5561 as-

1832 5619 2019 5667 sensu,
2063 5601 2321 5657 audacior
2371 5599 2576 5667 factus,
2626 5599 2827 5668 sprevit
2874 5596 3149 5651 C(elestini
3201 5599 3396 5652 minas.

1834 5693 1925 5748 Sic
1954 5680 2040 5748 ies
2069 5692 2247 5747 delata
2277 5700 2360 5745 est
2405 5691 2470 5745 ad
2505 5690 2795 5745 concilium
2852 5686 3180 5755 Ephesinum
3228 5688 3399 5756 prius,

1834 5801 1928 5840 seu
1956 5783 2364 5844 meumeuicum
2418 5781 2668 5843 tertium,
2721 5777 2808 5833 cui
2853 5777 3104 5847 praesedit
3146 5776 3399 5848 Cyrillus,

1834 5880 1951 5950 qui,
1982 5878 2302 5948 priusquam
2346 5875 2639 5931 haberetur
2669 5871 2959 5928 concilium
2990 5870 3152 5935 illud,
3196 5870 3403 5925 litteras

2978 5962 3014 6023 2
