3924 6558
552 391 621 457 43
1483 387 1577 448 DE
1616 387 1791 448 VITA
1844 388 1939 448 ET
1994 387 2333 473 SCRIPTIS
2370 389 2856 451 THEODORETI

3712 389 3807 453 μ

551 503 827 564 leestlni
855 502 1002 558 misit
1030 500 1095 556 ad
1122 503 1408 572 episcopos
1436 500 1738 555 Antiochia:
1768 510 1821 555 et
1861 500 2117 554 Ilieroso-
2144 504 2190 560 Α
2219 499 2399 555 autem
2451 511 2601 568 parte
2632 502 3006 557 Theodoretus
3057 504 3260 558 litteras
3299 512 3486 558 contra
3521 503 3797 576 Cyrillum

552 600 729 669 lyma,
760 605 817 649 ut
844 594 945 648 bos
971 608 1001 647 a
1033 593 1291 647 societate
1322 606 1445 645 cum
1475 589 1725 643 Nestorio
1757 589 1990 644 ineunda
2017 590 2113 644 de-

552 696 798 745 terreret.
852 684 948 740 His
994 683 1188 738 litteris
1216 691 1519 737 commotus
1545 679 1783 734 Joannes
1812 679 2116 733 Antiochia:

550 783 836 852 episcopus
868 778 1086 848 scripsit
1133 774 1199 830 ad
1232 773 1562 836 Nestorium,
1612 788 1768 842 quem
1811 772 2111 836 admonuit,

551 889 611 931 ut
639 876 703 930 ad
733 874 1001 931 saniorem
1038 871 1194 926 tidem
1222 871 1443 934 rediret,
1475 878 1763 935 motusque
1788 867 1839 921 in
1874 866 2113 922 Ecclesia

550 970 812 1025 excitatos
863 966 1093 1021 sedaret.
1155 964 1303 1018 Hanc
1363 961 1645 1032 epistolam
1698 961 1856 1015 bonae
1919 961 2114 1016 mentis

550 1073 737 1117 testem
785 1058 1178 1127 charitatisque
1227 1057 1439 1125 plenam
1473 1052 1719 1107 nonnulli
1770 1052 2114 1107 Theodoreto

549 1164 736 1210 nostro
759 1153 1026 1217 tribuunt,
1079 1164 1241 1219 quam
1290 1147 1611 1201 sententiam
1648 1161 1754 1199 non
1784 1146 1904 1201 sine
1946 1147 2114 1199 multa

549 1248 744 1303 fiducia
770 1243 1023 1316 preponit
1049 1241 1343 1297 Garuerius
1369 1243 1520 1294 Auct.
1554 1255 1605 1309 p.
1652 1237 1717 1293 59
1743 1249 1797 1294 et
1823 1255 1876 1309 p.
1909 1228 2032 1299 119.
2058 1239 2113 1293 in

546 1340 711 1396 dubio
758 1347 937 1393 autem
988 1336 1215 1407 positam
1268 1349 1388 1389 esse
1436 1332 1573 1388 dicit
1624 1333 1753 1387 ibid.
1817 1349 1869 1403 p.
1915 1331 2020 1387 469
2064 1340 2117 1386 et

546 1449 600 1503 p.
634 1432 758 1486 474.
804 1428 1075 1500 Quidquid
1124 1428 1214 1492 sit,
1252 1427 1454 1481 sciente
1515 1436 1569 1480 et
1617 1426 1876 1481 suadente
1917 1423 2116 1480 Nostro

547 1523 847 1593 composita
873 1535 995 1575 esse
1024 1519 1238 1573 videtur
1262 1517 1487 1587 epistola
1518 1517 1606 1571 illa
1633 1559 1648 1584 ,
1671 1532 1791 1587 quae
1820 1518 2115 1572 obtinendo

547 1617 639 1670 llni
677 1630 778 1670 suo
824 1614 1047 1668 omnino
1085 1620 1201 1665 erat
1241 1610 1545 1680 aptissima,
1585 1611 1631 1664 si
1665 1626 1815 1664 mens
1846 1626 1950 1665 non
1985 1611 2116 1665 laeva

547 1708 739 1762 fuisset
767 1705 1039 1761 Nestorio.
1068 1702 1166 1758 llic
1198 1718 1342 1768 vero,
1373 1711 1430 1756 ut
1460 1702 1635 1757 solent
1663 1704 1753 1771 qui
1785 1704 2115 1772 pertinacius

549 1802 825 1855 adhaerent
845 1797 1090 1854 consiliis
1123 1797 1257 1861 suis,
1288 1796 1466 1850 locum
1494 1812 1601 1849 non
1638 1796 1785 1850 dedit
1813 1795 2111 1851 amicorum

550 1892 947 1955 adhortationi,
998 1889 1092 1945 sed
1146 1889 1340 1943 borum
1398 1888 1602 1943 abusus
1649 1888 1854 1958 judicio
1903 1890 2112 1959 rogavit

548 1984 829 2046 Joannem,
880 1992 940 2037 ut
976 1979 1385 2037 refutandorum
1425 1979 1707 2034 duodecim
1741 1979 1923 2051 Cyrilli
1966 1980 2112 2034 Aua-

552 2074 1016 2128 thematismorum
1042 2087 1286 2141 operam,
1310 2070 1535 2140 periculi
1574 2082 1702 2125 tunc
1723 2071 1979 2140 temporis
2000 2072 2113 2141 ple-

550 2183 695 2232 nam,
728 2165 961 2221 del'erret
986 2166 1117 2219 viris
1145 2165 1351 2234 peritis.
1380 2162 1512 2217 Sors
1536 2164 1634 2218 ista
1668 2163 1895 2218 Andreae
1924 2163 2114 2218 Samo-

546 2269 759 2321 sateno,
799 2268 873 2313 et.
907 2257 1049 2326 quod
1094 2256 1362 2317 dolemus,
1392 2253 1733 2309 Tbeodoreto
1774 2254 1983 2323 obtigit.
2036 2254 2111 2307 lta

544 2350 748 2403 factum
777 2359 879 2409 est,
916 2357 973 2402 ut
1000 2348 1093 2417 qui
1136 2348 1201 2401 ad
1230 2363 1292 2402 ea
1322 2361 1496 2415 usque
1530 2355 1769 2415 tempora
1803 2346 1940 2401 bene
1968 2346 2112 2413 apud

546 2459 735 2497 omnes
763 2442 1062 2503 audiverat,
1096 2441 1236 2495 male
1263 2439 1403 2508 apud
1432 2439 1631 2493 multos
1658 2439 1888 2503 audiret,
1922 2448 1976 2493 et
2005 2439 2113 2492 liti-

549 2533 651 2585 bus
686 2548 806 2587 sese
837 2532 1126 2600 ingereret,
1160 2544 1298 2599 quas
1330 2528 1635 2584 declinasse
1662 2528 1857 2582 melius
1886 2530 2113 2583 omnino

550 2625 763 2679 fuisset.
802 2625 867 2677 At
908 2638 1035 2678 vero
1071 2623 1243 2677 multa
1288 2633 1435 2684 sunt,
1473 2636 1591 2690 quae
1623 2620 1832 2674 tuendae
1863 2619 2112 2674 Theodo-

550 2713 651 2767 reti
704 2729 882 2767 causa
930 2714 1254 2767 inserviunt.
1298 2712 1418 2767 llzec
1450 2711 1695 2766 Garuerii
1738 2712 1918 2782 potius
1949 2728 2111 2782 quam

550 2817 739 2862 nostro
774 2807 995 2861 nomine
1030 2821 1312 2860 recensere
1348 2805 1584 2874 juvabit,
1633 2814 1691 2859 ut
1720 2815 1993 2874 appareat,
2032 2808 2113 2859 vel

548 2902 680 2969 ipsis
705 2902 837 2955 adeo
866 2899 1194 2955 adversariis
1224 2899 1483 2968 patuisse,
1518 2899 1692 2952 virum
1725 2899 2112 2967 praastantissi-

550 3009 721 3055 mum,
754 2993 857 3047 etsi
901 2991 1121 3044 humani
1153 2989 1357 3058 aliquid
1404 3005 1599 3058 passus
1636 2986 1750 3059 [16]
1802 2989 1891 3053 sit,
1935 2998 2112 3043 tamen

520 3101 657 3143 ,non
693 3084 811 3138 sine
858 3082 1015 3135 laude
1046 3097 1277 3151 pugnam
1318 3096 1441 3135 cum
1502 3079 1701 3150 Cyrillo
1749 3080 1991 3133 inivisse.
2037 3079 2113 3134 lla

548 3187 729 3230 autem
779 3174 1076 3229 Garnerius
1126 3175 1283 3227 Auct.
1336 3188 1389 3241 p.
1437 3172 1589 3226 120:
1641 3190 1657 3222 ι
1691 3172 1967 3241 Ingerebat
1999 3187 2116 3226 sese
2145 3207 2187 3264 Ο

547 3267 765 3322 occasio
793 3264 1133 3335 optatissima
1166 3264 1510 3319 conserendae
1535 3278 1727 3332 pugnae
1754 3278 1877 3317 cum
1915 3263 2114 3333 (Iyrillo

548 3361 841 3413 multarum
876 3356 1176 3426 palmarum
1220 3356 1378 3416 duce,
1412 3370 1583 3423 eoque
1611 3362 1778 3408 totius
1819 3353 1931 3408 fere
1969 3355 2115 3410 orbis

549 3450 884 3512 doctissimo,
928 3458 980 3502 et
1023 3456 1199 3501 tamen
1238 3456 1524 3515 opportuno
1562 3446 1879 3509 vulneribus,
1921 3454 1980 3500 ut
2013 3446 2112 3516 ipsi

549 3544 769 3613 quidem
798 3541 1099 3596 videbatur.
1143 3538 1389 3593 Audendi
1422 3552 1587 3592 causa
1620 3554 1726 3592 non
1770 3547 1978 3592 tantum
2018 3539 2113 3591 lio-

552 3646 721 3699 uesta,
759 3632 935 3688 amico
961 3631 1225 3685 laboranti
1259 3645 1413 3699 opem
1451 3629 1631 3694 ferre;
1676 3629 1769 3684 sed
1799 3629 1959 3683 etiam
1996 3628 2116 3681 reli—

550 3729 718 3798 giosa,
750 3724 993 3778 obsistere
1020 3722 1217 3778 homini
1260 3731 1436 3789 partes
1465 3720 1780 3789 Apollinarii
1814 3722 1868 3773 in
1896 3721 2116 3787 speciem

551 3820 739 3873 tuenti.
796 3815 1087 3870 Pulchrum
1129 3822 1246 3867 erat
1287 3806 1539 3866 auxiliari
1568 3811 1815 3866 Nestorio
1841 3812 1991 3866 urbis
2026 3828 2113 3867 re-

551 3911 651 3981 giae
698 3906 949 3969 antistiti,
1005 3905 1141 3959 aula:
1185 3903 1442 3972 gratioso,
1491 3912 1545 3957 et
1596 3902 1760 3957 simul
1804 3915 2116 3971 oppugnare

550 3998 828 4073 Cyrillum,
866 3998 1021 4067 cujus
1070 3994 1328 4065 potentia,
1364 4010 1474 4063 quo
1506 3993 1677 4063 major
1716 3993 1783 4048 ab
1808 3992 2116 4047 Occidentis

552 4093 755 4155 favore,
784 4107 850 4145 eo
877 4089 1192 4143 invidiosior
1227 4083 1437 4139 Orienti
1468 4096 1632 4155 atque
1662 4086 1793 4153 ipsis
1824 4085 2114 4154 imperato-

553 4182 704 4239 ribus
728 4179 1126 4236 formidabilior
1160 4196 1173 4231 :
1213 4178 1442 4247 urgebat
1482 4178 1730 4245 prmsulis
1773 4177 2113 4241 mandatum,

553 4274 637 4329 cui
686 4286 875 4343 parere
926 4270 1106 4339 pium,
1156 4268 1422 4323 obsistere
1470 4268 1726 4321 intutum.
1785 4267 2117 4321 Anatbema-

555 4366 745 4420 tismos
773 4377 1019 4434 arguere,
1047 4360 1176 4431 quid
1206 4360 1471 4415 aliud.....
1505 4358 1798 4422 videretur,
1838 4375 1996 4429 quam
2037 4348 2117 4412 la-

554 4472 769 4514 cessere
795 4470 1049 4527 pugnam,
1077 4468 1197 4523 qua:
1217 4453 1349 4507 orbe
1370 4464 1482 4507 toto
1513 4461 1791 4524 spectante
1815 4452 2115 4522 peragenda

555 4560 812 4605 esset"...
851 4546 991 4613 Quid
1026 4545 1232 4600 multa?
1279 4545 1655 4599 illecebrosum
1688 4551 1825 4609 erat,
1855 4542 1960 4597 dici
1997 4544 2119 4597 ubi-

555 4660 661 4712 que
687 4652 972 4702 terrarum,
1003 4637 1147 4708 quod
1197 4636 1404 4692 solebat
1444 4636 1767 4699 Antiochia,
1800 4636 2121 4706 eloquentia:

558 4733 880 4788 miraculum
920 4741 973 4784 et
1003 4730 1267 4785 doctrina:
1305 4728 1634 4799 prodigium.
1667 4746 1685 4778 ι
1730 4726 1895 4781 Multa
1926 4729 2011 4783 his
2040 4729 2120 4781 iu-

558 4835 704 4889 sunt,
754 4837 874 4894 qua:
904 4832 1045 4876 recte
1073 4831 1129 4876 et
1170 4822 1426 4890 praeclare
1473 4819 1607 4872 dixit
1632 4818 1959 4885 Garnerins;
1997 4828 2123 4873 sunt

558 4935 684 4974 vero
716 4918 900 4979 etiam,
928 4929 1049 4985 quae
1076 4913 1341 4968 infensam
1370 4926 1497 4982 erga
1532 4910 1933 4967 Theodoretum
1966 4928 2121 4967 meu-

558 5025 662 5068 tem
692 5018 974 5065 testantur.

630 5103 811 5173 Signis
841 5100 1095 5170 utrinque
1126 5098 1268 5153 datis
1321 5096 1476 5167 quasi
1514 5097 1913 5152 concurrebant
1951 5097 2119 5151 acies.

556 5193 635 5251 Ne
664 5209 789 5249 vero
814 5193 998 5261 dispar
1015 5201 1157 5246 esset
1180 5206 1374 5259 pugna:
1399 5190 1557 5253 ratio,
1588 5189 1837 5259 quisquis
1863 5190 2124 5245 dimican-

556 5292 692 5344 tium
722 5302 938 5358 operam
995 5284 1157 5339 dabat
1207 5292 1265 5336 ιιι
1308 5298 1471 5351 quam
1507 5282 1778 5351 .plurimos
1823 5283 1890 5335 ad
1943 5292 2124 5351 partes

558 5396 688 5438 snas
713 5378 972 5433 alliceret.
1006 5374 1119 5429 llac
1143 5384 1323 5429 mente
1348 5373 1583 5444 Cyrillus
1606 5374 1888 5442 epistolam
1914 5374 1981 5427 ad
2012 5390 2124 5428 mo-

558 5472 764 5527 nachos
801 5467 1018 5539 Egypti
1065 5467 1305 5535 scripsit,
1351 5480 1551 5535 eosque
1603 5465 1850 5520 hortatus
1904 5474 2007 5531 est,
2058 5482 2125 5520 ne

560 5563 788 5617 Nestorii
824 5560 1050 5614 fallaciis
1085 5557 1309 5612 insidias
1338 5556 1441 5611 sibi
1472 5555 1607 5610 strui
1634 5565 1970 5625 paterentur.
2006 5556 2123 5611 Lit-

563 5653 890 5718 terisbisce,
939 5668 1004 5704 ne
1047 5662 1304 5704 successu
1334 5657 1600 5710 carerent,
1645 5647 1889 5715 adjunxit
1924 5650 2126 5702 duode-

561 5748 668 5804 cim
706 5746 971 5814 capitula,
1019 5744 1237 5811 suisque
1277 5742 1453 5797 effecit
1499 5740 1732 5802 artibus,
1788 5754 1846 5794 ut
1900 5741 1951 5794 in
2010 5742 2125 5812 ipsa

556 5844 697 5895 adeo
718 5838 859 5893 urbe
891 5838 1037 5906 regia
1074 5833 1261 5891 multis
1287 5842 1489 5889 metum
1522 5835 1809 5890 incuteret.
1841 5833 1918 5888 Ex
1950 5835 2118 5891 altera

2216 590 2361 645 dedit
2399 594 2464 644 ad
2511 595 2807 647 monachos
2851 594 3243 663 Euphratesiae,
3280 596 3467 665 Syriae,
3500 594 3805 651 Phoenices

2214 692 2270 739 et
2298 684 2518 747 Cilicia‘,
2553 701 2687 754 quas
2721 686 2958 756 integras
2986 686 3171 742 Graece
3200 698 3249 740 et
3291 687 3482 742 Latine
3514 704 3613 741 suo
3645 697 3755 744 tem

2216 793 2367 847 pore,
2402 778 2447 833 si
2491 777 2631 831 Deus
2663 779 2826 832 vitam
2860 778 2973 851 [l7]
3014 782 3269 850 viresque
3301 780 3649 846 concesserit,
3685 798 3799 835 ex-

2218 870 2544 925 hibebimus.
2592 871 2735 925 Inter
2761 872 3023 925 ἀνέκδοτα
3056 874 3159 927 huc
3195 889 3366 942 usque
3395 874 3573 927 locum
3608 875 3801 929 tenuit

2214 962 2457 1033 Epistula
2509 965 2631 1027 illa,
2692 964 2849 1033 cujus
2897 965 3147 1034 exiguam
3199 976 3404 1019 tantum
3465 976 3668 1035 partem
3716 984 3795 1022 ex

2216 1056 2366 1110 Actis
2412 1057 2600 1127 synodi
2656 1073 2687 1105 ν
2738 1056 2883 1110 dedit
2913 1054 3228 1122 Garnerius,
3271 1058 3429 1112 Auct.
3480 1074 3532 1126 p.
3563 1058 3650 1124 62,
3690 1058 3799 1112 sed

2215 1158 2421 1204 tantum
2474 1148 2684 1213 Latine,
2740 1150 2865 1218 quia
2916 1150 3228 1219 apographo
3281 1151 3521 1220 epistola:
3567 1168 3687 1222 quae
3730 1154 3801 1206 in

2216 1238 2336 1294 cod.
2369 1239 2600 1307 quodam
2645 1240 2900 1307 Augustae
2936 1239 3276 1293 bibliotheca:
3321 1238 3547 1295 Vindob.
3581 1252 3797 1305 exstat,

2218 1335 2414 1393 caruit,
2445 1349 2551 1398 quo
2584 1332 2742 1387 nobis
2764 1332 2875 1401 jam
2914 1332 3019 1385 frui
3051 1333 3216 1387 licuit.

2287 1424 2469 1480 Rebus
2496 1425 2567 1478 ita
2595 1425 2872 1494 dispositis
2896 1424 3154 1478 indictum
3182 1438 3264 1480 est
3288 1427 3581 1494 imperante
3605 1426 3801 1481 Theo-

2217 1517 2391 1585 dosio
2428 1518 2717 1572 concilium
2762 1515 2959 1586 Ephesi
3006 1518 3461 1585 congregandum.
3499 1518 3795 1572 Convene-

2214 1622 2347 1664 runt
2374 1624 2569 1679 magno
2599 1625 2825 1664 numero
2851 1608 3057 1672 Patres,
3090 1612 3293 1680 primas
3323 1613 3495 1665 tenuit
3523 1610 3795 1682 Cyrillns,

2214 1704 2306 1772 qui
2339 1704 2581 1763 absente,
2629 1718 2743 1763 seu,
2769 1711 2828 1755 ut
2875 1702 3151 1757 nonnullis
3183 1705 3359 1757 visum
3395 1712 3496 1764 est,
3533 1705 3802 1757 consulto

2216 1811 2398 1849 moras
2427 1797 2671 1849 trahente
2694 1794 2901 1849 Joanne
2930 1797 3229 1851 Antiochiae
3252 1780 3527 1867 epiScopo,
3565 1799 3794 1853 feralem

2216 1897 2403 1940 contra
2437 1868 2912 1940 Nestorium'dixit
2943 1888 3285 1940 sententiam.
3325 1887 3427 1942 Sed
3457 1889 3794 1956 aniniisjam

2217 1978 2503 2034 concitatis
2537 1977 2718 2031 multa:
2755 1977 2956 2031 obortae
3001 1990 3127 2031 sunt
3151 1980 3340 2035 turbae.
3373 1978 3606 2034 Joannes
3637 1982 3795 2033 enim

2217 2072 2590 2125 Antiochenus
2644 2087 2767 2126 cum
2835 2071 3172 2134 advenisset,
3227 2072 3457 2143 Cyrillo,
3513 2073 3799 2127 Memnoni

2220 2165 2418 2235 Ephesi
2449 2166 2726 2235 episcopo,
2754 2173 2808 2217 et
2832 2167 2925 2217 toti
2952 2165 3186 2218 concilio
3209 2181 3533 2233 magnopere
3564 2181 3803 2219 succen-

2219 2258 2351 2320 suit,
2396 2257 2624 2325 aliisque
2666 2257 2719 2309 in
2754 2257 3066 2310 societatem
3112 2272 3267 2309 suam
3306 2257 3489 2310 ascitis
3521 2257 3797 2327 Cyrillum

2219 2349 2622 2409 exauctoravit,
2674 2349 3015 2417 graviterque
3062 2347 3114 2399 in
3167 2363 3358 2401 omnes
3407 2348 3801 2401 animadvertit

2218 2442 2311 2512 qui
2341 2426 2434 2495 .ab
2486 2441 2631 2494 illius
2661 2440 2905 2509 partibus
2952 2446 3234 2493 steterant.
3272 2437 3470 2507 Majora
3508 2439 3584 2493 rei
3617 2455 3801 2494 sacrae

2219 2531 2507 2586 metuenda
2539 2531 2765 2585 fuissent
2787 2530 2949 2593 mala,
2975 2530 3076 2584 nisi
3111 2530 3402 2600 imperator
3422 2530 3800 2595 Theodosius,

2220 2625 2286 2680 de
2311 2625 2623 2695 perturbato
2667 2622 2921 2677 Ecclesia:
2951 2630 3095 2677 statu
3136 2624 3338 2677 certior
3376 2621 3571 2688 factus,
3605 2624 3801 2693 provi-

2220 2718 2405 2779 disset,
2442 2732 2508 2769 ne
2540 2715 2671 2784 quid
2705 2715 2771 2769 ab
2819 2724 3044 2784 utraque
3098 2727 3250 2785 parte
3299 2728 3571 2787 ageretur,
3615 2719 3801 2773 dooec

2220 2824 2383 2864 eausa
2408 2816 2551 2863 esset
2573 2809 2806 2878 cognita.
2839 2807 3015 2863 Variis
3045 2818 3223 2862 tamen
3248 2810 3474 2875 artibus,
3498 2812 3800 2866 comitum-

2220 2916 2347 2970 que,
2383 2899 2582 2968 quibus
2622 2900 2696 2954 rei
2748 2899 3137 2970 cognoscendae
3182 2915 3312 2954 cura
3364 2901 3430 2954 ab
3460 2902 3803 2971 imperatore

2221 2991 2510 3046 commissa
2559 3000 2695 3056 erat,
2749 2992 2991 3047 consiliis
3020 2991 3265 3046 eﬂectum
3304 3002 3407 3055 est,
3459 3003 3520 3048 ut
3568 2997 3797 3051 tandem

2220 3082 2461 3137 dimissis
2496 3081 2747 3137 Pati-ibus
2786 3082 2897 3138 fere
2940 3094 3135 3137 cuncta
3186 3084 3237 3138 in
3274 3085 3499 3153 pristino
3526 3095 3666 3142 statu
3696 3105 3801 3143 re-

2220 3184 2523 3238 manerent,
2571 3174 2888 3230 conﬁrmata
2939 3184 3118 3229 tamen
3161 3177 3427 3231 sententia
3462 3188 3648 3233 contra
3678 3179 3795 3235 No-

2223 3267 2451 3320 storium
2499 3268 2873 3337 pronuntiata.
2912 3269 3167 3323 Proximo
3203 3280 3327 3340 post
3357 3271 3462 3325 hoc
3496 3273 3796 3327 concilium

2220 3367 2461 3427 tempore
2496 3358 2702 3421 odium,
2736 3360 2876 3429 quod
2909 3360 3147 3416 nondum
3178 3364 3411 3431 sopitum
3441 3374 3579 3428 erat,
3618 3382 3802 3422 novas

2219 3452 2374 3521 quasi
2406 3452 2606 3521 recepit
2635 3453 2800 3516 vires,
2842 3462 2893 3506 et
2923 3454 3265 3508 occasionem
3302 3455 3449 3509 dedit
3475 3457 3798 3513 celebratis-

2220 3544 2373 3598 simis
2405 3544 2510 3597 illis
2539 3543 2779 3612 quinque
2810 3544 2982 3608 libris,
3018 3560 3156 3614 quos
3182 3544 3555 3603 Theodoretus
3598 3561 3796 3605 contra

2216 3634 2472 3706 Cyrillum
2505 3644 2559 3690 et
2587 3636 2875 3690 concilium
2920 3635 3249 3704 Ephesinum
3290 3641 3663 3708 composuisse
3700 3642 3800 3695 di-

2217 3729 2377 3781 citur.
2418 3726 2479 3781 Hi
2512 3743 2834 3797 magnopere
2862 3728 3254 3796 displicuerunt
3281 3729 3466 3801 Cyrilli
3499 3733 3795 3787 sectatori-

2217 3821 2342 3882 bus,
2369 3830 2422 3872 ει
2450 3818 2621 3873 Mario
2642 3818 2923 3874 Mercatori
2959 3821 3091 3875 adeo
3119 3823 3482 3877 exsecrabiles
3508 3824 3608 3877 visi
3633 3836 3790 3888 sunt,

2217 3920 2278 3967 ut
2309 3912 2546 3965 scribere
2579 3927 2686 3964 non
2713 3912 2988 3965 erubuerit
3029 3912 3294 3982 (Operum
3332 3923 3368 3966 t.
3397 3912 3462 3972 ll,
3494 3913 3579 3968 ed.
3613 3913 3789 3970 Garn.

2219 4018 2272 4072 p.
2308 4003 2435 4071 265)
2470 4001 2725 4056 Nostrum
2788 4002 3079 4072 instigante
3107 4003 3322 4057 diabolo
3350 4004 3472 4058 illos
3506 4020 3791 4061 exarasse.

2218 4093 2327 4149 Nec
2349 4095 2529 4147 minus
2550 4093 2851 4148 Garnerius
2873 4095 2943 4148 ob
2972 4093 3141 4148 libros
3169 4093 3281 4165 [l8]
3317 4094 3447 4150 istos
3473 4098 3799 4152 succensuit

2220 4187 2561 4241 Theodoreto
2586 4205 2599 4240 :
2626 4185 2826 4241 erravit
2853 4196 3055 4250 autem,
3091 4203 3213 4241 cum
3246 4191 3402 4243 Auct.
3433 4203 3485 4258 p.
3522 4189 3624 4243 125
3646 4191 3795 4245 scri-

2218 4277 2314 4339 bit,
2366 4277 2485 4333 illos
2529 4279 2685 4349 jussu
2740 4278 3028 4335 Theodosii
3084 4282 3422 4351 imperatoris
3474 4283 3799 4340 combustos

2219 4386 2358 4433 esse,
2389 4370 2530 4439 quod
2556 4381 2730 4426 tamen
2761 4388 2814 4442 p.
2844 4372 2969 4431 259.
2995 4371 3230 4443 Dialogis
3251 4374 3368 4428 istis
3394 4373 3485 4443 qui
3511 4372 3796 4428 Eram’stes

2220 4477 2315 4517 seu
2355 4460 2737 4533 Polymorphus
2776 4464 3019 4532 inscripti
3051 4473 3196 4529 sunt,
3229 4464 3491 4520 accidisse
3516 4464 3796 4536 perbibet,

2152 4576 2197 4634 η
2223 4564 2438 4608 notatus
2468 4554 2586 4609 ideo
2621 4555 2689 4609 ab
2716 4553 2927 4609 Oudino
2953 4555 2993 4619 Ι,
3027 4571 3077 4624 p.
3112 4555 3270 4610 1101.

2292 4646 2545 4717 Cyrillus,
2585 4646 2676 4716 qui
2711 4646 2762 4699 in
2792 4647 3002 4718 synodo
3036 4647 3305 4716 Ephesina
3346 4663 3412 4702 ex
3439 4646 3661 4701 arbitrio
3687 4661 3800 4702 suo

2222 4738 2404 4792 Omnia
2422 4736 2709 4806 disponere
2724 4742 2986 4808 'caaperat,
3008 4739 3287 4794 adversam
3310 4748 3489 4794 autem
3514 4738 3795 4795 fortunam

2221 4829 2416 4883 deinde
2444 4838 2700 4899 expertus
2726 4839 2862 4892 erat,
2890 4838 3098 4884 mutata
3124 4845 3305 4884 rerum
3333 4829 3469 4885 facie
3500 4829 3648 4899 pacis
3674 4831 3800 4900 agi-

2224 4919 2371 4974 tabat
2413 4920 2659 4975 consilia.
2716 4922 2916 4975 Parum
2973 4923 3117 4976 enim
3172 4920 3410 4988 proﬁcua
3459 4919 3560 4989 ipsi
3612 4916 3799 4974 fuerat

2223 5011 2591 5065 controversia
2626 5012 2726 5065 ista
2770 5028 2892 5067 cum
2939 5011 3327 5075 Orientalibus,
3372 5020 3427 5065 et
3470 5010 3798 5081 gravissime

2224 5102 2571 5172 premebatur
2638 5102 2856 5171 scriptis
2922 5117 2955 5156 a
3020 5100 3218 5157 Nostro
3277 5101 3612 5171 compositis.
3678 5099 3799 5157 Nec

2222 5191 2460 5247 Joannes
2489 5191 2791 5247 Antiochia:
2819 5193 3107 5262 episcopus
3130 5208 3159 5247 e
3191 5208 3246 5246 re
3270 5208 3366 5247 sua
3392 5207 3511 5247 esse
3536 5191 3792 5259 ducebat,

2226 5285 2409 5340 litibus
2440 5284 2591 5338 hisce
2622 5285 2824 5338 diutius
2852 5285 3135 5347 inhterere,
3186 5300 3309 5337 eum
3354 5285 3499 5338 nulla
3543 5300 3664 5353 spes
3712 5285 3795 5340 illi

2226 5374 2431 5444 reliqua
2459 5382 2626 5439 esset,
2656 5373 2771 5428 fore
2807 5383 2863 5428 ut
2891 5388 3013 5443 quae
3034 5384 3222 5429 contra
3246 5372 3555 5429 Nestorium
3589 5374 3795 5444 Ephesi

2226 5468 2439 5519 decreta
2462 5475 2637 5530 erant,
2670 5466 3124 5523 rescinderentur.
3154 5466 3229 5521 lta
3253 5468 3569 5536 praeparatis
3592 5466 3795 5523 animis

2225 5572 2289 5611 ex
2318 5564 2441 5610 voto
2473 5558 2703 5611 accessit
2738 5556 3080 5628 imperatoris
3113 5561 3449 5621 mandatum,
3479 5567 3535 5611 ut
3555 5557 3796 5628 Cyrillus

2226 5664 2413 5704 omnes
2458 5649 2772 5706 inimicitias
2806 5652 3098 5721 deponeret
3144 5659 3200 5704 et
3226 5666 3415 5705 eorum
3443 5666 3565 5721 quae
3592 5649 3792 5720 Ephesi

2226 5750 2479 5810 expertus
2504 5740 2678 5797 fuerat
2700 5745 3017 5799 memoriam
3044 5742 3319 5811 abjiceret,
3344 5742 3577 5799 Joannes
3606 5752 3792 5797 autem

2228 5835 2505 5891 sententiae
2532 5847 2722 5892 contra
2750 5837 3055 5894 Nestorium
3091 5841 3209 5892 lata:
3236 5837 3617 5894 subscriberet.
3652 5836 3796 5891 Pace
