3924 6570
238 424 287 490 ιδ
1502 410 2012 473 DISSERTATIO.
3271 409 3342 471 to

240 542 296 595 his
316 526 657 588 mnditionibus
685 525 951 597 restituta,
989 524 1158 577 otium
1189 537 1405 592 quoque
1439 521 1688 577 Theodo-
1721 520 1765 576 A
1790 522 1894 575 cia.
1921 522 2064 575 ldem
2088 534 2303 590 quoque
2329 519 2575 575 viderunt
2601 519 2945 585 Possevinus,
2968 521 3169 593 Lupus,
3200 525 3346 578 Alla-

237 639 313 682 πω
339 618 562 675 redditum
592 630 709 668 esse
743 614 1041 668 videbatur.
1084 612 1166 667 Ab
1191 630 1256 667 eo
1281 614 1423 667 enim
1452 622 1693 681 tempore

233 714 441 771 amicitiam
479 724 591 763 cum
635 707 835 775 Cyrillo
872 706 1058 769 coluit,
1089 714 1146 759 ut
1174 706 1364 761 littera:
1392 706 1569 761 adhuc
1596 721 1693 761 su-

232 806 405 879 perstites
445 810 719 861 testantur,
769 813 907 867 quas
951 798 1033 852 vel
1071 789 1275 867 accepit
1309 799 1391 852 vel
1439 797 1505 852 ad
1540 798 1691 852 illum

234 902 345 954 dedit.
381 893 593 947 Fuerunt
635 888 872 959 quidem,
917 890 1006 959 qui
1036 905 1101 943 ex
1132 888 1386 959 Epistolis
1425 907 1559 959 quas
1589 891 1693 945 hoc

236 1001 399 1057 ιεωροη
431 984 488 1037 ad
534 981 826 1035 Iiimerium
864 989 917 1035 et
959 982 1227 1035 Andream
1279 981 1688 1036 Samosatenutn

234 1083 341 1140 misit.
364 1076 581 1145 colligere
610 1075 919 1136 voluerunt,
956 1074 1260 1128 simulatam
1308 1074 1472 1129 fuisse
1515 1074 1691 1127 Theo-

229 1169 342 1225 δονειί
358 1164 648 1228 amicitiam;
680 1167 771 1220 sed
802 1167 854 1220 hi
884 1182 991 1220 non
1013 1166 1338 1235 cogitarunt,
1363 1166 1501 1220 hanc
1523 1164 1692 1220 fuisse

227 1260 424 1329 scriptoris
448 1258 607 1312 nostri
645 1264 872 1321 sortem,
905 1266 963 1311 ut
982 1256 1049 1310 ab
1082 1258 1336 1311 omnibus
1361 1260 1455 1327 qui
1479 1272 1542 1311 eo
1564 1268 1692 1311 tem-

224 1369 307 1424 pore
331 1352 440 1404 male
465 1349 752 1419 cupiebant
788 1348 1008 1419 Cyrillo,
1051 1348 1182 1402 tides
1212 1348 1331 1417 ejus
1371 1356 1687 1403 tentaretur.

225 1444 316 1499 fieri
352 1444 507 1511 itaque
560 1456 667 1495 non
723 1442 918 1510 potuit,
954 1443 1083 1509 quin
1120 1441 1185 1494 ad
1216 1449 1395 1496 castra
1431 1456 1462 1497 e
1493 1443 1692 1511 quibus

222 1552 396 1608 egressus
426 1542 550 1597 erat,
596 1535 875 1588 nonnullis
900 1533 1123 1589 rediisse
1165 1534 1455 1588 videretur.
1492 1533 1565 1588 Ea
1594 1551 1692 1589 au-

220 1626 386 1684 temfuit
424 1626 514 1681 viri
556 1627 880 1692 moderatio,
931 1637 992 1682 ut
1042 1634 1163 1697 post
1206 1642 1392 1696 pacem
1439 1626 1692 1683 Ecclesia:

220 1722 405 1775 miditam
437 1718 562 1773 nihil
592 1719 722 1772 novi
757 1719 1060 1784 moliretur,
1090 1721 1189 1775 etsi
1222 1735 1251 1773 a
1282 1720 1467 1775 multis
1491 1721 1692 1775 sollici-

218 1824 310 1868 tatus
335 1812 498 1879 amicis
527 1811 643 1866 suis
678 1812 844 1865 libere
885 1812 1050 1865 animi
1092 1826 1284 1865 sensus
1329 1820 1685 1881 expromeret.

218 1905 376 1959 [nicum
398 1910 564 1955 tamen
592 1912 702 1963 est,
737 1901 875 1969 quod
920 1913 1109 1956 contra
1147 1901 1511 1956 sinceritatem
1543 1902 1688 1955 inita:

216 1995 306 2049 inter
328 2002 585 2060 utrumque
623 1991 747 2063 [19]
786 1992 1036 2045 amicitiae
1076 2006 1182 2045 non
1212 1991 1329 2045 sine
1361 1991 1540 2058 specie
1572 2006 1689 2045 mo-

215 2088 287 2140 ueri
316 2094 486 2153 posset.
534 2083 792 2146 Scilicet,
839 2100 962 2138 cum
1013 2083 1177 2153 impia
1223 2081 1455 2139 Nestorii
1489 2082 1687 2151 scripta

214 2178 437 2231 vindicibus
457 2176 692 2231 ﬂammis
718 2176 869 2244 jussu
896 2175 1233 2245 imperatoris
1262 2176 1457 2230 tradita
1485 2184 1686 2239 essent,

213 2271 245 2322 in
267 2272 398 2322 locum
438 2284 621 2322 eorum
674 2268 969 2322 substituta
1016 2275 1142 2321 sunt
1186 2266 1451 2336 Excerpta
1479 2283 1509 2321 e
1540 2266 1689 2321 libris

212 2358 405 2413 Theodori
451 2356 815 2426 Mopsuesteni
851 2366 905 2411 et
949 2355 1169 2411 Diodori
1199 2354 1516 2417 Tarsensis.
1568 2372 1690 2425 qua:

207 2464 288 2500 cum
321 2446 478 2499 multis
514 2445 893 2515 displicerent,
943 2444 1173 2500 refutata
1220 2453 1347 2500 sunt
1399 2461 1428 2499 a
1466 2445 1686 2516 Cyrillo,

208 2538 361 2592 defensa
402 2553 429 2590 a
458 2538 825 2591 Theodoreto.
874 2536 952 2591 lta
984 2538 1035 2591 in
1062 2538 1242 2592 varias
1274 2546 1453 2607 partes
1493 2539 1687 2593 iterum

208 2633 305 2685 abire
329 2631 411 2684 risi
443 2639 585 2693 sunt,
641 2630 742 2698 qui
772 2630 859 2683 vix
894 2630 949 2683 in
988 2629 1211 2698 gratiam
1259 2630 1487 2685 rediisse
1533 2641 1690 2699 puta-

208 2725 359 2775 bantur.
386 2723 640 2777 Incertum
686 2730 866 2777 autem
895 2733 998 2787 est,
1030 2738 1157 2777 num
1188 2722 1390 2794 Cyrillo
1422 2725 1691 2779 contradi-

206 2815 309 2869 cendi
344 2815 585 2879 studium,
623 2831 700 2869 an
746 2818 926 2885 potius
971 2819 1241 2873 veneratio
1283 2834 1443 2888 quam
1476 2821 1691 2890 utrique

208 2905 254 2957 illi
291 2908 505 2975 scriptori
558 2908 756 2963 deberi
804 2909 1161 2973 existimavit,
1219 2912 1359 2982 apud
1406 2910 1686 2977 Nostrum,

206 3014 313 3065 quem
343 3001 528 3055 scimus
568 3001 628 3055 in
675 3002 870 3056 amicis
912 3002 1262 3059 defendendis
1311 3006 1687 3061 constantissi-

206 3091 489 3152 mumfuisse,
536 3092 665 3162 plus
697 3093 946 3149 valuerit.
985 3094 1253 3163 Quidquid
1298 3098 1387 3161 sit,
1440 3097 1688 3166 querelas

1792 613 1936 678 tius,
1988 612 2258 669 Aubertus
2305 613 2555 676 Miraeus,
2594 624 2648 668 et
2702 624 2965 686 quotquot
3018 619 3347 673 acutioribns

1793 705 1963 759 oculis
2009 705 2213 773 praediti
2268 715 2443 760 erant.
2489 705 2619 771 Quis
2669 706 2810 759 enim
2859 707 3118 772 crederet,
3141 724 3344 776 quaeso.

1790 796 2051 864 genuinas
2071 812 2189 851 esse
2211 796 2416 853 litteras
2440 797 2591 861 istas,
2615 812 2736 852 cum
2762 798 3100 854 notissimum
3124 808 3177 854 et
3196 810 3347 855 extra

1790 902 1950 941 omne
1976 888 2200 943 dubium
2242 891 2474 958 positum
2516 893 2604 953 sit,
2644 890 2850 960 aliquot
2877 892 3035 946 annis
3079 901 3205 947 ante
3244 892 3349 963 Cy-

1790 978 1966 1031 rillum
2000 978 2125 1034 fatis
2149 980 2261 1049 jam
2293 979 2604 1035 defunctum
2632 997 2749 1036 esse
2773 980 3033 1036 Joannem
3063 983 3348 1036 Antiocho-

1792 1072 1960 1124 uum?
2010 1070 2114 1125 Sed
2163 1088 2226 1126 ea
2276 1072 2375 1126 fuit
2415 1072 2684 1135 Garnerii,
2732 1073 2840 1126 imo
2891 1089 3103 1143 quoque
3150 1072 3345 1127 Oudini

1790 1162 1889 1223 (De
1918 1164 2098 1231 script.
2136 1165 2264 1218 eccl.
2295 1174 2331 1218 t.
2367 1161 2407 1226 1,
2451 1182 2503 1234 p.
2534 1165 2716 1234 1056),
2763 1166 2854 1235 qui
2895 1166 3043 1219 illum
3071 1180 3215 1220 caeco
3250 1164 3350 1218 int-

1790 1263 1910 1320 petu
1945 1253 1997 1306 in
2030 1254 2297 1323 plerisque
2327 1256 2594 1323 sequitur,
2630 1256 2907 1324 iniquitas,
2942 1266 3001 1310 ut
3026 1255 3076 1309 in
3109 1253 3346 1310 favorem

1791 1345 1945 1399 malas
1971 1360 2170 1411 causae,
2198 1362 2435 1403 errorem
2464 1348 2515 1401 in
2545 1349 2784 1417 epistola:
2810 1348 2970 1417 hujus
3002 1349 3351 1418 inscriptione

1792 1436 1951 1491 latere
1979 1437 2286 1501 statuerint,
2318 1438 2473 1506 quasi
2505 1454 2602 1508 pro
2629 1436 2855 1492 Joannis
2894 1438 3109 1493 nomine
3142 1454 3349 1509 ponen-

1790 1533 1919 1587 dum
1951 1533 2021 1588 sit
2049 1526 2500 1599 nomen'Domni,
2536 1550 2698 1603 quem
2738 1548 3106 1589 successorem
3137 1534 3344 1589 habuit.

1790 1623 2098 1693 Opportune
2118 1635 2295 1681 autem
2327 1626 2451 1680 huic
2481 1626 2579 1680 levi
2602 1625 2898 1681 defensioni
2929 1634 3106 1694 posset
3126 1628 3347 1694 opponi,

1789 1720 1933 1787 quod
1960 1719 2099 1788 apud
2126 1719 2303 1788 ipsum
2333 1718 2655 1773 Garnerium
2685 1719 2803 1772 loco
2833 1719 3066 1788 quodam
3098 1719 3187 1773 ubi
3220 1734 3347 1772 con-

1789 1818 1871 1863 tra
1896 1810 2189 1864 Cousinum
2212 1809 2482 1872 acerbius,
2514 1818 2571 1865 ut
2595 1812 2749 1871 solet.
2779 1811 3035 1880 disputat,
3066 1827 3149 1864 me
3176 1811 3349 1880 legere

1790 1898 2044 1963 memini,
2102 1916 2121 1949 ‹
2166 1898 2274 1954 Aut
2316 1898 2395 1954 sic
2448 1907 2542 1954 aut
2595 1914 2703 1952 non
2753 1899 2979 1953 debebat
3029 1901 3276 1970 pugnari.
3327 1922 3343 1949 ι

1788 1988 1953 2055 Quasi
1989 2003 2114 2044 vero
2142 1990 2379 2044 nondum
2411 1991 2544 2045 satis
2580 1990 2811 2059 injurius
2851 1991 2903 2044 in
2934 1991 3058 2045 boui
3099 1991 3196 2044 viri
3242 2008 3348 2044 mv-

1789 2082 2017 2136 moriam
2071 2081 2233 2137 fuerit
2280 2082 2601 2146 Garnerius,
2654 2084 2878 2153 protulit
2925 2099 3141 2153 quoque
3190 2084 3347 2136 Auct.

1789 2191 1842 2245 p.
1874 2174 1961 2239 38,
1995 2174 2356 2245 fragmentum
2390 2192 2454 2230 ex
2488 2175 2749 2230 Sermone
2792 2191 2949 2246 quem
2978 2175 3351 2229 Theodoretus

1787 2267 2084 2322 Antiochiae
2124 2278 2246 2338 post
2278 2269 2464 2339 Cyrilli
2498 2279 2722 2323 mortem
2771 2284 2952 2322 coram
2999 2268 3205 2321 Domno
3257 2269 3351 2320 lia-

1788 2361 1973 2417 buisse
2000 2363 2217 2417 dicitur.
2267 2362 2401 2428 Hoc,
2448 2373 2509 2418 ut
2548 2364 2651 2418 alia
2697 2363 2940 2432 ejusdem
2977 2363 3207 2431 generis,
3252 2361 3349 2417 de-

1791 2455 2022 2525 sumpsit
2052 2470 2119 2509 ει
2153 2455 2302 2512 Actis
2330 2455 2521 2527 synodi
2553 2474 2603 2521 v,
2638 2467 2689 2510 et
2718 2456 2831 2511 sola
2862 2456 3013 2509 Marii
3040 2455 3348 2510 Mercatoris

1792 2548 1973 2603 minus
2014 2549 2165 2603 lirma
2207 2550 2524 2605 auctoritate
2562 2551 2744 2613 nixus,
2774 2565 2873 2619 pro
2902 2550 3135 2619 genuino
3161 2550 3347 2602 vendi-

1790 2640 1939 2693 tavit.
1983 2639 2101 2706 Quo
2124 2641 2304 2695 minus
2332 2650 2508 2695 autem
2543 2642 2819 2696 credulum
2851 2642 2972 2705 viri,
3002 2641 3262 2710 alioquin,
3303 2641 3347 2692 si

1791 2746 1819 2785 a
1856 2731 2177 2786 Theodoreti
2228 2732 2452 2787 historia
2492 2732 2835 2796 discesseris,
2877 2732 3196 2795 acutissimi,
3234 2733 3350 2784 ani-

1792 2840 1939 2878 mum
1980 2825 2166 2879 multis
2200 2840 2542 2889 accusemus,
2579 2824 2799 2894 impedit
2827 2824 3102 2893 diligentia
3135 2833 3186 2879 et
3216 2823 3353 2877 inte-

1793 2918 1962 2989 gritas
1991 2917 2235 2983 Cousini,
2269 2927 2453 2972 contra
2483 2933 2643 2988 quem
2678 2919 2935 2989 pugnavit
2965 2916 3350 2986 quidemGar-

1792 3013 1977 3067 uerius
2004 3012 2057 3065 in
2093 3011 2245 3066 Notis
2280 3011 2393 3083 [Si]
2422 3013 2533 3067 suis
2568 3012 2603 3065 l.
2629 3026 2701 3076 c.,
2735 3011 2825 3066 sed
2853 3011 3136 3065 levissimis
3165 3009 3350 3071 armis,

1793 3117 1913 3172 quae
1951 3118 2145 3157 novum
2209 3118 2341 3157 sane
2383 3103 2652 3158 sustinere
2684 3119 2788 3157 non
2822 3113 3039 3172 possent
3072 3104 3349 3171 impetum.

207 3198 289 3235 suas
314 3184 367 3236 ad
407 3182 669 3240 Joannem
743 3186 1143 3240 Antiocltenum
1206 3188 1397 3243 detulit
1440 3190 1693 3260 (Zyrillus,
1723 3192 1765 3249 C
1797 3195 1932 3249 Cum
1970 3195 2023 3249 in
2047 3210 2111 3250 eo
2140 3194 2251 3263 jam
2282 3194 2759 3259 elaboraverimus,
2796 3205 2854 3247 ut
2883 3194 3058 3247 varias
3090 3194 3352 3256 maculas,
3404 3230 3407 3235 μ

206 3275 308 3338 cujus
346 3276 434 3330 hac
474 3276 541 3331 de
591 3293 656 3331 re
714 3278 994 3347 epistolam
1033 3294 1063 3333 e
1105 3282 1225 3334 cod.
1261 3280 1431 3336 Vatic.
1470 3283 1688 3347 editam,

207 3363 393 3423 iudiciis
428 3372 619 3442 synodi
656 3371 880 3440 Ephes.,
911 3383 1039 3438 etc.,
1067 3390 1118 3444 p.
1156 3376 1250 3429 Ml
1274 3417 1291 3441 ,
1320 3376 1548 3430 inseruit
1586 3377 1693 3431 Leo

207 3458 388 3526 Allatius,
425 3479 633 3518 necnon
664 3464 897 3520 Garner.
941 3466 1098 3520 Auct.
1144 3482 1197 3537 p.
1241 3466 1325 3521 97.
1384 3466 1552 3522 Valde
1588 3470 1691 3523 ini-

204 3564 313 3619 quum
349 3564 507 3608 autem
550 3571 686 3625 erga
718 3555 1115 3612 Theodoretum
1163 3573 1223 3613 se
1257 3559 1503 3614 exhibuit
1535 3560 1693 3614 Libe-

205 3657 315 3712 ratus,
342 3652 419 3719 qui
449 3653 500 3705 in
536 3651 822 3708 Breviario
850 3670 969 3721 suo,
1005 3671 1125 3725 cap.
1163 3656 1217 3722 9,
1260 3659 1468 3721 statuit,
1498 3674 1690 3713 novam

206 3737 415 3796 factionem
432 3744 778 3799 Theodoreto
810 3757 1028 3801 auctore
1063 3758 1264 3812 ortam,
1288 3750 1689 3818 Acephalorum

206 3846 337 3886 nomen
365 3837 651 3905 accepisse,
700 3839 827 3906 quia
860 3854 955 3894 nec
992 3838 1194 3909 Cyrillo
1228 3856 1325 3894 nec
1362 3839 1556 3895 Joanni
1596 3845 1691 3897 ad-

206 3919 368 3979 hibuerit.
416 3925 549 3980 Cum
602 3927 878 3994 Liberato,
908 3938 967 3984 ut
998 3931 1155 3994 solet,
1200 3930 1327 3984 facit
1373 3931 1688 3996 Garnerius,

204 4014 262 4077 qui
284 4014 322 4065 in
340 4017 580 4072 Auctario
609 4034 714 4072 suo
741 4022 940 4088 passim
969 4021 1129 4089 hujus
1153 4022 1230 4076 sic
1255 4023 1411 4077 dicta
1441 4023 1691 4079 factionis

204 4106 393 4162 meminit.
436 4108 502 4163 At
528 4126 665 4165 vero
691 4111 1012 4179 jamdudum
1048 4128 1077 4165 a
1122 4112 1412 4177 Cotelerio,
1460 4112 1690 4184 Dupinio

205 4196 363 4265 altisque
400 4203 620 4270 explosa
677 4215 761 4256 est
804 4202 984 4257 fabula
1037 4203 1105 4257 de
1148 4203 1252 4258 hac
1294 4205 1689 4274 Acephalorum

202 4285 320 4341 classe
341 4300 385 4343 et
416 4294 644 4361 origine,
675 4309 797 4346 cum
830 4304 1017 4347 uotum
1053 4296 1143 4359 sit,
1177 4305 1298 4361 post
1333 4297 1444 4351 lnrc
1472 4297 1687 4351 demum

203 4386 371 4448 tempora
401 4382 756 4455 Eutycbianis
801 4387 1077 4441 nonnullis
1111 4403 1305 4441 nomen
1347 4389 1476 4441 illud
1525 4390 1692 4444 fuisse

202 4466 456 4535 impositum.
507 4474 621 4530 Nec
658 4475 792 4530 tides
838 4477 943 4530 ulla
1001 4478 1225 4531 debetur
1274 4480 1514 4547 epistolis
1559 4480 1685 4547 illis,

202 4572 279 4621 qua
300 4564 379 4616 sub
412 4563 741 4620 Theodoreti
779 4582 840 4621 ac
887 4566 1116 4621 Nestorii
1151 4569 1365 4622 nomine
1398 4570 1688 4624 circumfe-

202 4658 350 4704 mntur.
392 4651 496 4707 Has
526 4656 677 4708 enim
710 4672 900 4710 omnes
926 4673 955 4711 a
993 4655 1328 4713 Nestorianis
1380 4661 1688 4729 suppositas

200 4754 291 4803 ω,
324 4756 371 4795 ut
410 4748 618 4816 synodo
676 4746 959 4816 Ephesium
1009 4750 1276 4803 maculam
1321 4764 1685 4820 aspergerent,

198 4827 268 4892 im
306 4835 629 4892 observatum
683 4850 765 4893 est
806 4856 835 4892 a
880 4839 1104 4893 Leontio
1148 4842 1200 4893 in
1252 4841 1389 4894 libro
1426 4841 1503 4894 De
1535 4844 1686 4894 sectis

202 4917 402 4981 (litatum.
434 4928 534 4984 PP.
568 4940 611 4984 ι.
646 4928 688 4994 t,
724 4946 776 4999 p.
812 4930 958 4999 509),
991 4931 1185 4983 Allatio
1213 4931 1271 5001 (1.
1311 4947 1358 4985 c.
1395 4947 1448 4999 ι).
1479 4932 1599 5001 l3l)
1632 4942 1687 4986 et

200 5012 293 5064 aliis.
329 5016 508 5072 Eadem
539 5030 626 5074 est
651 5022 791 5074 ratio
823 5022 1060 5089 epistola:
1091 5021 1259 5085 illius,
1283 5038 1403 5090 qua:
1433 5037 1461 5073 a
1491 5008 1686 5075 Nostro

201 5105 327 5157 statim
350 5120 459 5173 post
486 5111 697 5164 obitum
734 5111 919 5181 Cyr-illi
953 5112 1153 5181 scripta
1188 5112 1389 5166 dicitur
1418 5112 1482 5165 ad
1527 5110 1688 5165 Joan-

202 5202 284 5246 nem
319 5197 729 5267 Antiochenutn,
781 5203 937 5271 cujus
988 5202 1104 5274 [20]
1152 5203 1255 5258 hoc
1298 5212 1383 5258 est
1422 5204 1631 5257 initium
1668 5222 1681 5257 :

208 5284 339 5340 tSero
369 5292 575 5347 tandem
607 5304 659 5349 et
685 5297 771 5349 vix
813 5298 988 5351 malus
1014 5297 1178 5350 homo
1207 5296 1492 5351 defunctus
1522 5304 1622 5349 est.
1660 5316 1677 5347 ι

206 5370 413 5443 Ιιὶηωιιτ.
455 5382 776 5439 Garnerium
826 5386 909 5441 his
958 5386 1327 5457 spurcissimis
1375 5386 1571 5440 litteris
1617 5402 1683 5440 ex

205 5465 304 5523 Attis
324 5476 491 5541 synodi
520 5493 551 5528 v
587 5478 885 5548 desumptis
919 5495 1021 5532 non
1051 5479 1212 5533 modo
1254 5480 1427 5533 locum
1457 5493 1685 5532 conces~

205 5555 299 5611 sim
339 5563 478 5618 Auct.
523 5582 580 5635 p.
630 5568 718 5633 98,
768 5571 860 5624 sed
894 5571 1054 5624 etiam
1084 5569 1450 5625 defensionem
1494 5586 1683 5625 eorum

204 5646 264 5709 ‘lui
284 5646 448 5709 Nostro
479 5658 598 5712 illas
622 5670 947 5727 praepostero
975 5661 1157 5716 studio
1195 5661 1488 5724 vindicant,
1526 5662 1576 5714 in
1625 5678 1684 5716 se

204 5745 456 5809 moepisse,
490 5764 611 5802 cum
636 5750 744 5818 jam
776 5750 1059 5815 Baronius,
1094 5752 1283 5807 Annal.
1320 5762 1357 5806 t.
1391 5751 1478 5815 νι,
1528 5769 1577 5820 p.
1613 5753 1684 5804 '25

206 5837 328 5900 εεψις,
357 5835 603 5898 (timuerit.
638 5858 793 5911 quam
831 5856 1011 5913 aperta
1055 5844 1284 5898 habeant
1307 5844 1515 5907 νοθείας
1546 5844 1682 5899 imii-

1793 3303 1913 3357 quae
1934 3286 2364 3356 praestantissimi
2391 3287 2491 3340 viri
2522 3286 2794 3340 memoriae
2823 3301 2885 3340 ac
2917 3286 3118 3339 nomini
3148 3284 3356 3355 injecta}

1791 3384 1962 3441 erant,
2006 3377 2470 3444 abstergeremus,
2518 3375 2657 3428 haud
2713 3392 2739 3427 a
2790 3390 2848 3428 re
2896 3390 3074 3429 nostra
3118 3376 3352 3429 alienum

1792 3482 1911 3521 esse
1967 3467 2212 3529 videtur,
2265 3465 2404 3521 hanc
2456 3465 2861 3521 Dissertationis
2909 3477 3105 3521 nostra;
3146 3475 3352 3535 partem

1792 3559 1912 3612 loco
1956 3558 2060 3612 isto
2090 3565 2279 3611 notatu
2306 3557 2624 3627 dignissimo
2652 3558 2827 3623 ﬁnire,
2874 3574 3031 3626 quem
3068 3559 3174 3613 Leo
3204 3559 3353 3611 Alla-

1793 3650 1921 3714 tius,
1940 3650 1988 3702 τι.
2020 3664 2067 3703 c.
2104 3665 2156 3717 p.
2188 3648 2307 3715 l'5l,
2339 3664 2403 3702 ex
2433 3649 2613 3720 Cyrilli
2650 3650 2714 3703 ad
2752 3648 3094 3703 Valerianum
3125 3649 3353 3719 epistola

1793 3741 2028 3794 exhibet.
2086 3738 2257 3793 Verba
2313 3740 2382 3793 ita
2430 3756 2488 3794 se
2529 3740 2727 3795 habent
2772 3757 2782 3791 :
2826 3741 2951 3794 Ἐὰν
2980 3741 3156 3793 τοίνυν
3185 3757 3353 3795 κατα-

1791 3830 2107 3899 ψευδόμενοί
2150 3848 2292 3892 τινες
2334 3832 2566 3899 λέγωσιν
2610 3833 2771 3903 ἕτερά
2816 3850 2937 3885 τινα
2988 3832 3136 3903 παρὰ
3182 3832 3351 3885 ταῦτα

1793 3924 2009 3992 φρονεῖν
2041 3922 2256 3984 αὐτοὺς,
2312 3923 2383 3992 μὴ
2416 3922 2884 3985 πιστευέσθωσαν,
2944 3922 3059 3975 ἀλλ’
3091 3923 3166 3985 ὡς
3208 3922 3351 3975 ἀπα-

1789 4014 1984 4076 τεῶνες
2013 4014 2105 4066 καὶ
2129 4013 2357 4082 ψεῦσται
2390 4013 2531 4066 κατὰ
2561 4014 2650 4066 τὸν
2679 4014 2856 4066 αὐτῶν
2885 4014 3095 4084 πατέρα
3126 4013 3215 4066 τὸν
3238 4014 3350 4067 διά-

1792 4103 1946 4171 ᾷολον
1998 4102 2513 4171 ἀποπεμπέσθωσαν
2540 4145 2554 4167 ,
2606 4104 2692 4155 ἵνα
2745 4106 2817 4173 μὴ
2870 4105 3176 4175 ταράττωσι
3225 4107 3349 4166 τοὺς

1790 4195 2071 4259 ἐθέλοντας
2093 4194 2423 4265 ὀρθοποδεῖν.
2466 4195 2590 4247 Ἐὰν
2619 4195 2674 4247 δὲ
2702 4195 2796 4248 καὶ
2823 4197 3109 4260 ἐπιστολὰς
3137 4198 3346 4259 ἑαυτοῖς

1793 4286 2129 4348 συντιθέντες
2177 4288 2327 4348 τινὲς
2370 4288 2771 4357 περιφέρωσιν,
2823 4287 2897 4350 ὡς
2944 4290 3007 4341 ὲκ
3052 4287 3347 4359 προσώπου

1790 4377 2090 4448 γραφείσας
2134 4377 2341 4448 ἀνδρῶν
2392 4379 2863 4447 ἐπιφανεστέρων,
2920 4380 3019 4434 οὐκ
3075 4381 3348 4449 ὀφείλουσι

1792 4470 2127 4542 θαρσεῖσθαι.
2165 4473 2227 4523 (li
2256 4470 2364 4540 γὰρ
2396 4470 2545 4534 ἅπαξ
2587 4472 2877 4541 ἐγγράφως
2919 4472 3349 4544 ὁμολογήσαντες

1789 4562 1889 4630 τὴν
1922 4561 2125 4624 πίστιν,
2171 4560 2286 4623 πῶς
2324 4560 2489 4632 ἔτερα
2516 4561 2747 4631 γράφειν
2787 4562 3056 4624 δύνανται.
3094 4564 3349 4635 καθάπερ

1788 4656 1852 4707 ἐκ
1891 4653 2173 4723 μετανοίας
2210 4654 2288 4715 εἰς
2314 4652 2372 4704 τὸ
2405 4653 2599 4723 μηκέτι
2630 4654 2909 4723 βούλεσθαι
2934 4659 3148 4725 φρονεῖν
3171 4656 3344 4727 ὀρθῶς

1789 4743 2290 4813 παρενηνεγμένοις
2331 4741 2391 4795 Si
2416 4744 2506 4806 qui
2528 4743 2688 4812 igitur
2716 4745 2839 4809 sint,
2864 4746 2953 4813 qui
2985 4746 3105 4798 illos
3135 4745 3346 4813 (Orien-

1788 4836 1921 4890 tales
1951 4836 2174 4905 scilicet)
2215 4835 2278 4887 ab
2310 4836 2390 4887 his
2424 4836 2627 4887 diversa
2657 4836 2847 4889 sentire
2877 4836 3011 4905 falso
3042 4837 3344 4906 afﬁrmave-

1787 4927 1913 4985 rint,
1948 4925 2095 4978 nulla
2125 4941 2304 4979 eorum
2333 4926 2487 4979 dictis
2517 4925 2645 4993 ﬁdes
2674 4927 3003 4993 adhibeatur,
3031 4929 3120 4982 sed
3161 4941 3215 4982 ut
3245 4932 3348 4983 im-

1783 5026 2015 5083 postores
2038 5025 2086 5069 et
2112 5017 2377 5070 mendaces
2401 5017 2572 5071 instar
2592 5018 2759 5086 patris
2789 5019 2872 5071 sui
2911 5020 3126 5087 diaboli,
3160 5039 3345 5075 aman-

1786 5110 1994 5174 dentur,
2038 5124 2099 5162 ne
2132 5108 2254 5162 illos
2285 5110 2374 5178 qui
2414 5121 2547 5164 recte
2574 5111 2806 5164 incedere
2846 5114 3083 5181 cupiunt,
3131 5126 3346 5167 contur-

1788 5200 1927 5253 bent.
1963 5198 2115 5264 Quod
2143 5206 2380 5255 siautem
2416 5201 2631 5270 fuerint,
2663 5202 2754 5272 qui
2776 5203 3022 5273 epistolas
3061 5222 3092 5257 a
3129 5222 3183 5257 se
3220 5222 3346 5257 con-

1785 5296 2024 5348 cinnatas
2051 5295 2444 5363 circumferunt,
2471 5305 2718 5365 tanquam
2740 5312 2853 5365 qure
2883 5314 2912 5349 a
2946 5298 3069 5350 viris
3098 5298 3341 5364 spectatis

1784 5384 1939 5437 edita:
1982 5383 2108 5446 sint,
2156 5398 2334 5435 eorum
2373 5383 2600 5435 audacia
2647 5383 2790 5436 nullo
2834 5383 2985 5437 modo
3024 5394 3099 5437 est
3150 5384 3343 5435 admit-

1786 5476 1964 5529 tenda.
2028 5473 2130 5539 Qui
2167 5476 2302 5528 enim
2357 5475 2518 5528 semel
2564 5474 2721 5544 ﬁdem
2774 5491 2923 5528 suam
2965 5491 3055 5546 per
3095 5476 3345 5544 scriptum

1786 5566 1999 5637 aliquod
2040 5567 2262 5636 professi
2298 5576 2442 5631 sunt,
2481 5567 2568 5636 qui
2609 5567 2725 5635 ﬁeri
2752 5575 2939 5634 potest,
2984 5577 3039 5619 ut
3064 5567 3181 5636 jam
3220 5583 3343 5620 con-

1789 5660 1955 5711 traria
1996 5658 2247 5723 scribant,
2280 5660 2433 5726 quasi
2469 5658 2771 5726 pwnilentia
2810 5657 2957 5709 ducti
2990 5673 3048 5710 eo
3070 5657 3185 5726 jam
3226 5674 3339 5726 pm»-

1785 5749 1921 5817 lapsi
1946 5751 2070 5813 st'nt,
2100 5761 2147 5803 et
2181 5760 2322 5804 recta
2356 5766 2533 5817 sapere
2558 5750 2759 5805 diutius
2784 5748 2992 5802 nolint!
3018 5748 3073 5803 Si
3104 5749 3347 5805 licuissrt

1787 5840 1983 5908 Cyrillo
2017 5854 2076 5894 ea
2104 5840 2282 5893 videre
2312 5855 2429 5908 qute
2458 5848 2578 5909 post
2612 5837 2721 5893 fata
2747 5839 2864 5909 ejus
2892 5839 2959 5894 ab
2990 5839 3349 5909 impudentis--
