3924 6560
509 440 583 505 Π·
1416 432 1515 493 DE
1574 433 1749 494 VITA
1793 430 1888 490 ET
1928 422 2263 488 SCRIPTIS
2292 426 2771 487 THEODORETI
3668 426 3739 489 48

511 553 664 610 simis
695 550 1006 606 hominibus
1041 550 1141 605 sub
1171 547 1494 603 Theodoreti
1528 547 1749 600 nomine
1775 544 1895 599 ficta
1926 550 2071 605 sunt,
2101 541 2147 595 A
2174 553 2325 598 retur
2358 547 2621 618 synodus.
2666 546 2717 599 in
2753 560 2856 615 qua
2886 544 2992 615 egit
3026 543 3328 613 praesidem,
3372 544 3739 614 Eutycltisque

511 645 720 719 quales,
742 659 944 715 quaeso,
966 643 1085 697 illos
1107 648 1458 711 reputaturus
1482 638 1689 704 fuisset,
1708 634 1905 707 quibus
1926 633 2076 688 fraus

512 754 621 793 non
659 740 835 807 primo
869 734 1061 789 intuitu
1097 733 1281 803 patet?

584 830 699 903 [2‘2]
731 830 1018 884 Acerbiora
1042 835 1196 880 erant
1221 824 1351 888 fata,
1382 839 1501 891 qua:
1521 822 1897 877 Theodoretus
1925 820 2077 875 dein-

513 920 579 974 de
601 910 852 989 expertus
878 926 978 971 est.
1014 915 1213 985 Cyrillo
1242 914 1294 967 in
1326 914 1451 967 sede
1476 911 1837 966 Alexandrina
1868 925 2080 965 succes-

515 1012 584 1065 sit
614 1010 926 1070 Dioscorus,
976 1008 1063 1061 vix
1118 1006 1313 1077 dignus
1362 1007 1413 1060 in
1461 1021 1619 1075 quem
1658 1004 1795 1058 tanti
1844 1005 2077 1059 honores

514 1096 905 1158 conferrentur.
935 1100 1172 1154 Ambitio
1206 1098 1342 1166 ejus,
1372 1114 1438 1153 ne
1465 1098 1531 1152 de
1562 1113 1825 1167 propensa
1856 1099 2000 1153 illius
2024 1099 2075 1152 in

511 1194 874 1265 Eutychianos
924 1192 1199 1244 voluntate
1250 1204 1395 1243 nunc
1458 1188 1752 1260 quidquam
1810 1189 2075 1250 dicamus,

514 1287 678 1341 nullis
733 1284 1105 1340 continebatur
1162 1282 1464 1346 limitibus,
1518 1282 1650 1337 adeo
1695 1289 1753 1335 ut
1800 1282 1852 1335 in
1903 1282 2076 1335 aliena

514 1394 728 1448 quoque
757 1376 975 1431 dioecesi
1011 1376 1100 1446 jus
1134 1390 1386 1431 exercere
1429 1376 1667 1441 auderet,
1702 1383 1759 1428 ut
1789 1390 1819 1428 e
1848 1389 2080 1444 sequen-

514 1472 658 1524 tibus
688 1469 983 1540 apparebit.
1027 1467 1365 1522 Theodoreto
1406 1477 1590 1522 nostro
1622 1468 1676 1520 in
1716 1467 1903 1535 primis
1934 1466 2078 1519 mul-

514 1569 689 1615 tarum
722 1560 1088 1614 calamitatum
1130 1565 1317 1611 auctor
1349 1557 1469 1621 fuit,
1510 1574 1616 1612 non
1651 1557 1809 1629 quasi
1858 1557 1923 1612 de
1957 1556 2078 1613 fidei

514 1653 783 1722 capitibus
817 1668 939 1707 cum
971 1667 1036 1705 eo
1068 1652 1426 1715 decertasset,
1456 1651 1505 1705 id
1537 1652 1680 1705 enim
1716 1650 2076 1704 honorificum

514 1747 684 1802 videri
720 1754 946 1815 poterat,
991 1744 1082 1799 sed
1112 1744 1235 1812 quia
1271 1742 1525 1799 Nostrum
1573 1742 1945 1797 adversarium
1984 1743 2080 1796 ha-

514 1838 724 1903 buerat,
758 1852 879 1891 cum
911 1836 977 1891 de
1008 1836 1241 1905 primatu
1272 1835 1411 1890 inter
1435 1832 1684 1889 Proclum
1716 1843 1772 1887 et
1794 1832 2075 1904 Cyrillum,
2109 1875 2154 1932 Β

515 1946 609 1983 seu
685 1928 863 1998 potius
934 1928 1075 1982 hunc
1145 1928 1321 1997 ipsum
1392 1926 1746 1993 Dioscorum,
1825 1925 2076 1980 Ecclesia:

514 2020 889 2076 Alexandrina:
941 2035 1005 2074 eo
1056 2033 1297 2090 tempore
1343 2019 1792 2089 apocrisiarium,
1842 2018 1909 2072 lis
1958 2030 2075 2073 orta

515 2123 680 2169 esset.
716 2111 1054 2183 Episcopatui
1106 2114 1357 2168 admotus
1392 2112 1689 2185 arripiebat
1729 2112 2076 2168 occasionem

516 2222 675 2275 quam
708 2206 808 2261 sibi
840 2205 1020 2259 datam
1050 2221 1169 2260 esse
1200 2206 1441 2275 putabat,
1488 2214 1545 2259 ut
1574 2204 1913 2259 calamitates
1957 2203 2079 2274 qui-

517 2296 616 2350 bus
660 2293 1029 2351 Theodoretus
1085 2296 1185 2349 hoc
1232 2302 1472 2364 tempore
1512 2293 1876 2364 premebatur,
1931 2308 2079 2347 acer-

514 2386 693 2440 biores
724 2386 985 2440 redderet.
1022 2385 1322 2441 Accusatus
1359 2389 1502 2442 enim
1535 2396 1653 2441 erat
1682 2387 1770 2440 ille
1797 2386 1937 2455 apud
1980 2387 2082 2438 im-

514 2488 816 2547 peratorem
851 2476 1233 2539 Theodosium,
1285 2493 1348 2532 ac
1391 2479 1436 2532 si
1489 2477 1800 2547 frequentes
1840 2477 2081 2549 synodos

514 2583 678 2638 prope
722 2569 1059 2623 Antiochiam
1104 2579 1508 2639 congregasset,
1555 2578 1609 2624 et
1640 2570 1691 2622 in
1724 2568 2079 2623 conciouibus

515 2676 696 2714 coram
745 2662 943 2730 populo
991 2661 1227 2715 recitatis
1290 2660 1517 2715 nefanda
1577 2662 1831 2731 dogmata
1875 2676 2078 2730 propo-

516 2755 736 2808 suisset.
787 2753 1015 2807 Tantum
1057 2755 1620 2823 apud‘imperatorem
1671 2754 1949 2807 valuerant
2001 2754 2081 2807 ha:

518 2841 716 2910 iniqua:
739 2842 1129 2905 accusationes,
1166 2852 1222 2895 ut
1247 2843 1679 2896 Commonitorio
1712 2842 1882 2911 ipsius
1904 2841 2080 2896 Theo-

513 2932 651 2986 dosii
685 2948 844 2986 manu
883 2933 1083 3003 scripto
1114 2931 1306 2987 Noster
1337 2934 1734 3002 prohiberetur,
1786 2936 1916 2987 urbe.
1941 2934 2082 3004 Cyro

515 3025 714 3091 egredi.
758 3023 889 3079 Bern
922 3026 1139 3094 exponit
1177 3026 1229 3078 in
1261 3026 1377 3080 suis
1413 3026 1479 3079 ad
1506 3024 1854 3079 Eutrechium
1893 3024 2081 3095 praefe-

515 3126 683 3178 ctum,
728 3116 1035 3169 Anatolium
1089 3116 1374 3185 patricium
1422 3126 1476 3171 et
1525 3116 1817 3171 Eusebium
1856 3117 2085 3188 Ancyrae

2183 650 2400 691 causam
2451 649 2657 690 armata
2696 651 2857 689 manu
2905 637 3039 690 adeo
3087 635 3345 699 defendit,
3392 646 3448 689 ut
3497 637 3595 690 iste
3643 650 3741 705 pro

2180 730 2391 784 insonte
2441 729 2744 785 declaratus
2795 729 2851 782 in
2895 728 3179 799 pristinam
3222 729 3530 798 dignitatem
3578 730 3739 783 resti—

2178 831 2441 878 tueretur.
2478 822 2559 877 Ab
2584 822 2685 876 hac
2713 821 2921 893 synodo
2948 802 3216 889 Ephesina
3250 822 3552 891 posteriori,
3576 838 3739 892 quam

2178 914 2249 969 ob
2279 914 2511 969 nefanda
2542 914 2594 968 in
2623 912 2935 968 Flavianum
2959 913 3201 983 aliosque
3229 915 3460 983 purioris
3484 914 3742 968 doctrinae

2178 1006 2489 1062 defensores
2535 1006 2823 1061 commissa
2874 1006 3137 1067 facinora.
3189 1005 3486 1079 λῃστρικὴν
3532 1007 3742 1066 dicunt.

2178 1101 2433 1155 mandato
2480 1101 2820 1170 imperatoris
2854 1100 3147 1155 Theodosii
3197 1100 3386 1155 abesse
3428 1099 3618 1169 jussus
3662 1107 3744 1153 est

2178 1193 2571 1249 Theodoretus.
2609 1192 2745 1247 Mala
2779 1194 2880 1249 sibi
2918 1193 3256 1247 imminentia
3303 1193 3646 1263 praevidebat,
3684 1200 3746 1246 ut

2179 1301 2244 1339 ex
2269 1283 2498 1354 epistola
2527 1282 2671 1353 (“2)
2704 1299 2866 1353 quam
2895 1283 2960 1338 ad
2997 1282 3264 1337 Domnum
3298 1283 3594 1338 Antiochiae
3627 1282 3747 1351 epi-

2180 1388 2404 1442 scopum
2437 1373 2602 1437 dedit,
2644 1373 2967 1443 colligimus.
3014 1372 3124 1428 Nec
3163 1388 3335 1427 vanus
3369 1384 3486 1428 erat
3524 1383 3746 1432 metus:

2181 1480 2304 1518 nam
2333 1478 2454 1518 cum
2487 1465 2669 1519 multis
2700 1465 2841 1529 aliis,
2872 1480 3010 1534 quos
3039 1464 3213 1517 laudis
3233 1466 3415 1533 potius
3437 1478 3599 1532 quam
3635 1480 3749 1518 ma-

2180 1554 2355 1608 lorum
2388 1554 2566 1610 socios
2591 1554 2759 1610 fuisse
2789 1556 3011 1621 dixeris,
3043 1557 3167 1611 sede
3187 1557 3478 1627 episcopali
3504 1557 3749 1626 dejectus

2180 1654 2282 1701 est.
2323 1644 2425 1700 Sed
2471 1648 2765 1715 gloriosum
2795 1648 3015 1702 omnino
3046 1661 3171 1703 tunc
3205 1659 3342 1715 erat,
3392 1650 3457 1703 iis
3486 1652 3750 1703 adnume-

2181 1736 2286 1789 rari
2319 1737 2410 1806 qui
2451 1752 2558 1811 μου
2602 1735 2857 1790 sederunt
2892 1736 2945 1790 in
2979 1738 3215 1791 concilio
3251 1737 3560 1806 impiorum.
3597 1736 3750 1790 Adeo

2182 1828 2325 1882 enim
2350 1828 2424 1882 illi
2452 1837 2696 1898 proterva
2724 1829 2947 1884 audacia
2972 1830 3314 1883 macularuut
3343 1828 3540 1881 famam
3568 1843 3747 1889 suam,

2184 1922 2277 1990 qui
2312 1937 2340 1974 a
2376 1920 2620 1976 Dioscori
2644 1922 2888 1991 partibus
2912 1922 2965 1975 in
2990 1922 3093 1976 hac
3127 1921 3337 1992 synodo
3371 1930 3654 1982 steterunt,
3689 1929 3751 1972 ut

2184 2013 2394 2083 turpius
2429 2011 2546 2086 [24]
2576 2012 2739 2068 fuerit
2771 2014 2985 2067 immitti
3015 2029 3176 2084 quam
3207 2013 3351 2083 ejici.
3400 2014 3530 2067 Acta
3566 2022 3748 2066 autem

2185 2107 2350 2176 hujus
2381 2106 2573 2177 synodi
2615 2107 2842 2162 rescissa
2874 2115 3000 2161 sunt
3032 2107 3236 2166 omnia.
3268 2106 3589 2160 auctoritate
3620 2121 3752 2158 con-

2184 2201 2294 2256 cilii
2342 2199 2799 2255 Chalcedonensis
2847 2215 2940 2254 seu
2987 2199 3305 2253 meumenici
3349 2197 3544 2267 quarti,
3602 2196 3749 2267 quod

2184 2295 2437 2363 precibus
2476 2292 2590 2346 suis
2640 2293 2709 2346 ab
2759 2292 3084 2361 imperatore
3130 2290 3402 2344 Marciano
3443 2290 3754 2359 impetravit

2183 2383 2293 2440 Leo
2341 2383 2411 2437 M.
2462 2383 2825 2438 Romanorum
2882 2384 3190 2453 episcopus.
3252 2382 3595 2437 Celebratum
3648 2382 3754 2436 fuit

2184 2478 2472 2532 concilium
2508 2477 2635 2531 illud
2670 2493 2796 2530 ann.
2838 2475 2899 2531 C.
2933 2476 3059 2540 45f,
3094 2476 3374 2547 prmsidem
3422 2484 3612 2545 agente
3656 2488 3755 2543 per

2182 2571 2423 2642 quinque
2454 2570 2657 2641 legatos
2688 2568 2867 2622 Leone
2911 2566 2980 2621 M.
3027 2567 3287 2624 Prwclara
3332 2570 3499 2621 multa
3533 2579 3755 2635 perege-

2184 2673 2312 2717 runt
2359 2662 2544 2717 Patres
2597 2660 2939 2716 Chalcedone
2991 2663 3321 2729 cougregati,
3367 2674 3597 2730 quorum
3640 2659 3755 2713 fre—

2187 2755 2403 2822 quentia
2450 2754 2715 2825 insignem
2768 2754 2998 2807 concilio
3046 2752 3125 2823 illi
3182 2752 3331 2806 dedit
3383 2752 3750 2820 splendorem.

2193 2846 2291 2900 Vos
2323 2857 2499 2899 autem
2528 2846 2708 2900 missis
2730 2843 2977 2914 reliquis,
3004 2844 3108 2897 illis
3142 2854 3346 2898 tantum
3372 2859 3493 2912 qua:
3520 2843 3587 2896 ad
3616 2843 3755 2897 scri-

2186 2949 2393 3007 ptorem
2428 2946 2674 2989 nostrum
2711 2942 2977 3005 spectant,
3014 2932 3442 2987 immorabimur.
3477 2931 3629 2998 Sunt,
3655 2933 3754 3001 qui

2187 3038 2396 3096 putant,
2447 3026 2848 3081 Theodoretum
2882 3024 3096 3080 nonnisi
3146 3034 3333 3079 octava
3368 3025 3646 3089 sessione,
3695 3024 3753 3077 in

2186 3138 2290 3189 qua
2316 3131 2507 3192 praeter
2532 3136 2752 3176 causam
2782 3120 2900 3191 ejus
2926 3118 3039 3174 fere
3075 3118 3207 3172 nihil
3232 3118 3553 3188 agitabatur,
3584 3116 3756 3171 fuisse

515 3208 825 3276 episcopum
859 3190 1047 3261 litteris
1076 3208 1254 3277 (epist.
1283 3208 1372 3271 78,
1400 3207 1487 3272 80,
1516 3208 1627 3272 82),
1664 3218 1717 3263 et
1748 3210 1872 3279 jure
1901 3212 1966 3265 de
2000 3222 2084 3265 tu-
2111 3237 2154 3296 α
2189 3190 2508 3271 admissum.
2550 3190 2838 3271 Facundus
2871 3226 3072 3277 autem,
3120 3229 3279 3284 quem
3311 3212 3399 3266 alii
3431 3220 3756 3281 sequuntur,

517 3298 810 3352 ntultuario
838 3300 937 3353 hoc
960 3300 1165 3369 judicio
1192 3315 1254 3354 ac
1287 3299 1480 3369 injuria
1509 3300 1613 3355 sibi
1648 3299 1791 3355 facta
1818 3303 2083 3371 queritur.

516 3388 713 3444 Noiatu
748 3391 799 3443 iu
830 3391 1019 3459 primis
1048 3390 1207 3461 digna
1239 3402 1292 3446 et
1321 3393 1652 3448 illustrandae
1702 3394 1937 3448 historiae
1964 3405 2086 3460 apta

517 3487 645 3537 sunt
684 3484 843 3537 verba
878 3485 979 3538 ista
1012 3501 1074 3539 ex
1100 3486 1327 3553 epistola
1358 3487 1424 3540 ad
1455 3486 1825 3541 Eutrechium.
1887 3505 1907 3537 ‹
1938 3487 2086 3556 lnju-

518 3578 618 3637 ria,
652 3576 845 3643 inquit,
882 3579 1065 3645 procul
1101 3577 1266 3631 dubio
1307 3594 1391 3633 me
1421 3579 1735 3641 affecerunt,
1780 3580 1869 3648 qui
1900 3581 2087 3634 ambas

518 3683 677 3722 aures
706 3668 1192 3724 calumniatoribus
1232 3670 1516 3735 dederunt,
1545 3688 1643 3725 nec
1671 3673 1895 3727 alteram
1929 3674 2085 3727 nobis

518 3771 821 3816 servarunt.
850 3760 983 3815 Nam
1012 3772 1064 3816 et
1089 3763 1373 3817 homicidis
1396 3778 1458 3816 ac
1479 3762 1736 3819 adulteris
1756 3766 2085 3820 defensionis

518 3850 668 3905 locus
695 3854 1005 3906 conceditur
1042 3871 1055 3906 :
1094 3868 1191 3907 nec
1238 3854 1385 3921 prius
1427 3854 1692 3907 sententia
1734 3866 1923 3909 contra
1964 3856 2085 3911 illos

518 3943 738 4010 dicitur,
769 3959 931 4012 quam
978 3953 1268 4013 praesentes
1298 3944 1531 3999 convicti
1575 3943 1797 4009 fuerint,
1835 3945 1922 3998 vel
1950 3959 2083 3997 cou-

516 4036 670 4101 fessi,
714 4051 896 4091 veram
943 4035 1053 4108 [23]
1094 4051 1215 4092 esse
1260 4038 1684 4093 accusationem.
1730 4039 1797 4093 At
1844 4038 2084 4109 pontifex

517 4126 806 4180 calumnia:
839 4128 1016 4181 factus
1044 4135 1126 4181 est
1158 4126 1476 4193 ludibrium,
1506 4144 1572 4184 ue
1606 4128 1657 4183 id
1690 4129 1907 4199 quidem
1936 4129 2083 4199 quod

518 4217 889 4284 sepulcrorum
921 4216 1233 4271 etfractores
1279 4218 1478 4283 solent,
1514 4228 1862 4284 consecutus,
1905 4231 1967 4275 ut
2003 4221 2084 4274 iu-

517 4318 906 4379 terrogaretur,
939 4324 1006 4362 an
1036 4325 1160 4362 vera
1186 4311 1316 4373 sint,
1348 4310 1415 4364 de
1443 4311 1644 4380 quibus
1664 4311 2029 4367 insimulatur.
2056 4331 2075 4363 ›

518 4399 668 4453 lianc
696 4414 886 4469 parum
912 4415 1121 4469 aequam
1150 4400 1343 4470 agendi
1375 4402 1638 4456 rationem
1668 4404 1838 4457 tenuit
1867 4419 2082 4474 quoque

520 4490 833 4545 Dioscorus.
884 4491 1018 4545 Cum
1054 4492 1197 4546 enim
1244 4490 1649 4547 Theodoretum
1695 4493 1797 4549 hoc
1838 4503 2081 4566 tempore

2190 3327 2255 3363 ex
2290 3310 2439 3364 Actis
2466 3309 2681 3363 concilii
2717 3308 2949 3363 evictum
2981 3307 3146 3377 detlit,
3190 3322 3313 3361 eum
3349 3322 3379 3359 a
3414 3305 3589 3375 primo
3630 3303 3757 3357 inde

2190 3402 2347 3456 initio
2370 3400 2685 3456 interfuisse
2716 3400 2941 3471 synodo,
2974 3380 3176 3454 frustra
3208 3397 3560 3452 renitentibus
3590 3393 3753 3467 .‘Egy-

2190 3495 2314 3561 ptiis
2341 3493 2570 3561 aliisque
2602 3493 2807 3545 multis.
2829 3490 2966 3558 Quid
2992 3504 3173 3544 acrum
3203 3491 3272 3543 sit
3302 3490 3544 3543 sessione
3565 3498 3755 3541 octava

2189 3585 2239 3638 in
2276 3600 2439 3638 causa
2487 3581 2835 3645 Theodoreti,
2884 3591 2936 3637 et
2979 3582 3176 3651 quibus
3208 3580 3609 3635 conditionibus
3639 3580 3754 3632 sedi

2188 3691 2300 3729 sua:
2335 3675 2617 3729 restitutus
2648 3675 2737 3737 sit,
2770 3675 2912 3728 haud
2940 3674 3134 3728 melius
3164 3689 3325 3743 quam
3357 3688 3420 3727 ex
3453 3672 3584 3741 ipsis
3604 3670 3757 3726 Actis

2187 3767 2351 3836 hujus
2381 3768 2596 3822 concilii
2640 3768 2909 3822 recenseri
2943 3767 3161 3837 poterit.
3206 3766 3332 3821 1132c
3362 3776 3539 3819 autem
3583 3765 3653 3818 ita
3694 3780 3760 3821 se

2186 3862 2388 3915 habent
2432 3859 2571 3930 apud
2625 3859 2961 3914 llarduinum
3012 3860 3066 3913 in
3109 3858 3332 3915 Collect.
3369 3858 3566 3914 concil.
3611 3867 3648 3913 t.
3681 3858 3762 3927 ll,

2185 3968 2239 4022 p.
2268 3952 2372 4007 498
2405 3968 2519 4023 seq.

2262 4064 2281 4093 ι
2314 4044 2698 4100 Residentibus
2723 4045 2976 4100 omnibus
3007 4055 3131 4101 ante
3165 4046 3434 4101 cancellos
3466 4044 3767 4100 sanctissi-

2186 4137 2257 4190 mi
2311 4138 2498 4191 altaris
2542 4137 2979 4193 reverendissimi
3028 4139 3265 4208 episcopi
3323 4138 3698 4194 clamaverunt
3742 4156 3759 4192 :

2186 4229 2561 4285 Theodoretus
2596 4230 2757 4286 modo
2790 4232 3208 4286 anathematizet
3233 4229 3568 4286 Nestorium.

2261 4339 2279 4370 ι
2312 4318 2687 4377 Theodoretus
2719 4323 3207 4378 reverendissimus
3237 4322 3523 4392 episcopus
3568 4329 3759 4376 trans-

2184 4413 2302 4469 iens
2334 4413 2386 4467 in
2417 4416 2655 4469 medium
2686 4416 2823 4469 dixit
2855 4432 2869 4469 :
2901 4415 2962 4469 Et
2987 4430 3177 4487 preces
3204 4414 3377 4469 obtuli
3410 4414 3763 4470 divinissimo

2184 4522 2247 4561 ac
2277 4507 2524 4578 piissimo
2553 4509 2864 4577 imperatori
2892 4518 2946 4562 et
2976 4509 3184 4564 libellos
3206 4507 3375 4563 obtuli
3409 4506 3758 4564 reverendis-

520 4584 748 4638 honesto
787 4585 987 4638 carceri
1022 4585 1177 4652 quasi
1210 4585 1477 4640 inclusum
1510 4587 1693 4649 sciret,
1738 4589 1919 4642 statim
1958 4599 2080 4659 post

2194 4597 2349 4654 simis
2375 4600 2647 4671 episc0pis
2680 4601 2967 4671 agentibus
2992 4601 3169 4655 locum
3198 4599 3629 4655 reverendissimi
3658 4614 3761 4653 ar-

517 4677 915 4731 accusationem
944 4692 974 4730 a
1003 4677 1214 4731 clericis
1242 4676 1500 4733 Osroenis
1535 4680 1834 4735 institutam
1864 4684 2082 4738 anathe-

519 4777 663 4822 mate
699 4766 954 4822 Nostrum
984 4785 1270 4839 aggressus
1299 4781 1401 4835 est,
1436 4774 1536 4826 etsi
1567 4774 1773 4829 nullum
1807 4776 1861 4829 in
1892 4778 2082 4835 aliena:

520 4858 756 4930 regionis
794 4862 1083 4915 antistitem
1120 4861 1211 4932 jus
1256 4863 1329 4917 illi
1368 4876 1715 4935 competeret,
1750 4878 1806 4923 et
1836 4868 2085 4925 Theodo-

522 4960 669 5005 retus
707 4962 894 5005 contra
941 4952 1169 5022 injustas
1191 4954 1598 5011 criminationes
1638 4974 1697 5013 se
1733 4960 1786 5013 in
1818 4958 2081 5030 Epistula,

520 5061 643 5115 qua:
676 5061 906 5099 numero
939 5055 1022 5099 est
1064 5047 1394 5116 octogesima
1437 5049 1613 5114 tertia,
1648 5052 1864 5122 egregie
1900 5053 2085 5108 defen-

520 5138 710 5193 disset.
756 5137 829 5191 Ita
874 5155 1125 5209 magnum
1169 5139 1611 5209 impedimentum
1652 5153 1919 5201 remotum
1966 5162 2086 5201 esse

519 5231 746 5300 putabat
782 5228 1089 5292 Dioscorus,
1133 5234 1274 5301 quod
1310 5235 1676 5303 promovendo
1708 5233 1966 5308 Eutycbis
1994 5254 2083 5291 er-

522 5324 659 5388 rori,
696 5326 781 5379 cui
814 5326 928 5391 ipse
967 5341 1287 5395 magnopere
1316 5328 1547 5393 favebat,
1572 5329 1842 5385 obsistere
1874 5334 2085 5402 potuis-

523 5427 623 5472 set.
662 5420 954 5473 Damnatus
984 5419 1281 5486 quidemet
1321 5421 1388 5474 ab
1425 5421 1603 5476 ollicio
1642 5425 1961 5479 sacerdotali
1992 5424 2085 5480 de-

521 5512 709 5578 pulsus
734 5522 816 5566 est
839 5511 1108 5582 Eutyches
1134 5512 1185 5565 in
1212 5514 1441 5568 concilio
1463 5512 2082 5588 Constantinopolitano,

522 5605 665 5673 quod
690 5605 835 5657 brevi
856 5607 1103 5673 posthaec
1124 5616 1364 5675 tempore
1384 5623 1511 5660 anu.
1540 5608 1600 5662 C.
1620 5608 1744 5672 488,
1767 5612 2086 5666 aucmritate

522 5696 763 5750 Flaviani
796 5699 944 5753 urbis
973 5700 1130 5768 regiae
1154 5699 1388 5768 episcopi
1424 5692 1823 5768 frequentatum
1852 5712 1952 5765 est,
1990 5704 2083 5758 sed

522 5788 779 5841 Eudoxio:
828 5790 1081 5859 Augustae
1121 5802 1174 5843 et
1218 5790 1536 5863 Chrysaphii
1588 5791 1832 5847 Eunuchi
1876 5797 2083 5863 artibus

520 5880 691 5935 eifecit
720 5879 1030 5947 Dioscorus,
1074 5892 1129 5936 ut
1168 5887 1412 5953 proximo
1464 5900 1607 5940 anno
1648 5902 1783 5941 nova
1813 5904 2080 5943 convoca-

2186 4694 2513 4764 chiepiscopi
2540 4693 2765 4759 Leonis;
2799 4705 2852 4749 et
2885 4696 2930 4750 si
2958 4694 3109 4751 vobis
3141 4694 3367 4761 videtur,
3388 4694 3630 4765 legantur
3658 4709 3763 4748 co-

2188 4800 2301 4837 ram
2336 4784 2504 4848 vobis,
2538 4792 2597 4838 ut
2625 4785 2765 4838 sicut
2794 4784 2965 4854 sapio,
2995 4784 3356 4853 cognoscatis.

2261 4896 2278 4928 ι
2311 4875 2766 4931 Reverendissimi
2788 4877 3021 4947 episcopi
3059 4878 3425 4933 clamaverunt
3452 4895 3465 4930 :
3492 4875 3635 4930 Nihil
3666 4891 3763 4932 re-

2184 4969 2286 5038 legi
2323 4968 2603 5032 volumus;
2640 4968 2802 5023 modo
2830 4969 3221 5023 anathematiza
3255 4967 3586 5024 Nestorium.

2262 5082 2278 5113 ε
2311 5060 2682 5117 Theodoretus
2719 5061 3207 5117 reverendissimus
3240 5060 3528 5131 episcOpus
3568 5058 3706 5115 dixit
3739 5077 3759 5116 :

2186 5153 2299 5225 Ego
2327 5170 2422 5224 per
2455 5155 2549 5208 Dei
2580 5154 2805 5224 gratiam
2854 5154 2922 5207 ab
2953 5153 3269 5210 orthodoxis
3315 5168 3437 5209 sum
3488 5153 3758 5220 nutritus,

2185 5258 2238 5301 et
2262 5247 2564 5301 orthodoxe
2602 5263 2722 5300 sunt
2754 5246 2977 5301 edoctus
3004 5256 3057 5300 et
3097 5246 3397 5301 orthodoxe
3428 5245 3761 5316 praedicavi;

2184 5349 2240 5395 et
2272 5354 2378 5393 non
2415 5340 2588 5394 solum
2622 5336 2928 5396 Nestorium
2975 5346 3029 5392 et
3068 5337 3183 5410 [25]
3226 5337 3540 5409 Eutychem,
3575 5336 3668 5392 sed
3699 5348 3765 5393 et

2185 5446 2403 5487 omnem
2455 5432 2746 5497 hominem,
2789 5433 2882 5501 qui
2918 5441 3061 5487 recte
3090 5448 3194 5486 non
3230 5432 3393 5501 sapit,
3427 5446 3665 5498 aversor,
3699 5441 3765 5488 et

2184 5525 2420 5580 alienum
2446 5525 2699 5579 existimo

2262 5635 2280 5667 ‹
2318 5616 2385 5669 Et
2422 5616 2552 5670 dum
2601 5616 2804 5671 diceret
2855 5617 2990 5680 haec,
3036 5617 3473 5671 reverendissimi
3514 5616 3765 5687 episcopi

2186 5708 2556 5762 clamaverunt
2604 5725 2617 5761 :
2651 5706 2808 5763 Clare
2845 5710 2932 5764 dic
2964 5709 3248 5764 anathema
3274 5707 3521 5764 Nestorio
3567 5719 3621 5763 et
3660 5708 3765 5763 do-

2188 5802 2455 5872 gmatibus
2471 5802 2590 5870 ejus
2608 5817 2624 5866 ;
2644 5804 2929 5857 anathema
2941 5800 3190 5857 Nestorio
3211 5811 3265 5857 et
3280 5803 3586 5859 amantibus
3605 5817 3763 5871 eum,

2258 5913 2276 5944 ι
2311 5893 2683 5949 Theodoretus
2714 5895 3199 5951 reverendissimus
3242 5896 3533 5960 cpiscOpus
3564 5895 3703 5950 dixit
3744 5914 3761 5951 :
