3924 6534
547 383 614 452 51
1475 395 1573 455 DE
1621 397 1802 460 VITA
1839 397 1936 458 ET
1987 399 2328 462 SCRIPTIS
2381 401 2863 465 THEODORETI
3713 411 3789 472 52

545 521 763 577 quoque
789 505 893 561 fuit
918 522 1036 562 sors
1057 506 1400 562 'I‘hcodoreti.
1427 508 1524 564 Vix
1545 514 1689 567 enim
1719 529 1750 568 e
1774 513 1885 568 vita
1913 513 2114 570 disces-
2142 520 2188 578 Α
2217 517 2341 584 quis
2373 531 2476 570 non
2509 519 2732 571 miretur
2763 534 3032 572 summam
3068 518 3164 572 viri
3192 519 3632 584 inconstantiam,
3657 535 3787 590 qua

545 610 712 666 serat,
747 615 870 655 cum
900 601 1242 673 Eutychiani,
1276 605 1365 672 qui
1394 619 1535 671 aegre
1575 604 1818 660 ferebant
1852 622 1955 662 non
2004 609 2113 663 Eu-

548 692 724 763 tychis
746 700 956 748 tantum
987 695 1079 749 sed
1107 693 1349 750 Dioscori
1382 712 1599 766 quoque
1622 699 1916 768 jacturam,
1953 715 2107 756 acer-

547 785 787 841 bissimis
812 787 1099 843 calumniis
1159 789 1256 842 viri
1306 789 1522 859 optimi,
1549 791 1661 845 imo
1689 792 1855 848 totius
1896 793 2109 863 synodi,

545 877 1009 933 Chalcedonensis
1045 881 1361 934 memoriam
1399 881 1538 935 male
1585 882 1652 936 ad
1686 893 1933 952 posteros
1959 899 2114 938 com-

550 971 804 1025 mendare
833 972 1224 1026 anniterenlur.
1253 971 1528 1028 SiVictori
1561 972 1871 1029 Tunouensi
1903 985 1956 1030 et
1977 977 2115 1032 Eva-

549 1063 688 1131 grio,
723 1079 882 1132 quem
922 1074 1210 1134 utrumque
1235 1072 1416 1119 tamen
1444 1081 1636 1136 parum
1666 1067 1829 1121 ﬁdum
1861 1083 1984 1124 esse
2005 1085 2112 1126 no-

546 1155 746 1219 vimus,
788 1154 1115 1209 credendum
1163 1155 1254 1215 sit.
1303 1156 1592 1211 Anastasio
1642 1157 1944 1227 imperante
1992 1160 2114 1216 dua:

549 1258 894 1317 congregatae
943 1259 1072 1302 sunt
1098 1249 1311 1320 synodi,
1345 1249 1809 1320 Constantinopoli
1846 1267 1975 1317 una,
2025 1253 2112 1308 Si-

549 1339 694 1391 done
725 1339 778 1392 in
829 1338 1115 1394 Palaestina
1157 1340 1360 1405 altera,
1407 1341 1458 1394 in
1489 1341 1688 1410 quibus
1737 1343 1988 1398 damnata
2033 1355 2115 1399 est

550 1429 730 1484 Nostri
763 1431 1044 1486 memoria.
1082 1432 1190 1486 Sed
1211 1448 1335 1486 cum
1376 1433 1508 1487 satis
1533 1434 1766 1490 obseura
1803 1435 1874 1490 sit
1905 1437 2112 1492 utrius-

548 1531 657 1593 que
689 1524 877 1594 synodi
909 1524 1064 1579 istius
1093 1524 1337 1591 historia,
1379 1526 1564 1580 utilius
1613 1540 1832 1596 operam
1867 1537 2110 1582 nostram

547 1617 958 1682 rollocabimus,
981 1617 1024 1671 si
1065 1617 1168 1672 illis
1201 1616 1544 1685 potissimum
1590 1618 1936 1685 inhaeremus,
1991 1637 2112 1690 quae

547 1711 614 1763 ad
670 1708 988 1764 invidiosam
1031 1709 1097 1764 de
1145 1710 1320 1762 tribus
1369 1708 1630 1778 Capitulis
1681 1715 2108 1767 controversiam

2216 617 2359 662 tanta
2400 608 2594 673 Init,ut
2623 609 2769 663 brevi
2790 618 2910 678 post
2928 610 3126 663 editum
3152 608 3510 664 Constitutum
3540 619 3786 679 tempore

2218 702 2318 754 hoc
2345 701 2542 755 iterum
2569 713 2868 764 revocaret,
2921 718 3028 755 non
3049 717 3174 771 erga
3231 702 3356 757 illos
3399 710 3606 756 tantum
3647 716 3785 772 quo-

2215 809 2332 846 rum
2364 808 2529 848 causa
2560 795 2842 865 agebatur,
2881 793 2972 848 sed
3007 809 3134 864 erga
3169 795 3412 865 seipsum
3461 809 3679 864 quoque
3722 804 3782 849 et

2215 884 2414 939 famam
2452 901 2605 941 suam
2645 887 2879 940 maxime
2914 886 3166 956 injurius.
3220 885 3432 941 Testem
3486 886 3648 956 hujus
3695 885 3781 940 rei

2216 977 2478 1032 habemus
2507 979 2790 1048 epistolam
2825 995 2986 1048 quam
3018 979 3131 1048 ipse
3165 978 3309 1032 dedit
3343 979 3408 1033 ad
3456 979 3778 1050 Eutychiunt

2214 1067 2365 1122 urbis
2397 1068 2559 1136 regiae
2591 1069 2926 1138 episcOpum,
2960 1085 3080 1138 qua:
3102 1078 3281 1123 exstat
3318 1069 3370 1122 in
3395 1066 3541 1124 Actis
3585 1067 3777 1139 synodi

2212 1155 2686 1226 Constantinopol.
2711 1158 2852 1227 apud
2885 1157 3246 1222 Harduinum,
3288 1168 3419 1212 tum.
3457 1158 3542 1220 III,
3594 1174 3644 1227 p.
3669 1157 3782 1212 2-13

2214 1265 2365 1318 seqq.
2387 1248 2649 1304 Garnerio
2681 1260 2858 1304 autem
2893 1251 3026 1305 adeo
3050 1249 3323 1318 displicuit
3359 1249 3470 1311 illa,
3494 1259 3553 1303 ut
3577 1251 3628 1302 in
3661 1250 3781 1303 suis

2213 1340 2276 1394 ad
2310 1343 2554 1410 quintam
2591 1341 2855 1412 synodum
2884 1342 3354 1396 observationibus
3383 1339 3617 1395 Liberali
3648 1340 3782 1394 Bre-

2214 1433 2385 1486 viario
2413 1433 2740 1503 subjunctis,
2772 1418 2885 1504 [-50]
2917 1448 3110 1504 magno
3135 1433 3352 1503 quidem
3381 1433 3474 1488 sed
3509 1435 3660 1487 irrito
3682 1448 3782 1487 co-

2213 1533 2362 1586 natu,
2387 1523 2505 1593 ejus
2531 1524 2740 1577 νοθείαν
2787 1525 2943 1579 nobis
2968 1529 3285 1593 persuadere
3319 1525 3621 1579 tentaverit.
3659 1523 3777 1578 Vita

2214 1629 2339 1668 ann.
2384 1613 2444 1668 C.
2472 1614 2578 1668 555
2606 1613 2894 1670 defunctus
2925 1613 3153 1686 Vigilius
3193 1615 3340 1669 litem
3376 1617 3530 1671 istam
3561 1630 3780 1670 succes-

2215 1710 2430 1765 soribus
2478 1713 2910 1781 prosequendam
2955 1713 3202 1780 reliquit,
3247 1711 3315 1764 de
3359 1712 3550 1766 horum
3593 1721 3778 1766 autem

549 1801 836 1870 pertinent.
872 1799 1176 1853 Turbarum
1205 1815 1338 1869 quas
1370 1800 1692 1871 Eutycbiani
1743 1803 2112 1860 excitaverant
2143 1831 2183 1886 Β
2214 1803 2686 1873 successibusjam
2717 1805 2896 1859 dicere
2925 1804 3059 1859 nihil
3089 1805 3298 1858 attinet.

548 1901 814 1962 pertaesus
846 1891 1188 1963 Justinianps
1222 1894 1535 1962 imperator,
1567 1894 1659 1963 qui
1691 1893 1811 1949 fidei
1838 1911 1938 1950 suo
1968 1907 2107 1950 tem-

547 2002 680 2056 pore
709 1986 1006 2040 acerrimus
1033 1995 1151 2039 erat
1175 1994 1543 2054 propugnator
1565 2028 1579 2052 ,
1624 2002 1811 2056 pacem
1854 1986 2111 2046 Ecclesiae

549 2077 774 2131 reddere
803 2077 974 2131 voluit
1015 2078 1214 2146 scripto
1243 2088 1430 2131 contra
1471 2078 1769 2148 Acephalos
1801 2080 1913 2134 sive
1944 2080 2110 2155 Euty-

547 2170 777 2224 chianos
807 2170 1034 2224 directo.
1066 2167 1178 2224 Hoc
1207 2185 1328 2223 cum
1359 2170 1727 2235 meditaretur,
1762 2187 1791 2224 a
1826 2170 2110 2230 Theodoro

547 2262 807 2317 Caesareae
825 2261 929 2316 hoc
959 2271 1196 2331 tempore
1233 2262 1622 2332 episcopo,sibi
1653 2265 1962 2332 persuaderi
1989 2283 2114 2338 pas—

547 2371 642 2409 sus
691 2364 795 2420 est,
843 2363 902 2409 ut
936 2355 1200 2408 calamum
1245 2353 1425 2422 potius
1473 2363 1662 2408 contra
1705 2357 1785 2410 sic
1831 2358 1974 2413 dicta
2011 2361 2112 2415 tria

547 2445 817 2514 capitula,
861 2446 964 2500 hoc
1007 2455 1122 2510 est,
1163 2454 1353 2500 contra
1406 2446 1672 2501 Theodori
1726 2447 2109 2520 Mopsuesteni,

548 2535 867 2592 Theodoreti
915 2537 1116 2602 nostri,
1168 2535 1282 2609 [29]
1329 2547 1383 2592 et
1425 2538 1527 2593 Iba:
1581 2537 1840 2596 Edesseni
1892 2546 2113 2613 scripta,

548 2640 800 2686 verteret.
817 2631 892 2685 Ita
915 2632 1059 2685 enim
1090 2646 1148 2685 se
1168 2629 1482 2686 eﬂ‘ecturum
1505 2647 1623 2687 esse
1643 2635 1912 2703 sperabat,
1938 2636 2116 2692 utEu-

548 2722 785 2792 tychiani
815 2723 883 2776 ad
923 2721 1218 2777 Ecclesiam
1265 2723 1584 2778 catholicam
1614 2726 1870 2791 redirent,
1899 2739 1955 2783 et
1981 2745 2114 2801 syn-

545 2813 709 2867 odum
757 2809 1251 2867 Cbalcedonensem
1295 2814 2111 2886 amplecterentur.Imperator,

545 2905 648 2960 etsi
711 2920 1038 2976 magnopere
1111 2905 1236 2958 huic
1294 2905 1527 2960 concilio
1589 2905 1834 2974 faveret,
1889 2919 2062 2964 tamen
2098 2953 2113 2976 ,

547 2999 676 3068 quia
728 3012 834 3052 non
879 2999 987 3051 alio
1014 2999 1177 3052 modo
1222 3012 1408 3067 pacem
1460 2998 1716 3053 Ecclesiae
1762 3000 1911 3055 reddi
1959 3017 2117 3072 posse

547 3091 929 3154 existimabat,
982 3090 1341 3160 promulgavit
1382 3090 1678 3157 decretum,
1720 3107 1828 3161 quo
1867 3095 1965 3148 tria
2014 3096 2115 3150 ista

2282 1895 2563 1966 Reliquum
2594 1908 2696 1960 est,
2731 1907 2790 1952 ut
2831 1900 2898 1953 de
2938 1900 3171 1968 scriptis,
3223 1913 3345 1968 quae
3399 1895 3778 1953 'I‘heodoretns

2211 2005 2406 2060 magno
2446 2006 2674 2045 numero
2720 1992 2968 2061 reliquit,
3023 1991 3322 2060 generatim
3367 1989 3614 2044 dicamus
3658 2006 3674 2043 :
3718 1989 3774 2042 in

2211 2079 2413 2148 quibus
2474 2081 2813 2136 recensendis
2862 2082 3110 2135 eumdem
3148 2081 3450 2136 tenebimus
3507 2080 3774 2144 ordinem,

2214 2187 2323 2240 quo
2354 2182 2464 2225 tum
2495 2173 2546 2224 in
2581 2171 2983 2236 Sirmondiana,
3014 2182 3124 2225 tum
3157 2173 3207 2225 in
3241 2181 3426 2227 nostra
3453 2173 3690 2227 editione
3717 2186 3779 2228 se

2212 2263 2508 2332 excipiunt.
2535 2263 2769 2318 Primam
2802 2279 3030 2332 eamque
3063 2265 3350 2319 maximam
3380 2264 3571 2319 horum
3602 2264 3776 2319 libro-

2214 2367 2330 2404 rum
2358 2363 2563 2421 partem
2608 2355 2947 2407 constituunt
2973 2351 3382 2418 Commentarii,
3425 2369 3562 2424 quos
3585 2354 3636 2407 in
3683 2370 3775 2409 sa-

2214 2461 2358 2499 cram
2392 2445 2724 2515 Scripturam
2753 2457 2864 2501 tum
2899 2445 3104 2501 Veteris
3137 2455 3248 2500 tum
3279 2448 3404 2502 novi
3433 2445 3770 2502 Testamenti

2217 2539 2475 2591 exaravit.
2512 2535 2568 2590 In
2611 2539 2712 2591 hoc
2742 2539 3040 2592 litterarum
3079 2553 3272 2608 genere
3309 2552 3631 2608 magnopere
3681 2553 3778 2591 ex-

2215 2630 2396 2683 celluit
2429 2628 2639 2693 Noster,
2676 2633 2872 2700 quippe
2897 2632 3009 2701 qui,
3029 2633 3208 2701 judice
3235 2633 3446 2696 Photio,
3476 2639 3529 2684 at
3571 2640 3777 2699 quanto

2217 2721 2332 2773 viro
2361 2722 2373 2773 l
2409 2720 2551 2790 (cod.
2583 2721 2708 2793 205)
2735 2726 2966 2792 palmam
3003 2725 3277 2793 prteripuit
3311 2724 3594 2795 Hippolyto
3629 2722 3778 2777 aliis.

2215 2827 2322 2883 que
2363 2815 2633 2883 plurimis,
2666 2816 2781 2870 sive
2828 2817 2892 2870 ad
2933 2817 3225 2873 dictionem
3274 2817 3393 2884 ejus
3446 2816 3775 2886 respexeris,

2215 2922 2337 2973 qua:
2359 2909 2507 2976 puris
2531 2917 2586 2963 et
2611 2909 3042 2978 signiﬁcantibus
3072 2912 3296 2967 vocibus
3338 2910 3516 2964 abdita
3549 2921 3779 2977 qumque

2217 2998 2418 3053 revelat
2463 3009 2516 3053 et
2553 2999 2892 3070 jucunditate
2956 3002 3228 3070 deIeCtat,
3280 3001 3395 3056 sive
3461 2997 3777 3053 methodunt

2217 3086 2336 3156 ejus
2377 3090 2726 3158 spectaveris,
2765 3091 2924 3160 cujus
2974 3091 3088 3146 haec
3131 3100 3213 3146 est
3243 3089 3510 3160 praecipua
3538 3088 3675 3150 laus,
3719 3093 3781 3140 ut

547 3183 795 3253 Capitula
826 3192 886 3236 ut
912 3183 1074 3250 impia
1119 3191 1172 3235 et
1201 3182 1515 3251 blasphema
1547 3183 1971 3238 damnabantur.
2007 3184 2110 3241 Vo-
2139 3173 2181 3229 C
2216 3175 2334 3232 sine
2359 3179 2616 3235 omnibus
2641 3181 2958 3251 ambagibus
2976 3198 3039 3236 ea
3069 3197 3190 3252 qu:e
3219 3181 3360 3236 scire
3384 3180 3598 3242 attinet,
3654 3191 3780 3248 per-

550 3286 728 3328 torum
753 3289 813 3329 se
843 3281 1120 3343 compotes
1143 3273 1313 3328 factos
1344 3289 1466 3328 esse
1493 3273 1654 3328 laetati
1684 3286 1808 3329 sunt
1831 3275 2116 3347 Eutychia-

549 3365 628 3427 ni,
663 3373 716 3418 et
746 3362 1031 3418 Theodora
1055 3363 1300 3433 Augusta
1343 3377 1465 3432 quae
1491 3362 1600 3417 illis
1625 3363 1851 3418 nimium
1877 3363 2111 3426 favebat.

549 3456 671 3522 Quo
707 3456 889 3510 minus
938 3465 1115 3509 tamen
1146 3470 1211 3510 ex
1233 3455 1373 3508 votis
1403 3455 1614 3509 cederet
1661 3455 1973 3523 consilium,
2015 3458 2114 3512 ob-

551 3549 689 3604 stitit
744 3547 1173 3603 Occidentalium
1225 3547 1569 3618 etpraacipue
1596 3545 1795 3618 Vigilii,
1839 3549 2116 3605 Romano-

551 3655 672 3694 rum
710 3649 839 3694 tunc
885 3639 1148 3708 episcOpi,
1190 3639 1492 3694 dissensus.
1541 3639 1608 3693 Et
1646 3641 1938 3697 dolendum
1986 3659 2116 3699 sane

548 3742 657 3795 est,
715 3731 968 3804 Vigilium
1003 3733 1206 3801 justam
1254 3733 1468 3788 tandem
1521 3735 1827 3790 deseruisse
1857 3751 2114 3800 causam,

553 3840 715 3894 quam
750 3825 887 3879 tueri
933 3825 1156 3879 omnino
1190 3825 1469 3895 potuisset.
1519 3826 1943 3882 Inconstantiam
1975 3829 2114 3898 ejus,

553 3917 622 3970 de
650 3931 756 3984 qua
781 3916 1002 3985 legenda
1031 3926 1112 3971 est
1134 3915 1455 3972 Dissertatio
1475 3918 1797 3990 theologica,
1825 3936 1946 3990 qua;
1974 3921 2115 3975 haud

557 4011 632 4062 ita
661 4009 866 4078 pridem
893 4008 1056 4064 Prses.
1094 4007 1152 4064 S.
1183 4009 1246 4064 V.
1283 4009 1584 4066 Schuberto
1623 4027 1753 4068 ann.
1804 4013 1940 4068 I766
1982 4013 2120 4084 Gry-

557 4101 891 4170 phiswaldia:
937 4101 1152 4170 prodiit,
1185 4103 1318 4156 satis
1345 4111 1575 4157 testatur
1619 4102 1856 4160 Historia
1906 4105 1986 4160 sic
2035 4106 2117 4160 di-

554 4205 657 4250 ctae
689 4195 878 4266 synodi
903 4196 1126 4264 quintze,
1169 4211 1266 4250 seu
1303 4197 1518 4250 concilii
1564 4198 1884 4252 (ectttnenici
1918 4199 2116 4267 quinti,

555 4285 702 4356 quod
730 4287 783 4338 in
840 4286 940 4341 hac
970 4290 1239 4355 pmcipue
1287 4302 1451 4342 causa
1475 4287 1945 4359 Constantinopoli
1985 4305 2118 4345 con-

555 4388 807 4433 vocatum
848 4387 952 4434 est.
982 4377 1095 4433 Etsi
1128 4377 1356 4450 Vigilius
1379 4381 1444 4436 de
1473 4381 1616 4435 bona
1637 4397 1802 4436 causa
1832 4399 1994 4454 quant
2027 4384 2121 4439 de-

558 4467 880 4565 fendendain
910 4470 1158 4565 habebat,
1192 4471 1417 4540 ipsemet
1453 4472 1751 4534 convictus.
1780 4483 1835 4528 et
1858 4475 1927 4529 ab
1948 4475 2116 4539 Afris,
2152 4511 2193 4565 υ

559 4561 768 4627 Sardis,
801 4560 1136 4633 Illyricisque
1172 4579 1498 4634 magnopere
1525 4575 1745 4636 rogatus
1774 4577 1939 4631 esset,
1966 4583 2032 4622 ne
2063 4569 2118 4627 in

562 4654 722 4708 trium
767 4653 1137 4723 Capitulorum
1179 4656 1584 4712 damnationem
1628 4660 1984 4721 consentiret,
2035 4667 2118 4717 ta-

559 4761 679 4801 men
699 4745 908 4801 famoso
937 4747 1048 4812 illo,
1077 4746 1371 4811 utdicitur,
1402 4745 1656 4803 Judicato
1681 4765 1965 4805 assensum
1992 4766 2119 4820 pro-

558 4837 736 4894 fessus
753 4850 854 4894 est.
889 4838 997 4895 Nec
1019 4839 1384 4896 Orientalibus
1410 4856 1507 4896 nec
1553 4840 1988 4897 Occidentalibus
2015 4843 2119 4897 hoc

562 4932 839 5001 indignum
869 4947 926 4986 se
953 4933 1251 5002 approbare
1279 4935 1450 5003 potuit
1481 4933 1714 4998 facinus,
1743 4935 1886 5003 quod
1935 4934 2120 5003 impri-

562 5025 667 5078 mis
690 5022 1049 5095 Illyricorum,
1083 5025 1446 5096 Afrorumque
1473 5038 1660 5090 contra
1687 5025 1943 5098 Vigilium
1973 5026 2122 5082 exci-

563 5118 700 5172 tavit
729 5118 872 5181 odia,
903 5135 968 5174 ne
1010 5119 1075 5174 de
1103 5117 1342 5174 Facundi
1365 5119 1669 5188 justissima
1702 5120 1777 5174 ira
1824 5119 2119 5188 quidquam

561 5211 828 5272 dicamus.
861 5210 1080 5266 Utinam
1104 5227 1318 5267 omnem
1349 5213 1423 5266 rei
1459 5211 1777 5272 memoriam
1809 5210 1989 5266 delere
2023 5225 2120 5279 ρος

561 5305 757 5363 tuisset
781 5304 1104 5369 Constituto,
1135 5305 1279 5375 quod
1309 5305 1503 5360 deinde
1539 5305 1725 5367 edidit,
1756 5319 1821 5358 ex
1865 5318 1974 5372 quo
2011 5303 2122 5356 litec

566 5412 734 5464 pauca
765 5406 972 5452 tantum
1009 5398 1113 5452 hoc
1145 5397 1265 5451 loco
1291 5396 1577 5450 inserenda
1610 5404 1737 5451 sunt
1767 5395 1952 5458 verba,
2002 5409 2124 5462 quae

563 5487 631 5543 ad
665 5485 918 5542 Nostrum
954 5503 1013 5543 se
1043 5487 1303 5549 referunt,
1324 5497 1375 5542 et
1403 5487 1476 5541 ita
1513 5503 1571 5542 se
1597 5487 1795 5540 habent
1822 5503 1834 5539 :
1863 5503 1882 5536 ο
1918 5484 2121 5539 Statui-

564 5588 687 5630 mus
719 5583 877 5644 atque
905 5577 1268 5640 decernimus,
1303 5575 1438 5628 nihil
1470 5575 1520 5628 in
1551 5575 1801 5642 injuriam
1829 5585 1988 5644 atque
2018 5575 2119 5629 ob-

564 5663 933 5723 trectationem
962 5665 1325 5735 probatissimi
1368 5665 1420 5718 in
1454 5665 1877 5720 Chalcedonensi
1917 5667 2123 5736 synodo

564 5755 690 5816 viri.
733 5756 790 5809 h.
818 5773 867 5808 e.
921 5757 1244 5813 Theodoreti
1275 5759 1512 5828 episcopi
1538 5757 1680 5830 Cyri,
1724 5760 1826 5813 sub
1854 5759 2125 5812 taxatione

570 5847 806 5903 nominis
847 5851 962 5919 ejus
996 5867 1022 5902 a
1062 5864 1333 5924 quoquam
1372 5851 1488 5904 fieri
1547 5849 1625 5903 vel
1667 5850 1916 5919 proferri.
1956 5869 1974 5901 ι
2020 5848 2122 5905 Sed

2213 3269 2399 3339 spicue
2445 3280 2499 3325 et
2545 3281 2736 3327 ornate
2770 3283 3054 3344 proponat,
3099 3273 3166 3328 iis
3213 3281 3519 3328 tamennon
3553 3277 3781 3340 prater-

2214 3358 2399 3414 missis
2424 3375 2544 3428 quae
2563 3361 2627 3414 ad
2649 3362 2904 3416 lectorem
2931 3361 3328 3416 informandum
3354 3359 3528 3414 facere
3547 3360 3778 3429 possint.

2215 3444 2290 3503 Ita
2321 3447 2432 3504 fere
2445 3449 2654 3519 judicat
2673 3451 2921 3515 Photius,
2949 3454 2985 3506 l.
3004 3470 3074 3518 c.,
3103 3453 3189 3506 ubi
3221 3451 3398 3507 Nostri
3427 3450 3781 3504 Commenta-

2214 3546 2326 3602 rios
2362 3549 2416 3601 in
2444 3545 2719 3602 Danielem
2747 3547 2814 3602 iis
2840 3557 3070 3603 exornat
3105 3549 3376 3610 laudibus,
3407 3560 3528 3615 quae
3556 3543 3622 3598 ad
3659 3558 3782 3598 om-

2215 3655 2314 3695 nes
2337 3639 2578 3711 ejusdem
2614 3641 2831 3711 generis
2861 3642 3028 3697 libros
3055 3641 3122 3696 ab
3153 3642 3254 3694 hoc
3286 3647 3510 3696 auctore
3535 3635 3782 3692 conscri-

2217 3741 2340 3803 ptos
2379 3733 2576 3788 merito
2607 3733 2864 3803 applicari
2919 3734 3167 3788 debeant.
3197 3731 3312 3806 [3i]
3342 3731 3586 3792 Primum
3638 3729 3783 3782 inter

2216 3828 2338 3882 illos
2388 3827 2564 3881 locum
2598 3835 2864 3895 occupant
2921 3824 3243 3890 Quaestione;
3291 3825 3348 3877 in
3400 3820 3780 3878 Octateuclmm

2217 3919 2332 3973 sive
2370 3917 2421 3970 in
2455 3917 2495 3971 V
2523 3915 2691 3971 libros
2728 3915 2912 3978 Musis,
2969 3916 3020 3968 in
3059 3915 3256 3968 librum
3300 3913 3498 3978 Josuaa,
3527 3910 3779 3965 Iudicum

2216 4020 2271 4066 et
2311 4011 2480 4064 Ruth.
2516 4008 2612 4064 His
2655 4010 2834 4065 statim
2879 4009 3227 4078 adjungimus
3267 4007 3614 4074 Quwstt‘oner,
3656 4017 3783 4072 quae

2216 4103 2518 4172 proximum
2571 4110 2755 4156 tenent
2804 4101 3002 4166 locum,
3043 4102 3096 4154 in
3137 4100 3295 4154 libros
3323 4099 3517 4169 Regum
3543 4099 3781 4167 (notum,

2219 4194 2272 4247 in
2319 4193 2506 4249 Bibliis
2553 4194 2754 4249 Graecis
2797 4193 2964 4247 libros
2995 4191 3263 4249 Samuelis
3293 4190 3569 4248 accenseri
3625 4188 3783 4242 libris

2222 4285 2465 4356 Regum)
2498 4300 2560 4338 ac
2616 4283 3058 4352 Paralipomenon
3101 4299 3119 4337 :
3161 4285 3242 4338 hae
3301 4283 3444 4339 enim
3493 4295 3614 4336 cum
3672 4279 3784 4332 illis

2221 4378 2523 4448 conjunctae
2560 4377 2687 4430 olim
2747 4375 2914 4430 fuisse
2972 4375 3240 4443 videntur,
3280 4391 3310 4430 a
3349 4374 3543 4434 Photio
3587 4371 3782 4428 saltem

2223 4471 2275 4525 in
2323 4485 2431 4525 uno
2477 4469 2662 4524 codice
2708 4467 2852 4538 (205)
2888 4467 3037 4520 lecta:
3075 4476 3222 4520 sunt.
3253 4465 3592 4532 Qutestiones
3611 4462 3781 4534 priori

2222 4565 2340 4619 loco
2393 4571 2842 4617 commemoratas
2895 4559 3172 4628 inscripsit
3213 4560 3291 4622 εἰς
3339 4557 3408 4610 τὰ
3458 4556 3637 4627 ἄπορα
3677 4556 3781 4626 τῆς

2226 4655 2374 4717 θείας
2408 4654 2646 4724 Γραφῆς,
2678 4667 2836 4722 quem
2875 4651 3086 4705 titulum
3117 4658 3175 4703 ιιι
3202 4649 3348 4718 operi
3399 4647 3608 4720 egregie
3643 4661 3782 4700 con-

2220 4757 2497 4818 gruentem
2549 4745 2730 4800 laudat
2774 4745 3018 4800 Photius.
3075 4743 3333 4798 Eumdem
3377 4755 3595 4812 quoque
3652 4754 3777 4794 cum

2220 4841 2384 4895 modo
2412 4839 2664 4908 loquendi
2707 4839 2868 4907 hujus
2909 4837 3191 4908 scriptoris
3215 4835 3524 4900 convenire,
3565 4831 3778 4888 ostendi

2221 4940 2400 5003 potest
2445 4951 2474 4984 e
2517 4940 2711 5000 quaest.
2760 4931 2829 4985 9.8
2867 4930 2919 4982 in
2964 4931 3158 4984 librum
3208 4927 3482 4993 Iudicum,
3524 4926 3614 4981 ubi
3677 4925 3777 4979 πό⁴

2223 5040 2313 5094 ρον
2362 5022 2634 5091 εὑρίσκειν
2667 5023 2723 5073 ὲν
2769 5021 2992 5091 ἀπόροις
3031 5018 3230 5073 Nostro
3265 5017 3404 5073 idem
3448 5027 3531 5073 est
3558 5017 3701 5096 quod
3723 5017 3778 5071 in

2221 5130 2276 5165 re
2330 5113 2492 5166 dubia
2553 5114 2751 5166 exitum
2781 5113 3025 5165 invenire.
3069 5110 3233 5165 Docet
3267 5112 3448 5180 itaque
3476 5111 3653 5182 primo
3694 5109 3778 5162 in-

2224 5206 2360 5259 tuitu
2394 5205 2695 5274 inscriptio,
2724 5205 2822 5258 has
2864 5202 3202 5268 Qumstiones
3252 5219 3358 5258 non
3397 5202 3464 5258 ad
3497 5203 3778 5259 universos

2224 5297 2388 5350 hosce
2421 5297 2608 5360 libros,
2649 5295 2740 5350 sed
2769 5295 2834 5349 ad
2863 5295 3180 5348 obscuriora
3211 5293 3476 5348 duntaxat
3514 5293 3631 5348 loca
3666 5308 3779 5363 per-

2222 5389 2416 5442 tinere.
2441 5430 2444 5433 .
2468 5387 2533 5441 Et
2579 5388 2630 5441 in
2669 5389 2772 5443 hoc
2805 5387 3019 5458 quidem
3057 5388 3290 5457 positum
3343 5396 3428 5442 est
3463 5387 3777 5448 discrimen,

2223 5482 2365 5548 quod
2397 5483 2533 5537 inter
2561 5482 2661 5537 hos
2691 5493 2740 5534 et
2795 5481 3030 5550 reliquos
3069 5479 3394 5535 Theodoreti
3435 5480 3778 5538 Commenta-

2225 5574 2337 5626 rios
2367 5587 2551 5626 sacros
2583 5571 2885 5626 intercedit.
2913 5572 2991 5626 Illi
3009 5573 3149 5627 enim
3176 5573 3268 5642 qui
3297 5582 3624 5643 sequuntur,
3650 5586 3776 5626 con-

2225 5666 2431 5717 tinuum
2469 5665 2520 5716 in
2556 5665 2838 5718 universos
2867 5665 3030 5719 libros
3060 5665 3174 5719 sive
3205 5664 3322 5720 Vet.
3349 5667 3461 5721 sive
3493 5663 3558 5719 N.
3582 5663 3642 5718 Τ.
3687 5678 3779 5715 ex-
3817 5726 3828 5736 .

2228 5756 2409 5808 bibent
2430 5754 2913 5820 Conimcntarium,
2935 5757 2988 5809 hi
3007 5756 3216 5825 priores
3232 5767 3409 5811 autem
3433 5772 3538 5811 non
3562 5756 3662 5816 nisi
3683 5755 3780 5818 obc

2227 5849 2531 5904 scuriorunt
2555 5849 2792 5904 locorum
2815 5851 3303 5920 interpretationem
3325 5850 3773 5920 complectuntur.
