3924 6552
203 383 267 446 53

1560 391 2071 453 DISSERTATIO.

3353 378 3453 459 δε.

207 494 492 565 Singularis
529 513 669 553 vero
698 509 750 555 et
782 515 902 570 quae
935 516 1042 556 non
1061 502 1314 557 omnibus
1342 517 1402 557 se
1429 503 1762 571 approbavit,
1792 507 1841 563 Α
1868 503 2046 558 maelii
2082 512 2137 558 et
2174 503 2565 563 Theodotionis
2618 508 2917 573 versiones,
2970 509 3198 578 quarum
3251 511 3421 565 multa

201 597 274 639 est
294 587 611 651 methodus,
640 606 805 659 quam
843 591 897 644 in
916 591 1066 646 hisce
1105 591 1254 647 libris
1274 592 1517 647 adhibuit
1546 604 1759 659 auctor,

199 698 284 751 per
306 683 653 749 quaestiones
670 700 974 755 earumque
1016 686 1315 742 solutiones
1357 687 1613 742 lectorem
1672 689 1760 742 in-

199 785 418 830 struens.
459 774 574 829 Sed
627 778 893 833 rationem
933 779 1052 848 ejus
1106 780 1159 833 in
1193 779 1436 850 Prologis
1483 781 1765 849 aperuisse

196 869 410 931 videtur,
446 869 542 922 ubi
573 868 892 940 Hypatium,
921 874 1007 926 cui
1036 882 1263 942 uterque
1293 872 1428 927 liber
1468 874 1763 945 inscriptus

202 972 292 1021 est,
336 975 478 1013 nunc
532 962 754 1015 παίδων
804 964 1094 1031 φίλτατον,
1144 982 1291 1021 nunc
1337 981 1467 1021 vero
1485 966 1762 1037 ἐρασμιώ-

196 1068 337 1105 utr»:
385 1062 579 1116 vocat,
646 1064 838 1123 utpote
913 1071 1022 1125 quo
1072 1055 1415 1113 familiariter
1478 1060 1763 1125 utebatur,

194 1159 453 1211 quemque
477 1145 699 1200 ultimis
735 1146 855 1201 vitm
885 1163 996 1202 suae
1034 1148 1211 1214 annis,
1252 1149 1305 1203 in
1335 1166 1473 1219 quos
1507 1166 1613 1206 mra
1666 1152 1765 1205 ho-

193 1253 297 1292 rum
331 1237 617 1289 librorum
658 1238 874 1303 incidit,
906 1238 1059 1293 lateri
1085 1255 1184 1293 suo
1207 1240 1591 1301 adhaerentem.
1629 1252 1681 1297 et
1710 1243 1765 1298 in

195 1344 415 1381 munere
448 1330 761 1399 episcopali
787 1332 1032 1385 laborum
1055 1332 1261 1387 socium
1294 1334 1542 1388 habebat.
1569 1334 1765 1389 Senem

191 1435 419 1487 quoque,
459 1430 518 1474 et
545 1423 778 1477 assiduo
802 1422 856 1476 in
887 1422 1190 1479 scrutandis
1229 1426 1399 1479 sacris
1429 1425 1645 1480 Litteris
1666 1442 1766 1496 po-

192 1520 281 1559 szlo
310 1508 511 1563 studio
549 1511 1072 1566 exercitatissimum
1103 1514 1379 1567 doctorem
1409 1515 1631 1570 decebat
1660 1516 1762 1571 ista

191 1599 494 1653 melhodus.
524 1599 766 1657 Ultimos
796 1613 977 1657 autem
1011 1606 1109 1659 hos
1135 1601 1254 1659 esse
1290 1606 1549 1661 librorum
1583 1623 1613 1661 a
1657 1607 1767 1663 No-

186 1703 286 1745 stro
335 1690 465 1762 [52]
515 1694 925 1751 elaboratorum
985 1697 1127 1750 haud
1166 1713 1325 1761 vana,
1395 1707 1452 1753 ut
1489 1708 1764 1769 putamus,

187 1784 505 1851 conjectura
544 1789 835 1851 statuitur,
877 1790 1002 1859 quia
1033 1807 1130 1845 nec
1162 1792 1215 1844 in
1252 1793 1361 1845 ullo
1395 1794 1538 1855 alio,
1582 1810 1681 1850 nec
1711 1796 1763 1848 in

1863 594 2168 665 fragmenta
2210 612 2277 652 ex
2314 599 2416 654 hoc
2472 600 2527 653 in
2574 599 2766 668 primis
2816 599 3221 655 Commentario
3272 603 3426 670 petiit

1862 686 2319 758 Montfauconius,
2353 692 2448 762 qui
2479 693 2640 747 etiam
2673 708 2793 763 pag.
2827 692 2895 747 10
2921 691 3154 747 Praelim.
3195 693 3261 746 ad
3301 694 3428 747 Col-

1864 778 2150 835 lectionem
2185 796 2380 836 novam
2423 783 2643 838 Patrum
2688 784 2962 844 observat,
3008 781 3289 847 Nostrum,
3322 783 3427 838 etsi

1863 872 1933 927 ab
1955 870 2279 928 Eusebiania
2312 873 2651 928 Psalmorum
2688 874 3130 945 interpretatione
3186 874 3429 944 plerum-

1864 976 1970 1031 que
2000 961 2266 1024 deflectat,
2292 973 2469 1017 tamen
2507 963 2739 1037 subinde
2766 964 2912 1017 illam
2947 963 3059 1018 fere
3104 962 3173 1017 ab
3202 962 3426 1017 verbum

1862 1053 2188 1121 exprimere,
2224 1056 2327 1110 etsi
2362 1055 2622 1119 breviori,
2650 1063 2711 1109 ut
2739 1055 3059 1125 plurimum,
3097 1055 3245 1109 stilo.
3281 1052 3426 1109 Idem

1864 1142 2064 1201 Nostro
2121 1147 2297 1216 quoad
2356 1147 2804 1218 Chrysostomum
2870 1146 3071 1216 objecit
3131 1146 3431 1201 Garnerius

1868 1237 2027 1292 Auct.
2066 1237 2276 1307 p.184.
2313 1237 2417 1292 Sed
2463 1247 2757 1306 utrumque
2803 1253 2908 1291 non
2955 1239 3091 1291 adeo
3140 1237 3428 1299 miramur,

1866 1345 1990 1383 cum
2026 1330 2159 1385 satis
2197 1338 2407 1385 cdnstet
2450 1341 2651 1399 quanta
2696 1332 2749 1384 in
2809 1329 3026 1384 Catenis
3055 1328 3192 1383 facta
3227 1328 3297 1382 sit
3327 1343 3431 1381 no~

1868 1420 2075 1476 minum
2108 1423 2452 1491 permutatio,
2479 1439 2602 1492 qua
2632 1437 2697 1477 eo
2726 1422 2939 1477 facilius
2974 1422 3153 1476 locum
3188 1421 3431 1475 invenire

1867 1514 2060 1583 potuit,
2100 1529 2209 1583 quo
2239 1515 2427 1584 magis,
2447 1522 2587 1568 teste
2617 1512 2920 1582 Nicephoro
2956 1512 2992 1566 l.
3025 1509 3431 1576 c.,Theodore-

1870 1613 1957 1659 tus
2000 1606 2182 1659 stilum
2234 1621 2392 1659 suum
2446 1606 2513 1659 ad
2549 1605 2927 1675 Chrysostomi
2966 1604 3274 1673 exemplum
3329 1602 3415 1655 for

1870 1711 2018 1748 mare
2069 1695 2308 1759 studuit;
2346 1710 2454 1765 quo
2502 1693 2702 1749 factum
2741 1703 2843 1760 est,
2888 1702 2948 1748 ut
2981 1694 3027 1748 si
3069 1693 3123 1747 in
3154 1692 3432 1747 codicibus

1870 1787 2070 1856 passim
2118 1802 2314 1840 nomen
2379 1787 2621 1841 auctoris
2670 1787 2790 1842 loco
2837 1786 3072 1856 quodam
3124 1785 3427 1854 neglectum

189 1876 429 1943 epistolis
457 1882 605 1942 suis,
645 1882 860 1934 illorum
888 1884 1209 1937 mentionem
1244 1886 1386 1950 fecit,
1414 1888 1555 1954 quod
1588 1895 1765 1941 tamen
1800 1860 1842 1914 Β
1871 1889 2036 1945 esset,
2069 1896 2135 1934 ne
2164 1880 2475 1948 peritissimi
2504 1880 2719 1949 quidem
2750 1879 2960 1934 librarii
2993 1879 3127 1935 satis
3152 1879 3283 1934 certi
3312 1878 3432 1931 fue-

189 1970 231 2021 in
258 1968 541 2035 Epistola,
574 1989 741 2040 quam
766 1974 830 2027 ad
854 1973 1085 2030 Leonem
1138 1976 1504 2032 Romanorum
1556 1981 1769 2050 episco~

188 2079 309 2133 pum
345 2080 489 2119 ann.
528 2067 595 2122 Ο.
631 2068 759 2130 449,
800 2078 859 2123 ut
886 2086 1047 2138 supra
1073 2073 1305 2125 evictum
1333 2072 1601 2136 dedimus,
1633 2074 1770 2128 scri-

190 2158 316 2225 psit,
356 2156 477 2210 imo
516 2160 685 2212 etiam
727 2160 778 2212 in
807 2177 868 2214 ea
908 2178 1029 2231 qua:
1077 2164 1141 2217 ad
1190 2163 1482 2219 Eusebium
1531 2168 1769 2238 Ancyra-

187 2264 313 2300 num
338 2250 552 2303 directa
577 2260 683 2315 est,
717 2252 782 2305 ad
807 2254 889 2307 sui
932 2253 1304 2310 defensionem
1341 2255 1520 2312 facere
1549 2258 1759 2328 potuis-

184 2348 281 2392 εει.
309 2339 472 2405 Quod
505 2344 782 2412 rrliquum
803 2354 904 2408 est,
930 2347 983 2399 in
1010 2347 1094 2401 his
1121 2357 1176 2401 ut
1206 2349 1258 2401 in
1288 2349 1407 2403 aliis
1443 2349 1770 2405 Theodoreti

186 2431 339 2485 libris
386 2436 649 2501 quaedam
702 2448 1038 2503 occurrunt,
1084 2455 1205 2508 qua:
1262 2440 1604 2497 Theodorum
1655 2442 1769 2499 Mo-

186 2536 547 2591 psuestenum
577 2540 857 2584 auctorem
884 2532 1101 2595 habent,
1125 2534 1225 2588 alia
1243 2549 1363 2604 qua:
1380 2535 1445 2589 ad
1462 2535 1769 2606 Origenem,

185 2618 289 2669 alia
317 2634 443 2685 qua:
473 2622 539 2671 ad
596 2620 888 2676 Diodorum
937 2623 1256 2680 Tarsensem
1281 2626 1401 2695 jure
1438 2627 1628 2681 referri
1677 2629 1772 2683 de-

189 2708 337 2763 bent.
370 2710 533 2763 Haud
578 2729 709 2767 raro
736 2715 878 2768 enim
911 2718 1067 2786 culpa
1115 2735 1300 2773 eorum
1358 2721 1451 2790 qui
1483 2720 1714 2776 Catenas
1743 2738 1774 2777 e

189 2802 413 2869 scriptis
473 2802 673 2857 horum
721 2804 939 2860 Patrum
996 2820 1405 2879 congesserunt,
1452 2813 1667 2877 accidit,
1717 2823 1777 2868 ut

192 2910 319 2961 qua
350 2894 518 2948 unius
550 2906 704 2960 sunt,
745 2900 896 2952 alteri
936 2901 1262 2966 tribuantur,
1306 2905 1449 2973 quod
1497 2905 1549 2958 in
1586 2907 1778 2975 primis

193 2985 261 3038 de
288 2986 379 3038 illo
413 3002 583 3056 quem
618 2990 780 3056 priori
812 2996 932 3045 loco
984 2995 1405 3058 nominavimus,
1458 3014 1667 3052 necnon
1710 3000 1777 3054 de

194 3074 494 3131 Theodoro
519 3078 839 3135 Heracleota
877 3084 1037 3148 valet,
1082 3096 1139 3138 ut
1174 3086 1285 3155 jam
1325 3088 1667 3143 observatum
1695 3100 1779 3145 est

197 3182 228 3219 a
252 3165 677 3224 Montfauconio
704 3170 963 3244 Palaaogr.
995 3174 1088 3230 Gr.
1118 3192 1168 3244 p.
1211 3176 1335 3231 547.

268 3260 676 3317 Commentarii
700 3265 756 3317 in
783 3265 1027 3322 Psalmos
1059 3270 1205 3323 nulla
1234 3270 1450 3339 quidem
1473 3273 1617 3342 apud
1635 3272 1780 3326 Pho-

202 3354 339 3407 tilm
369 3354 433 3408 fit
470 3358 725 3409 mentio:
772 3366 971 3424 tamen,
1009 3364 1133 3428 quia
1175 3362 1328 3431 plura
1373 3372 1503 3420 sunt
1529 3363 1781 3420 Theodo-

204 3447 300 3498 reti
345 3449 558 3515 scripta
588 3488 603 3511 ,
644 3463 875 3516 quorum
924 3450 1013 3505 ille
1048 3467 1154 3505 non
1206 3455 1473 3521 meminit,
1508 3457 1783 3527 hujusque

206 3540 655 3604 praestantissimi
698 3541 879 3609 operis
915 3542 967 3595 in
1004 3543 1124 3597 aliis
1158 3544 1308 3601 libris
1335 3563 1474 3617 quos
1502 3548 1617 3619 ipse
1642 3548 1785 3603 Pho-

205 3632 312 3681 tius
342 3644 772 3697 commemorat,
805 3633 1005 3688 diserte
1036 3636 1274 3705 injicitur
1303 3639 1526 3704 mentio,
1547 3656 1653 3694 non
1682 3642 1784 3696 du-

206 3722 494 3777 bitandum
524 3737 633 3791 est,
666 3727 794 3797 quin
833 3729 898 3782 ad
927 3729 1181 3785 Nostrum
1216 3733 1339 3802 jure
1384 3736 1668 3803 pertineat,
1696 3737 1784 3791 cui

207 3817 363 3867 etiam
405 3832 438 3869 a
484 3815 799 3886 Nicephoro
849 3820 992 3876 Hist.
1029 3824 1208 3882 eccles.
1240 3826 1334 3881 lib.
1386 3844 1474 3881 xw
1504 3828 1781 3883 tribuitur.

210 3904 325 3970 Ipse
353 3918 556 3961 auctor
581 3925 683 3978 pro
717 3927 818 3966 suo
849 3916 1094 3983 agnoscit
1122 3916 1269 3971 hunc
1298 3918 1497 3974 librum
1534 3920 1588 3974 in
1620 3923 1782 3990 epist.

209 3996 277 4049 8'2.
306 4014 430 4066 qua:
459 4001 531 4053 ad
572 4000 868 4056 Eusebium
913 4006 1255 4077 Ancyranum
1292 4010 1486 4080 scripta
1526 4019 1627 4076 est,
1659 4028 1787 4067 nec-

213 4106 317 4142 non
348 4095 661 4159 quaestione
685 4095 755 4150 45
786 4097 839 4149 in
874 4097 1071 4152 librum
1112 4102 1407 4156 secundum
1460 4101 1688 4172 Regum.
1726 4105 1784 4159 In

214 4179 493 4238 Prommio
540 4187 723 4250 docet,
778 4205 882 4257 qua
944 4191 1331 4260 interpretandi
1390 4196 1602 4251 ratione
1656 4214 1786 4253 usus

216 4276 303 4339 sit,
360 4286 422 4329 ut
470 4293 769 4331 censuram
820 4279 1097 4351 effugeret,
1127 4298 1289 4352 quam
1325 4284 1415 4338 alii
1446 4300 1777 4343 meruerant.

211 4365 337 4419 Tria
366 4368 420 4419 in
452 4369 653 4435 primis
687 4369 755 4423 ab
776 4385 842 4424 eo
885 4381 1142 4427 notantur
1182 4373 1331 4441 vitia,
1360 4377 1668 4445 suppressis
1704 4390 1783 4434 ta-

210 4472 356 4520 men,
378 4473 451 4511 ne
470 4461 790 4513 modestiam
814 4460 930 4532 [55]
948 4463 1182 4531 laederet,
1203 4467 1527 4536 scriptorum
1552 4472 1785 4526 nomini-

1807 3220 1853 3280 C

1874 1973 2005 2038 rint,
2041 1974 2181 2029 sitne
2206 1974 2273 2027 ad
2308 1975 2453 2027 hunc
2473 1989 2540 2027 an
2558 1973 2624 2027 ad
2643 1974 2792 2027 illum
2814 1973 3149 2027 referendus.
3198 1970 3264 2025 Et
3285 1974 3433 2042 quod

1878 2068 1933 2121 in
1986 2068 2177 2140 primis
2210 2070 2274 2123 ad
2316 2068 2491 2123 locum
2543 2069 2681 2137 psal.
2714 2084 2765 2133 L,
2798 2068 2852 2134 7,
2886 2083 2915 2121 a
2942 2066 3207 2123 Garnerio
3256 2066 3436 2135 prola-

1877 2170 1996 2214 tum
2049 2162 2263 2227 attinet,
2302 2176 2489 2215 verum
2523 2160 2740 2230 quidem
2779 2172 2879 2225 est,
2922 2175 3057 2229 pene
3097 2162 3286 2214 eadem
3328 2160 3434 2229 legi

1876 2254 2015 2321 apud
2041 2253 2488 2323 Chrysostomum
2520 2253 2652 2321 (edit
2688 2250 2938 2305 Savilii-t.
2972 2252 3014 2310 l,
3048 2268 3099 2321 p.
3124 2250 3229 2304 709
3255 2252 3432 2319 seq.):

1877 2347 2152 2399 noluimus
2201 2355 2380 2398 tamen
2428 2345 2481 2397 in
2531 2342 2872 2399 Variantibus
2928 2344 3097 2398 textui
3173 2343 3434 2411 subjectis

1876 2436 2170 2504 quidquam
2200 2435 2265 2489 de
2295 2435 2397 2489 hoc
2422 2433 2540 2489 loco
2579 2449 2819 2498 monere,
2857 2435 2982 2503 quia
3015 2434 3067 2487 in
3108 2434 3295 2489 codice
3328 2436 3439 2487 Au-

1876 2534 2108 2598 gustano
2141 2543 2301 2595 quem
2338 2527 2555 2581 tertium
2596 2527 2776 2581 dicere
2812 2528 3221 2590 consuevimus,
3258 2537 3312 2582 et
3342 2528 3436 2597 qui

1876 2618 2135 2674 Catenam
2183 2619 2236 2672 in
2282 2618 2549 2685 Psalmos,
2593 2629 2651 2673 ut
2706 2619 2759 2672 in
2809 2619 3139 2676 Praefatione
3189 2622 3437 2691 pluribus

1881 2710 2179 2765 indicatum
2210 2720 2313 2775 est,
2348 2710 2607 2772 continet,
2648 2726 2754 2763 non
2783 2712 3161 2780 Chrysostomi
3207 2713 3300 2767 sed
3326 2712 3437 2767 Νο-

1880 2801 1974 2857 stri
2009 2815 2205 2856 nomen
2235 2803 2529 2870 ascriptum
2557 2802 2807 2855 vidimus.
2827 2800 2943 2873 [54]
2975 2802 3067 2857 His
3097 2812 3302 2857 tantum
3337 2804 3438 2856 ad-

1875 2898 2119 2967 jicimus,
2148 2913 2213 2952 ex
2260 2896 2485 2967 epistola
2514 2896 2583 2950 82
2611 2897 2676 2950 ad
2725 2897 3016 2953 Eusebium
3059 2899 3257 2968 scripta
3296 2909 3442 2954 recte

1880 2991 2059 3061 colligi
2107 3005 2288 3060 posse,
2349 2991 2493 3043 hunc
2550 2989 2742 3043 librum
2805 2991 3111 3046 inchoatum
3154 3006 3275 3047 esse
3307 3006 3438 3046 ann.

1881 3084 1944 3138 C.
1973 3085 2075 3139 455

1956 3176 2157 3231 Ordine
2185 3177 2466 3247 proximus
2490 3186 2575 3234 est
2611 3177 3035 3231 Commentarins
3066 3177 3122 3230 in
3160 3175 3440 3231 Canticum

1883 3270 2229 3323 canticorum.
2260 3267 2443 3324 Talem
2503 3284 2532 3323 a
2596 3283 2653 3322 se
2706 3268 2965 3336 scriptum
2992 3280 3134 3332 esse,
3169 3267 3286 3335 ipse
3314 3268 3440 3337 qui-

1883 3363 2004 3418 dem
2064 3361 2436 3417 Theodoretus
2490 3362 2543 3415 in
2590 3361 2824 3430 Prologo
2849 3376 3008 3430 quem
3043 3358 3274 3414 Psalmis
3299 3375 3440 3429 pra:-

1883 3455 2033 3510 misit
2052 3496 2064 3518 ,
2096 3464 2352 3521 testatur;
2381 3469 2508 3508 num
2534 3468 2660 3508 vero
2690 3453 2734 3506 is
2762 3468 2871 3521 quo
2898 3468 3044 3507 nunc
3076 3452 3302 3515 utimur,
3321 3452 3445 3521 jure

1885 3548 1953 3602 ad
1998 3547 2149 3601 illum
2196 3546 2480 3616 pertineat,
2514 3545 2702 3600 multis
2743 3546 3077 3615 disputatum
3108 3555 3207 3600 est.
3235 3543 3443 3600 Recen-

1885 3639 2127 3694 sebimus
2156 3638 2337 3708 itaque
2361 3640 2550 3709 paucis
2581 3645 2923 3708 argumenta,
2953 3652 3073 3707 quae
3106 3636 3172 3691 ab
3208 3645 3441 3707 utraque

1884 3740 2040 3801 parte
2071 3734 2128 3786 in
2152 3747 2369 3788 scenam
2392 3732 2656 3802 producta
2674 3738 2821 3787 sunt.
2853 3730 2957 3797 Qui
2980 3731 3270 3799 genuinum
3298 3730 3446 3784 hunc

1884 3826 2050 3882 fetum
2086 3828 2219 3895 {esse
2275 3834 2472 3896 negant
2498 3825 2773 3894 ,objicere
2822 3824 3017 3887 solent,
3066 3832 3343 3878 auctorem
3386 3822 3444 3876 in

1886 3920 2158 3975 Procemio
2185 3919 2250 3974 de
2267 3918 2657 3990 Chrysostomo
2677 3927 2738 3972 ut
2762 3917 2883 3970 vivo
2916 3915 3086 3983 loqui,
3112 3915 3166 3969 in
3196 3913 3447 3969 Theodo-

1886 4025 2008 4063 rum
2041 4007 2476 4075 Mopsuestenum
2501 4006 2721 4076 gravius
2750 4005 2950 4067 invehi,
2990 4005 3057 4058 de
3086 4018 3144 4058 se
3176 4003 3316 4058 utile
3346 4002 3448 4057 bo-

1887 4102 2035 4156 mine
2086 4100 2337 4155 civilibus
2392 4116 2456 4154 ac
2512 4090 2839 4155 militaribus
2884 4096 3115 4165 negotiis
3154 4094 3449 4151 admodum

1886 4193 2146 4247 distracto
2179 4192 2349 4260 loqui,
2375 4199 2428 4245 et
2461 4189 2527 4244 de
2556 4188 2804 4252 Manasse
2834 4187 3081 4257 quaedam
3114 4184 3346 4249 tradere,
3382 4188 3450 4240 de

1887 4284 2088 4353 quibus
2125 4299 2192 4337 ne
2234 4284 2340 4355 γρὺ
2388 4283 2607 4350 quidem
2652 4281 2790 4350 apud
2828 4278 3082 4335 Nostrum
3126 4285 3320 4332 exstet.
3354 4276 3449 4330 His

1888 4376 2095 4431 addunt
2152 4386 2262 4430 tum
2318 4372 2677 4443 prolixitatem
2721 4370 3055 4434 indicendo,
3103 4380 3216 4424 tum
3265 4367 3449 4422 Nostri

1887 4468 1955 4523 de
1996 4468 2099 4523 hoc
2134 4484 2295 4537 opere
2326 4467 2625 4531 silentium,
2654 4466 2743 4518 ubi
2784 4464 2849 4519 de
2878 4464 3093 4532 scriptis
3132 4460 3367 4530 loquitur
3394 4460 3450 4513 in

212 4550 333 4603 bus.
368 4548 562 4604 Primo
586 4555 929 4621 reprehendit
957 4557 1188 4611 nimium
1214 4559 1483 4629 allegoriae
1504 4564 1771 4627 studium,
1811 4560 1853 4617 C
1889 4560 2087 4630 quibus
2135 4575 2287 4617 suam
2322 4558 2388 4614 de
2436 4559 2807 4613 incarnatione
2857 4556 3011 4610 fidem
3071 4562 3298 4609 testatos
3342 4564 3447 4616 est,

210 4643 354 4705 quod
389 4644 446 4695 in
476 4642 873 4712 Apollinarium
915 4647 1117 4703 dictum
1158 4666 1280 4707 esse
1303 4661 1496 4722 putant
1520 4654 1784 4725 Dupinius

212 4751 273 4789 ac
304 4735 641 4790 Garnerius.
684 4734 885 4792 Deinde
918 4739 1198 4810 impugnat
1235 4760 1330 4798 eos
1361 4746 1452 4815 qui
1484 4749 1667 4803 omnia
1699 4764 1789 4804 va-

212 4829 401 4881 ticinia
448 4830 521 4881 ad
566 4827 788 4883 Judaeos
827 4832 1090 4897 referunt,
1117 4850 1280 4902 quam
1318 4838 1533 4906 quidem
1566 4854 1789 4896 accusa-

213 4922 417 4974 tionem
444 4921 516 4973 ad
539 4920 887 4977 Theodorum
942 4923 1391 4995 Mopsuestenum
1432 4942 1678 4999 spectare
1699 4949 1791 4988 sa-

213 5013 285 5065 tis
309 5022 504 5081 aperte
527 5016 827 5083 loquuntur
849 5032 910 5071 ea
928 5034 1049 5087 qua:
1070 5020 1123 5072 in
1153 5020 1291 5075 actis
1309 5023 1502 5091 synodi
1524 5040 1577 5089 v,
1606 5026 1788 5081 collat.

212 5102 268 5163 5,
304 5118 373 5155 ex
410 5100 690 5172 Hesycbio
724 5102 991 5159 Hierosol.
1027 5106 1281 5174 leguntur
1301 5108 1443 5177 apud
1468 5108 1639 5166 Hard.
1670 5112 1706 5165 l.
1738 5127 1789 5166 c.

215 5206 348 5245 tom.
387 5193 483 5256 ιιι,
530 5209 587 5262 p.
631 5194 756 5249 104.
788 5195 1028 5266 Denique
1080 5198 1305 5253 nimiam
1348 5201 1579 5256 aliorum
1622 5203 1795 5271 proli~

218 5288 446 5338 xitatem
486 5288 692 5357 arguit,
718 5287 784 5340 ad
815 5288 1267 5359 Chrysostomum
1323 5292 1441 5347 sine
1494 5292 1660 5347 dubio
1707 5308 1793 5348 re-

219 5380 482 5447 spiciens,
524 5397 683 5449 quem
720 5382 770 5435 in
816 5382 940 5446 hoc,
973 5392 1032 5436 ut
1073 5384 1125 5437 in
1162 5385 1436 5454 plerisque
1479 5386 1599 5441 aliis
1638 5386 1799 5441 libris

222 5485 334 5538 prae
352 5472 584 5541 reliquis
610 5482 830 5527 secutus
851 5482 955 5539 est,
975 5476 1044 5529 ita
1069 5485 1246 5531 tamen
1270 5487 1328 5531 ut
1356 5477 1605 5531 brevitati
1628 5493 1790 5545 quam

222 5565 465 5617 maxime
502 5565 762 5620 studeret.
790 5564 904 5622 Hac
934 5569 1017 5621 via
1049 5568 1329 5638 ingressus
1358 5569 1502 5625 felici
1534 5585 1795 5625 successu

224 5656 409 5711 labore
472 5659 574 5711 hoc
632 5658 925 5714 defunctus
967 5672 1070 5724 est,
1105 5662 1375 5731 simulque
1408 5663 1550 5719 hanc
1577 5662 1793 5717 laudem

224 5748 449 5807 meruit,
499 5758 555 5800 ut
585 5749 772 5804 critica
800 5752 1080 5821 diligentia
1126 5753 1264 5808 alios
1302 5755 1385 5810 sui
1426 5755 1684 5825 temporis
1713 5756 1799 5810 in-

228 5847 501 5905 terpretes
534 5844 892 5911 superaverit.
931 5843 1191 5902 Adhibuit
1206 5846 1350 5905 enim
1376 5847 1607 5921 Aquilae,
1630 5846 1793 5926 Synt-

1893 4661 2006 4707 tum
2061 4632 2294 4722 denique
2345 4651 2668 4707 Catenaruni
2715 4650 3113 4703 auctoritatem.
3153 4648 3226 4701 lta
3264 4644 3452 4716 paucis

1890 4744 2301 4814 complectimur
2346 4744 2607 4814 quidquid
2638 4750 2826 4799 contra
2857 4742 3002 4794 hunc
3024 4739 3221 4793 librum
3244 4738 3448 4793 dictum

1892 4852 2013 4893 esse
2067 4839 2338 4893 novimus.
2376 4834 2502 4891 Haec
2550 4842 2892 4906 argumenta,
2937 4832 3036 4886 etsi
3068 4831 3249 4886 minus
3295 4830 3449 4884 firma

1892 4928 2024 4993 sint,
2052 4936 2234 4981 tamen
2266 4926 2406 4997 apud
2429 4926 2664 4981 Caveum
2684 4941 2745 4979 ac
2775 4924 3095 4978 Garnerium
3118 4929 3326 4977 tantum
3355 4937 3451 4975 va-

1894 5019 2134 5085 luerunt,
2162 5028 2221 5077 ut
2254 5034 2415 5075 suum
2445 5020 2552 5072 illis
2581 5017 2880 5085 adjecerint
2909 5015 3200 5069 calculum.
3219 5014 3333 5067 lnio
3355 5028 3453 5083 pa-

1896 5127 2018 5168 rum
2072 5110 2428 5179 abfuit,_quin
2458 5108 2754 5165 Garnerius
2796 5108 2851 5162 in
2900 5107 3079 5161 locum
3122 5106 3285 5175 hujus
3326 5104 3452 5159 libri

1896 5209 2063 5262 alium
2099 5207 2451 5262 substitueret
2487 5204 2676 5269 fetum,
2722 5218 2882 5274 quem
2924 5199 3182 5257 Auctario
3234 5213 3335 5253 suo
3369 5198 3452 5251 in-

1895 5313 2077 5355 serere
2129 5297 2398 5366 promisit,
2438 5311 2558 5366 pag.
2610 5294 2755 5361 258;
2807 5308 2996 5348 verum
3030 5291 3117 5346 his
3165 5288 3455 5359 promissis

1895 5407 2005 5446 non
2058 5392 2225 5454 stetit,
2272 5390 2352 5443 vel
2382 5399 2525 5444 stare
2562 5389 2757 5451 noluit,
2791 5386 2882 5457 qui
2914 5387 3095 5455 operis
3136 5380 3450 5453 perﬁciendi

1896 5498 2083 5539 curam
2120 5493 2240 5550 post
2274 5480 2521 5536 Garnerii
2560 5481 2768 5535 obitum
2798 5480 2851 5533 in
2878 5495 2937 5535 se
2968 5476 3225 5545 suscepit.
3256 5470 3453 5527 Videa-

1897 5589 2021 5630 mus
2051 5583 2253 5638 autem,
2287 5589 2394 5644 qua
2425 5573 2633 5627 ratione
2670 5572 2849 5626 omnis
2906 5569 3008 5623 ista
3048 5566 3452 5637 argumentatio

1896 5666 2142 5731 refutari,
2165 5674 2218 5720 et
2246 5665 2478 5736 genuina
2507 5663 2629 5719 libri
2664 5663 2869 5717 indoles
2910 5659 3125 5715 defendi
3155 5657 3348 5728 possit.
3379 5655 3456 5709 De

1896 5757 2305 5830 Chrysostomo,
2334 5760 2436 5813 etsi
2456 5758 2563 5811 vita
2579 5757 2689 5827 jam
2711 5755 2998 5811 defunctus
3019 5762 3181 5815 esset,
3202 5751 3326 5821 jure
3346 5748 3465 5810 dici,

1897 5860 2126 5921 poterat,
2156 5853 2184 5905 ὁ
2218 5853 2330 5914 τοῖς
2363 5848 2597 5921 ῥεύμασι
2639 5848 2736 5918 τῆς
2773 5844 3113 5909 διδασκαλίας
3164 5844 3331 5915 μέχρι
3362 5838 3466 5910 xu
