3924 6540
530 392 599 455 55
1497 395 1594 456 DE
1620 395 1797 458 VITA
1828 394 1922 455 ET
1954 392 2291 457 SCRIPTIS
2333 397 2817 461 THEODORETI

3686 398 3759 463 56

531 506 773 573 τήμερον
818 493 996 559 πᾶσῖαν
1046 506 1145 576 τὴν
1197 507 1525 579 οἰκουμένην
1581 509 2070 582 ἀρδεύωνονὶγεῢο

2201 512 2336 566 ritur
2362 514 2574 582 peritia,
2611 514 2778 568 multa
2809 513 2998 584 paucis
3026 513 3260 571 dicendi.
3306 515 3457 582 Quod
3496 529 3624 568 vero
3648 516 3742 569 bu-

531 595 670 649 enim
712 597 763 649 in
794 600 1011 667 scriptis
1043 599 1157 655 suis
1187 616 1422 669 quorum
1448 602 1590 655 fama
1620 612 1751 657 tunc
1771 604 2089 657 universum

524 683 643 759 [55]
675 690 861 743 orbem
883 689 1215 760 impleverat.
1246 689 1301 746 Si
1333 708 1519 747 verum
1543 702 1628 748 est
1662 694 1916 752 alterum.
1943 693 2089 764 quod

528 779 581 834 in
631 780 975 836 Theodorum
1003 782 1468 854 Mopsuestenum,
1511 802 1674 856 quem
1703 787 1944 856 alioquin
1970 801 2088 842 ma-

525 875 615 944 gni
641 873 889 941 faciebat,
928 875 1232 937 invehatur.
1256 879 1360 933 hoc
1402 893 1534 933 sane
1567 878 1809 934 veritatis
1845 892 2085 932 amorem

524 975 578 1021 et
601 983 631 1021 a
664 970 898 1037 partium
922 970 1102 1025 studio
1125 969 1351 1024 liberum
1380 978 1611 1025 testatur
1632 970 1875 1024 animum
1904 988 1918 1024 :
1943 969 2084 1023 idem

523 1058 689 1125 enim,
726 1070 784 1114 ut
823 1061 934 1129 jam
998 1060 1254 1124 vidimus,
1307 1061 1435 1116 fecit
1491 1062 1545 1116 in
1579 1076 1683 1117 suo
1714 1063 1781 1116 ad
1830 1061 2079 1117 Psalmos

524 1149 814 1205 Proretnio.
854 1151 957 1206 Sed
999 1156 1237 1207 nondum
1264 1155 1398 1207 satis
1430 1154 1595 1223 liquet
1628 1154 1707 1208 rei
1740 1155 1965 1209 veritas.
1993 1152 2085 1208 Ni-

524 1244 652 1296 titur
685 1244 891 1296 scilicet
935 1254 1045 1298 tota
1083 1246 1359 1299 accusatio
1403 1245 1727 1299 auctoritate
1777 1244 1974 1315 Pelagii
2014 1244 2080 1307 ll,

522 1343 613 1389 aut
641 1337 818 1404 potius
836 1336 1081 1407 Gregorii
1107 1337 1199 1403 M.,
1222 1338 1314 1407 qui
1331 1338 1382 1391 in
1402 1339 1623 1407 epistola
1649 1338 1804 1393 tertia
1825 1339 1890 1392 ad
1910 1339 2079 1391 Eliam

519 1428 914 1497 Aquileiensem
932 1441 985 1485 et
999 1430 1283 1501 episc0pos
1300 1431 1465 1485 lstriae
1484 1431 1693 1485 scribit.
1719 1450 1736 1482 ‹
1758 1430 1890 1485 Cum
1908 1429 2081 1484 Theo-

519 1521 683 1575 dorus
727 1520 1180 1591 (Mopsuestenus)
1219 1522 1498 1577 Canticum
1555 1523 1889 1576 canticorum
1923 1524 2081 1576 vellet

516 1629 804 1683 exponere,
836 1614 1180 1671 Salomonem
1210 1616 1467 1686 perhunc
1496 1615 1694 1669 librttm
1725 1614 2079 1682 [Ethiopissm

516 1707 711 1776 reginae
741 1708 1042 1763 blanditum
1084 1724 1207 1764 esse
1248 1709 1531 1780 professus
1575 1718 1661 1763 est
1686 1726 1699 1761 :
1728 1709 1871 1778 quod
1901 1706 2079 1761 Theo-

514 1799 735 1853 doretus
761 1801 1161 1870 reprehendens
1187 1816 1381 1854 nomen
1413 1800 1628 1869 quidem
1648 1798 1916 1854 Theodori
1942 1814 2074 1867 sup-

514 1892 733 1958 pressit,
766 1894 860 1946 sed
912 1902 1090 1946 tamen
1138 1892 1413 1947 vesaniam
1452 1889 1727 1959 patefecit.
1758 1908 1777 1941 ι
1808 1888 1938 1944 Tale
1973 1905 2073 1943 an-

514 1991 621 2036 tem
658 1983 799 2051 apud
845 1983 1246 2038 Theodoretum
1286 1984 1321 2037 l.
1357 1998 1405 2037 c.
1441 1997 1548 2036 non
1596 1981 1847 2051 legimus.
1888 1979 1952 2033 in
1981 1995 2074 2035 eos

512 2083 718 2128 tantum
754 2074 1045 2139 invehitur,
1074 2077 1167 2146 qui
1206 2077 1291 2130 vel
1331 2086 1608 2146 putarunt,
1634 2074 1982 2130 Salomonem
2008 2074 2076 2129 de

512 2179 571 2219 se
596 2165 711 2234 ipso
742 2174 796 2219 et
844 2165 1145 2221 Pharaonis
1182 2166 1289 2220 tilia
1334 2166 1386 2219 in
1427 2166 1530 2220 hoc
1577 2165 1719 2219 libro
1772 2162 1943 2233 loqui,
1988 2160 2075 2216 vel

513 2252 611 2328 pro
641 2258 942 2315 Pharaonis
978 2261 1087 2315 lilia
1127 2259 1312 2315 Abisai
1347 2257 1739 2313 Sunamitidem
1772 2255 2071 2312 substitue-

513 2359 657 2405 runt.
703 2349 847 2405 Nihil
885 2352 1067 2421 itaque
1102 2352 1167 2406 de
1213 2350 1553 2421 Ethiopissa
1599 2348 1785 2419 regina
1817 2348 1921 2402 hoc
1951 2346 2073 2399 loco

512 2443 718 2499 dictum
774 2444 1267 2515 deprehendimus;
1300 2460 1420 2514 qua:
1452 2454 1630 2498 tamen
1661 2441 1869 2511 opinio,
1903 2440 1947 2494 si
1980 2438 2071 2493 illa

513 2533 781 2590 Theodori
826 2537 915 2601 sit,
946 2538 1047 2592 sub
1081 2538 1319 2606 generali
1353 2536 1656 2605 fabularum
1705 2533 1930 2587 anilium
1968 2544 2072 2585 no-

515 2628 683 2692 mine,
725 2643 833 2697 quo
863 2626 1056 2683 Noster
1083 2630 1139 2682 h.
1167 2628 1202 2681 l.
1231 2628 1425 2692 utitur,
1468 2624 1850 2696 comprehendi
1874 2622 2068 2692 potuit.

511 2722 650 2775 Sunt
682 2720 826 2775 enim
866 2721 1091 2776 omnino
1121 2719 1287 2774 anilia
1317 2728 1372 2773 et
1397 2718 1710 2773 Christiano
1733 2717 1955 2771 doctore
1986 2713 2072 2767 in-

508 2811 692 2881 digna,
718 2825 838 2881 quae
864 2825 929 2864 ex
952 2809 1225 2863 Theodori
1256 2808 1402 2865 illius
1429 2810 1485 2862 in
1514 2809 1659 2862 hunc
1686 2807 1885 2861 librum
1911 2806 2073 2861 Com-

509 2902 789 2958 mentariis
805 2910 1019 2957 exstant
1046 2900 1392 2971 Fragmenta,
1411 2901 1553 2969 apud
1582 2899 1918 2956 Harduinum
1944 2902 1979 2960 Ι.
2018 2923 2068 2961 c.

507 3014 563 3066 ιι.
599 2996 667 3052 88
699 3012 815 3067 seq.
850 2996 956 3051 Sed
1003 2996 1067 3051 ad
1119 3012 1181 3051 ea
1233 2996 1667 3067 progrediamuz,
1722 3013 1845 3066 qua:
1903 3001 2063 3055 tertio

508 3090 627 3145 loco
680 3089 1030 3158 objiciuntur.
1064 3086 1121 3143 Si
1157 3097 1345 3143 auctor
1396 3090 1589 3142 horum
1626 3088 2069 3146 Commentario-

2188 602 2278 672 jus
2326 604 2449 658 libri
2495 607 2696 660 nullam
2730 605 2916 660 fecerit
2948 610 3300 665 mentionem.
3337 608 3426 661 ubi
3462 622 3597 676 opus
3630 622 3753 661 esse

2190 692 2473 748 videbatur
2519 697 2585 751 ad
2631 697 3023 751 defendendam
3065 714 3218 752 suam
3263 700 3329 754 de
3376 700 3753 755 incarnatione

2188 784 2514 850 doctrinam,
2549 803 2737 856 parum
2787 788 2998 843 eﬂicict.
3041 789 3165 844 Sive
3208 792 3353 845 enim
3397 806 3462 845 eo
3505 802 3753 862 tempore

2189 875 2474 933 Theodoro
2535 881 2886 950 parcendum,
2940 900 3052 939 snvc
3100 884 3203 937 hoc
3260 885 3379 938 fidei
3415 900 3525 939 sua:
3580 885 3751 938 docu-

2186 980 2370 1024 mento
2431 972 2573 1026 haud
2629 989 2768 1041 opus
2827 992 2948 1031 esse
3002 976 3415 1041 existimaverit,
3450 976 3617 1029 libera
3671 976 3750 1028 illi

2186 1063 2412 1118 omnino
2443 1064 2547 1119 fuit
2573 1068 2721 1136 optio
2750 1068 2992 1123 locorum
3015 1070 3216 1139 quibus
3242 1070 3373 1122 lides
3408 1067 3749 1121 defendenda

2184 1166 2345 1209 esset.
2371 1155 2696 1213 Catenarum
2729 1160 2964 1230 denique
2989 1164 3124 1216 adeo
3152 1177 3249 1217 nos
3279 1179 3384 1215 non
3434 1150 3613 1215 movet
3650 1176 3751 1214 au-

2184 1248 2426 1312 ctoritas,
2475 1259 2532 1304 ut
2572 1267 2764 1320 parum
2812 1252 2880 1305 ab
2911 1252 3016 1308 hoc
3049 1265 3369 1323 argumento
3394 1254 3747 1306 metuendum

2184 1341 2256 1394 sit
2300 1357 2480 1397 causa:
2529 1337 2747 1397 nostrae.
2779 1343 2985 1401 Parvus
3014 1354 3097 1400 est
3126 1348 3449 1401 Catenarum
3476 1346 3528 1397 in
3560 1344 3751 1398 Canti-

2182 1450 2303 1489 cum
2330 1436 2665 1490 cauticorum
2706 1452 2986 1504 numerus,
3021 1454 3120 1493 nec
3168 1439 3308 1492 inter
3337 1437 3455 1491 illas
3489 1448 3571 1490 est
3595 1450 3748 1505 quae-

2181 1526 2302 1579 dam
2342 1526 2498 1594 cujus
2540 1528 2803 1583 memoria
2842 1533 2913 1583 sit
2948 1529 3087 1584 adeo
3120 1528 3374 1594 obscura,
3410 1543 3571 1595 quam
3599 1526 3742 1595 ejus,

2179 1628 2301 1682 qua:
2328 1630 2357 1668 a
2384 1614 2643 1670 Garnerio
2667 1618 2974 1683 adducitur,
3007 1627 3060 1673 et
3088 1616 3371 1688 Neophyto
3398 1615 3612 1671 cuidam
3641 1616 3744 1669 tri-

2180 1705 2385 1759 huitur.
2422 1706 2630 1760 Dantur
2664 1717 2842 1762 tamen
2869 1710 3137 1779 quzedam,
3169 1709 3224 1762 in
3252 1708 3453 1777 quibus
3481 1707 3739 1776 frequen-

2183 1806 2265 1849 ter
2294 1806 2422 1851 sunt
2449 1798 2696 1868 Origenis
2730 1801 3074 1869 aliorumque
3108 1816 3227 1855 cum
3261 1801 3459 1869 quibus
3482 1797 3741 1852 Nostrum

2180 1887 2293 1961 [57]
2324 1893 2523 1960 saepius
2553 1901 2917 1961 permutatum
2954 1908 3073 1947 esse
3115 1894 3383 1952 novimus,
3427 1892 3741 1953 citationes,

2178 1990 2235 2033 ut
2261 1979 2314 2033 in
2347 1980 2436 2033 illa
2460 1995 2624 2050 quam
2656 1980 2925 2034 Meursius
2965 1980 3134 2033 edidit
3168 1980 3333 2048 Lugd.
3364 1978 3479 2031 Bat.
3511 1995 3541 2031 a
3581 1976 3738 2029 1617.

2175 2070 2453 2126 Facillime
2484 2074 2665 2152 itaque
2706 2073 2881 2143 potuit
2932 2073 3069 2136 ﬁeri,
3118 2072 3262 2125 utin
3304 2071 3455 2125 hisce
3495 2070 3740 2132 Catenis,

2174 2179 2403 2234 quarum
2425 2179 2623 2233 parvus
2644 2176 2724 2218 est
2755 2180 3037 2227 numerus,
3058 2161 3239 2217 Nostri
3263 2163 3603 2216 desideretur
3624 2174 3742 2213 me-

2174 2256 2369 2321 moria,
2416 2258 2530 2312 sive
2564 2258 2825 2325 temporis
2876 2258 2981 2312 hoc
3018 2256 3221 2311 factum
3269 2256 3340 2310 sit
3380 2256 3577 2324 injuria
3623 2253 3741 2307 sive

2174 2348 2518 2403 librariorum
2548 2349 2894 2419 negligentia.
2922 2351 3047 2403 Haec
3072 2349 3254 2402 omnia
3276 2349 3460 2416 itaque
3496 2361 3595 2399 nos
3626 2359 3740 2398 non

2173 2445 2487 2514 impedient,
2517 2446 2815 2516 quominus
2876 2446 3023 2500 hunc
3052 2445 3513 2501 Commentarium
3537 2441 3739 2497 Nostro

2172 2536 2530 2591 vindicemus.
2554 2536 2628 2590 Ita
2644 2536 2789 2591 enim
2806 2536 2979 2605 jubet‘
2994 2536 3293 2590 auctoritas
3318 2533 3591 2598 codicum,
3616 2532 3740 2601 qui-

2172 2628 2275 2684 bus
2304 2629 2434 2682 olim
2470 2627 2583 2698 jam
2615 2628 2701 2683 usi
2732 2638 2861 2683 sunt
2883 2627 3051 2684 Zinus
3073 2643 3136 2683 ac
3172 2627 3519 2688 Sirmondus,
3545 2634 3598 2677 et
3620 2639 3739 2677 ma-

2172 2736 2276 2792 gna
2302 2736 2424 2791 qua:
2450 2721 2590 2775 inter
2622 2722 2767 2776 hunc
2803 2722 3046 2790 aliosque
3089 2718 3414 2774 Theodoreti
3460 2718 3625 2771 libros
3657 2718 3741 2770 in-

2172 2814 2398 2868 tercedit
2452 2813 2705 2869 aﬂinitas.
2734 2812 2949 2867 Illustre
2976 2815 3096 2881 ejus
3123 2813 3427 2881 exemplum
3461 2814 3552 2865 dat
3587 2811 3738 2864 locus

2172 2906 2262 2960 ille
2284 2906 2605 2971 Ezechielis,
2640 2906 2730 2975 qui
2765 2907 2815 2958 in
2848 2904 3125 2958 Protemio
3155 2905 3219 2958 ad
3255 2905 3397 2958 hunc
3425 2905 3618 2957 librum
3644 2917 3739 2956 eo-

2172 2997 2293 3052 dem
2328 2998 2510 3059 modo,
2536 3007 2594 3051 ut
2631 2998 2682 3050 in
2713 2995 2895 3051 Nostri
2936 2996 3003 3051 ad
3037 2996 3184 3051 hunc
3224 2996 3538 3065 prophetam
3571 2993 3738 3047 Com-

2172 3091 2441 3143 mentario
2464 3090 2790 3157 explicatur,

507 3196 627 3235 rum
662 3182 847 3236 multis
896 3197 1004 3235 non
1044 3183 1206 3236 modo
1237 3180 1653 3244 ecclesiasticis,
1686 3183 1778 3237 sed
1817 3184 2066 3238 civilibus
2095 3191 2140 3252 (ζ
2241 3185 2555 3241 Proximum
2597 3186 2774 3240 locum
2811 3196 2993 3242 tenent
3022 3185 3486 3256 Interpretationes
3515 3186 3738 3239 sedecim

506 3290 727 3344 quoque
760 3290 823 3329 ac
847 3274 1173 3329 militaribus
1203 3275 1350 3329 curis
1377 3289 1435 3328 se
1454 3274 1683 3331 distrahi
1710 3284 1936 3344 questus
1962 3285 2064 3340 est,

507 3388 615 3425 non
647 3371 1011 3436 mirabuntur,
1049 3372 1141 3442 qui
1187 3388 1217 3427 e
1246 3373 1437 3428 litteris
1477 3371 1799 3428 Theodoreti
1834 3374 1944 3443 jam
1975 3390 2069 3429 su-

422 3486 435 3493 ν
505 3476 603 3531 pra
640 3462 884 3529 allegatis
937 3463 1208 3529 noverint,
1239 3474 1473 3531 quantos
1507 3463 1723 3517 labores
1754 3472 2070 3533 quantaque

504 3556 747 3626 pericula
769 3555 1108 3619 sustinuerit,
1133 3566 1191 3610 ut
1213 3556 1453 3625 perditos
1472 3572 1653 3611 mores
1671 3571 1860 3611 eorum
1883 3572 2070 3611 emen-

505 3649 680 3713 daret,
733 3662 965 3717 quorum
1020 3662 1204 3702 curam
1252 3647 1354 3701 sibi
1406 3648 1787 3703 demandatam
1860 3648 2065 3703 habuit.

506 3740 743 3795 Gravius
777 3741 962 3809 itaque
993 3740 1118 3803 sibi,
1153 3754 1317 3809 quam
1356 3740 1585 3795 militum
1606 3743 1857 3809 ducibus,
1890 3743 2068 3809 impo-

505 3834 669 3887 situm
711 3846 851 3886 onus
887 3847 1031 3902 aegre
1070 3831 1309 3885 ferebat:
1340 3831 1487 3884 omni
1532 3832 1675 3886 enim
1717 3832 1962 3887 adhibita
1990 3830 2071 3885 di-

505 3924 727 3993 ligentia
782 3925 869 3978 vix
919 3924 1269 3994 petulantiam
1333 3921 1446 3995 [56]
1497 3923 1781 3978 hominum
1839 3925 2067 3979 istorum

506 4034 758 4073 coercere
785 4028 1014 4089 poterat.
1041 4017 1117 4071 lta
1140 4033 1261 4112 ven:
1275 4018 1547 4087 expedire,
1572 4028 1645 4085 et,
1675 4018 1719 4073 si
1745 4033 1883 4089 opus
1904 4029 2068 4083 esset,

500 4112 764 4180 tropicam
801 4111 1090 4181 quamdam
1133 4110 1345 4166 dicendi
1378 4112 1642 4167 rationem
1681 4110 1734 4166 in
1770 4111 1855 4168 his
1880 4123 2070 4168 aucto-

506 4211 585 4261 ris
611 4207 784 4261 nostri
813 4205 992 4260 verbis
1026 4206 1314 4259 admittere
1347 4207 1650 4273 mallemus,
1677 4223 1839 4276 quam
1865 4207 2070 4279 absque

507 4300 745 4353 historiae
799 4298 903 4352 ﬁde
935 4313 1057 4352 cum
1114 4298 1387 4352 nonnullis
1428 4310 1671 4355 asserere
1696 4339 1709 4361 ,
1735 4299 2067 4371 Cyresticam

506 4394 783 4461 regionem
808 4405 872 4445 eo
893 4399 1130 4458 tempore
1150 4390 1609 4460 przesidiariorum
1640 4393 1873 4446 militum
1897 4392 2068 4448 eﬂ‘usa

504 4481 722 4534 licentia
772 4482 968 4534 misere
1026 4481 1294 4535 turbatam
1336 4480 1525 4536 fuisse.
1558 4481 1751 4547 Porro,
1782 4484 1925 4553 quod
1954 4482 2058 4537 Ma-

505 4587 714 4635 nasses,
764 4588 858 4626 rex
901 4573 1118 4641 impius,
1169 4587 1419 4641 magnam
1476 4589 1756 4628 sacrorum
1778 4574 2063 4631 Librorum

508 4670 716 4731 partem
747 4662 1128 4727 combusserit,
1163 4664 1296 4715 utin
1329 4663 1601 4718 Prouemio
1627 4666 1692 4718 ad
1726 4665 1871 4720 hunc
1903 4666 2066 4720 Com-

507 4735 833 4806 mentarium
860 4753 1081 4817 dicitur,
1122 4754 1272 4807 nullo
1303 4754 1521 4824 quidem
1561 4756 1613 4808 in
1643 4756 1762 4811 loco
1806 4774 1835 4810 a
1868 4757 2064 4813 Nostro

503 4842 632 4895 alibi
668 4845 951 4909 asseritur,
984 4844 1077 4898 sed
1104 4860 1233 4897 num
1257 4845 1439 4898 omnia
1472 4861 1582 4899 uno
1617 4848 1918 4917 eodemque
1943 4849 2063 4904 loco

502 4936 683 4988 dicere
709 4951 932 4989 necesse
974 4937 1126 4989 erat?
1160 4936 1326 4991 Multa
1371 4938 1424 4990 in
1457 4938 1571 4992 suis
1606 4938 1669 4992 ad
1706 4940 1872 4995 libros
1898 4939 2063 4995 Para-

501 5026 1264 5096 lipomenonCommentariis
1297 5031 1585 5099 supplevit,
1615 5048 1734 5101 quae
1768 5034 1821 5085 in
1857 5034 1963 5087 illis
1998 5037 2063 5087 ad

499 5121 671 5175 iibros
717 5120 926 5191 Regum
966 5122 1155 5176 eodem
1198 5122 1322 5191 jure
1360 5123 1539 5177 dicere
1569 5126 1855 5193 potuisset,
1888 5120 1933 5180 'si
1965 5142 2063 5181 ue-

498 5216 730 5270 cessitas
759 5216 898 5269 hanc
946 5215 1115 5286 legem
1155 5216 1231 5271 illi
1277 5218 1648 5286 imposuisset.
1690 5217 1845 5283 Quod
1890 5221 2059 5288 proli-

500 5310 624 5363 xius
649 5309 701 5362 in
753 5308 854 5362 hoc
901 5323 1063 5378 quam
1108 5308 1334 5362 forsitan
1378 5310 1431 5363 in
1476 5310 1598 5365 aliis
1636 5311 1791 5365 libris
1836 5313 2065 5366 medita-

496 5402 676 5455 tiones
704 5417 833 5455 suas
859 5401 1188 5469 exposuerit,
1213 5401 1452 5456 dandum
1488 5413 1570 5457 est
1614 5419 1721 5457 non
1758 5404 2061 5473 argumenti

500 5504 731 5556 tantum,
768 5493 910 5563 quod
940 5494 1168 5548 multum
1207 5494 1539 5550 difficultatis
1572 5495 1823 5559 habebat,
1871 5496 2062 5551 condi-

501 5585 655 5643 tioni.
688 5588 782 5641 sed
818 5585 1046 5656 tempori
1074 5586 1235 5640 etiam
1275 5602 1385 5657 quo
1424 5587 1661 5656 scripsit.
1698 5588 1868 5641 .llaud
1922 5588 2062 5641 male

501 5678 647 5733 enim
674 5693 740 5733 ex
772 5680 889 5749 ipso
924 5682 1024 5735 hoc
1050 5682 1334 5750 paululum
1378 5680 1579 5735 diﬂ‘uso
1610 5681 1827 5735 dicendi
1865 5696 2061 5750 genere

496 5770 794 5840 colligitur,
829 5775 972 5827 hunc
999 5774 1197 5827 librum
1223 5790 1344 5829 esse
1389 5789 1555 5827 unum
1588 5789 1653 5826 ex
1696 5773 1888 5841 primis
1923 5790 2060 5843 quos

495 5859 694 5915 Noster
722 5864 1048 5931 composuit.
1088 5862 1197 5919 Usu
1237 5865 1401 5930 enim,
1439 5875 1497 5918 ut
1528 5864 1639 5917 ﬁeri
1679 5864 1831 5919 solet.
1878 5868 2057 5935 acqui-

2170 3280 2563 3348 prophetarum,
2594 3277 2745 3333 Isaiae
2784 3280 3015 3343 scilicet,
3049 3279 3295 3333 Jcremiae
3330 3277 3438 3346 (cui
3463 3276 3735 3346 subjuncti

2172 3382 2299 3426 sunt
2334 3371 2533 3425 Threni
2572 3381 2627 3425 et
2673 3371 2808 3425 liber
2865 3370 3118 3439 Baruch),
3146 3370 3465 3433 Ezechielis,
3502 3368 3737 3422 Dauielis

2170 3471 2223 3516 et
2244 3461 2527 3516 duodecim
2548 3462 2931 3531 prophetarum
2956 3478 3097 3531 quos
3124 3462 3361 3515 minores
3384 3461 3592 3515 dicunt.
3617 3457 3733 3512 Non

2170 3553 2361 3608 eodem
2401 3554 2591 3608 ordine
2619 3554 2808 3622 scripti
2836 3563 2961 3607 sunt
2997 3552 3383 3607 Commentarii
3412 3554 3497 3606 isti
3532 3567 3640 3620 quo
3680 3566 3739 3605 se

2170 3647 2463 3715 excipiunt.
2497 3645 2769 3700 Danielem
2800 3646 3037 3715 primum
3075 3646 3241 3700 fuisse
3288 3660 3444 3714 quem
3488 3645 3740 3699 Theodo-

2170 3748 2321 3794 retus
2372 3739 2753 3808 interpretatus
2803 3748 2906 3800 est,
2954 3738 3068 3806 ipse
3114 3738 3165 3791 in
3204 3737 3525 3791 Prtel'atione
3563 3735 3629 3789 ad
3674 3736 3738 3787 Ii-

2170 3834 2327 3887 brum
2360 3832 2507 3885 illum
2538 3832 2769 3896 monuit,
2803 3846 3134 3898 causamque
3165 3830 3403 3898 optionis
3438 3844 3549 3882 suae
3571 3845 3599 3882 a
3636 3828 3737 3881 Ju-

2170 3927 2410 3981 dmorum
2440 3940 2566 3994 erga
2594 3924 2737 3978 hunc
2756 3923 3072 3992 prophetam
3095 3923 3223 3976 odio
3251 3922 3423 3990 petiit.
3448 3921 3737 3975 Proximus

2171 4021 2342 4076 fuisse
2394 4020 2606 4074 videtur
2660 4018 2931 4081 Ezechiel,
2963 4018 3029 4072 de
3072 4032 3180 4087 quo
3213 4017 3403 4071 saltem
3435 4032 3499 4070 ex
3532 4015 3738 4069 Przrfa-

2173 4113 2319 4169 tione
2347 4114 2412 4168 ad
2443 4111 2733 4167 Jcremiam
2763 4119 3000 4175 constat,
3029 4111 3082 4164 in
3113 4125 3237 4163 eum
3273 4110 3424 4178 prius
3453 4123 3737 4162 commen-

2170 4216 2343 4261 talum
2373 4220 2494 4260 esse
2524 4202 2779 4259 Nostrum
2824 4217 2988 4273 quam
3019 4203 3083 4256 ad
3127 4199 3419 4255 Jeremiam
3464 4200 3739 4254 illustran-

2169 4304 2297 4354 dum
2328 4314 2386 4353 se
2408 4297 2732 4366 accingeret.
2757 4295 2877 4362 Quo
2898 4295 3088 4349 ordine
3116 4293 3181 4346 ad
3213 4294 3451 4362 reliquos
3479 4308 3732 4364 pragres-

2172 4408 2266 4447 sus
2306 4392 2397 4455 sit,
2432 4391 2573 4456 haud
2615 4391 2747 4446 satis
2794 4390 2995 4458 liquet:
3034 4389 3136 4442 hoc
3168 4398 3346 4442 tamen
3386 4403 3452 4440 ex
3485 4388 3605 4455 ipso
3639 4402 3740 4442 au—

2173 4484 2341 4536 ctoris
2384 4482 2697 4537 testimonio
2757 4492 3097 4550 perspectum
3150 4479 3433 4541 habemus,
3481 4478 3733 4531 ultimum

2174 4575 2366 4628 horum
2401 4574 2646 4629 laborum
2691 4572 2859 4627 fuisse
2884 4571 3348 4626 Commentarium
3378 4571 3431 4623 in
3462 4570 3733 4632 Threnos,

2170 4667 2256 4720 cui
2289 4665 2371 4719 his
2398 4665 2575 4718 verbis
2605 4665 2763 4718 tinem
2798 4662 2924 4716 fecit
2947 4672 3136 4716 auctor
3162 4681 3176 4714 :
3212 4681 3229 4712 ‹
3256 4659 3406 4715 Hanc
3431 4660 3593 4713 etiam
3614 4654 3736 4712 tiliis

2177 4757 2507 4831 propheticis
2538 4756 2691 4811 libris
2721 4755 3007 4825 adjicimus
3038 4753 3563 4823 interpretationem,
3596 4752 3735 4805 adeo

2173 4861 2234 4906 ut
2263 4867 2356 4920 per
2402 4849 2496 4902 Dei
2538 4849 2764 4919 gratiam
2799 4847 3002 4901 nullam
3034 4846 3368 4916 prOphetiam
3410 4845 3733 4913 interpreta-

2171 4942 2336 4998 tionis
2392 4950 2665 5011 expertem
2713 4940 3115 5008 reliquerimus.
3149 4958 3166 4990 ι
3198 4936 3517 5009 Magnopere
3544 4937 3731 4990 dolen-

2169 5036 2291 5087 dum
2314 5044 2416 5096 est,
2442 5034 2581 5086 haud
2605 5033 2869 5100 integrum
2895 5031 3009 5103 [58]
3033 5031 3096 5085 ad
3121 5046 3220 5085 nos
3237 5030 3545 5099 pervenisse
3565 5028 3728 5082 Com-

2168 5127 2492 5180 mentarium
2542 5127 2595 5178 in
2626 5124 2839 5184 Isaiam,
2874 5125 3033 5192 cujus
3083 5139 3189 5175 non
3226 5122 3328 5177 nisi
3380 5122 3606 5176 lacinias
3632 5120 3727 5174 ha-

2166 5220 2377 5274 bemus.
2429 5218 2559 5285 Quaz
2612 5217 2934 5271 Sirmondus
2964 5232 2993 5271 e
3040 5216 3257 5270 Catenis
3289 5214 3581 5286 congessit,
3625 5229 3729 5267 non

2166 5312 2346 5365 omnia
2382 5311 2447 5364 ad
2482 5309 2740 5363 Nostrum
2776 5309 3065 5375 pertinent,
3108 5309 3202 5362 sed
3240 5324 3433 5377 magna
3465 5322 3531 5360 ex
3575 5315 3724 5374 parte

2165 5404 2231 5455 ad
2261 5401 2599 5455 Theodorum
2628 5398 3086 5467 M0psuestenum,
3119 5407 3194 5462 et,
3228 5408 3415 5452 nostra
3447 5398 3624 5450 adhuc
3649 5404 3732 5449 est

2164 5494 2493 5562 conjectura,
2544 5493 2610 5546 ad
2662 5490 2953 5545 Eusebium
3012 5490 3401 5545 Caesariensem
3448 5489 3728 5542 referenda

2163 5602 2285 5641 esse
2312 5586 2582 5639 videntur.
2608 5584 2909 5653 Antequam
2940 5584 3004 5637 ad
3031 5584 3269 5652 reliquos
3312 5582 3726 5651 librosprogre~

2163 5679 2397 5740 diamur,
2431 5677 2618 5746 paucis
2648 5678 2972 5729 monendum
2991 5676 3117 5735 erit.
3142 5690 3353 5729 errasse
3375 5673 3719 5735 Garnerium,

2165 5776 2208 5827 si
2256 5775 2414 5825 Auct.
2444 5787 2495 5840 p.
2530 5770 2653 5834 188,
2692 5779 2922 5823 exeunte
2954 5769 3129 5837 capite
3171 5776 3367 5837 quarto
3399 5766 3583 5826 refert.
3611 5764 3721 5818 No-

2168 5874 2339 5920 strum
2368 5865 2420 5917 in
2445 5864 2849 5918 Commentario
2893 5863 2959 5916 ad
3010 5872 3252 5915 extrema
3291 5860 3451 5915 verba
3480 5858 3723 5915 Jeremia:
