3924 6520
146 356 204 419 57
1060 352 1065 355 ’
1545 364 2066 427 DISSERTATIO.
3323 376 3395 442 58

140 469 330 539 prolixe
379 467 658 525 adversus
712 472 1040 543 Apollinarii
1093 447 1335 529 errores.
1374 474 1710 531 cltiliasticos
1739 480 1785 537 A
1816 478 1981 531 verba
2028 477 2133 532 ista
2164 478 2485 548 praemittit:
2524 498 2541 530 ι
2584 481 2724 535 Sunt
2750 498 2871 551 quae
2911 486 3109 549 partim“
3134 497 3260 543 ante
3291 504 3393 544 an-

138 565 446 631 disputasse.
504 561 621 619 Sed
675 565 979 637 disputatio
1024 566 1127 622 ista
1161 583 1267 622 non
1306 568 1409 624 hoc
1440 570 1586 634 loco,
1622 569 1718 625 sed

138 674 181 709 in
208 657 306 709 tiae
328 654 744 713 Commentarii
791 659 859 714 ad
888 660 1223 715 Ezechielem
1265 671 1461 727 exstat,
1498 663 1584 717 cui
1616 662 1719 717 ad-
1753 701 1757 704 ~

131 746 385 814 jungenda
434 758 577 800 sunt
631 748 731 802 illa
774 764 896 819 quae
938 750 1004 805 ad
1042 751 1205 806 tinem
1245 750 1637 808 Commentarii
1662 754 1716 809 in

132 832 367 900 Aggreum
400 832 702 901 leguntur.

201 923 357 977 Utiles
392 925 441 977 in
481 928 696 994 primis
733 939 864 984 sunt
904 929 1283 986 Commentarii
1330 934 1387 986 iu
1421 932 1561 988 XIV
1592 933 1716 1003 Epi-

130 1027 281 1081 uola:
305 1030 479 1081 uitari
510 1029 760 1097 Pauli,a
790 1032 991 1089 Nostro
1022 1045 1168 1092 tanta
1212 1052 1336 1091 cum
1373 1038 1534 1094 laude
1567 1054 1715 1094 com-

130 1121 293 1189 positi,
326 1131 383 1172 ut
429 1138 790 1194 magnopere
836 1127 1131 1183 dolendum
1178 1129 1270 1195 sit,
1305 1129 1546 1200 reliquos
1575 1129 1712 1187 Novi

135 1212 356 1265 Findi-ris
386 1214 575 1268 libros
620 1232 735 1270 non
778 1219 1029 1273 eumdem
1065 1228 1261 1276 nactos
1287 1236 1409 1277 esse
1447 1223 1715 1294 interpre-

134 1315 235 1356 tem.
268 1304 513 1358 Exstant
545 1317 743 1362 autem
804 1311 1018 1365 nonnisi
1065 1327 1236 1381 pauca
1279 1313 1713 1370 Commentario-

133 1413 225 1447 rum
251 1397 302 1448 in
334 1411 601 1465 quatuor
650 1399 947 1472 Evangelia
1000 1403 1326 1474 fragmenta,
1362 1421 1485 1475 quat
1516 1422 1707 1463 recen-

130 1492 215 1541 suit
246 1488 723 1547 llontl’aucouius
770 1495 822 1547 in
854 1494 1186 1552 Bibliotheca
1228 1498 1464 1554 Coislin.
1499 1498 1709 1554 Horum

128 1585 213 1634 duo
236 1596 662 1640 commemorat
686 1588 741 1640 in
766 1586 1169 1659 Maltliaeuni,lp.
1200 1591 1269 1644 75
1288 1601 1341 1645 et
1363 1591 1491 1656 ΞΠ,
1522 1608 1551 1647 e
1574 1590 1709 1648 Cod.

128 1673 263 1728 Coisl.
388 1686 449 1730 et
484 1677 626 1731 195.
656 1677 927 1734 Nonnulla
958 1681 1012 1735 in
1044 1682 1245 1736 Lucam
1284 1699 1337 1752 p.
1367 1683 1495 1748 251,
1518 1698 1549 1739 e
1572 1683 1706 1739 Cod.

127 1768 263 1820 Coisl.
315 1764 461 1833 ξω,
515 1779 581 1825 et
628 1788 682 1841 p.
720 1772 826 1826 576
865 1776 1248 1843 seq.;nounisi
1301 1777 1526 1831 unicum
1580 1791 1709 1831 vero

128 1862 169 1911 in
206 1859 507 1926 Joannem,
548 1880 612 1933 p.
662 1865 755 1928 68,
784 1881 814 1920 e
842 1841 977 1920 Cod.
1008 1866 1101 1920 25.
1135 1866 1190 1920 lu
1220 1866 1533 1923 Matthaeutn
1556 1884 1709 1939 quae-
1741 1841 1785 1897 Β

126 1954 226 2005 dam
253 1971 282 2006 ε
320 1953 548 2009 Nostro
607 1959 890 2026 congessit
935 1958 1080 2015 Petr.
1124 1960 1390 2016 Possinus
1417 1964 1469 2016 in
1500 1962 1707 2018 Catena

128 2044 323 2099 Patrum
389 2048 736 2103 Graecorum
789 2052 840 2103 in
898 2062 1146 2106 sanctum
1197 2053 1510 2108 Matthaeum
1563 2055 1709 2110 edita

126 2137 308 2194 Tolosa:
359 2158 417 2193 a.
478 2144 653 2197 1646.
700 2144 932 2198 Exstant
964 2146 1126 2199 etiam
1161 2149 1422 2202 nonnulla
1455 2146 1708 2204 Theodo-

124 2236 224 2295 reti,
253 2233 349 2287 sed
378 2232 596 2287 Latine
633 2244 867 2299 tantum,
897 2236 949 2289 in
970 2236 1213 2291 Corderii
1250 2240 1451 2293 Catena
1488 2239 1541 2292 in
1580 2255 1708 2294 san-

124 2334 240 2377 ctum
270 2325 493 2380 Lucam
527 2328 850 2396 Antuerpiat
872 2344 1001 2383 ann.
1044 2328 1176 2385 1628
1218 2330 1384 2384 edita.
1421 2330 1585 2385 Plura
1609 2348 1708 2387 au-

123 2425 205 2469 tem
230 2419 283 2469 in
317 2417 708 2472 Bibliothecis
743 2417 886 2487 regis
915 2418 1105 2474 Gallia:
1134 2436 1423 2491 superesse
1458 2422 1605 2477 haud
1634 2423 1708 2477 in-

122 2514 255 2567 certis
295 2512 540 2568 indiciis
593 2513 872 2567 novimus.
900 2512 1004 2578 Qui
1047 2528 1179 2568 vero
1224 2514 1365 2569 inter
1394 2529 1495 2569 nos
1522 2530 1709 2586 super-

119 2609 251 2660 sules
277 2617 425 2660 sunt
451 2607 513 2660 in
566 2604 850 2675 Epistolas
895 2606 1069 2661 sancti
1095 2604 1250 2661 Pauli
1289 2605 1705 2672 Commentarii,

119 2700 369 2769 integram
421 2708 485 2754 et
526 2700 854 2755 continuam
889 2701 1149 2755 exhibent
1180 2702 1704 2771 interpretationem,

120 2805 217 2857 qu
238 2792 411 2845 unica
439 2791 498 2843 in
535 2805 602 2846 se
633 2791 1032 2860 complectitur,
1056 2791 1317 2861 quidquid
1350 2791 1626 2862 eleganter
1652 2801 1709 2848 et

117 2882 353 2947 apposite
411 2882 486 2935 ad
524 2881 820 2935 litteralem
854 2881 1049 2937 horum
1074 2882 1335 2937 librorum
1360 2898 1581 2938 sensum
1605 2901 1707 2939 cx-

117 2973 425 3042 plicandum
458 2972 572 3026 dici
608 2972 818 3026 debuit.
845 2971 954 3027 Nec
982 2974 1084 3028 alia
1111 2990 1140 3028 a
1168 2973 1368 3031 Nostro
1401 2978 1707 3045 exspectari

118 3075 429 3135 pnueruut,
486 3064 768 3137 [591cum
825 3077 1157 3136 praeceptore
1202 3083 1337 3123 usus
1372 3070 1443 3123 sit
1468 3070 1708 3139 Chryso-

120 3170 308 3224 statuo,
338 3169 393 3213 et
422 3158 734 3213 Theodoro
771 3158 1179 3228 Mopsuesteno,
1213 3162 1307 3231 qui
1358 3161 1630 3231 posterior
1653 3163 1706 3217 in

122 3255 460 3321 explicandis
486 3250 553 3304 Ν.
583 3250 653 3304 Τ.
676 3252 831 3306 libris
866 3251 1073 3306 felicior
1104 3251 1278 3308 fuisse
1308 3255 1509 3309 dicitur
1539 3270 1704 3324 quam

122 3346 168 3399 ia
219 3347 535 3400 scrutando
589 3361 761 3400 sensu
796 3345 1062 3400 librorum
1102 3346 1164 3399 V.
1205 3345 1269 3400 T.
1306 3348 1383 3401 Ad
1416 3356 1709 3418 utrumque

124 3444 383 3508 pur-ttinere
430 3441 728 3503 videntur,
758 3455 880 3509 quae
909 3439 1105 3496 Noster
1142 3441 1193 3495 in
1226 3442 1417 3496 limine
1450 3441 1708 3498 Procemii

124 3535 256 3587 haud
300 3535 497 3588 minus
527 3534 782 3588 modeste
816 3548 980 3603 quam
1013 3535 1314 3589 honorillce
1349 3537 1579 3599 monuit,
1613 3552 1707 3591 ve.

130 3630 341 3683 tendunt
384 3644 542 3690 esse,
611 3642 678 3681 ne
725 3628 855 3691 sint,
888 3645 915 3681 a
945 3629 1143 3696 quibus
1188 3631 1515 3684 temeritatis
1545 3646 1709 3685 accu-

130 3736 284 3785 setur,
317 3724 468 3791 quod
507 3732 634 3789 post
657 3723 794 3775 Itum:
833 3731 881 3774 et
912 3720 1063 3774 illum
1104 3724 1194 3792 qui
1230 3723 1393 3776 totius
1425 3723 1567 3777 orbis
1601 3726 1707 3778 sint

130 3816 338 3875 lamina,
378 3814 593 3868 audeat
638 3814 705 3867 ad
756 3814 1185 3882 apostolicorum
1242 3815 1573 3882 scriptorum
1622 3816 1707 3871 in-

130 3910 578 3978 terpretationem
613 3908 889 3963 accedere.
921 3906 959 3959 E
1009 3910 1282 3964 veteribus
1320 3911 1472 3965 solus
1496 3920 1579 3966 est
1612 3910 1708 3965 Ni-

134 4002 413 4069 tephorus,
440 4000 543 4069 qui
574 3999 613 4051 Ι.
646 4014 698 4053 c.
723 3997 919 4068 egregii
944 3998 1108 4067 hujus
1146 3999 1338 4069 scripti
1378 4001 1707 4054 mentionem

137 4093 341 4160 injecit:
370 4094 497 4159 ipse
528 4104 664 4143 vero
694 4098 883 4143 auctor
915 4098 1029 4144 tum
1063 4090 1116 4144 in
1151 4090 1408 4161 Epistolis
1436 4092 1552 4146 suis
1584 4108 1710 4161 pas-

138 4188 251 4247 sim,
281 4195 395 4237 tum
445 4181 758 4248 quaestione
794 4181 967 4250 prima
1013 4182 1065 4235 in
1114 4181 1413 4237 Leviticum
1450 4184 1569 4254 ejus
1597 4198 1711 4243 meo

138 4280 299 4332 mittit.
328 4274 590 4330 Dubitari
623 4274 803 4344 itaque
832 4290 939 4327 non
960 4281 1155 4343 potest,
1183 4275 1382 4329 librum
1406 4276 1568 4329 istum
1587 4276 1710 4346 jure

139 4376 195 4424 ad
224 4370 492 4425 Nostrum
544 4365 777 4421 referri:
806 4381 916 4436 quo
942 4378 1122 4420 autem
1158 4384 1299 4422 anno
1344 4368 1580 4437 scriptus
1616 4370 1706 4435 sit,

138 4468 309 4519 minus
358 4472 583 4518 certum
636 4459 866 4515 videtur.
916 4460 1217 4515 Dolendutn
1272 4471 1374 4524 est,
1420 4471 1709 4532 utramque

1822 583 1923 622 nos
1974 567 2187 638 viginti,
2220 569 2414 638 partim
2459 580 2585 626 ante
2634 572 2959 638 octodecim,
3012 578 3209 644 partim
3268 592 3394 637 ante

1821 661 2156 730 quindecim,
2182 662 2380 731 partim
2421 672 2549 719 ante
2582 664 2877 721 duodecim
2907 668 3127 738 scripsi.
3164 689 3183 722 ι
3209 671 3394 728 Incer-

1821 761 1936 810 tum
1965 754 2150 823 itaque
2181 770 2304 811 esse
2325 756 2505 821 debet,
2527 758 2709 813 sintne
2733 760 2858 815 libri
2890 761 2983 830 qui
3011 762 3209 819 deinde
3241 780 3395 821 com-

1819 854 2212 911 memorantur,
2242 848 2567 904 duodecimo
2617 851 2702 905 vel
2744 852 3009 909 vicesimo
3066 870 3213 910 anno
3266 867 3393 914 ante

1817 942 1972 997 datas
2007 942 2172 997 hasce
2202 943 2430 1007 litteras,
2473 944 2554 999 vel
2579 943 2720 999 intra
2756 945 2923 1000 hosce
2952 962 3129 1004 annos
3160 949 3393 1019 scripti?

1822 1032 1938 1105 [40.]
1979 1033 2087 1090 lloc
2107 1044 2288 1089 tamen
2323 1050 2389 1088 ex
2422 1036 2527 1091 ista
2555 1035 2626 1090 ad
2655 1036 2894 1091 Leonem
2922 1038 3232 1095 Romanum
3261 1041 3393 1112 Epi-

1815 1126 1977 1189 8tola,
2003 1141 2146 1196 quae,
2190 1136 2251 1179 ut
2278 1126 2396 1192 jam
2423 1127 2631 1182 dictum
2667 1138 2773 1192 est,
2804 1130 2868 1183 ad
2896 1131 2960 1185 Α.
2987 1130 3050 1186 C.
3097 1132 3201 1187 449
3228 1135 3395 1203 perti-

1815 1226 1929 1285 net,
1979 1226 2132 1273 certo
2180 1218 2456 1287 colligitur
2492 1220 2608 1288 jam
2659 1230 2786 1276 ante
2838 1224 3109 1293 synodum
3165 1223 3391 1299 λῃστρι-

1813 1312 1916 1383 κὴν
1966 1315 2202 1382 scriptos
2247 1312 2418 1367 fuisse
2447 1313 2545 1367 hos
2587 1312 3047 1371 Commentarios.
3089 1316 3397 1373 Carnerius

1811 1406 2113 1470 existimat,
2143 1421 2307 1461 aet-am
2355 1405 2572 1459 illorum
2622 1406 2962 1463 referendam
3012 1424 3134 1463 esse
3163 1411 3230 1465 ad
3267 1425 3388 1463 eam

1812 1512 2084 1552 annorum
2128 1498 2349 1561 seriem,
2395 1515 2519 1567 qua:
2556 1500 2696 1551 inter
2718 1500 3013 1555 concilium
3048 1501 3389 1571 Ephesiorum

1813 1589 2010 1660 (prius)
2052 1598 2107 1644 et
2138 1607 2266 1644 ann.
2294 1592 2357 1645 C.
2388 1593 2495 1646 455
2544 1592 2871 1647 intercessit.
2899 1593 3235 1663 Argumenta
3269 1596 3395 1663 ejus

1812 1682 2116 1736 attentione
2147 1682 2368 1751 quidem
2394 1683 2556 1753 digna
2592 1692 2742 1747 sunt,
2774 1684 2885 1738 alio
2921 1692 3104 1738 autem
3144 1684 3265 1739 loco
3295 1700 3394 1753 ap-

1814 1775 1921 1829 tior
1943 1775 2010 1829 de
2034 1774 2141 1829 illis
2169 1775 2484 1844 disputandi
2509 1776 2613 1829 erit
2645 1777 2890 1831 occasio.
2921 1774 3034 1830 Hoc
3070 1785 3250 1831 tamen
3275 1777 3388 1846 jam

1814 1868 2032 1923 silentio
2076 1869 2351 1937 pnnterire
2410 1882 2520 1922 non
2572 1884 2891 1939 possumus,
2924 1870 3066 1923 male
3099 1884 3227 1939 erga
3279 1865 3390 1923 No—

1812 1971 1986 2017 strum
2021 1961 2198 2015 aﬂ‘ecti
2244 1962 2411 2015 animi
2461 1961 2671 2029 insigne
2720 1963 2997 2030 specimen
3051 1977 3195 2025 esse,
3242 1961 3389 2031 quod

1812 2052 1951 2106 idem
1985 2052 2163 2121 prodit
2191 2052 2225 2105 Ι.
2254 2066 2304 2105 c.
2332 2066 2386 2121 p.
2421 2050 2542 2116 190,
2569 2051 2661 2103 ubi
2690 2051 2988 2107 lectoribus
3011 2052 3128 2107 suis
3155 2067 3386 2122 persua-

1810 2146 1938 2200 dere
1968 2152 2223 2207 conatur,
2245 2143 2653 2197 Theodoretum
2682 2144 2733 2197 in
2758 2153 2870 2198 toto
2892 2145 2995 2198 hoc
3022 2144 3162 2197 libro
3188 2158 3387 2212 quam-

1811 2253 2028 2307 cunque
2073 2236 2418 2292 occasionem
2464 2236 2722 2305 Cyrillum
2776 2236 3030 2305 carpendi
3065 2236 3221 2290 avide
3255 2234 3390 2289 arri-
3440 2246 3449 2261 ο

1809 2333 2017 2403 puisse,
2071 2330 2202 2401 quia
2242 2338 2366 2399 post
2403 2329 2675 2400 synodum
2724 2328 3052 2399 Ephesinam
3088 2344 3387 2400 pacemque

1810 2410 2117 2480 restitutam
2173 2422 2277 2493 ipsi
2324 2438 2430 2476 non
2466 2422 2680 2477 licuerit
2719 2422 2935 2492 publice
2966 2430 3156 2478 contra
3192 2422 3387 2476 adver-

1811 2518 2015 2573 sarium
2075 2532 2237 2572 suum
2278 2531 2542 2587 pugnare.
2580 2516 3126 2571 Meminerintautem
3158 2518 3386 2572 lectores

1809 2624 2002 2663 eorum
2033 2625 2154 2679 qua:
2170 2610 2280 2678 jam
2307 2610 2527 2664 ineunte
2557 2609 2659 2663 hac
2683 2607 3082 2663 Dissertatione
3114 2609 3382 2670 diximus.

1811 2702 2020 2757 scilicet
2056 2702 2479 2771 retorquendutn
2521 2716 2641 2755 esse
2685 2701 2739 2755 in
2772 2700 3120 2765 Garneriutu,
3155 2700 3303 2770 quod
3337 2701 3387 2757 is

1810 2793 2011 2866 Nostro
2054 2809 2337 2865 perperam
2376 2792 2616 2862 objecit;
2652 2809 2778 2847 nam
2814 2794 3047 2849 hmresin
3099 2802 3267 2865 totam
3302 2792 3384 2847 vl-

1811 2888 1937 2942 dere
1972 2887 2077 2941 sibi
2108 2886 2261 2940 visus
2290 2895 2392 2951 est,
2422 2886 2511 2939 ubi
2548 2886 2629 2939 vel
2658 2886 2883 2940 minima
2927 2886 3137 2956 species
3165 2885 3385 2939 umbra-

1810 2994 1917 3049 que
1962 2986 2293 3032 occurreret.
2338 2975 2705 3039 Mentinerint,
2742 2992 3020 3046 rogamus,
3048 2985 3102 3030 et
3140 2975 3387 3045 veljudi-

1812 3064 1955 3136 cent,
1982 3064 2077 3125 vel
2124 3070 2461 3139 suspendant
2492 3070 2784 3138 judicium,
2817 3071 2991 3122 donec
3017 3082 3156 3122 novo
3188 3068 3390 3135 iniqui-

1813 3164 1939 3219 tatis
1968 3162 2171 3217 indicio
2198 3163 2370 3233 magis
2404 3173 2607 3216 motam
2637 3177 2758 3216 esse
2794 3162 2953 3217 bilem
2987 3161 3245 3215 sentiant.
3282 3158 3388 3214 Sed

1813 3270 1936 3309 cum
1988 3253 2055 3307 ad
2097 3253 2200 3307 alia
2235 3240 2379 3306 u'unc
2411 3251 2811 3322 properandum
2866 3251 2957 3314 sit,
3010 3252 3112 3304 hoc
3162 3250 3386 3303 unicum

1810 3347 2083 3406 addimus,
2133 3344 2382 3399 Grrecum
2434 3344 2594 3410 hujus
2650 3342 2772 3396 libri
2825 3350 3030 3396 textum
3087 3340 3387 3395 Sirmondo

1812 3439 2019 3501 deberi,
2059 3436 2151 3506 qui
2182 3437 2393 3505 primus
2425 3436 2573 3489 illum
2616 3450 2646 3488 e
2668 3434 2963 3488 Codicibus
2992 3433 3110 3487 orbi
3142 3432 3384 3486 litterato

1810 3531 1980 3595 dedit,
2031 3529 2213 3581 addita
2241 3527 2461 3596 quidem
2515 3526 2708 3579 Latina
2746 3524 2964 3578 llerveti
2996 3524 3268 3590 versione,
3292 3523 3387 3577 sed

1810 3624 1994 3679 minus
2016 3628 2174 3676 caute
2207 3618 2473 3683 adhibita,
2504 3618 2648 3688 quod
2686 3618 2821 3671 bene
2856 3616 3068 3670 monuit
3104 3614 3264 3669 Rich.
3300 3611 3387 3669 Si-

1811 3732 1963 3771 mon.
1990 3714 2024 3767 Ι.
2067 3728 2117 3767 c.
2153 3726 2207 3781 p.
2239 3709 2360 3763 186.

1886 3810 2138 3864 Historia:
2167 3804 2538 3861 ecclesiastica:
2572 3801 2692 3855 libri
2749 3808 2877 3855 sunt
2928 3800 3192 3870 quinque,
3243 3812 3388 3869 quos

1812 3900 2191 3957 Theodoretus
2223 3913 2330 3951 non
2363 3893 2561 3949 minori
2594 3909 2715 3947 cum
2746 3892 2906 3945 laude
2930 3907 3092 3961 quam
3124 3890 3387 3960 elegantia

1811 4009 1877 4050 eo
1916 3992 2145 4047 consilio
2175 3988 2505 4058 composuit,
2535 3996 2593 4039 ut
2627 3984 2842 4038 Eusebii
2874 3982 3227 4038 Caesariensis
3258 3996 3389 4050 sup-

1811 4085 1985 4154 pleret
2062 4080 2379 4137 Historiam.
2448 4076 2665 4131 Initium
2702 4074 2906 4143 "itaque
2961 4072 3083 4127 fecit
3154 4072 3223 4125 ah
3282 4072 3391 4125 illis

1813 4174 2171 4247 temporibus,
2239 4187 2360 4241 quae
2424 4171 2667 4224 ultimam
2730 4166 3072 4223 constituunt
3136 4162 3388 4220 Historiae

1812 4269 2131 4324 Eusebianre
2160 4266 2466 4338 periodum,
2513 4272 2565 4316 et
2615 4276 2939 4331 pmgressus
2986 4268 3070 4314 est
3100 4273 3271 4327 usque
3320 4257 3385 4313 ad

1814 4365 1973 4418 linem
2030 4360 2245 4431 imperii
2293 4355 2582 4411 Theodosii
2643 4352 2905 4408 Junioris.
2960 4351 3074 4425 [ll]
3133 4350 3393 4406 IEmulos

1814 4457 2005 4512 habuit
2055 4453 2336 4509 Socratem
2382 4460 2543 4518 atque
2596 4448 2995 4509 Sozomenum,
3055 4446 3148 4514 qui
3196 4446 3387 4499 eodem

140 4562 273 4613 illam
327 4557 651 4628 epistolam,
693 4569 813 4623 qua:
855 4554 994 4610 inter
1022 4557 1264 4626 reliquas
1296 4555 1590 4623 Scriptoris
1616 4573 1716 4612 ηο..
1749 4563 1792 4619 ο
1820 4548 2051 4603 consilio
2087 4556 2215 4600 tunc
2249 4543 2505 4611 temporis
2535 4541 2599 4593 ad
2635 4537 2929 4594 Historiam
2966 4537 3385 4628 ecclesiasticam

143 4656 228 4706 sui
262 4651 481 4705 litteras
512 4662 707 4717 agmen
757 4645 927 4711 ducit,
963 4664 1070 4702 non
1106 4646 1238 4702 satis
1267 4648 1581 4702 distinctam
1613 4647 1715 4701 ha-

146 4746 255 4797 bere
288 4739 564 4811 temporis
606 4745 812 4802 notam,
841 4755 965 4808 quae
995 4743 1039 4794 si
1060 4739 1219 4794 nobis
1236 4747 1568 4809 suppeteret,
1596 4741 1717 4794 nul.

146 4837 218 4889 lus
262 4833 662 4890 controversia:
718 4833 1116 4901 relinqueretur
1152 4831 1327 4886 locus.
1378 4830 1524 4886 Misit
1568 4833 1715 4886 enim

148 4931 308 4982 amico
339 4929 447 4991 illi,
492 4928 560 4982 ad
588 4943 750 4996 quem
791 4926 995 4981 directa
1026 4932 1111 4979 est
1132 4925 1359 4993 epistola
1394 4927 1592 4995 prima,
1616 4927 1717 4981 hos

150 5036 265 5073 suos
308 5020 362 5073 in
427 5018 765 5087 apostolicas
818 5015 1080 5086 epistolas
1125 5013 1589 5085 Commentarios,
1625 5031 1717 5069 ro-

149 5127 289 5176 gans,
327 5120 388 5163 ut
423 5115 666 5163 mentem
694 5108 760 5161 de
791 5107 911 5161 istis
943 5106 1109 5160 libere
1153 5106 1411 5175 aperiret.
1448 5105 1715 5172 Prmterea

149 5204 196 5256 in
221 5205 333 5257 suis
362 5203 433 5255 ad
464 5200 760 5256 Eusebium
790 5199 1140 5270 Aucyrauum
1165 5206 1219 5251 et
1249 5196 1485 5251 Leonem
1514 5196 1716 5251 Roma-

154 5313 329 5350 norum
380 5296 708 5365 episcopum
745 5292 936 5346 litteris
976 5292 1159 5361 (epist.
1191 5290 1262 5345 8'2
1295 5302 1349 5344 et
1397 5291 1519 5360 115)
1552 5291 1715 5359 hujus

154 5405 291 5457 teque
344 5406 410 5444 ac
458 5389 719 5447 aliorum,
751 5386 845 5454 qui
897 5400 961 5439 eo
990 5394 1227 5454 tempore
1256 5383 1367 5453 jam
1398 5384 1715 5449 exstabant,

155 5463 403 5535 librorum
435 5481 693 5534 meminit
726 5478 970 5549 quidem,
1010 5477 1099 5532 sed
1132 5478 1295 5532 nimis
1320 5492 1486 5546 vage:
1522 5492 1716 5531 recen-

157 5584 226 5628 set
266 5574 411 5626 enim
462 5572 663 5641 scripta
724 5572 909 5623 omnia
950 5585 1071 5637 quae
1104 5578 1219 5622 tum
1274 5578 1399 5622 ante
1442 5569 1712 5638 synodum

155 5668 491 5737 Eplu‘siuam,
522 5674 637 5717 tum
670 5663 864 5734 primis
898 5671 1017 5730 post
1049 5662 1195 5715 illam
1237 5662 1523 5716 duodecim
1555 5662 1715 5716 annis

155 5766 551 5826 Composuerat.
586 5753 639 5807 In
688 5754 879 5823 primis
928 5752 981 5804 in
1018 5751 1310 5821 posteriori
1338 5752 1454 5803 loco
1479 5751 1712 5805 obscura

156 5861 227 5905 est
256 5851 519 5921 temporis
552 5858 699 5911 nota,
731 5847 859 5918 quia
882 5845 1207 5917 generaliori
1239 5845 1502 5900 librorum
1547 5845 1712 5901 indici

1819 4637 2244 4708 componendam
2290 4634 2533 4688 animum
2580 4630 2935 4699 adjecerunt,
2987 4627 3154 4680 multa
3204 4635 3384 4680 tamen

1820 4732 2034 4792 Nostro,
2071 4744 2192 4796 quae
2226 4727 2339 4781 sive
2378 4724 2652 4792 suppleret
2683 4723 2795 4777 sive
2827 4721 3142 4791 corrigeret,
3178 4719 3385 4789 reliqua

1818 4824 2083 4879 iecerunt.
2119 4822 2197 4875 lta
2228 4820 2445 4889 quidem
2482 4816 2673 4871 statuit
2700 4813 2928 4869 Photius
2963 4815 3126 4882 (cod.
3169 4814 3259 4879 51)
3293 4812 3385 4883 qui

1820 4932 1927 4971 non
1973 4915 2135 4970 modo
2172 4912 2384 4968 dicendi
2418 4896 2587 4980 ge'nus
2622 4908 2865 4963 historia:
2896 4906 3256 4971 aptissimum,
3292 4904 3392 4960 sed

1816 5010 1976 5065 etiam
2012 5007 2312 5061 ubertatem
2365 5018 2546 5057 rerum
2592 5016 2622 5055 a
2653 4998 2851 5054 Nostro
2885 5007 3259 5053 enarratarum
3306 4996 3399 5050 di.-

1817 5106 1938 5174 gnis
1972 5102 2182 5157 extollit
2214 5098 2484 5163 laudibus,
2518 5111 2751 5166 eumque
2783 5094 3029 5158 Socrati,
3079 5093 3401 5147 Sozomeno~

1817 5210 1881 5249 ac
1917 5193 2144 5264 Evagrio
2176 5193 2331 5263 longe
2376 5187 2810 5258 anteponendum
2845 5201 2967 5241 esse
2990 5186 3218 5255 judicat.
3267 5182 3400 5236 Nona

1819 5287 1994 5359 potuit
2026 5296 2207 5341 tamen
2237 5282 2553 5355 peritissimi
2588 5281 2641 5335 in
2678 5281 2761 5334 his
2792 5279 2957 5334 rebus
2979 5276 3177 5332 arbitri
3196 5274 3399 5329 oculos

1816 5376 2051 5448 eﬂ'ugere
2082 5375 2249 5429 nimia
2287 5373 2375 5426 illa
2408 5371 2461 5425 in
2494 5368 2826 5438 metaphoris
2858 5367 3102 5430 audacia,
3140 5378 3261 5435 quae
3283 5362 3393 5417 etsi

1818 5485 1925 5524 non
1960 5469 2184 5523 omnino
2230 5467 2468 5533 delendi,
2524 5477 2701 5521 tamen
2754 5466 2912 5536 genio
2967 5463 3149 5534 p0|iuli
3195 5471 3248 5517 et
3302 5477 3390 5517 re-

1818 5561 1995 5630 gionis
2026 5562 2079 5615 in
2114 5576 2220 5631 qua
2255 5561 2409 5626 vixit,
2444 5558 2695 5614 excusari
2728 5555 3131 5627 quodammodo
3165 5553 3383 5626 poterit.

1817 5654 1929 5708 Alii
1978 5654 2131 5718 vero,
2182 5668 2251 5707 ne
2297 5653 2427 5723 quid
2484 5650 2831 5706 dissimulare
2883 5648 3204 5715 videamur,
3257 5654 3393 5701 sunt

1818 5748 1952 5803 ηαξγί
1990 5746 2153 5815 hujus
2188 5746 2333 5810 lihri,
2366 5760 2506 5815 quos
2536 5743 2617 5797 vel
2654 5749 3043 5797 recensum-unt
3074 5742 3158 5795 vel
3195 5755 3383 5795 emen-

1817 5841 2081 5896 daverunt
2105 5836 2388 5901 Batonius,
2416 5833 2681 5905 Dupinius
2702 5873 2716 5899 ,
2745 5832 3008 5899 Valesius,
3028 5840 3082 5887 et
3113 5832 3391 5887 centuria—
