3924 6520
614 378 687 439 59
1560 376 1653 435 DE
1680 377 1852 436 VITA
1896 377 1991 437 ET
2037 372 2371 435 SCRIPTIS
2422 373 2911 437 THEODORETI

3779 372 3878 436 ω

618 500 766 544 tores
804 488 1222 560 Magdebnrgici,
1267 503 1333 542 ne
1385 488 1512 558 quid
1545 489 1612 545 de
1647 488 1891 543 Garnerii
1925 491 2089 545 nimia
2130 491 2183 544 iu
2212 495 2255 549 Α
2290 484 2628 549 Nestorium;
2682 486 2818 539 alios
2860 482 3093 538 Nestorii
3130 485 3334 541 amicos
3382 485 3437 540 in
3482 486 3603 542 aliis
3645 486 3871 542 adum—

618 578 880 648 scriptore
899 589 1086 632 nostro
1107 578 1422 648 caetigando
1451 580 1725 649 diligentia
1756 596 1897 634 nunc
1919 580 2180 637 dicamus.

624 670 697 723 De
752 684 978 723 numero
1031 669 1223 723 horum
1258 667 1511 724 Historia:
1538 671 1900 726 ecclesiastica
1928 672 2183 726 librorum

618 760 1007 815 dubitationem
1059 762 1330 815 nonnullis
1371 761 1897 830 injecitGennadius,
1923 763 2088 832 qnic.
2116 762 2185 819 89

621 850 739 903 libri
765 848 836 902 De
858 850 985 902 viris
1005 849 1298 902 illustribus
1332 848 1513 913 refert,
1546 849 1797 905 Nostrum
1816 851 2001 905 decem
2025 850 2184 917 hujus

622 942 925 1011 argumenti
981 941 1147 995 libros
1197 942 1595 1009 composuisse.
1657 940 1859 995 Unicus
1917 942 2006 1010 qui
2060 941 2184 995 huic

550 1087 553 1090 ι
622 1031 924 1085 narrationi
961 1030 1138 1085 favere
1172 1031 1407 1094 videtur,
1463 1040 1548 1085 est
1595 1029 1761 1085 Gerh.
1787 1030 2035 1096 Vossius,
2067 1032 2179 1100 qui,

624 1139 748 1177 eum
802 1124 868 1176 de
923 1123 1196 1178 historicis
1254 1121 1458 1177 Graecis
1512 1123 1830 1187 dissereret,
1892 1122 2182 1178 lectoribus

624 1212 953 1280 persuadere
988 1212 1178 1273 voluit,
1233 1212 1503 1280 duplicem
1534 1212 1663 1267 olim
1694 1212 1965 1267 exstitisse
1995 1210 2181 1269 Histo-

625 1303 717 1355 riae
749 1301 1119 1355 ecclesiastica!
1149 1300 1472 1356 Theodoreti
1509 1302 1820 1366 editionem,
1866 1317 2030 1356 unam
2060 1317 2182 1371 qua:

622 1404 729 1443 non
760 1389 866 1444 nisi
898 1405 993 1443 sex
1042 1390 1274 1459 priores,
1323 1390 1548 1444 alteram
1603 1404 1728 1443 vero
1776 1406 1897 1459 qua:
1942 1389 2182 1458 quinque

623 1482 954 1550 posteriores
987 1482 1267 1550 complexa
1298 1483 1370 1537 sit
1418 1483 1603 1546 libros,
1650 1482 1849 1551 quibus
1888 1481 2178 1536 llistoriam

626 1588 797 1643 usque
836 1574 902 1627 ad
931 1572 1126 1628 Leonis
1162 1575 1505 1642 imperatoris
1551 1584 1789 1643 tempora
1825 1573 2175 1643 suppleverit.

627 1665 733 1720 Sed
782 1666 931 1720 nulla
961 1667 1183 1719 omnino
1220 1667 1350 1720 tides
1396 1667 1622 1721 debetur
1666 1667 1791 1720 huic
1840 1665 2054 1731 fabulae,
2090 1666 2177 1721 cui

624 1770 733 1808 non
766 1754 925 1808 modo
954 1753 1151 1820 Pbotii,
1185 1754 1498 1824 Nicephori,
1545 1755 1856 1809 Cassiodori
1885 1764 1939 1810 et
1963 1755 2175 1824 Evagrii

2286 578 2471 645 bratos
2495 593 2635 632 esse.
2682 578 2888 643 Quarto
2918 577 3152 647 denique
3190 577 3449 649 Cyrillum
3484 589 3539 632 et
3587 576 3867 633 Proclurn

2284 670 2338 724 in
2394 669 2489 733 iis,
2522 668 2615 739 qui
2660 666 2953 723 Diodorum
3011 668 3331 725 Tarsensem
3385 678 3441 724 et
3499 668 3865 725 Theodorum

2283 759 2718 829 Mopsuestenum
2771 760 2916 815 velut
2966 762 3248 817 haereticos
3314 762 3527 831 scriptis
3576 762 3871 830 factisque

2282 852 2669 918 traduxissent,
2702 853 2862 907 tacite
2896 869 3041 907 nunc
3064 853 3253 917 refelli,
3289 870 3411 908 cum
3444 866 3669 924 uterque
3696 855 3875 907 velut

2282 939 2407 993 fidei
2453 939 2705 995 defensor
2753 940 3044 996 inducitur.
3089 960 3106 993 ι
3161 942 3312 996 Itane
3348 943 3564 1013 ingenio
3594 944 3868 998 abuten—

2280 1026 2410 1082 dum
2440 1037 2560 1082 erat
2589 1069 2603 1094 ,
2650 1037 2728 1093 ut,
2755 1043 3081 1099 quacunque
3127 1030 3241 1084 fieri
3270 1039 3452 1099 posset
3490 1031 3717 1094 ratione,
3753 1046 3869 1085 sn-

2282 1128 2468 1189 specta
2508 1120 2822 1175 redderetur
2878 1122 2978 1175 viri
3024 1122 3152 1176 boni
3196 1122 3513 1192 integritas?
3554 1120 3656 1176 Sed
3710 1120 3869 1190 quid

2282 1208 2489 1262 multa?
2520 1207 2597 1261 Ex
2642 1210 3020 1278 superioribus
3068 1210 3179 1278 jam
3231 1212 3363 1265 satis
3405 1221 3655 1265 constare
3696 1211 3867 1264 arbi—

2283 1310 2513 1358 tramur.
2546 1315 2707 1369 quam
2742 1301 2975 1370 injurius
3017 1302 3071 1355 in
3107 1300 3503 1356 Theodoretum
3535 1303 3605 1356 sit
3633 1302 3865 1357 Garne-

2278 1392 2415 1445 rius.
2450 1389 2608 1444 Plura
2634 1392 2727 1461 qui
2760 1393 2927 1462 cupit,
2962 1393 3104 1462 legat
3130 1392 3366 1463 lttigium
3396 1394 3463 1447 de
3493 1393 3861 1448 Bibliotheeis

2279 1492 2332 1536 et
2358 1480 2581 1536 Catenis
2614 1479 2863 1547 Patrum,
2914 1498 2966 1553 p.
2998 1483 3134 1546 729,
3183 1494 3238 1538 ει
3271 1483 3511 1552 ejusdem
3559 1482 3861 1536 Praefatio-

2278 1588 2399 1628 nem
2449 1572 2516 1627 ad
2560 1572 2816 1629 Historia:
2861 1574 3227 1629 ecclesiastica:
3293 1576 3476 1630 saeculi
3544 1592 3580 1629 ιι
3629 1577 3849 1643 capita,

2280 1680 2332 1734 p.
2373 1664 2407 1719 8
2438 1680 2553 1734 seq.
2609 1666 2808 1720 Parum
2839 1667 3131 1736 aequiorem
3163 1683 3221 1722 se
3271 1668 3497 1737 praebuit
3539 1668 3857 1723 Garnerius

2278 1751 2493 1806 erudito
2521 1752 2763 1808 Cousino
2780 1755 2872 1823 qui
2901 1754 3198 1808 Historiam
3225 1757 3633 1810 ecclesiasticam
3663 1756 3863 1812 Theo-

624 1846 800 1900 obstat
852 1848 1182 1912 auctoritas,
1229 1848 1323 1902 sed
1374 1847 1543 1916 ipsius
1594 1862 1809 1916 quoque
1854 1847 2172 1901 Theodoreti
2206 1836 2247 1889 Β
2278 1845 2453 1899 doreti
2502 1846 2555 1899 in
2604 1844 2864 1901 Gallicam
2908 1848 3143 1918 linguam
3180 1851 3477 1915 transtulit,
3529 1866 3628 1904 nec
3658 1852 3857 1905 minus

627 1938 800 1992 nostri
834 1938 1226 2003 testimonium,
1252 1940 1397 2006 quod
1427 1947 1603 1991 exstat
1627 1938 1680 1990 in
1715 1939 1817 1991 line
1850 1938 1969 1991 libri
2005 1938 2178 1991 ultimi

622 2046 718 2085 seu
743 2030 935 2096 quinti.
963 2048 981 2079 ι
1016 2029 1129 2099 Ego
1159 2046 1303 2092 vero,
1337 2030 1530 2099 inquit,
1582 2030 1821 2084 historia:
1865 2027 1983 2101 [42}
2018 2029 2178 2083 finem

626 2119 715 2171 hic
742 2118 965 2184 faciens,
996 2119 1224 2174 lectores
1253 2134 1403 2189 rogo,
1431 2128 1488 2173 ut
1514 2119 1764 2188 precibus
1788 2122 1904 2174 suis
1936 2120 2174 2174 laborem

626 2218 874 2262 nostrum
929 2220 1296 2278 compensent.
1339 2210 1587 2279 Quinque
1642 2219 1818 2264 autem
1858 2220 1911 2264 et
1958 2216 2172 2263 centum

620 2314 891 2353 annorum
945 2311 1157 2371 tempus
1210 2302 1325 2356 h-ec
1375 2300 1613 2357 Historia
1662 2302 2059 2371 complectitur,
2108 2302 2176 2355 ab

622 2389 735 2442 Arii
768 2392 989 2444 vesania
1038 2392 1324 2459 incipiens,
1368 2401 1421 2445 et
1454 2406 1575 2445 cum
1608 2391 1757 2445 obitu
1782 2380 1947 2445 laude
1985 2390 2179 2461 digno-

626 2495 745 2533 rum
775 2480 1015 2534 virorum
1044 2480 1313 2535 Theodori
1351 2482 1461 2552 (sc.
1489 2480 1889 2550 Mopsuesteni)
1922 2490 1978 2535 et
2001 2481 2177 2534 Theo-

622 2571 733 2625 doti
772 2572 1172 2641 (Antiocheni)
1208 2574 1481 2627 desinens.
1530 2592 1549 2624 ι
1599 2571 1665 2626 Ει
1716 2574 1761 2626 si
1814 2574 1896 2627 vel
1946 2573 2179 2627 maxime

622 2664 770 2718 filum
821 2663 1071 2719 Historia:
1122 2666 1378 2719 voluisset
1428 2666 1702 2735 prosequi,
1748 2676 1927 2719 tamen
1968 2681 2179 2720 summa

622 2754 722 2808 viri
755 2757 1041 2825 prudentia
1072 2772 1134 2811 ac
1166 2756 1450 2820 modestia,
1485 2771 1645 2824 quam
1677 2766 1735 2808 ut
1768 2771 1866 2825 par
1892 2764 1977 2810 est
2005 2756 2181 2811 adrni-

621 2847 724 2901 rati
764 2846 893 2901 sutit
925 2846 1168 2902 Valesius
1208 2858 1259 2901 et
1293 2847 1597 2902 Beausobre
1623 2848 1768 2903 Hist.
1805 2848 2038 2903 Manic‘h.
2064 2858 2105 2903 t.
2136 2852 2177 2915 Ι,

619 2955 675 3007 ρ.
714 2939 838 3005 226,
896 2955 1002 2993 nou
1055 2941 1411 3009 permisisset,
1464 2948 1523 2993 ut
1570 2950 1813 3009 tempora
1864 2943 1967 2996 ista
2017 2942 2179 2995 attin-

620 3040 789 3101 geret,
827 3030 880 3084 in
925 3046 1046 3100 qua:
1080 3031 1267 3084 incidit
1300 3032 1563 3085 invidiosa
1593 3030 1922 3087 Nestorianae
1954 3041 2174 3087 controc

625 3122 815 3176 versia:
863 3123 1105 3177 historia.
1160 3123 1478 3193 Magnopere
1521 3124 1665 3177 enim
1712 3135 1956 3189 erraret,
2008 3125 2097 3193 qui
2144 3140 2174 3180 e
2202 3164 2246 3221 ο

624 3214 861 3275 silentio,
912 3229 1019 3281 quo
1066 3211 1435 3266 Theudor-etus
1485 3213 1606 3267 lites
1640 3212 1772 3266 istas
1806 3229 2050 3282 premere
2081 3229 2177 3268 vo-

623 3304 743 3369 iuit,
778 3305 1017 3368 inferret,
1068 3321 1193 3358 eum
1216 3316 1346 3360 ante
1380 3305 1569 3375 synodi
1612 3303 1893 3373 Ephesina:
1937 3316 2181 3375 tempora

620 3396 695 3451 ad
746 3396 1031 3453 llistoriam
1101 3398 1240 3452 hanc
1308 3398 1644 3452 scribendam
1693 3400 2007 3454 accessisse.
2062 3399 2180 3467 Quo

627 3489 805 3545 minus
852 3490 993 3544 enim
1041 3489 1153 3545 haec
1197 3482 1591 3559 conjecttn-a'se
1633 3490 1770 3544 tueri
1802 3491 2005 3559 possit,
2076 3491 2179 3545 im-

624 3582 849 3652 pediunt
911 3598 1029 3652 qua:
1091 3598 1120 3636 a
1178 3582 1374 3637 Nostro
1441 3584 1508 3636 de
1546 3582 1786 3651 reliquiis
1818 3581 2177 3653 sanetiChry-

626 3676 851 3728 sostomi
909 3674 1432 3744 Constantinopolim
1478 3674 1687 3739 delatis,
1745 3684 1799 3728 et
1856 3676 1923 3728 de
1981 3675 2182 3744 pietate

628 3764 919 3821 Theodosii
957 3782 1021 3820 ac
1053 3783 1300 3821 sororum
1330 3767 1449 3835 ejus
1481 3774 1765 3820 narrantur
1799 3766 1890 3819 lib.
1926 3781 1980 3831 v,
2009 3781 2059 3820 ε.
2090 3765 2177 3820 56.

622 3856 782 3924 Jam,
834 3876 956 3913 cum
998 3876 1029 3913 e
1074 3859 1314 3914 Socratis
1354 3858 1588 3913 llistoria
1632 3868 1909 3929 appareant,
1951 3858 2182 3929 Chryso-

625 3952 791 4006 stomi
837 3967 1033 4022 corpus
1075 3953 1285 4006 decimo
1333 3962 1486 4007 sexto
1526 3950 1811 4006 Theodosii
1857 3952 2179 4019 consulatu,

623 4044 815 4114 sicque
844 4060 971 4099 ann.
998 4044 1058 4100 C.
1087 4044 1211 4106 458,
1242 4046 1293 4097 in
1326 4044 1509 4098 urbem
1542 4045 1739 4113 regiam
1771 4043 2005 4098 delatum
2038 4057 2179 4104 esse,

624 4136 850 4189 dubium
887 4150 995 4188 non
1036 4144 1155 4198 est,
1198 4133 1453 4188 Nostrum
1504 4133 1793 4188 Historiam
1831 4151 1983 4189 suam
2020 4134 2181 4203 longo

628 4234 749 4293 post
775 4224 1065 4278 concilium
1107 4223 1435 4292 Ephesinum
1476 4223 1759 4276 intervallo
1786 4221 2175 4288 composuisse.

628 4316 756 4370 Sola
792 4315 971 4383 itaque
1020 4314 1121 4366 viri
1172 4313 1469 4366 moderatio
1528 4312 1727 4377 effecit,
1782 4320 1839 4365 ut
1894 4314 1960 4365 de
1993 4311 2182 4366 litibus

626 4407 833 4468 sileret,
865 4404 1063 4473 quibus
1105 4402 1420 4457 enarrandis
1452 4402 1685 4455 maxime
1715 4402 1941 4455 idoneus
1968 4400 2179 4463 fuisset,

2279 1938 2489 1992 eximiae
2518 1938 2691 1992 laudis
2723 1939 2860 2006 viro,
2892 1938 3057 1994 Henr.
3099 1939 3337 2006 Valesio,
3380 1944 3471 2010 qui
3521 1944 3703 1998 multis
3735 1960 3853 1998 no-

2280 2027 2517 2082 minibus
2546 2028 2613 2083 de
2641 2028 2841 2083 Nostro
2870 2046 3022 2099 aique
3052 2048 3115 2085 ac
3143 2031 3210 2085 de
3239 2033 3359 2086 aliis
3390 2032 3635 2087 Historiae
3663 2036 3856 2090 eccle-

2279 2120 2510 2173 siasticae
2559 2121 2921 2190 scriptoribus
2978 2122 3309 2191 conjunctim
3362 2124 3556 2188 editis,
3606 2127 3845 2191 meruit,

2286 2209 2442 2277 cujus
2475 2209 2768 2265 novissima
2802 2212 2970 2266 editio
3016 2213 3270 2280 Augustae
3310 2212 3669 2268 Taurinorum
3705 2232 3841 2269 ann.

2281 2298 2439 2361 1748,
2493 2298 2709 2367 prodiit,
2762 2299 2948 2353 multis
2990 2299 3324 2353 eruditorum
3368 2302 3843 2356 observationibus

2278 2400 2333 2444 et
2382 2390 2713 2445 variantibus
2769 2390 3092 2445 lectionibus
3140 2390 3361 2444 editioni
3406 2390 3843 2462 Cantabrigiensi

2281 2482 2429 2538 Guil.
2468 2482 2710 2554 Reading
2749 2486 3006 2554 aspersis,
3040 2486 3383 2554 locupletata.

2346 2572 2628 2628 Breviores
2656 2574 2857 2628 erimus
2875 2575 2928 2629 in
2956 2574 3281 2628 recensenda
3305 2573 3541 2628 Historia
3565 2575 3845 2644 religiosa,

2277 2680 2397 2733 quae
2426 2665 2740 2720 inscribitur
2767 2664 3009 2733 φιλόθεος
3052 2668 3259 2735 ἱστορία
3302 2666 3334 2736 ἢ
3382 2668 3653 2737 ἀσκητικὴ
3682 2668 3840 2721 πολι-

2276 2756 2415 2811 τεία.
2454 2754 2626 2809 Minor
2654 2766 2739 2810 est
2775 2756 3004 2818 utilitas,
3035 2771 3155 2825 quae
3186 2771 3216 2810 e
3247 2756 3480 2811 lectione
3525 2757 3687 2826 hujus
3712 2757 3843 2811 libri

2276 2850 2591 2917 percipitur,
2625 2859 2808 2918 utpote
2834 2849 2926 2918 qui
2957 2857 3149 2917 praeter
3176 2852 3494 2904 Ascetarum
3533 2852 3667 2905 vitas
3697 2851 3836 2904 nihil

2276 2942 2514 2995 continet
2544 2941 2642 3011 (a),
2676 2943 2861 3011 sicque
2894 2942 3144 2997 curiosos
3176 2943 3347 3012 magis
3387 2959 3548 3012 quam
3584 2943 3835 2997 discendi

2278 3035 2503 3103 cupidos
2534 3034 2763 3088 lectores
2810 3035 3002 3103 poscit.
3054 3034 3354 3105 Singularis
3403 3035 3619 3103 quidem
3672 3046 3836 3099 sunt,

2278 3140 2398 3193 quae
2422 3126 2476 3177 in
2510 3126 2609 3178 hoc
2639 3125 2775 3177 libro
2800 3134 3123 3190 narrantur;
3155 3124 3416 3178 nollemus
3437 3134 3612 3177 tamen
3638 3122 3840 3186 dicere.

2282 3229 2510 3269 censura
2555 3215 2691 3269 adeo
2728 3214 2949 3284 dignum
2983 3231 3103 3269 esse
3136 3214 3555 3277 Theodoretum,
3606 3223 3658 3267 ut
3686 3212 3838 3265 Frid.

2283 3304 2610 3374 Spanhemio
2641 3305 2874 3374 aliisque
2904 3307 3075 3360 visum
3104 3315 3207 3360 est.
3241 3306 3351 3360 Etsi
3382 3306 3526 3359 enim
3570 3306 3706 3359 inter
3733 3320 3844 3360 nos

2284 3398 2440 3456 fidem
2480 3400 2565 3451 vix
2600 3398 2905 3451 invenirent
2936 3398 3094 3467 hujus
3130 3399 3343 3467 generis
3386 3399 3664 3462 homines,
3698 3407 3841 3451 tem-

2279 3504 2470 3560 porum
2512 3499 2689 3543 tamen
2727 3489 2976 3542 habenda
3006 3487 3121 3562 [44]
3152 3500 3235 3543 εει
3264 3490 3424 3543 ratio.
3457 3488 3629 3557 Hujus
3655 3488 3840 3555 cperis

2280 3591 2486 3651 partem
2519 3581 2807 3651 quamdam
2841 3581 3123 3634 constituit
3151 3580 3335 3635 Oratio
3377 3581 3489 3634 sive
3521 3578 3842 3635 Dissertatio

2278 3672 2343 3725 de
2371 3655 2657 3733 charitate,
2707 3686 2867 3740 quam
2901 3670 3227 3725 Sirmondus
3257 3670 3553 3739 Appendici
3580 3668 3832 3731 inseruit,

2279 3765 2552 3820 Hervetus
2578 3772 2752 3815 autem
2786 3763 2837 3814 in
2870 3762 3118 3815 versione
3140 3776 3234 3815 sua
3266 3760 3447 3814 Latina
3481 3761 3677 3814 rectius
3707 3759 3839 3812 huic

2278 3857 2416 3912 libro
2447 3853 2744 3922 subjunxit.

2347 3946 2516 4001 Multo
2571 3946 2829 4016 majorem
2881 3945 3167 3997 utilitatem
3210 3944 3364 3998 nobis
3411 3953 3662 4012 praestant
3704 3942 3840 4011 Epi-

2278 4040 2429 4094 SlOllB
2472 4038 2815 4100 Theodoreti,
2841 4053 2961 4101 qua:
2992 4036 3297 4105 proximum
3326 4035 3464 4089 inter
3496 4033 3666 4103 Opera
3691 4034 3839 4090 illius

2277 4130 2453 4183 locum
2487 4136 2689 4191 tenent,
2743 4142 2912 4194 eoque
2946 4126 3220 4179 chariores
3262 4126 3417 4179 nobis
3455 4140 3575 4179 esse
3609 4126 3833 4190 debent,

2277 4236 2385 4293 quo
2455 4219 2709 4287 majorem
2778 4218 3013 4271 historia:
3077 4218 3353 4287 scriptoris
3424 4218 3595 4271 nostri
3654 4216 3857 4289 lucem,

2277 4311 2595 4367 accendunt.
2651 4309 2887 4364 Numero
2928 4318 3055 4363 sunt
3109 4322 3327 4362 centum
3378 4318 3431 4362 et
3476 4309 3832 4378 quadraginta
3872 4308 3875 4309 ⁷

2281 4413 2517 4475 septem,
2552 4418 2657 4455 una
2700 4411 2878 4455 autem
2927 4414 3047 4467 qua:
3095 4402 3293 4468 scripta
3339 4411 3421 4454 est
3461 4405 3526 4453 ad
3573 4400 3833 4455 Joannem

625 4497 675 4552 si
711 4497 827 4551 sine
856 4496 1083 4549 aliorum
1114 4496 1408 4549 offensione
1439 4494 1551 4547 fieri
1583 4493 1864 4561 potuisset.
1900 4491 2029 4558 Qua:
2054 4508 2176 4547 cum
2209 4511 2254 4567 ι)
2279 4495 2591 4564 episc0pum
2620 4492 2994 4557 Germaniciai,
3016 4494 3152 4561 apud
3177 4493 3542 4559 Sirmondum,
3571 4501 3716 4547 tonio
3743 4492 3829 4558 ΙΙΙ,

629 4592 702 4645 ita
738 4589 882 4651 sint,
930 4588 1052 4659 quis
1084 4603 1190 4641 non
1220 4587 1386 4651 videt,
1435 4586 1679 4654 iniquum
1713 4583 1893 4637 Nostri
1930 4583 2173 4657 judicem

624 4699 744 4738 esse
778 4681 1120 4746 Garnerium,
1149 4681 1305 4751 cujus
1338 4682 1453 4735 hate
1480 4690 1605 4736 sunt
1632 4679 1793 4733 verba
1825 4693 1876 4746 p.
1908 4676 2030 4741 192,
2056 4691 2171 4745 seq.

625 4774 886 4827 Auctarii.
928 4792 945 4823 ‹
983 4773 1207 4843 Opinor,
1242 4774 1498 4842 primum.
1554 4772 1655 4825 hoc
1690 4786 1825 4840 opus
1851 4768 2176 4823 Theodoreti

624 4865 768 4918 aliud
802 4865 934 4919 nihil
961 4882 1081 4920 esse
1112 4876 1303 4934 praeter
1333 4864 1616 4919 historiam
1660 4863 1874 4916 Arianae
1909 4861 2175 4915 haereseos

624 4956 837 5022 (cadent
881 4955 991 5011 fere
1039 4956 1169 5011 ibid.
1230 4956 1412 5024 p.19i
1464 4955 1726 5023 exstant),
1773 4954 1887 5007 sive
1915 4953 1966 5005 in
1999 4954 2173 5021 seipsa

623 5046 740 5100 sive
780 5046 833 5099 in
868 5046 1175 5114 propagine.
1219 5045 1437 5112 Deinde,
1496 5045 1662 5114 ipsam
1693 5059 1758 5097 eo
1788 5043 2014 5098 consilio
2043 5045 2177 5097 scri-

624 5148 768 5209 ptam
823 5138 1012 5204 fuisse,
1052 5150 1113 5193 ut
1160 5140 1573 5193 ostenderentur
1611 5136 1816 5199 fontes,
1864 5152 1929 5190 ex
1980 5135 2176 5205 quibus

625 5229 968 5285 Theodoreto
999 5230 1312 5283 viderentur
1342 5228 1445 5280 orti
1471 5242 1705 5291 errores,
1733 5241 1870 5295 quos
1893 5224 2176 5294 allingebat

625 5320 939 5376 Catholicis.
1001 5320 1204 5386 Tertio,
1246 5321 1297 5373 in
1334 5319 1575 5383 Arianis,
1610 5315 1722 5389 [45]
1756 5316 1972 5369 unionis
2010 5316 2176 5386 hypo-

628 5412 833 5466 statieze
864 5411 1211 5476 defensores;
1249 5411 1300 5464 in
1339 5409 1569 5464 Eusebio
1608 5405 2021 5465 Nicomediensi,
2073 5406 2174 5477 Cy-

625 5502 806 5558 rillum
831 5521 844 5534 ·
878 5504 931 5558 in
964 5503 1259 5557 Athanasio
1287 5512 1452 5570 atque
1477 5501 1637 5555 etiam
1670 5501 1723 5555 in
1759 5500 2166 5570 Chrysostomo.

2281 4589 2639 4651 desideratur,
2686 4604 2807 4643 cum
2857 4590 3032 4642 locum
3080 4598 3233 4641 nacta
3282 4588 3353 4641 sit
3399 4589 3451 4641 in
3502 4590 3828 4657 Appendice,

2281 4689 2318 4735 t.
2368 4678 2455 4746 ιν,
2507 4696 2559 4749 p.
2610 4678 2729 4732 702.
2782 4679 2952 4748 Supra
2991 4680 3313 4749 quingentas
3353 4681 3535 4733 Nostri
3574 4681 3851 4748 epistolas.

2279 4772 2406 4840 legit
2465 4772 2594 4825 olim
2647 4769 3009 4840 Nicepliorus,
3052 4772 3209 4840 cujus
3261 4773 3363 4826 fide
3411 4772 3456 4825 si
3498 4772 3596 4825 ltiti
3652 4772 3829 4837 liceat,

2282 4864 2574 4918 dolendum
2614 4866 2837 4918 omnino
2886 4873 2999 4930 est,
3041 4874 3243 4918 tantatn
3280 4880 3463 4919 earum
3503 4875 3705 4933 partem
3736 4846 3839 4934 pe:

2278 4956 2457 5010 riisse.
2496 4955 2646 5009 Hanc
2672 4956 2940 5026 jacturam
2980 4957 3159 5026 aliquo
3189 4959 3348 5013 modo
3378 4958 3640 5011 resarcire
3664 4958 3833 5012 voluit

2277 5044 2573 5099 Garnerius
2607 5054 2718 5099 tum
2759 5046 3013 5115 Epistolis
3044 5048 3153 5101 illis
3198 5064 3332 5113 quas
3384 5048 3451 5102 ad
3500 5048 3828 5117 locupletan-

2277 5138 2403 5191 dum
2467 5148 2667 5192 tomum
2734 5140 2949 5193 tertium
3014 5140 3262 5194 editionis
3322 5140 3711 5194 Sirmondianze
3760 5140 3832 5195 ab

2280 5229 2436 5283 initio
2486 5229 2728 5284 Auctarii
2757 5232 2841 5285 sui
2886 5231 3165 5296 exhibuit,
3199 5241 3309 5284 tum
3356 5231 3727 5285 dissertatione
3758 5229 3848 5296 5,_

2278 5320 2472 5374 ibidem
2528 5323 2750 5383 inserta,
2808 5338 2927 5392 quae
2961 5324 3275 5376 inscribitur
3310 5322 3383 5375 De
3414 5321 3718 5375 Theodoreti
3775 5332 3827 5375 et

2283 5406 2635 5461 Orientalium
2672 5426 2852 5462 causa.
2893 5409 3014 5463 llaec
3044 5420 3153 5463 tota
3202 5409 3531 5471 dissertatio,
3580 5424 3698 5477 qua:
3735 5424 3830 5460 ex-

2278 5500 2664 5567 spemationem
2715 5501 3007 5554 multorum
3057 5500 3276 5561 fefellit,
3323 5499 3457 5553 nihil
3501 5507 3690 5567 prreter
3730 5511 3829 5552 va-

695 5700 895 5773 (ιη-βε
938 5703 1035 5756 hac
1089 5712 1264 5756 tamen
1317 5702 1539 5773 historia
1590 5702 1736 5771 (cap.
1793 5698 1911 5768 15),
1966 5709 2019 5754 et
2063 5688 2167 5755 non
2208 5700 2443 5764 aliunde.
2511 5719 2571 5757 ea
2630 5702 2955 5773 paucissima
2988 5699 3246 5756 habemus
3275 5715 3390 5769 qua:
3419 5700 3485 5755 de
3514 5698 3689 5768 seipso
3718 5706 3839 5752 tra-.

620 5769 759 5830 didit
782 5770 1166 5829 'l'hcodoretus.
1201 5774 1353 5829 Eutr.
1395 5772 1561 5827 Pun.
