3924 6536
152 365 201 433 ει
1496 380 1711 440 DISSE
1721 382 2016 445 RTATIO.
3309 394 3382 458 62

149 488 317 539 rimam
337 483 569 540 Patrum
600 487 873 557 epistolas
906 489 1166 556 continet,
1189 490 1420 559 primum
1449 507 1479 544 a
1503 493 1706 548 Christ.
1736 508 1783 557 Α
1808 498 2123 567 episcopum
2171 498 2351 562 dedit,
2405 516 2526 570 quae
2573 503 2845 571 posterior
2898 505 3039 559 haud
3085 506 3378 564 obscurum

144 579 287 647 lupo,
322 587 511 644 postea
536 594 571 633 a
617 580 815 650 Steph.
845 581 1072 637 Baluzio
1109 583 1164 636 in
1206 599 1346 638 nova
1377 584 1709 641 Collectione

140 671 470 726 conciliorum
529 672 648 727 sub
694 675 921 730 nomine
966 675 1221 747 Synodici
1271 678 1534 733 adversus
1574 677 1709 732 Tra-

138 763 347 832 gcdiam
377 762 604 825 Irenai,
638 766 838 821 editas.
871 765 1001 822 Jure
1029 778 1207 823 autent
1240 769 1543 834 dubitatur,
1575 786 1707 825 num

134 853 363 921 genuina:
382 852 498 906 sint
535 854 667 908 ista:
690 856 956 923 epistolaa,
1007 872 1143 926 quas
1171 858 1471 915 Garnerius
1497 859 1707 917 Nostro

138 940 387 996 iimlicare
421 943 638 998 voluit.
678 946 832 1000 Adeo
880 946 1023 1000 enim
1058 946 1270 1002 fervore
1316 965 1418 1003 suo
1453 952 1707 1022 abreptus

134 1046 225 1095 est,
264 1044 315 1087 ut
347 1034 515 1087 etiam
562 1036 683 1090 illis
717 1038 879 1091 tidem
920 1039 1158 1104 dederit,
1207 1055 1328 1109 quae
1360 1041 1706 1110 apertissima

135 1126 322 1186 vﬁsiz;
386 1126 608 1179 habent
662 1128 889 1195 indicia,
946 1129 1123 1199 qualis
1171 1138 1254 1185 est
1296 1131 1383 1184 illa
1423 1148 1583 1201 quain
1643 1134 1710 1188 de

136 1218 263 1271 obitu
297 1217 490 1286 Cyrilli
537 1218 616 1271 ad
666 1218 933 1274 Joannem
976 1222 1371 1277 Antiochenum
1424 1223 1710 1294 scripsisse

138 1312 325 1370 dicitur,
384 1308 461 1363 de
503 1326 626 1379 qua
674 1311 790 1381 jam
839 1313 946 1366 alio
996 1314 1115 1367 loco
1157 1314 1567 1383 disputavimus.
1602 1315 1710 1372 Nec

138 1403 291 1455 multis
341 1405 676 1473 urgendum
731 1406 863 1474 erit,
914 1409 1058 1476 quod
1104 1408 1216 1477 jam
1269 1423 1330 1462 ex
1376 1407 1605 1465 Leontio
1657 1420 1711 1466 et

138 1494 305 1547 Allatio
338 1494 399 1547 in
454 1496 859 1565 superioribus
896 1499 1129 1554 evictum
1183 1498 1467 1565 dedimus,
1511 1501 1710 1556 multas

136 1586 217 1640 sub
242 1584 431 1641 Nostri
474 1590 718 1643 nomine
752 1591 820 1644 ab
864 1590 973 1645 illis
1021 1594 1112 1660 qui
1157 1589 1271 1663 [45]
1311 1591 1543 1647 Nestorii
1581 1608 1708 1664 par-

136 1682 252 1734 tibus
274 1680 489 1735 addicti
527 1692 719 1747 erant,
754 1682 907 1737 ﬁctas
930 1700 1052 1739 esse
1082 1685 1310 1741 litteras.
1346 1684 1556 1751 Quanta
1607 1703 1710 1741 au-

134 1788 217 1825 tem
294 1771 403 1827 fuit
472 1772 744 1829 Garnerii
798 1775 1035 1830 facilitas
1092 1776 1148 1831 in
1202 1778 1550 1833 admittendis
1602 1780 1708 1834 illis

132 1863 370 1930 epistolis,
408 1880 567 1933 quas
613 1867 685 1921 ad
733 1882 849 1922 rem
886 1883 1038 1920 suam
1084 1867 1262 1922 facere
1290 1871 1517 1939 putavit,
1558 1880 1707 1927 tanta
1741 1843 1782 1902 Β

130 1957 233 2023 ejus
261 1956 368 2009 fuit
400 1959 750 2022 morositas,
804 1958 850 2014 si
889 1958 958 2013 de
986 1959 1095 2014 illis
1126 1962 1376 2031 agitanda
1412 1972 1527 2016 erat
1559 1979 1710 2032 qua:-

134 2049 237 2112 stio,
274 2063 403 2117 qua:
458 2057 715 2103 mentem
755 2049 1081 2107 Theodoreti
1138 2053 1205 2105 ab
1248 2053 1429 2123 impiis
1477 2052 1708 2110 Nestorii

132 2140 373 2193 doctrinis
409 2142 671 2195 alienam
701 2152 993 2196 testantur.
1036 2142 1175 2199 Ilinc
1209 2161 1305 2211 pro
1333 2147 1563 2214 genuina
1600 2163 1707 2201 non

136 2235 301 2286 lubuit
328 2232 658 2305 Epistulam
702 2236 769 2289 ad
817 2235 1156 2305 Sporacium,
1202 2254 1377 2308 quaea
1421 2240 1710 2294 Sirmontlo

132 2328 176 2378 in
192 2328 583 2397 Appendicem
615 2336 702 2381 est
728 2327 916 2394 relata,
947 2331 1202 2399 nonquia
1230 2331 1470 2400 spuriam
1504 2334 1711 2401 putavit

136 2421 285 2483 illam,
321 2429 382 2472 ut
418 2417 744 2474 Garneritts
788 2421 1004 2485 asserit,
1038 2420 1132 2475 sed
1168 2422 1294 2491 quia
1328 2433 1706 2491 argumentum

136 2514 258 2565 :liius
299 2512 419 2566 fere
468 2513 624 2567 idem
691 2523 776 2567 est
823 2530 944 2567 cum
1005 2516 1181 2584 capite
1232 2516 1299 2569 12
1350 2516 1474 2570 libri
1529 2518 1706 2586 quarti

133 2606 520 2657 Baeticarum
558 2605 894 2680 fabularum,
942 2607 1131 2676 sicque
1162 2608 1301 2661 inter
1331 2608 1588 2677 epismlas
1615 2609 1703 2663 vix

133 2698 294 2750 timui
326 2698 594 2751 obtinere
642 2713 805 2766 posse
835 2698 1065 2753 videtur.
1111 2697 1263 2763 Quod
1294 2702 1559 2768 reliquttm
1604 2708 1706 2767 est,

136 2789 300 2843 varias
354 2788 567 2842 barum
633 2789 987 2858 epistularum
1058 2789 1257 2845 classes
1313 2790 1713 2845 constituerunt

136 2883 385 2952 ltupinius
418 2890 481 2935 et
504 2880 843 2951 Garnerius,
865 2881 955 2934 sed
987 2896 1173 2949 parum
1206 2882 1366 2935 certis
1391 2880 1711 2936 fundamen-

132 2979 191 3030 tis
224 2986 399 3029 totum
441 2974 587 3027 illud
644 2973 933 3033 artilicium
990 2973 1203 3038 nititur,
1249 2974 1377 3043 quia
1417 2974 1482 3028 de
1528 2974 1711 3030 multis

133 3071 318 3122 barum
348 3070 676 3122 litterarum
722 3080 831 3120 non
877 3068 1010 3126 satis
1058 3076 1295 3132 constat,
1346 3081 1454 3136 quo
1498 3067 1712 3136 scriptae

130 3171 231 3216 sint
266 3172 545 3229 tempore.

194 3254 529 3323 Dogtnatiri,
562 3251 649 3304 vel
680 3250 955 3320 polemici,
991 3260 1050 3305 ut
1077 3249 1246 3305 videri
1282 3262 1495 3321 posset,
1544 3267 1708 3326 argu-

136 3349 287 3400 menti
316 3356 406 3401 est
440 3345 735 3398 Eranistes
762 3358 857 3397 seu
879 3342 1282 3414 Polgmorpltus,
1309 3345 1442 3399 liber
1468 3346 1709 3415 apprime

134 3442 268 3494 utilis
313 3441 384 3493 ad
433 3439 859 3507 redarguendos
884 3436 1273 3508 Eutychianos,
1306 3452 1536 3506 quorum
1560 3450 1710 3490 erro-

136 3534 273 3587 ribus
304 3534 609 3602 Oppositus
633 3572 646 3594 ,
685 3530 755 3583 ab
796 3530 1117 3600 imperatore
1156 3527 1463 3587 Theodosio
1504 3536 1706 3596 autem,

136 3630 209 3680 κει
246 3629 437 3695 potius
472 3627 546 3679 ab
585 3627 696 3679 illis
728 3639 960 3694 quorum
992 3624 1199 3678 artibus
1237 3624 1543 3694 regebatur,
1576 3624 1708 3678 adeo

140 3722 264 3774 male
301 3728 584 3787 exceptus
640 3726 755 3775 est.
803 3727 864 3770 ut
899 3717 1055 3784 jussu
1093 3714 1434 3784 imperatoris
1476 3714 1708 3770 flammis

136 3814 317 3877 dignus
348 3808 685 3861 haberetur.
739 3804 851 3859 Hoc
896 3798 1081 3874 iniquo
1120 3804 1230 3858 fato
1271 3819 1379 3858 non
1425 3804 1707 3859 imminuta

138 3901 340 3969 quidem
384 3908 481 3953 est
526 3897 654 3951 libri
686 3896 957 3966 dignitas;
1004 3904 1221 3959 tamen,
1262 3909 1331 3949 ne
1375 3893 1507 3964 quid
1554 3894 1710 3949 malae

142 4006 264 4046 nota
291 3995 559 4052 haereret,
602 3996 823 4043 cautum
852 3995 937 4042 est
982 4003 1013 4041 a
1061 3986 1355 4054 Marciano,
1406 3986 1500 4056 qui
1547 3987 1706 4045 istam

142 4085 425 4141 Theodosii
465 4085 814 4138 sanctionem
848 4079 1261 4135 rescindendam
1290 4095 1412 4135 esse
1439 4080 1710 4149 sapienter

145 4179 344 4232 statuit.
378 4176 528 4231 Tres
575 4172 833 4245 Dialogos
872 4172 1010 4225 liber
1031 4171 1129 4225 iste
1153 4170 1547 4240 complectitur,
1572 4183 1710 4239 quo-

143 4286 249 4323 rum
282 4268 685 4337 unusquisque
718 4280 912 4320 nomen
944 4264 1012 4318 ab
1045 4271 1364 4333 argumento
1389 4272 1579 4318 nactus
1603 4270 1708 4317 est.

142 4366 341 4420 Primus
366 4360 705 4416 inscribitur
727 4360 1045 4428 Ἀτρεπτος,
1064 4354 1335 4410 secundus
1360 4353 1708 4425 Ἀσύγχυτος,

142 4455 321 4508 tertius
357 4449 648 4518 ’Amteﬁq.
682 4446 749 4517 In
768 4448 938 4513 primo
970 4442 1149 4508 docet,
1171 4442 1563 4497 immutabilem
1593 4457 1713 4498 esse

1811 592 2117 659 Suppeditat
2141 592 2401 661 temporis
2429 594 2716 661 iudicium,
2747 611 2811 649 ex
2844 612 2953 666 quo
2975 597 3229 668 colligere
3257 616 3382 670 pos»

1808 698 2020 748 sumus,
2053 683 2201 740 hunc
2240 683 2440 739 librum
2470 686 2581 757 jam
2613 698 2736 743 ante
2780 691 3048 759 synodum
3084 691 3381 765 λῃστρικὴν

1809 773 1981 831 fuisse
2030 776 2413 846 compositum.
2460 777 2555 834 His
2587 779 2819 850 denique
2848 781 3200 852 adjungimus
3234 784 3379 839 aliud

1811 867 2210 934 testimonium,
2245 868 2392 940 quod
2413 885 2477 925 ex
2497 870 2720 940 epistola
2746 873 2893 941 (150)
2934 876 2998 927 ad
3031 874 3383 930 Timotheum

1806 959 2123 1029 episcopum
2154 962 2379 1032 scripta,
2414 963 2666 1032 petimus.
2715 964 2977 1020 Miramur
3006 968 3188 1039 itaque
3218 967 3381 1021 Bara-o

1811 1052 1968 1114 terio,
1991 1053 2251 1122 praecocis
2282 1054 2483 1122 ingenii
2509 1055 2694 1125 juveni
2724 1067 2779 1110 et
2815 1057 3073 1128 temporis
3102 1060 3183 1114 sui
3214 1075 3380 1114 orna-

1808 1156 2013 1209 mento,
2043 1145 2097 1199 in
2129 1156 2362 1201 mentem
2376 1148 2561 1203 venire
2581 1150 2839 1218 potuisse,
2869 1153 2965 1207 bos
2990 1151 3240 1223 Dialogus
3265 1170 3384 1208 non

1809 1234 2150 1291 Theodoreto
2177 1241 2495 1302 nostro,sed
2528 1240 2755 1295 forsitan
2784 1242 2987 1311 juniori
3009 1243 3173 1313 hujus
3199 1245 3384 1298 nomi-

1806 1328 1893 1383 nis
1916 1329 2168 1397 scriptori
2200 1331 2515 1387 triboendos
2531 1348 2670 1397 esse,
2688 1334 2737 1387 ei
2769 1335 3000 1399 scilicet,
3019 1336 3104 1389 cui
3132 1337 3385 1391 nonnulli

1807 1436 1929 1476 cum
1989 1421 2262 1478 Garnerio
2311 1424 2479 1480 libros
2532 1426 2652 1480 illos
2704 1424 2956 1481 Historia:
2998 1428 3385 1483 ecclesiasticas

1807 1513 2260 1583 ascribunt,quos
2278 1514 2609 1580 Gennadius,
2632 1526 2690 1570 ut
2705 1533 2866 1586 supra
2882 1517 3143 1583 diximus,
3169 1518 3377 1573 Nostro-

1808 1606 2017 1675 absque
2043 1606 2157 1660 ullo
2185 1608 2317 1661 satis
2348 1608 2497 1676 gravi
2530 1623 2708 1662 causai,
2745 1624 2860 1664 sua:
2899 1608 3251 1663 fundamento
3282 1610 3383 1663 tri-

1808 1699 1944 1753 buit.
1994 1697 2201 1753 Tamen
2250 1700 2394 1753 hanc
2442 1700 2766 1755 sententiain
2800 1716 2906 1755 non
2940 1710 2999 1755 ut
3041 1700 3385 1771 probabilem

1810 1799 2019 1846 tantum
2072 1792 2357 1862 proposuit
2411 1793 2463 1846 in
2512 1793 2820 1862 Appendice
2863 1793 2928 1847 ad
2971 1792 3377 1847 Anti-Artemo-

1811 1886 1960 1938 nittm
2009 1882 2254 1938 Norimb.
2306 1900 2334 1936 a
2392 1883 2551 1947 1755,
2609 1885 2835 1946 editum,
2892 1885 2987 1939 sed
3041 1885 3382 1954 pertinacius

1809 1993 2024 2048 quoque
2053 1986 2244 2032 contra
2284 1976 2584 2046 scriptores
2633 1974 3039 2037 Memnriarum,
3086 1984 3146 2030 ut
3185 1974 3380 2029 dicun-

1812 2082 1921 2134 tur,
1953 2070 2371 2125 Trivuttinarum
2392 2068 2684 2123 defendere
2709 2068 3148 2138 voluitsingulari
3176 2068 3377 2131 libello,

1810 2165 1901 2233 qui
1953 2165 2188 2219 insertus
2230 2172 2314 2217 est
2357 2161 2706 2215 Bibliotheca:
2743 2160 3081 2216 Germanica:
3130 2159 3387 2229 (Gallico

1810 2255 2088 2317 idiomate,
2118 2264 2175 2307 ut
2203 2263 2391 2307 notum
2423 2251 2670 2322 scripta!)
2697 2252 2803 2305 vol.
2827 2248 3058 2316 XLVIII,
3093 2265 3143 2319 p.
3171 2249 3238 2303 50
3259 2263 3374 2319 seq.

1811 2345 1914 2400 Sed
1946 2359 2008 2399 ea
2040 2343 2141 2397 fuit
2164 2343 2425 2413 juvenilis
2456 2342 2683 2397 audacia
2706 2383 2719 2407 ,
2771 2355 2893 2411 qua:
2922 2356 3027 2394 non
3077 2338 3190 2411 [47]
3222 2339 3376 2393 omni

1809 2438 1969 2491 laude
2000 2446 2167 2491 caret.
2202 2435 2267 2490 Et
2297 2437 2413 2506 ipsa
2438 2435 2653 2504 juvenis
2673 2474 2688 2498 ,
2735 2434 2825 2503 qui
2859 2434 2997 2487 ultra
3027 2440 3236 2486 aetatem
3289 2446 3385 2485 sa-

1809 2544 1936 2599 pere
1965 2530 2114 2583 visus
2142 2537 2243 2592 est,
2276 2528 2579 2597 disputatio
2610 2526 2771 2579 habet
2801 2524 3060 2580 nonnulla
3090 2538 3212 2592 qua:
3236 2522 3379 2576 ulte-

1809 2619 1941 2674 riori
1972 2619 2314 2674 discussione
2347 2633 2453 2671 non
2505 2616 2724 2687 indigna
2772 2625 2973 2680 essent,
3019 2630 3100 2684 ea,
3126 2628 3254 2668 vero
3283 2613 3383 2667 alii

1809 2709 1929 2762 loco
1955 2717 2008 2762 et
2033 2708 2263 2778 tempori
2290 2708 2404 2776 jam
2437 2717 2597 2761 erunt
2627 2704 3001 2775 relinquenda.
3026 2705 3105 2757 Ad
3139 2703 3378 2773 reliquos

1811 2799 2109 2871 Scriptoris
2140 2799 2312 2854 nostri
2346 2798 2517 2852 libros
2547 2797 2947 2867 progredimur,
2993 2796 3038 2850 si
3071 2796 3257 2864 paucis
3280 2810 3382 2848 an-

1812 2900 1896 2945 tea
1933 2892 2161 2946 lectores
2194 2891 2261 2945 de
2304 2904 2446 2944 novo
2479 2889 2727 2943 Garnerii
2770 2889 2921 2957 lapsu
2972 2888 3373 2942 monuerimus.

1812 2980 1914 3035 Vix
1948 2981 2181 3049 amplius
2213 2981 2507 3049 quidquam
2541 2979 2738 3034 addere
2768 2994 2909 3048 opus
2937 2980 3060 3034 erit.
3094 2977 3381 3033 Latentem

1811 3071 1866 3126 in
1898 3070 2064 3127 herba
2096 3086 2325 3139 anguem
2357 3070 2598 3134 videbit,
2642 3071 2894 3141 quisquis
2941 3078 3147 3125 attente
3185 3071 3377 3140 legerit

1733 3183 1776 3241 ο
1807 3178 1869 3218 ea
1906 3178 2026 3232 quas
2072 3170 2488 3232 praecesserunt.
2538 3159 2682 3215 Idem
2731 3162 2879 3231 quod
2929 3174 3086 3216 antea
3113 3162 3223 3231 jam
3269 3162 3373 3217 ali-

1808 3256 2023 3326 quoties
2069 3256 2275 3310 tlictum
2326 3263 2410 3309 est
2457 3254 2682 3324 contigit
2724 3253 3010 3319 Garnerio,
3050 3269 3174 3308 cum
3224 3254 3371 3309 hunc

1808 3349 2007 3404 librum
2040 3348 2241 3418 legeret
2268 3365 2282 3414 ;
2324 3349 2376 3402 in
2407 3348 2669 3417 Cyrillum
2698 3346 2841 3400 enim
2873 3346 3055 3401 omnia
3084 3346 3223 3399 dicta
3252 3358 3387 3399 esse

1808 3439 1933 3509 quis
1963 3438 2068 3492 nisi
2106 3438 2197 3492 ille
2225 3437 2590 3508 somniasset?
2623 3446 2681 3489 ut
2710 3436 2867 3489 tidem
2900 3434 3165 3490 faciamus
3191 3434 3385 3488 verbis.

1807 3531 2034 3594 nostris,
2087 3530 2171 3584 vel
2228 3544 2397 3598 pauca
2449 3529 2562 3582 haec
2612 3541 2985 3596 apponemus,
3041 3541 3162 3596 qua!
3215 3526 3372 3581 Auct.

1808 3640 1862 3694 p.
1896 3623 2000 3678 152
2026 3629 2267 3684 exstant,
2296 3629 2350 3675 et
2384 3636 2572 3690 parum
2606 3621 2829 3674 mutatis
2862 3618 3041 3673 verbis
3084 3629 3379 3674 recurrunt

1808 3735 1863 3790 p.
1894 3717 1998 3772 9.40
2032 3736 2046 3774 :
2084 3734 2103 3769 t
2141 3715 2197 3770 Iit
2224 3717 2346 3782 hoc,
2379 3717 2577 3786 inquit,
2608 3730 2793 3786 opere,
2824 3716 2960 3769 mira
2998 3713 3228 3783 quadam
3260 3723 3378 3769 arte

1808 3810 2095 3866 consilium
2125 3808 2439 3863 dissimulat
2470 3826 2483 3861 :
2519 3822 2642 3861 nam
2679 3823 2803 3861 cum
2853 3822 2950 3876 per
2990 3806 3375 3875 dialogismum

1807 3903 1862 3956 in
1896 3902 2312 3971 Apollinaristas
2358 3901 2637 3969 disputare
2683 3915 2744 3954 se
2786 3899 2959 3970 ﬁngit,
3000 3897 3259 3968 Cyrillum
3290 3913 3375 3952 re-

1807 4009 1935 4049 vera
1961 4002 2014 4048 et
2041 3992 2351 4047 Catholicos
2380 3991 2677 4061 impugnat,
2728 3989 2840 4042 imo
2895 3988 3200 4043 doctrinam
3261 3987 3373 4042 Ne-

1809 4086 1965 4143 storii
2009 4084 2508 4147 demonstratione,
2558 4091 2620 4136 ut
2665 4081 2781 4152 ipse
2835 4080 3052 4150 quidem
3102 4079 3373 4149 loquitur,

1810 4177 2133 4235 conﬁrmare
2186 4175 2397 4229 nititur.
2460 4174 2669 4229 Laudat
2722 4173 2942 4243 quidem
2999 4171 3258 4243 Cyrillum
3314 4171 3373 4228 in

1810 4270 2033 4339 Dialogo
2056 4267 2313 4332 secundo,
2356 4266 2449 4322 sed
2480 4266 2713 4336 maligna
2740 4266 2898 4320 laude
2925 4304 2941 4329 ,
2975 4274 3096 4320 cret.
3121 4283 3141 4318 ι
3171 4263 3378 4331 Quidni

1812 4362 1928 4417 haec
1975 4367 2250 4431 postrema
2297 4359 2376 4413 sic
2407 4357 2611 4411 imitari
2642 4356 2816 4423 liceat,
2859 4358 3136 4412 invehitur
3162 4356 3373 4413 Garne-

1815 4455 1930 4508 rius
1962 4452 2017 4505 in
2048 4450 2470 4515 Theodoretum,
2504 4448 2597 4503 sed
2628 4449 2753 4503 odio
2782 4449 3060 4518 maligno?

145 4544 393 4611 unigeniti
442 4541 574 4594 Filii
617 4537 988 4602 divinitatem;
1026 4536 1081 4589 in
1121 4534 1393 4598 secundo,
1438 4549 1543 4587 non
1584 4549 1704 4604 per-

1882 4542 2226 4611 Multiplicem
2258 4540 2550 4609 Scriptoris
2581 4540 2749 4594 nostri
2773 4540 3079 4594 doctrinam
3106 4549 3374 4596 testantur

142 4640 349 4691 mistam
389 4634 516 4688 sive
546 4629 903 4693 ,inconfusam
952 4627 1119 4681 fuisse
1148 4627 1205 4681 in
1233 4626 1451 4680 Christo
1479 4624 1709 4678 Domino

140 4728 440 4782 divinitatis
470 4737 525 4779 et
559 4721 914 4777 humanitatis
953 4720 1244 4785 unionem;
1299 4716 1413 4790 μδ]
1449 4718 1504 4772 in
1553 4717 1710 4771 tertio

142 4820 390 4887 denique,
451 4832 481 4869 a
528 4813 878 4884 passionibus
924 4811 1149 4866 liberam
1202 4809 1369 4865 fuisse
1412 4807 1711 4864 Salvatoris

144 4912 311 4965 nostri
372 4910 746 4963 divinitatem.
800 4904 896 4960 His
943 4905 1344 4974 subjuuguntur
1382 4901 1711 4967 Ἀποδείξεις

142 5002 225 5055 διὰ
254 4998 681 5067 συλλογισμῶν,
732 4996 823 5050 ubi
872 4995 1063 5050 validis
1102 4993 1402 5048 ratiociniis
1437 4995 1715 5063 impugnat

144 5110 381 5155 errores,
416 5100 613 5148 contra
645 5104 787 5159 quos
815 5090 867 5142 in
899 5089 1001 5143 huc
1044 5088 1182 5142 libro
1211 5087 1468 5157 disputat.
1507 5085 1712 5140 Genui-

148 5203 269 5240 nuin
322 5188 437 5240 hoc
486 5197 612 5238 esse
661 5180 983 5236 Theodoreti
1032 5179 1294 5249 scriptum
1339 5179 1429 5232 vix
1477 5176 1711 5232 dubitari

154 5280 361 5345 interit,
416 5290 546 5329 cum
605 5290 714 5327 non
772 5272 931 5327 modo
980 5270 1231 5336 Pbotius,
1287 5269 1408 5325 cod.
1454 5269 1546 5328 46.
1595 5268 1713 5337 ejus

157 5372 480 5425 utentia-nem
512 5367 725 5428 fecerit,
764 5365 859 5419 sed
888 5364 1049 5418 etiam
1081 5361 1440 5431 Nicepltorus.
1470 5359 1561 5429 qui
1594 5358 1714 5413 loco

154 5464 255 5527 jam
285 5460 580 5531 aliquoties
602 5459 769 5513 citato
788 5456 932 5509 hunc
962 5454 1155 5508 librum
1182 5453 1401 5507 nomine
1433 5452 1536 5506 isto
1549 5450 1714 5518 Λόγοι

157 5556 294 5623 τρεῖς
340 5552 475 5621 περὶ
528 5549 691 5602 θείων
745 5545 1028 5616 δογμάτων
1068 5542 1483 5611 διαλογιστικῶς
1520 5559 1714 5595 συντα-

160 5646 365 5711 χθέντες
416 5642 743 5713 indigitavit.
786 5638 906 5708 Ipse
951 5651 1167 5707 quoque
1206 5645 1397 5689 auctor
1427 5633 1572 5688 illius
1602 5649 1715 5688 me-

161 5738 322 5799 minit,
358 5746 473 5790 tum
506 5738 561 5789 in
591 5734 817 5803 epistola
851 5730 967 5802 (16)
998 5730 1064 5784 ad
1095 5730 1355 5784 Irenaeum
1379 5726 1715 5797 episcopum,

161 5839 261 5881 tum
290 5829 344 5882 in
396 5827 485 5881 illa
538 5826 655 5895 (85)
703 5838 866 5894 quant
906 5820 976 5877 ad
1011 5819 1330 5876 Dioscorum
1379 5816 1718 5873 Alexandria:

1808 4639 1969 4694 etiam
2028 4634 2408 4690 Haereticarum
2475 4632 2777 4701 fabularum
2840 4632 2965 4686 libri
3010 4646 3261 4703 quatuor,
3313 4634 3368 4689 in

1808 4729 2003 4797 quibus
2051 4727 2282 4779 haereses
2330 4732 2538 4777 tantum
2572 4738 2679 4775 non
2722 4736 2913 4776 omnes
2952 4731 3213 4785 recenset,
3253 4737 3374 4791 qua:

1810 4820 1933 4873 inde
1988 4833 2017 4871 a
2073 4816 2311 4869 Simonis
2371 4814 2503 4885 Magi
2555 4814 2747 4868 diebus
2795 4829 2967 4883 usque
3011 4813 3078 4866 ad
3129 4823 3371 4883 tempora

1807 4908 2041 4963 Nestorii
2089 4914 2141 4961 et
2179 4906 2440 4977 Eutycbis
2504 4906 2900 4960 innotuerant:
2950 4906 3151 4974 quibus
3190 4906 3372 4959 omni-

1811 5002 1912 5058 bus
1963 4998 2224 5070 expositis
2287 4999 2423 5052 libro
2477 4999 2669 5066 quinto
2731 4997 3012 5066 subjunxit
3062 4998 3370 5053 divinorum

1810 5093 2120 5162 dogmatutn
2154 5088 2453 5158 Epitomen.
2489 5098 2547 5140 ιιι
2576 5088 2904 5152 ostenderet,
2926 5089 3203 5155 quomodo
3233 5087 3375 5140 inter
3466 5108 3469 5109 ν

1812 5198 1870 5239 se
1898 5179 2143 5236 dill‘erant
2180 5179 2269 5232 lux
2299 5187 2351 5231 et
2390 5178 2644 5242 tenebrae,
2690 5192 2812 5245 qua:
2857 5177 3028 5247 ipsitts
3057 5186 3184 5232 sttnt
3213 5175 3371 5229 verba

1813 5274 2031 5326 ineunte
2071 5270 2208 5323 libro
2258 5269 2471 5323 ultimo.
2519 5268 2616 5322 llic
2659 5269 2779 5323 sine
2813 5268 2978 5321 dubio
3006 5276 3089 5321 est
3118 5266 3251 5320 liber
3279 5265 3375 5319 ille

1814 5365 1970 5433 cujus
1998 5360 2335 5432 Nicephorus
2364 5362 2467 5416 sub
2496 5361 2715 5415 nomine
2740 5359 2966 5430 ψεύδους
2997 5360 3091 5412 καὶ
3119 5358 3372 5429 ἀληθείας

1812 5456 2095 5524 διάγνωσις
2135 5452 2400 5515 meminit,
2429 5450 2541 5523 [48]
2565 5467 2672 5522 quo
2703 5453 2861 5506 titulo
2885 5453 3047 5506 etiam
3082 5449 3373 5520 insignitur

1816 5547 1954 5614 apud
1982 5545 2336 5599 Possevinum
2365 5544 2562 5613 Appar.
2598 5544 2737 5598 sacri
2771 5553 2900 5596 tom.
2941 5540 3006 5607 Il,
3043 5557 3096 5611 p.
3125 5540 3251 5607 457,
3276 5542 3372 5597 ubi

1816 5637 1957 5692 inter
2003 5636 2172 5691 libros
2220 5651 2249 5689 a
2301 5634 2496 5690 Nostro
2536 5634 2867 5703 compositos
2917 5644 3376 5689 commemoratur

1820 5730 2075 5785 volumen
2124 5728 2270 5798 quod
2307 5726 2572 5782 Mendacii
2608 5736 2655 5779 et
2687 5725 2920 5780 veritatis
2967 5727 3249 5780 discrimen
3285 5726 3370 5780 in-

1819 5822 2093 5878 scribitur.
2143 5822 2271 5877 Post
2313 5819 2601 5877 concilium
2640 5818 3082 5876 Cbalccdoncuse
3127 5819 3271 5876 hunc
3308 5820 3373 5876 li-
