3924 6516
624 356 696 418 59
1569 353 1663 412 DE
1689 353 1861 413 VITA
1905 354 2000 413 ET
2047 349 2382 412 SCRIPTIS
2433 348 2921 413 THEODORE’I‘I
3814 344 3876 408 δῦ

628 480 776 524 tores
814 466 1232 539 Magdeburgici,
1277 481 1343 520 ne
1396 465 1522 535 quid
1555 466 1622 521 de
1657 465 1901 520 Garnerii
1935 467 2099 521 nimia
2140 467 2193 520 in
2222 471 2265 526 Α
2301 461 2639 526 Nestorium;
2693 461 2829 515 alios
2870 457 3105 512 Nestorii
3140 459 3345 515 amicos
3392 459 3447 514 in
3490 460 3626 515 aliis
3674 457 3876 512 adum-

628 558 891 627 scriptore
910 568 1096 611 nostro
1118 556 1432 626 casdgando
1461 556 1735 626 diligentia
1766 572 1907 611 nunc
1929 556 2191 614 dicamus.

634 650 707 703 De
764 662 989 702 nurnero
1041 648 1233 701 horum
1269 645 1521 701 Historia:
1549 648 1911 702 ecclesiastica:
1939 648 2195 702 librorum

629 740 1018 794 dubitationem
1070 739 1341 792 nonnullis
1382 738 1908 807 injecitGennadius,
1934 739 2025 808 qui
2050 754 2098 793 c.
2126 738 2195 795 89

632 830 750 882 libri
775 828 847 881 De
869 829 995 881 viris
1015 827 1309 880 illustribus
1343 826 1524 891 refert,
1556 826 1808 883 Nostrum
1828 828 2011 882 decem
2036 826 2195 894 hujus

634 920 935 990 argumenti
991 920 1159 974 libros
1208 919 1606 987 composuisse.
1668 917 1870 973 Unicus
1927 918 2018 987 qui
2070 917 2195 972 huic

634 1010 936 1065 narrationi
972 1009 1149 1064 favere
1183 1009 1418 1072 videtur,
1475 1017 1560 1063 est
1606 1006 1772 1063 Cerb.
1798 1007 2046 1073 Vossius,
2078 1008 2190 1076 qui,

634 1118 760 1155 cum
814 1102 879 1155 de
935 1101 1208 1156 historicis
1265 1099 1470 1154 Gramis
1524 1101 1842 1163 dissereret,
1903 1099 2194 1154 lectoribus

637 1190 964 1259 persuadere
999 1190 1189 1252 voluit,
1244 1190 1515 1259 duplicem
1545 1190 1675 1244 olim
1706 1189 1977 1244 exstitisse
2007 1187 2193 1246 Histo-

637 1282 729 1335 ria
760 1279 1131 1334 ecclesiastica:
1160 1278 1485 1334 Theodoreti
1520 1281 1833 1343 editionem,
1878 1295 2042 1332 unam
2072 1293 2194 1348 quae

635 1384 742 1422 non
772 1368 879 1422 nisi
910 1384 1004 1421 sex
1053 1368 1286 1437 priores,
1335 1368 1561 1421 alteram
1616 1382 1741 1420 vero
1788 1382 1910 1436 qua:
1954 1365 2194 1435 quinque

634 1461 966 1529 posteriores
999 1460 1280 1529 complexa
1312 1461 1383 1515 sit
1432 1461 1615 1523 libros,
1662 1460 1861 1528 quibus
1901 1458 2190 1513 Historiam

638 1567 809 1622 usque
848 1552 914 1606 ad
942 1551 1139 1607 Leonis
1174 1553 1518 1620 imperatoris
1564 1561 1802 1620 tempora
1838 1550 2187 1619 suppleverit.

639 1644 745 1699 Sed
794 1645 943 1699 nulla
973 1645 1195 1698 omnino
1233 1645 1363 1699 lides
1409 1644 1635 1698 debetur
1679 1644 1804 1696 huic
1853 1642 2067 1707 fabulai,
2103 1642 2190 1697 cui

638 1749 746 1787 non
779 1733 937 1787 modo
967 1732 1164 1798 Photii,
1198 1732 1511 1802 Nicephori,
1558 1732 1869 1787 Cassiodori
1898 1741 1953 1786 et
1977 1731 2188 1800 Evagrii

2296 554 2482 621 bratos
2506 569 2645 607 esse.
2692 552 2899 618 Quarto
2928 551 3163 622 denique
3200 551 3459 623 Cyrillum
3493 563 3550 606 et
3607 549 3876 605 Proclum

2294 646 2349 700 in
2405 645 2499 709 iis,
2533 644 2625 715 qui
2671 642 2964 698 Diodorum
3021 642 3342 699 Tarsensem
3396 651 3451 698 et
3508 642 3876 697 Theodorum

2293 735 2729 805 Mopsuestenum
2782 736 2927 789 velut
2977 736 3259 791 haereticos
3324 736 3536 805 scriptis
3593 734 3876 801 factisque

2293 828 2680 893 traduxissent,
2713 828 2873 882 tacite
2907 844 3052 882 nunc
3074 827 3265 891 refelli,
3300 844 3423 883 cum
3455 841 3699 897 uterque
3729 826 3876 878 velut

2294 914 2418 969 ﬁdei
2464 914 2716 971 defensor
2764 916 3055 971 inducitur.
3100 934 3117 968 ι
3173 916 3324 971 Itane
3359 917 3578 986 ingenio
3613 916 3876 969 abuten-

2292 1002 2421 1058 dum
2451 1012 2571 1058 erat
2600 1044 2614 1068 ,
2661 1011 2739 1069 ut,
2767 1018 3092 1074 quacunque
3138 1004 3252 1059 fieri
3281 1013 3462 1073 posset
3501 1004 3750 1065 ratione,
3786 1018 3876 1057 sn‘

2294 1104 2479 1165 specta
2520 1095 2833 1150 redderetur
2889 1096 2990 1150 viri
3035 1096 3163 1150 boni
3208 1096 3524 1166 integritas?
3566 1094 3684 1149 Sed
3744 1093 3876 1162 quid

2293 1184 2500 1238 multa?
2532 1182 2608 1236 Ex
2654 1185 3032 1253 superioribus
3080 1184 3190 1253 jam
3243 1186 3375 1239 satis
3417 1196 3681 1238 constare
3727 1183 3876 1235 arbi-

2295 1286 2525 1334 tramur.
2557 1290 2720 1344 quam
2754 1276 2986 1345 injurius
3029 1277 3082 1330 in
3119 1275 3515 1330 Theodoretum
3546 1276 3626 1329 sit
3657 1274 3876 1328 Carne-

2292 1368 2427 1421 rius.
2463 1365 2620 1420 Plura
2647 1366 2740 1436 qui
2772 1368 2940 1437 cupit,
2975 1368 3116 1436 legat
3143 1366 3379 1437 lttigium
3408 1368 3474 1421 de
3506 1366 3875 1420 Bibliothecis

2291 1469 2345 1512 et
2370 1456 2593 1513 Catenis
2626 1454 2876 1522 Patrum,
2927 1473 2978 1528 p.
3011 1458 3146 1521 729,
3195 1468 3249 1512 ει
3283 1456 3523 1526 ejusdem
3571 1454 3875 1509 Praefatio-

2291 1565 2412 1604 nem
2462 1547 2529 1603 ad
2572 1547 2829 1604 Historia
2875 1549 3239 1604 ecclesiastica:
3305 1550 3488 1604 saeculi
3557 1565 3595 1601 ιι
3652 1548 3867 1615 capita,

2292 1656 2345 1710 p.
2386 1640 2420 1695 8
2451 1656 2566 1710 seq.
2622 1641 2821 1696 Parum
2852 1642 3143 1712 aequiorem
3176 1658 3234 1697 se
3283 1642 3509 1711 praebuit
3551 1641 3875 1696 Garnerius

2292 1727 2506 1782 erudito
2534 1728 2775 1784 Cousino
2793 1730 2885 1798 qui
2914 1729 3211 1783 Historiam
3237 1730 3656 1784 ecclesiasticam
3690 1728 3876 1784 Theo-

637 1825 813 1879 obstat
864 1827 1194 1889 auctoritas,
1241 1826 1336 1880 sed
1388 1825 1556 1894 ipsius
1606 1839 1823 1893 quoque
1867 1824 2186 1878 Theodoreti
2219 1813 2261 1865 Β
2292 1822 2465 1875 doreti
2515 1822 2568 1875 in
2618 1820 2878 1877 Gallicam
2922 1824 3157 1892 linguam
3193 1824 3490 1888 transtulit,
3542 1839 3650 1877 nec
3684 1824 3873 1878 minus

640 1917 814 1971 nostri
847 1917 1239 1981 testimonium,
1265 1918 1409 1984 quod
1441 1924 1617 1969 exstat
1640 1915 1694 1967 in
1728 1916 1831 1967 line
1864 1914 1984 1967 libri
2019 1914 2192 1968 ultimi

636 2024 732 2065 seu
756 2008 948 2075 quinti.
977 2026 994 2058 t
1030 2007 1143 2077 Ego
1172 2024 1317 2070 vero,
1350 2008 1544 2077 inquit,
1595 2007 1835 2060 historiae
1879 2004 1997 2077 [42]
2032 2006 2192 2059 finem

639 2098 728 2150 hic
756 2096 979 2163 faciens,
1010 2097 1238 2152 lectores
1267 2111 1417 2167 rogo,
1446 2105 1501 2150 ut
1529 2096 1777 2165 precibus
1802 2098 1917 2151 suis
1950 2096 2189 2150 laborem

640 2196 887 2240 nostrum
942 2197 1310 2256 cumpensent.
1352 2187 1601 2255 Quinque
1656 2196 1833 2241 autem
1873 2197 1926 2241 et
1973 2194 2187 2240 rentum

634 2293 904 2332 annorum
959 2289 1171 2349 tempus
1224 2280 1339 2333 h'cc
1389 2278 1629 2334 Historia
1676 2280 2074 2348 complectitur,
2124 2279 2191 2332 ab

635 2368 749 2421 Arii
783 2370 1004 2422 vesania
1052 2369 1339 2437 incipiens,
1382 2378 1435 2422 et
1468 2384 1590 2422 cum
1622 2368 1773 2422 obitu
1798 2356 1962 2422 laude
2001 2368 2194 2437 digno-

641 2474 759 2512 rum
789 2459 1029 2512 virorum
1058 2458 1328 2513 Theodori
1366 2460 1476 2529 (sc.
1504 2456 1904 2528 Mupsuesteni)
1938 2466 1993 2512 et
2017 2457 2193 2511 Theo-

636 2550 748 2604 doti
786 2550 1187 2619 (Antiorlieni)
1222 2552 1496 2605 desinens.
1546 2570 1564 2601 i
1615 2548 1681 2603 Et
1732 2551 1776 2604 si
1829 2551 1913 2604 vel
1963 2550 2195 2604 maxime

636 2643 784 2696 filum
835 2642 1085 2697 Historia:
1136 2643 1393 2697 voluisset
1444 2643 1718 2712 prosequi,
1764 2652 1942 2696 tamen
1984 2657 2195 2696 summa

637 2733 737 2787 viri
769 2735 1056 2803 prudentia
1087 2750 1149 2789 ac
1181 2734 1465 2798 modestia,
1501 2749 1661 2803 quam
1693 2744 1750 2786 ut
1783 2748 1881 2803 par
1909 2741 1992 2787 est
2021 2733 2196 2787 admi-

636 2825 739 2879 rati
779 2824 907 2879 suilt
939 2825 1183 2880 Valesius
1223 2835 1274 2879 et
1308 2825 1612 2880 Beausubre
1639 2825 1783 2880 Hist.
1820 2825 2054 2879 Manich.
2081 2835 2121 2879 t.
2152 2828 2193 2891 Ι,

634 2933 689 2985 p.
729 2917 853 2983 226,
910 2933 1017 2972 nou
1070 2919 1427 2987 permisisset,
1481 2925 1539 2971 ut
1586 2928 1828 2987 tempora
1880 2919 1983 2972 ista
2033 2918 2195 2972 attin-

636 3018 804 3079 geret,
842 3009 896 3061 in
940 3024 1061 3078 qum
1096 3009 1283 3062 incidit
1316 3009 1579 3062 invidiosa
1609 3007 1939 3063 Nestorianae
1970 3018 2191 3063 contro-

2293 1914 2504 1968 eximiae
2533 1914 2704 1968 laudis
2736 1915 2874 1981 viro,
2904 1914 3070 1969 Henr.
3112 1913 3350 1980 Valesio,
3393 1917 3483 1985 qni
3533 1917 3734 1971 multis
3767 1932 3875 1971 tio-

2294 2004 2531 2058 minibus
2561 2003 2627 2058 de
2655 2004 2854 2058 Nostro
2882 2020 3036 2074 aeque
3065 2022 3127 2059 ac
3156 2006 3223 2059 de
3252 2007 3373 2060 aliis
3403 2006 3657 2061 Historiae
3688 2009 3873 2062 eccle-

2294 2096 2525 2149 siastica:
2574 2097 2934 2165 scriptoribus
2992 2095 3323 2166 conjunctim
3375 2098 3570 2162 editis,
3626 2100 3867 2163 meruit,

2300 2184 2457 2253 cujus
2490 2185 2782 2240 novissima
2817 2186 2983 2240 editio
3030 2188 3283 2254 Augustae.
3324 2186 3695 2241 Taurinorum
3734 2204 3863 2242 ann.

2296 2274 2454 2337 1748,
2509 2274 2724 2343 prodiit,
2776 2274 2962 2328 multis
3004 2274 3338 2328 eruditorum
3382 2275 3875 2328 observationibus,

2294 2376 2349 2420 et
2397 2365 2728 2420 variantibus
2784 2365 3106 2419 lectionibus
3154 2364 3376 2419 editioni
3420 2364 3865 2435 Cantabrigiensi

2297 2459 2444 2514 Guil.
2483 2458 2725 2530 Reading
2764 2460 3021 2529 aspersis,
3054 2459 3398 2528 locupletnla.

2362 2548 2643 2603 Breviores
2671 2549 2872 2603 erimus
2890 2550 2943 2603 in
2971 2547 3295 2602 recensenda
3320 2546 3555 2602 Historia
3579 2548 3867 2617 religiosa,

2293 2656 2413 2709 quae
2442 2641 2755 2695 inscribitur
2782 2640 3024 2708 φιλόθεος
3067 2641 3274 2709 ἱστορία
3317 2640 3350 2709 ἢ
3397 2641 3677 2711 ἀσκητικὴ
3708 2640 3863 2692 πολι-

2292 2731 2431 2784 τεία.
2470 2730 2641 2784 Minor
2670 2740 2755 2785 est
2790 2730 3019 2792 utilitas,
3050 2745 3170 2799 quae
3201 2745 3232 2784 e
3262 2730 3494 2784 lectione
3539 2731 3712 2799 hujus
3740 2729 3861 2783 libri

2292 2824 2607 2893 percipitur,
2641 2834 2824 2893 utpote
2849 2824 2941 2893 qui
2973 2831 3163 2892 praeter
3192 2826 3510 2878 Ascetarum
3548 2824 3692 2878 vitas
3723 2822 3857 2876 nihil

2292 2916 2530 2970 continet
2560 2916 2658 2986 (α),
2692 2918 2877 2985 sicque
2909 2916 3159 2972 curiosos
3192 2917 3362 2986 magis
3402 2932 3563 2985 quam
3600 2915 3854 2970 discendi

2295 3010 2519 3078 cupidos
2551 3009 2779 3063 lectores
2826 3010 3017 3077 poscit.
3070 3008 3369 3078 Singularis
3418 3008 3640 3077 quidem
3696 3017 3855 3069 sunt,

641 3100 831 3155 versis:
879 3101 1121 3155 historia.
1176 3100 1494 3171 Magnupcre
1538 3101 1681 3154 enim
1728 3111 1973 3166 erraret,
2024 3102 2114 3170 qui
2161 3117 2190 3156 e
2219 3140 2263 3197 ϐ
2295 3115 2415 3169 quae
2439 3101 2492 3152 in
2526 3101 2625 3153 hoc
2655 3100 2791 3152 libro
2815 3108 3139 3163 narrantur;
3171 3098 3431 3151 nollemus
3453 3107 3631 3151 tamen
3660 3095 3857 3159 dicere,

641 3192 876 3252 silentio,
927 3207 1035 3259 quo
1082 3190 1453 3244 Theuduretns
1502 3190 1623 3243 lites
1657 3189 1788 3243 istas
1823 3205 2067 3258 premere
2098 3205 2194 3245 vo-

641 3282 760 3346 iuit,
795 3283 1033 3347 inferret,
1084 3293 1363 3337 comante
1396 3282 1587 3352 synodi
1629 3280 1910 3350 Ephesina:
1954 3292 2198 3352 tempora

637 3375 713 3430 ad
763 3374 1048 3431 Historiam
1116 3376 1257 3430 hanc
1325 3375 1661 3429 scribendam
1710 3376 2025 3430 accessisse.
2079 3375 2198 3443 Quo

644 3468 823 3523 minus
869 3468 1011 3522 enim
1058 3468 1171 3522 haec
1214 3458 1608 3536 conjecturase
1650 3466 1788 3521 tueri
1819 3467 2022 3535 possit,
2094 3468 2197 3522 im-

641 3560 866 3630 pediunt
928 3576 1046 3629 qua:
1108 3575 1138 3614 a
1195 3559 1392 3614 Nostro
1459 3561 1525 3613 de
1564 3559 1803 3628 reliquiis
1836 3558 2195 3629 sanctiCliry-

644 3653 869 3707 sostomi
927 3652 1450 3722 Constantinopolim
1495 3651 1704 3717 delatis,
1763 3661 1817 3705 et
1874 3653 1941 3705 de
1999 3652 2200 3721 pietate

646 3742 937 3799 Theodosii
975 3760 1039 3798 ac
1071 3760 1319 3799 sororum
1348 3745 1467 3812 ejus
1498 3752 1783 3798 narrantur
1817 3743 1908 3797 lib.
1945 3758 1998 3807 v,
2027 3758 2076 3796 c.
2107 3741 2195 3795 56.

640 3834 800 3902 Jam,
852 3853 974 3891 cum
1016 3854 1046 3891 e
1092 3836 1333 3892 Socratis
1372 3836 1607 3891 Historia
1649 3844 1927 3905 appareant,
1970 3834 2200 3904 Chryso-

643 3930 808 3985 Stomi
855 3946 1051 4000 corpus
1094 3931 1304 3985 decimo
1352 3939 1504 3985 sexto
1544 3926 1828 3983 Theodosii
1875 3927 2198 3994 consulatu,

642 4022 833 4092 sicque
863 4038 990 4077 ann.
1016 4023 1077 4077 C.
1106 4022 1230 4084 458,
1261 4023 1311 4074 in
1344 4021 1527 4075 urbem
1560 4021 1757 4090 regiam
1789 4018 2023 4074 delatum
2057 4033 2197 4079 esse.

643 4114 869 4167 dubium
906 4128 1014 4166 non
1055 4122 1174 4177 est,
1218 4109 1471 4165 Nostrum
1522 4110 1812 4165 Historiam
1849 4126 2002 4165 suam
2039 4110 2199 4179 longo

648 4212 768 4271 post
795 4202 1085 4256 concilium
1126 4200 1454 4269 Ephesinnm
1495 4198 1777 4253 intervallo
1804 4196 2194 4264 composuisse.

647 4294 775 4348 Sola
812 4294 991 4361 itaque
1040 4292 1140 4344 viri
1191 4290 1488 4343 moderatio
1546 4288 1745 4353 ell‘ecit,
1800 4296 1857 4341 ut
1912 4289 1978 4341 de
2012 4287 2201 4342 litibus

646 4385 853 4447 sileret,
885 4382 1082 4451 quibus
1124 4379 1440 4434 enarrandis
1472 4379 1704 4433 maxime
1733 4378 1960 4431 idoneus
1986 4376 2198 4439 fuisset,

2299 3205 2527 3245 censura
2572 3191 2707 3244 adeo
2744 3189 2964 3259 dignum
2999 3205 3119 3243 esse
3151 3187 3571 3250 Theudoretum,
3624 3196 3679 3240 ut
3710 3184 3749 3237 F
3755 3186 3855 3236 rid.

2300 3281 2627 3351 Spanhemio
2657 3280 2890 3349 aliisque
2920 3281 3091 3334 visum
3120 3288 3223 3334 est.
3256 3279 3368 3333 Etsi
3398 3279 3542 3333 enim
3585 3279 3731 3332 inter
3760 3291 3860 3330 nos

2301 3374 2457 3431 fidem
2496 3374 2582 3427 vix
2617 3373 2922 3426 invenirent
2952 3372 3110 3441 hujus
3146 3372 3359 3440 generis
3402 3372 3686 3436 homines,
3721 3380 3857 3424 tem-

2296 3480 2487 3536 porum
2529 3475 2705 3519 tamen
2744 3463 2992 3517 habenda
3023 3461 3137 3536 [44]
3168 3472 3250 3517 est
3281 3463 3441 3516 ratio.
3474 3462 3648 3530 Hujus
3676 3460 3856 3528 uperis

2297 3567 2504 3627 partem
2536 3557 2824 3625 quamdam
2857 3555 3139 3608 constituit
3167 3554 3351 3609 Oratio
3394 3554 3506 3608 sive
3538 3550 3856 3607 Dissertatio

2296 3647 2361 3701 de
2389 3630 2674 3707 cliaritate,
2723 3660 2883 3715 quam
2918 3644 3244 3698 Sirmondus
3274 3643 3569 3712 Appendici
3597 3639 3848 3701 inseruit,

2296 3740 2569 3795 Hervetus
2595 3746 2769 3790 autem
2803 3737 2854 3789 in
2886 3736 3135 3789 versione
3156 3749 3251 3789 sua
3283 3733 3464 3787 Latina
3498 3734 3699 3787 rectius
3730 3730 3853 3784 huic

2295 3832 2434 3885 libro
2465 3828 2761 3897 sobjunxit.

2364 3922 2533 3976 Multo
2589 3920 2847 3990 majorem
2899 3919 3183 3971 utilitatem
3228 3918 3382 3971 nobis
3429 3926 3683 3985 praestant
3727 3912 3852 3983 Epi-

2296 4015 2447 4069 stula:
2489 4013 2833 4075 Theodoreti,
2860 4027 2978 4076 qua:
3010 4010 3314 4079 provimum
3343 4009 3483 4062 inter
3514 4006 3687 4076 Opera
3714 4007 3852 4059 illius

2296 4105 2471 4158 locum
2504 4112 2706 4166 tenent,
2760 4117 2930 4168 eoque
2964 4100 3238 4154 chariures
3279 4100 3435 4153 nobis
3474 4114 3594 4153 esse
3627 4099 3847 4160 debent,

2295 4211 2403 4267 quo
2473 4194 2727 4262 majorem
2796 4192 3031 4245 historia:
3094 4192 3372 4260 scriptoris
3442 4191 3613 4245 nostri
3675 4190 3853 4245 lucem,

2296 4285 2613 4341 accendunt.
2669 4283 2905 4339 Numero
2946 4291 3073 4336 sunt
3128 4296 3345 4336 centum
3396 4292 3451 4336 et
3495 4281 3846 4352 quadraginta

2299 4388 2535 4449 septem,
2570 4393 2675 4430 una
2719 4385 2897 4430 autem
2946 4388 3066 4441 qua:
3114 4375 3313 4442 scripta
3358 4384 3440 4428 est
3481 4377 3545 4427 ad
3591 4373 3846 4428 Joannem

645 4475 695 4531 si
731 4476 847 4530 sine
875 4474 1102 4527 aliorum
1134 4472 1428 4526 offensione
1458 4470 1571 4524 lieri
1602 4470 1883 4537 potuisset.
1919 4468 2048 4534 Quae
2073 4484 2195 4523 cum
2228 4486 2273 4542 ι)
2298 4470 2609 4539 episcopum
2637 4467 3013 4529 Germaniciae,
3035 4467 3170 4535 apud
3195 4466 3562 4532 Sirmondum,
3590 4474 3738 4521 tonio
3764 4463 3843 4527 Ill,

649 4570 722 4623 ita
758 4568 901 4630 sint,
949 4566 1072 4636 quis
1103 4580 1209 4618 non
1238 4563 1405 4627 videt,
1455 4562 1698 4631 iniquum
1732 4559 1913 4614 Nustri
1954 4559 2192 4629 judicem

644 4678 764 4716 esse
798 4659 1139 4723 Garnerium,
1169 4658 1325 4728 cujus
1358 4658 1473 4712 haec
1500 4667 1625 4712 sunt
1652 4655 1812 4709 verba
1845 4669 1896 4722 p.
1926 4653 2048 4717 192,
2075 4667 2190 4720 seq.

646 4753 907 4807 Auctarii.
948 4770 965 4801 ‹
1003 4750 1226 4820 Opinor,
1262 4750 1518 4819 primum,
1574 4748 1675 4801 huc
1710 4761 1845 4816 opus
1870 4744 2195 4800 Theodoreti

645 4844 789 4897 aliud
822 4843 953 4897 nihil
981 4859 1101 4897 esse
1132 4852 1323 4911 praatcr
1353 4840 1636 4895 historiam
1680 4839 1893 4893 Ariana:
1928 4837 2194 4891 haereseos

644 4934 858 5000 (eadem
901 4933 1011 4988 fere
1059 4933 1188 4988 iliid.
1250 4932 1432 5001 p.195
1484 4931 1747 4999 exstant),
1794 4929 1906 4983 sive
1935 4929 1986 4981 in
2018 4930 2192 4997 seipsa

643 5024 761 5079 sive
801 5024 854 5077 in
888 5023 1195 5091 propagine.
1238 5021 1457 5088 Deinde,
1515 5021 1683 5090 ipsam
1714 5034 1779 5073 eo
1808 5019 2034 5074 consilio
2063 5021 2196 5073 scri-

644 5126 788 5188 ptam
844 5116 1032 5181 fuisse,
1073 5126 1133 5170 ut
1180 5116 1594 5170 ostenderentur
1632 5112 1837 5175 fontes,
1885 5128 1948 5166 ex
2000 5111 2196 5180 quibus

646 5207 989 5263 Thcodoreto
1019 5206 1332 5261 viderentur
1362 5204 1465 5257 orti
1492 5218 1726 5267 errores,
1754 5217 1892 5271 quos
1914 5200 2197 5270 adiungebat

646 5299 960 5355 Catholicis.
1022 5297 1224 5364 Tertio,
1266 5298 1317 5350 in
1355 5296 1595 5360 Arianis,
1631 5291 1742 5365 [45]
1777 5292 1993 5345 unionis
2030 5292 2197 5362 hypo-

648 5391 854 5445 staticze
885 5389 1231 5453 defensores;
1270 5389 1321 5441 in
1360 5386 1590 5442 Eusebio
1629 5382 2042 5441 Nieomediensi,
2094 5382 2195 5453 Cy-

646 5482 827 5537 rillum
852 5500 865 5513 ο
898 5482 953 5536 in
985 5481 1280 5535 Athanasio
1308 5489 1473 5548 atque
1499 5478 1658 5533 etiam
1690 5478 1744 5532 in
1780 5477 2187 5547 Chrysostomo.

2299 4564 2658 4626 desideratur,
2705 4578 2826 4618 cum
2876 4564 3052 4616 locum
3099 4572 3252 4615 nacta
3301 4561 3372 4615 sit
3418 4562 3470 4614 in
3522 4562 3842 4630 Appendice,

2300 4664 2341 4713 ι..
2387 4654 2475 4721 IV,
2526 4671 2578 4725 p.
2628 4653 2748 4707 702.
2800 4654 2971 4723 Supra
3010 4654 3332 4723 quingentas
3373 4654 3555 4706 Nostri
3594 4652 3846 4721 epistolas

2298 4747 2425 4816 legit
2484 4747 2612 4801 olim
2666 4745 3028 4815 Nicephorus,
3072 4747 3229 4814 cujus
3280 4746 3382 4800 fide
3431 4745 3475 4799 si
3518 4745 3615 4798 niti
3673 4745 3842 4805 liceat,

2302 4840 2593 4894 dolendum
2634 4841 2857 4894 omnino
2905 4848 3019 4904 est,
3061 4849 3262 4893 tantam
3299 4853 3482 4893 earum
3524 4848 3727 4908 partem
3758 4814 3851 4906 pe:

2298 4932 2477 4987 riisse.
2515 4931 2665 4986 Hanc
2691 4931 2960 5002 jacturain
3000 4932 3179 5001 aliquo
3208 4934 3367 4987 modo
3398 4931 3661 4986 resarcire
3684 4928 3844 4982 voluit

2297 5020 2593 5077 Garnerius
2627 5030 2738 5075 tum
2778 5021 3033 5090 Epistolis
3064 5023 3172 5077 illis
3218 5038 3352 5088 quas
3404 5021 3471 5077 ad
3521 5022 3840 5091 locupletan-

2297 5114 2423 5167 dum
2487 5124 2687 5167 tomum
2754 5116 2971 5168 tertium
3034 5115 3282 5168 editionis
3342 5115 3731 5167 Sirmondianie
3778 5109 3842 5164 ab

2300 5205 2457 5258 initio
2506 5205 2747 5259 Auctarii
2778 5207 2861 5259 sui
2906 5206 3185 5270 exhibuit,
3218 5216 3329 5259 tum
3375 5205 3747 5259 dissertatione
3777 5200 3855 5261 5..

2297 5296 2492 5349 ibidem
2548 5298 2771 5359 inserta,
2830 5313 2948 5366 Quae
2982 5298 3295 5350 inscribitur
3331 5295 3403 5349 De
3435 5294 3737 5348 Theodoreti
3793 5300 3837 5343 et

2304 5382 2656 5436 Orientalium
2692 5400 2873 5437 causa.
2913 5383 3035 5437 llazc
3065 5394 3174 5437 tota
3222 5384 3552 5445 dissertatio,
3601 5398 3717 5450 quae
3755 5394 3841 5431 ελ-

2299 5476 2685 5542 ειιεειειὶοιιειιι
2735 5476 3028 5529 multorum
3077 5474 3297 5535 fefellit,
3344 5473 3477 5527 nihil
3523 5480 3710 5541 praeter
3749 5483 3839 5521 va-

717 5678 916 5748 (a),Ex
958 5680 1056 5734 hac
1110 5690 1285 5734 tamen
1338 5679 1559 5734 historia
1611 5680 1758 5748 (cap.
1815 5675 1932 5744 15),
1987 5685 2039 5732 ει
2084 5664 2188 5732 nun
2230 5678 2465 5741 aliunde,
2532 5694 2593 5733 ea
2651 5677 2976 5748 paucissima
3010 5673 3267 5730 habemus
3295 5689 3413 5743 qua:
3441 5673 3506 5728 dc
3536 5672 3709 5740 seipse
3737 5677 3845 5721 ιτα--

642 5747 782 5807 didit
804 5747 1187 5806 Theodoretos.
1222 5752 1374 5806 Eutr.
1417 5749 1583 5804 Pun.
