  <div class='ocr_page' id='page_1' title='image "/cluster/home/n/w/nwhite01/storage/ocr_20150623/80/hvd.32044009825613/044.png"; bbox 0 0 3924 6524; ppageno 0'>
   <div class='ocr_carea' id='block_1_1' title="bbox 128 360 1686 451">
    <p class='ocr_par' dir='ltr' id='par_1_1' title="bbox 128 360 1686 434">
     <span class='ocr_line' id='line_1_1' title="bbox 128 360 1686 434; baseline 0.004 -7"><span class='ocrx_word' id='word_1_1' title='bbox 128 360 176 427; x_wconf 71' lang='grc'><strong>61</strong></span> <span class='ocrx_word' id='word_1_2' title='bbox 1470 374 1686 434; x_wconf 83' lang='lat' dir='ltr'><strong>DISSE</strong></span> 
     </span>
    </p>
   </div>
   <div class='ocr_carea' id='block_1_2' title="bbox 1787 360 3357 451">
    <p class='ocr_par' dir='ltr' id='par_1_2' title="bbox 1787 378 3357 451">
     <span class='ocr_line' id='line_1_2' title="bbox 1787 378 3357 451; baseline 0.01 -15"><span class='ocrx_word' id='word_1_3' title='bbox 1787 378 1991 439; x_wconf 71' lang='lat' dir='ltr'><strong>&#39;ATIO.</strong></span> <span class='ocrx_word' id='word_1_4' title='bbox 3284 387 3357 451; x_wconf 72' lang='grc'><strong>62</strong></span> 
     </span>
    </p>
   </div>
   <div class='ocr_carea' id='block_1_3' title="bbox 125 477 3353 565">
    <p class='ocr_par' dir='ltr' id='par_1_3' title="bbox 125 477 3353 565">
     <span class='ocr_line' id='line_1_3' title="bbox 125 477 3353 565; baseline 0.008 -32"><span class='ocrx_word' id='word_1_5' title='bbox 125 484 293 533; x_wconf 77' lang='lat' dir='ltr'><strong>rictum</strong></span> <span class='ocrx_word' id='word_1_6' title='bbox 312 477 544 535; x_wconf 83' lang='lat' dir='ltr'><strong>Patrum</strong></span> <span class='ocrx_word' id='word_1_7' title='bbox 572 482 846 552; x_wconf 78' lang='lat' dir='ltr'><strong>epistolas</strong></span> <span class='ocrx_word' id='word_1_8' title='bbox 880 483 1140 550; x_wconf 89' lang='lat' dir='ltr'><strong>continet,</strong></span> <span class='ocrx_word' id='word_1_9' title='bbox 1164 485 1396 553; x_wconf 87' lang='lat' dir='ltr'><strong>primum</strong></span> <span class='ocrx_word' id='word_1_10' title='bbox 1425 503 1454 538; x_wconf 88' lang='lat' dir='ltr'><strong>a</strong></span> <span class='ocrx_word' id='word_1_11' title='bbox 1478 488 1681 543; x_wconf 90' lang='lat' dir='ltr'><strong>Christ.</strong></span> <span class='ocrx_word' id='word_1_12' title='bbox 1711 503 1758 552; x_wconf 71' lang='grc' dir='ltr'>Α</span> <span class='ocrx_word' id='word_1_13' title='bbox 1784 492 2098 562; x_wconf 89' lang='lat' dir='ltr'><strong>episcopum</strong></span> <span class='ocrx_word' id='word_1_14' title='bbox 2146 492 2326 556; x_wconf 88' lang='lat' dir='ltr'><strong>dedit.</strong></span> <span class='ocrx_word' id='word_1_15' title='bbox 2381 510 2501 565; x_wconf 64' lang='lat' dir='ltr'><strong>quie</strong></span> <span class='ocrx_word' id='word_1_16' title='bbox 2548 497 2821 565; x_wconf 75' lang='lat' dir='ltr'><strong>posterior</strong></span> <span class='ocrx_word' id='word_1_17' title='bbox 2873 498 3015 553; x_wconf 84' lang='lat' dir='ltr'><strong>haud</strong></span> <span class='ocrx_word' id='word_1_18' title='bbox 3060 500 3353 558; x_wconf 84' lang='lat' dir='ltr'><strong>obscurum</strong></span> 
     </span>
    </p>
   </div>
   <div class='ocr_carea' id='block_1_4' title="bbox 120 574 1685 645">
    <p class='ocr_par' dir='ltr' id='par_1_4' title="bbox 120 574 1685 645">
     <span class='ocr_line' id='line_1_4' title="bbox 120 574 1685 645; baseline 0.008 -21"><span class='ocrx_word' id='word_1_19' title='bbox 120 574 263 642; x_wconf 65' lang='lat' dir='ltr'><strong>Lupo,</strong></span> <span class='ocrx_word' id='word_1_20' title='bbox 297 582 491 639; x_wconf 80' lang='lat' dir='ltr'><strong>postea</strong></span> <span class='ocrx_word' id='word_1_21' title='bbox 514 589 545 627; x_wconf 90' lang='lat' dir='ltr'><strong>a</strong></span> <span class='ocrx_word' id='word_1_22' title='bbox 586 575 787 645; x_wconf 77' lang='lat' dir='ltr'><strong>Steph.</strong></span> <span class='ocrx_word' id='word_1_23' title='bbox 820 576 1047 632; x_wconf 85' lang='lat' dir='ltr'><strong>Baluzio</strong></span> <span class='ocrx_word' id='word_1_24' title='bbox 1084 578 1139 631; x_wconf 91' lang='lat' dir='ltr'><strong>in</strong></span> <span class='ocrx_word' id='word_1_25' title='bbox 1182 594 1322 633; x_wconf 74' lang='lat' dir='ltr'><strong>nova</strong></span> <span class='ocrx_word' id='word_1_26' title='bbox 1352 579 1685 636; x_wconf 87' lang='lat' dir='ltr'><strong>Collectione</strong></span> 
     </span>
    </p>
   </div>
   <div class='ocr_carea' id='block_1_5' title="bbox 115 665 1685 742">
    <p class='ocr_par' dir='ltr' id='par_1_5' title="bbox 115 665 1685 742">
     <span class='ocr_line' id='line_1_5' title="bbox 115 665 1685 742; baseline 0.004 -22"><span class='ocrx_word' id='word_1_27' title='bbox 115 665 449 720; x_wconf 60' lang='lat' dir='ltr'><strong>anciliorum</strong></span> <span class='ocrx_word' id='word_1_28' title='bbox 506 667 616 721; x_wconf 89' lang='lat' dir='ltr'><strong>sub</strong></span> <span class='ocrx_word' id='word_1_29' title='bbox 663 670 895 725; x_wconf 87' lang='lat' dir='ltr'><strong>nomine</strong></span> <span class='ocrx_word' id='word_1_30' title='bbox 941 670 1196 742; x_wconf 87' lang='lat' dir='ltr'><strong>Synodici</strong></span> <span class='ocrx_word' id='word_1_31' title='bbox 1246 672 1510 727; x_wconf 87' lang='lat' dir='ltr'><strong>adversus</strong></span> <span class='ocrx_word' id='word_1_32' title='bbox 1549 671 1685 726; x_wconf 89' lang='lat' dir='ltr'><strong>Tra-</strong></span> 
     </span>
    </p>
   </div>
   <div class='ocr_carea' id='block_1_6' title="bbox 112 756 1682 829">
    <p class='ocr_par' dir='ltr' id='par_1_6' title="bbox 112 756 1682 829">
     <span class='ocr_line' id='line_1_6' title="bbox 112 756 1682 829; baseline 0.007 -20"><span class='ocrx_word' id='word_1_33' title='bbox 112 758 321 827; x_wconf 60' lang='lat' dir='ltr'><strong>goediam</strong></span> <span class='ocrx_word' id='word_1_34' title='bbox 353 756 573 821; x_wconf 58' lang='lat' dir='ltr'><strong>Remi,</strong></span> <span class='ocrx_word' id='word_1_35' title='bbox 605 760 811 816; x_wconf 88' lang='lat' dir='ltr'><strong>editas.</strong></span> <span class='ocrx_word' id='word_1_36' title='bbox 844 760 975 817; x_wconf 84' lang='lat' dir='ltr'><strong>Jure</strong></span> <span class='ocrx_word' id='word_1_37' title='bbox 1004 773 1183 817; x_wconf 90' lang='lat' dir='ltr'><strong>autem</strong></span> <span class='ocrx_word' id='word_1_38' title='bbox 1216 764 1518 829; x_wconf 71' lang='lat' dir='ltr'><strong>dubitatur,</strong></span> <span class='ocrx_word' id='word_1_39' title='bbox 1551 780 1682 820; x_wconf 91' lang='lat' dir='ltr'><strong>num</strong></span> 
     </span>
    </p>
   </div>
   <div class='ocr_carea' id='block_1_7' title="bbox 108 847 1683 921">
    <p class='ocr_par' dir='ltr' id='par_1_7' title="bbox 108 847 1683 921">
     <span class='ocr_line' id='line_1_7' title="bbox 108 847 1683 921; baseline 0.008 -24"><span class='ocrx_word' id='word_1_40' title='bbox 108 848 336 916; x_wconf 70' lang='lat' dir='ltr'><strong>genuina:</strong></span> <span class='ocrx_word' id='word_1_41' title='bbox 359 847 475 901; x_wconf 89' lang='lat' dir='ltr'><strong>sint</strong></span> <span class='ocrx_word' id='word_1_42' title='bbox 509 848 637 902; x_wconf 60' lang='lat' dir='ltr'><strong>ista</strong></span> <span class='ocrx_word' id='word_1_43' title='bbox 660 852 931 919; x_wconf 76' lang='lat' dir='ltr'><strong>epistolze,</strong></span> <span class='ocrx_word' id='word_1_44' title='bbox 983 868 1119 921; x_wconf 88' lang='lat' dir='ltr'><strong>quas</strong></span> <span class='ocrx_word' id='word_1_45' title='bbox 1146 853 1447 910; x_wconf 87' lang='lat' dir='ltr'><strong>Garnerius</strong></span> <span class='ocrx_word' id='word_1_46' title='bbox 1474 854 1683 910; x_wconf 86' lang='lat' dir='ltr'><strong>Nostro</strong></span> 
     </span>
    </p>
   </div>
   <div class='ocr_carea' id='block_1_8' title="bbox 111 935 1683 1016">
    <p class='ocr_par' dir='ltr' id='par_1_8' title="bbox 111 935 1683 1016">
     <span class='ocr_line' id='line_1_8' title="bbox 111 935 1683 1016; baseline 0.008 -28"><span class='ocrx_word' id='word_1_47' title='bbox 111 935 362 990; x_wconf 76' lang='lat' dir='ltr'><strong>vindicare</strong></span> <span class='ocrx_word' id='word_1_48' title='bbox 396 938 606 993; x_wconf 74' lang='lat' dir='ltr'><strong>voluit.</strong></span> <span class='ocrx_word' id='word_1_49' title='bbox 650 942 806 995; x_wconf 81' lang='lat' dir='ltr'><strong>Adeo</strong></span> <span class='ocrx_word' id='word_1_50' title='bbox 854 942 999 996; x_wconf 86' lang='lat' dir='ltr'><strong>enim</strong></span> <span class='ocrx_word' id='word_1_51' title='bbox 1035 941 1245 997; x_wconf 84' lang='lat' dir='ltr'><strong>fervore</strong></span> <span class='ocrx_word' id='word_1_52' title='bbox 1291 959 1393 998; x_wconf 92' lang='lat' dir='ltr'><strong>suo</strong></span> <span class='ocrx_word' id='word_1_53' title='bbox 1429 947 1683 1016; x_wconf 87' lang='lat' dir='ltr'><strong>abreptus</strong></span> 
     </span>
    </p>
   </div>
   <div class='ocr_carea' id='block_1_9' title="bbox 106 1030 1683 1105">
    <p class='ocr_par' dir='ltr' id='par_1_9' title="bbox 106 1030 1683 1105">
     <span class='ocr_line' id='line_1_9' title="bbox 106 1030 1683 1105; baseline 0.006 -24"><span class='ocrx_word' id='word_1_54' title='bbox 106 1042 197 1091; x_wconf 75' lang='lat' dir='ltr'><strong>est,</strong></span> <span class='ocrx_word' id='word_1_55' title='bbox 238 1041 289 1082; x_wconf 85' lang='lat' dir='ltr'><strong>ut</strong></span> <span class='ocrx_word' id='word_1_56' title='bbox 320 1030 490 1083; x_wconf 82' lang='lat' dir='ltr'><strong>etiam</strong></span> <span class='ocrx_word' id='word_1_57' title='bbox 535 1031 655 1085; x_wconf 83' lang='lat' dir='ltr'><strong>illis</strong></span> <span class='ocrx_word' id='word_1_58' title='bbox 690 1032 855 1086; x_wconf 88' lang='lat' dir='ltr'><strong>tidem</strong></span> <span class='ocrx_word' id='word_1_59' title='bbox 896 1033 1133 1098; x_wconf 84' lang='lat' dir='ltr'><strong>dederit,</strong></span> <span class='ocrx_word' id='word_1_60' title='bbox 1183 1050 1304 1103; x_wconf 73' lang='lat' dir='ltr'><strong>quae</strong></span> <span class='ocrx_word' id='word_1_61' title='bbox 1336 1036 1683 1105; x_wconf 89' lang='lat' dir='ltr'><strong>apertissima</strong></span> 
     </span>
    </p>
   </div>
   <div class='ocr_carea' id='block_1_10' title="bbox 107 1120 1686 1196">
    <p class='ocr_par' dir='ltr' id='par_1_10' title="bbox 107 1120 1686 1196">
     <span class='ocr_line' id='line_1_10' title="bbox 107 1120 1686 1196; baseline 0.007 -25"><span class='ocrx_word' id='word_1_62' title='bbox 107 1120 296 1181; x_wconf 49' lang='lat' dir='ltr'><strong>vasta;</strong></span> <span class='ocrx_word' id='word_1_63' title='bbox 361 1121 579 1174; x_wconf 77' lang='lat' dir='ltr'><strong>habent</strong></span> <span class='ocrx_word' id='word_1_64' title='bbox 637 1123 865 1189; x_wconf 87' lang='lat' dir='ltr'><strong>indicia,</strong></span> <span class='ocrx_word' id='word_1_65' title='bbox 921 1124 1099 1194; x_wconf 85' lang='lat' dir='ltr'><strong>qualis</strong></span> <span class='ocrx_word' id='word_1_66' title='bbox 1147 1134 1230 1180; x_wconf 89' lang='lat' dir='ltr'><strong>est</strong></span> <span class='ocrx_word' id='word_1_67' title='bbox 1272 1126 1358 1179; x_wconf 88' lang='lat' dir='ltr'><strong>illa</strong></span> <span class='ocrx_word' id='word_1_68' title='bbox 1399 1143 1559 1196; x_wconf 86' lang='lat' dir='ltr'><strong>quam</strong></span> <span class='ocrx_word' id='word_1_69' title='bbox 1620 1129 1686 1183; x_wconf 90' lang='lat' dir='ltr'><strong>de</strong></span> 
     </span>
    </p>
   </div>
   <div class='ocr_carea' id='block_1_11' title="bbox 107 1211 1686 1289">
    <p class='ocr_par' dir='ltr' id='par_1_11' title="bbox 107 1211 1686 1289">
     <span class='ocr_line' id='line_1_11' title="bbox 107 1211 1686 1289; baseline 0.006 -26"><span class='ocrx_word' id='word_1_70' title='bbox 107 1214 235 1265; x_wconf 81' lang='lat' dir='ltr'><strong>obitu</strong></span> <span class='ocrx_word' id='word_1_71' title='bbox 269 1211 464 1282; x_wconf 74' lang='lat' dir='ltr'><strong>Cyrilli</strong></span> <span class='ocrx_word' id='word_1_72' title='bbox 510 1213 587 1266; x_wconf 83' lang='lat' dir='ltr'><strong>ad</strong></span> <span class='ocrx_word' id='word_1_73' title='bbox 640 1213 908 1269; x_wconf 81' lang='lat' dir='ltr'><strong>Joannem</strong></span> <span class='ocrx_word' id='word_1_74' title='bbox 952 1217 1347 1272; x_wconf 84' lang='lat' dir='ltr'><strong>Antiochenum</strong></span> <span class='ocrx_word' id='word_1_75' title='bbox 1400 1218 1686 1289; x_wconf 86' lang='lat' dir='ltr'><strong>scripsisse</strong></span> 
     </span>
    </p>
   </div>
   <div class='ocr_carea' id='block_1_12' title="bbox 110 1303 1686 1379">
    <p class='ocr_par' dir='ltr' id='par_1_12' title="bbox 110 1303 1686 1379">
     <span class='ocr_line' id='line_1_12' title="bbox 110 1303 1686 1379; baseline 0.008 -24"><span class='ocrx_word' id='word_1_76' title='bbox 110 1306 298 1366; x_wconf 72' lang='lat' dir='ltr'><strong>dicitur,</strong></span> <span class='ocrx_word' id='word_1_77' title='bbox 358 1303 433 1358; x_wconf 86' lang='lat' dir='ltr'><strong>de</strong></span> <span class='ocrx_word' id='word_1_78' title='bbox 477 1322 598 1375; x_wconf 85' lang='lat' dir='ltr'><strong>qua</strong></span> <span class='ocrx_word' id='word_1_79' title='bbox 649 1306 766 1376; x_wconf 89' lang='lat' dir='ltr'><strong>jam</strong></span> <span class='ocrx_word' id='word_1_80' title='bbox 814 1309 922 1361; x_wconf 91' lang='lat' dir='ltr'><strong>alio</strong></span> <span class='ocrx_word' id='word_1_81' title='bbox 972 1310 1091 1363; x_wconf 91' lang='lat' dir='ltr'><strong>loco</strong></span> <span class='ocrx_word' id='word_1_82' title='bbox 1132 1310 1544 1379; x_wconf 85' lang='lat' dir='ltr'><strong>disputavimus.</strong></span> <span class='ocrx_word' id='word_1_83' title='bbox 1579 1310 1686 1367; x_wconf 76' lang='lat' dir='ltr'><strong>Nec</strong></span> 
     </span>
    </p>
   </div>
   <div class='ocr_carea' id='block_1_13' title="bbox 108 1397 1687 1472">
    <p class='ocr_par' dir='ltr' id='par_1_13' title="bbox 108 1397 1687 1472">
     <span class='ocr_line' id='line_1_13' title="bbox 108 1397 1687 1472; baseline 0.006 -22"><span class='ocrx_word' id='word_1_84' title='bbox 108 1397 262 1450; x_wconf 65' lang='lat' dir='ltr'><strong>multis</strong></span> <span class='ocrx_word' id='word_1_85' title='bbox 314 1400 652 1468; x_wconf 83' lang='lat' dir='ltr'><strong>urgendum</strong></span> <span class='ocrx_word' id='word_1_86' title='bbox 706 1401 838 1469; x_wconf 89' lang='lat' dir='ltr'><strong>erit,</strong></span> <span class='ocrx_word' id='word_1_87' title='bbox 890 1405 1035 1471; x_wconf 89' lang='lat' dir='ltr'><strong>quod</strong></span> <span class='ocrx_word' id='word_1_88' title='bbox 1080 1403 1190 1472; x_wconf 88' lang='lat' dir='ltr'><strong>jam</strong></span> <span class='ocrx_word' id='word_1_89' title='bbox 1245 1418 1307 1457; x_wconf 86' lang='lat' dir='ltr'><strong>ex</strong></span> <span class='ocrx_word' id='word_1_90' title='bbox 1352 1402 1582 1459; x_wconf 89' lang='lat' dir='ltr'><strong>Leontio</strong></span> <span class='ocrx_word' id='word_1_91' title='bbox 1633 1415 1687 1460; x_wconf 92' lang='lat' dir='ltr'><strong>et</strong></span> 
     </span>
    </p>
   </div>
   <div class='ocr_carea' id='block_1_14' title="bbox 108 1489 1686 1560">
    <p class='ocr_par' dir='ltr' id='par_1_14' title="bbox 108 1489 1686 1560">
     <span class='ocr_line' id='line_1_14' title="bbox 108 1489 1686 1560; baseline 0.007 -20"><span class='ocrx_word' id='word_1_92' title='bbox 108 1490 277 1541; x_wconf 71' lang='lat' dir='ltr'><strong>Aﬂatio</strong></span> <span class='ocrx_word' id='word_1_93' title='bbox 312 1489 371 1543; x_wconf 90' lang='lat' dir='ltr'><strong>in</strong></span> <span class='ocrx_word' id='word_1_94' title='bbox 427 1491 835 1560; x_wconf 84' lang='lat' dir='ltr'><strong>superioribus</strong></span> <span class='ocrx_word' id='word_1_95' title='bbox 872 1494 1104 1549; x_wconf 86' lang='lat' dir='ltr'><strong>evictum</strong></span> <span class='ocrx_word' id='word_1_96' title='bbox 1157 1493 1444 1560; x_wconf 89' lang='lat' dir='ltr'><strong>dedimus,</strong></span> <span class='ocrx_word' id='word_1_97' title='bbox 1488 1496 1686 1551; x_wconf 89' lang='lat' dir='ltr'><strong>multas</strong></span> 
     </span>
    </p>
   </div>
   <div class='ocr_carea' id='block_1_15' title="bbox 106 1579 1685 1658">
    <p class='ocr_par' dir='ltr' id='par_1_15' title="bbox 106 1579 1685 1658">
     <span class='ocr_line' id='line_1_15' title="bbox 106 1579 1685 1658; baseline 0.005 -23"><span class='ocrx_word' id='word_1_98' title='bbox 106 1582 188 1635; x_wconf 74' lang='lat' dir='ltr'><strong>sub</strong></span> <span class='ocrx_word' id='word_1_99' title='bbox 214 1579 405 1636; x_wconf 80' lang='lat' dir='ltr'><strong>Nostri</strong></span> <span class='ocrx_word' id='word_1_100' title='bbox 449 1585 694 1639; x_wconf 88' lang='lat' dir='ltr'><strong>nomine</strong></span> <span class='ocrx_word' id='word_1_101' title='bbox 728 1586 796 1639; x_wconf 92' lang='lat' dir='ltr'><strong>ab</strong></span> <span class='ocrx_word' id='word_1_102' title='bbox 840 1585 950 1639; x_wconf 90' lang='lat' dir='ltr'><strong>illis</strong></span> <span class='ocrx_word' id='word_1_103' title='bbox 997 1589 1088 1655; x_wconf 86' lang='lat' dir='ltr'><strong>qui</strong></span> <span class='ocrx_word' id='word_1_104' title='bbox 1132 1584 1247 1658; x_wconf 73' lang='grc'><strong>[45]</strong></span> <span class='ocrx_word' id='word_1_105' title='bbox 1286 1586 1520 1642; x_wconf 87' lang='lat' dir='ltr'><strong>Nestorii</strong></span> <span class='ocrx_word' id='word_1_106' title='bbox 1558 1603 1685 1658; x_wconf 87' lang='lat' dir='ltr'><strong>par-</strong></span> 
     </span>
    </p>
   </div>
   <div class='ocr_carea' id='block_1_16' title="bbox 106 1675 1686 1746">
    <p class='ocr_par' dir='ltr' id='par_1_16' title="bbox 106 1675 1686 1746">
     <span class='ocr_line' id='line_1_16' title="bbox 106 1675 1686 1746; baseline 0.006 -21"><span class='ocrx_word' id='word_1_107' title='bbox 106 1677 223 1729; x_wconf 74' lang='lat' dir='ltr'><strong>tibus</strong></span> <span class='ocrx_word' id='word_1_108' title='bbox 247 1675 467 1731; x_wconf 80' lang='lat' dir='ltr'><strong>addicti</strong></span> <span class='ocrx_word' id='word_1_109' title='bbox 504 1688 696 1743; x_wconf 87' lang='lat' dir='ltr'><strong>erant,</strong></span> <span class='ocrx_word' id='word_1_110' title='bbox 730 1678 883 1733; x_wconf 83' lang='lat' dir='ltr'><strong>[ictas</strong></span> <span class='ocrx_word' id='word_1_111' title='bbox 906 1695 1029 1734; x_wconf 86' lang='lat' dir='ltr'><strong>esse</strong></span> <span class='ocrx_word' id='word_1_112' title='bbox 1058 1680 1286 1735; x_wconf 81' lang='lat' dir='ltr'><strong>litteras.</strong></span> <span class='ocrx_word' id='word_1_113' title='bbox 1322 1679 1533 1746; x_wconf 85' lang='lat' dir='ltr'><strong>Quanta</strong></span> <span class='ocrx_word' id='word_1_114' title='bbox 1584 1698 1686 1735; x_wconf 90' lang='lat' dir='ltr'><strong>au-</strong></span> 
     </span>
    </p>
   </div>
   <div class='ocr_carea' id='block_1_17' title="bbox 104 1766 1684 1829">
    <p class='ocr_par' dir='ltr' id='par_1_17' title="bbox 104 1766 1684 1829">
     <span class='ocr_line' id='line_1_17' title="bbox 104 1766 1684 1829; baseline 0.005 -8"><span class='ocrx_word' id='word_1_115' title='bbox 104 1781 187 1821; x_wconf 71' lang='lat' dir='ltr'><strong>teut</strong></span> <span class='ocrx_word' id='word_1_116' title='bbox 266 1766 376 1822; x_wconf 83' lang='lat' dir='ltr'><strong>fuit</strong></span> <span class='ocrx_word' id='word_1_117' title='bbox 448 1768 719 1824; x_wconf 88' lang='lat' dir='ltr'><strong>Garnerii</strong></span> <span class='ocrx_word' id='word_1_118' title='bbox 774 1771 1012 1825; x_wconf 77' lang='lat' dir='ltr'><strong>facilitas</strong></span> <span class='ocrx_word' id='word_1_119' title='bbox 1068 1771 1123 1826; x_wconf 93' lang='lat' dir='ltr'><strong>in</strong></span> <span class='ocrx_word' id='word_1_120' title='bbox 1179 1773 1527 1828; x_wconf 84' lang='lat' dir='ltr'><strong>admittendis</strong></span> <span class='ocrx_word' id='word_1_121' title='bbox 1579 1774 1684 1829; x_wconf 89' lang='lat' dir='ltr'><strong>illis</strong></span> 
     </span>
    </p>
   </div>
   <div class='ocr_carea' id='block_1_18' title="bbox 104 1858 1683 1933">
    <p class='ocr_par' dir='ltr' id='par_1_18' title="bbox 104 1858 1683 1933">
     <span class='ocr_line' id='line_1_18' title="bbox 104 1858 1683 1933; baseline 0.006 -23"><span class='ocrx_word' id='word_1_122' title='bbox 104 1858 343 1926; x_wconf 58' lang='lat' dir='ltr'><strong>mistolis,</strong></span> <span class='ocrx_word' id='word_1_123' title='bbox 382 1875 545 1929; x_wconf 86' lang='lat' dir='ltr'><strong>quas</strong></span> <span class='ocrx_word' id='word_1_124' title='bbox 590 1862 663 1916; x_wconf 84' lang='lat' dir='ltr'><strong>ad</strong></span> <span class='ocrx_word' id='word_1_125' title='bbox 708 1877 825 1917; x_wconf 87' lang='lat' dir='ltr'><strong>rem</strong></span> <span class='ocrx_word' id='word_1_126' title='bbox 862 1879 1014 1915; x_wconf 81' lang='lat' dir='ltr'><strong>suam</strong></span> <span class='ocrx_word' id='word_1_127' title='bbox 1061 1862 1238 1917; x_wconf 82' lang='lat' dir='ltr'><strong>facere</strong></span> <span class='ocrx_word' id='word_1_128' title='bbox 1266 1865 1494 1933; x_wconf 75' lang='lat' dir='ltr'><strong>putavit,</strong></span> <span class='ocrx_word' id='word_1_129' title='bbox 1536 1874 1683 1920; x_wconf 86' lang='lat' dir='ltr'><strong>tanta</strong></span> 
     </span>
    </p>
   </div>
   <div class='ocr_carea' id='block_1_19' title="bbox 102 1950 1685 2026">
    <p class='ocr_par' dir='ltr' id='par_1_19' title="bbox 102 1950 1685 2026">
     <span class='ocr_line' id='line_1_19' title="bbox 102 1950 1685 2026; baseline 0.006 -24"><span class='ocrx_word' id='word_1_130' title='bbox 102 1951 204 2019; x_wconf 76' lang='lat' dir='ltr'><strong>ejus</strong></span> <span class='ocrx_word' id='word_1_131' title='bbox 234 1950 340 2004; x_wconf 84' lang='lat' dir='ltr'><strong>fuit</strong></span> <span class='ocrx_word' id='word_1_132' title='bbox 374 1954 726 2018; x_wconf 88' lang='lat' dir='ltr'><strong>morositas,</strong></span> <span class='ocrx_word' id='word_1_133' title='bbox 781 1954 826 2009; x_wconf 91' lang='lat' dir='ltr'><strong>si</strong></span> <span class='ocrx_word' id='word_1_134' title='bbox 865 1953 934 2007; x_wconf 91' lang='lat' dir='ltr'><strong>de</strong></span> <span class='ocrx_word' id='word_1_135' title='bbox 963 1954 1071 2009; x_wconf 85' lang='lat' dir='ltr'><strong>illis</strong></span> <span class='ocrx_word' id='word_1_136' title='bbox 1102 1956 1353 2025; x_wconf 80' lang='lat' dir='ltr'><strong>agitanda</strong></span> <span class='ocrx_word' id='word_1_137' title='bbox 1389 1966 1504 2011; x_wconf 90' lang='lat' dir='ltr'><strong>erat</strong></span> <span class='ocrx_word' id='word_1_138' title='bbox 1536 1974 1685 2026; x_wconf 67' lang='lat' dir='ltr'><strong>quaa-</strong></span> 
     </span>
    </p>
   </div>
   <div class='ocr_carea' id='block_1_20' title="bbox 104 2044 1685 2117">
    <p class='ocr_par' dir='ltr' id='par_1_20' title="bbox 104 2044 1685 2117">
     <span class='ocr_line' id='line_1_20' title="bbox 104 2044 1685 2117; baseline 0.004 -22"><span class='ocrx_word' id='word_1_139' title='bbox 104 2044 210 2106; x_wconf 62' lang='lat' dir='ltr'><strong>stio,</strong></span> <span class='ocrx_word' id='word_1_140' title='bbox 246 2058 376 2111; x_wconf 70' lang='lat' dir='ltr'><strong>quae</strong></span> <span class='ocrx_word' id='word_1_141' title='bbox 435 2053 691 2098; x_wconf 84' lang='lat' dir='ltr'><strong>mentem</strong></span> <span class='ocrx_word' id='word_1_142' title='bbox 730 2044 1058 2101; x_wconf 84' lang='lat' dir='ltr'><strong>Theodoreti</strong></span> <span class='ocrx_word' id='word_1_143' title='bbox 1114 2048 1181 2100; x_wconf 91' lang='lat' dir='ltr'><strong>ab</strong></span> <span class='ocrx_word' id='word_1_144' title='bbox 1225 2048 1406 2117; x_wconf 88' lang='lat' dir='ltr'><strong>impiis</strong></span> <span class='ocrx_word' id='word_1_145' title='bbox 1453 2046 1685 2104; x_wconf 85' lang='lat' dir='ltr'><strong>Nestorii</strong></span> 
     </span>
    </p>
   </div>
   <div class='ocr_carea' id='block_1_21' title="bbox 104 2136 1683 2209">
    <p class='ocr_par' dir='ltr' id='par_1_21' title="bbox 104 2136 1683 2209">
     <span class='ocr_line' id='line_1_21' title="bbox 104 2136 1683 2209; baseline 0.004 -21"><span class='ocrx_word' id='word_1_146' title='bbox 104 2136 348 2188; x_wconf 67' lang='lat' dir='ltr'><strong>doctrinis</strong></span> <span class='ocrx_word' id='word_1_147' title='bbox 382 2137 648 2191; x_wconf 86' lang='lat' dir='ltr'><strong>alienam</strong></span> <span class='ocrx_word' id='word_1_148' title='bbox 677 2147 969 2191; x_wconf 89' lang='lat' dir='ltr'><strong>testantur.</strong></span> <span class='ocrx_word' id='word_1_149' title='bbox 1013 2136 1151 2193; x_wconf 85' lang='lat' dir='ltr'><strong>Hinc</strong></span> <span class='ocrx_word' id='word_1_150' title='bbox 1185 2155 1282 2206; x_wconf 85' lang='lat' dir='ltr'><strong>pro</strong></span> <span class='ocrx_word' id='word_1_151' title='bbox 1310 2141 1539 2209; x_wconf 85' lang='lat' dir='ltr'><strong>genuina</strong></span> <span class='ocrx_word' id='word_1_152' title='bbox 1576 2157 1683 2195; x_wconf 91' lang='lat' dir='ltr'><strong>non</strong></span> 
     </span>
    </p>
   </div>
   <div class='ocr_carea' id='block_1_22' title="bbox 106 2228 1687 2303">
    <p class='ocr_par' dir='ltr' id='par_1_22' title="bbox 106 2228 1687 2303">
     <span class='ocr_line' id='line_1_22' title="bbox 106 2228 1687 2303; baseline 0.004 -22"><span class='ocrx_word' id='word_1_153' title='bbox 106 2230 272 2282; x_wconf 71' lang='lat' dir='ltr'><strong>habuit</strong></span> <span class='ocrx_word' id='word_1_154' title='bbox 299 2228 635 2299; x_wconf 81' lang='lat' dir='ltr'><strong>Epistulam</strong></span> <span class='ocrx_word' id='word_1_155' title='bbox 678 2231 746 2285; x_wconf 90' lang='lat' dir='ltr'><strong>ad</strong></span> <span class='ocrx_word' id='word_1_156' title='bbox 793 2230 1132 2300; x_wconf 81' lang='lat' dir='ltr'><strong>Sporacium.</strong></span> <span class='ocrx_word' id='word_1_157' title='bbox 1179 2248 1299 2303; x_wconf 65' lang='lat' dir='ltr'><strong>quae</strong></span> <span class='ocrx_word' id='word_1_158' title='bbox 1326 2249 1355 2286; x_wconf 93' lang='lat' dir='ltr'><strong>a</strong></span> <span class='ocrx_word' id='word_1_159' title='bbox 1398 2234 1687 2288; x_wconf 79' lang='lat' dir='ltr'><strong>Sirtnondo</strong></span> 
     </span>
    </p>
   </div>
   <div class='ocr_carea' id='block_1_23' title="bbox 104 2323 1687 2395">
    <p class='ocr_par' dir='ltr' id='par_1_23' title="bbox 104 2323 1687 2395">
     <span class='ocr_line' id='line_1_23' title="bbox 104 2323 1687 2395; baseline 0.003 -23"><span class='ocrx_word' id='word_1_160' title='bbox 104 2323 148 2373; x_wconf 77' lang='lat' dir='ltr'><strong>ia</strong></span> <span class='ocrx_word' id='word_1_161' title='bbox 164 2323 560 2392; x_wconf 75' lang='lat' dir='ltr'><strong>Appendicem</strong></span> <span class='ocrx_word' id='word_1_162' title='bbox 592 2331 679 2376; x_wconf 89' lang='lat' dir='ltr'><strong>est</strong></span> <span class='ocrx_word' id='word_1_163' title='bbox 704 2323 893 2389; x_wconf 89' lang='lat' dir='ltr'><strong>relata,</strong></span> <span class='ocrx_word' id='word_1_164' title='bbox 923 2339 1027 2378; x_wconf 94' lang='lat' dir='ltr'><strong>non</strong></span> <span class='ocrx_word' id='word_1_165' title='bbox 1052 2325 1179 2393; x_wconf 88' lang='lat' dir='ltr'><strong>quia</strong></span> <span class='ocrx_word' id='word_1_166' title='bbox 1207 2325 1447 2394; x_wconf 87' lang='lat' dir='ltr'><strong>spuriam</strong></span> <span class='ocrx_word' id='word_1_167' title='bbox 1480 2328 1687 2395; x_wconf 88' lang='lat' dir='ltr'><strong>putavit</strong></span> 
     </span>
    </p>
   </div>
   <div class='ocr_carea' id='block_1_24' title="bbox 107 2413 1683 2486">
    <p class='ocr_par' dir='ltr' id='par_1_24' title="bbox 107 2413 1683 2486">
     <span class='ocr_line' id='line_1_24' title="bbox 107 2413 1683 2486; baseline 0.004 -21"><span class='ocrx_word' id='word_1_168' title='bbox 107 2416 252 2479; x_wconf 75' lang='lat' dir='ltr'><strong>iilatn,</strong></span> <span class='ocrx_word' id='word_1_169' title='bbox 289 2425 353 2468; x_wconf 89' lang='lat' dir='ltr'><strong>ut</strong></span> <span class='ocrx_word' id='word_1_170' title='bbox 392 2413 720 2469; x_wconf 85' lang='lat' dir='ltr'><strong>Garnerius</strong></span> <span class='ocrx_word' id='word_1_171' title='bbox 764 2416 981 2480; x_wconf 86' lang='lat' dir='ltr'><strong>asserit,</strong></span> <span class='ocrx_word' id='word_1_172' title='bbox 1015 2415 1108 2469; x_wconf 90' lang='lat' dir='ltr'><strong>sed</strong></span> <span class='ocrx_word' id='word_1_173' title='bbox 1144 2417 1272 2485; x_wconf 84' lang='lat' dir='ltr'><strong>quia</strong></span> <span class='ocrx_word' id='word_1_174' title='bbox 1305 2428 1683 2486; x_wconf 83' lang='lat' dir='ltr'><strong>argumentum</strong></span> 
     </span>
    </p>
   </div>
   <div class='ocr_carea' id='block_1_25' title="bbox 108 2507 1684 2581">
    <p class='ocr_par' dir='ltr' id='par_1_25' title="bbox 108 2507 1684 2581">
     <span class='ocr_line' id='line_1_25' title="bbox 108 2507 1684 2581; baseline 0.003 -22"><span class='ocrx_word' id='word_1_175' title='bbox 108 2510 227 2560; x_wconf 58' lang='lat' dir='ltr'><strong>illius</strong></span> <span class='ocrx_word' id='word_1_176' title='bbox 265 2507 393 2562; x_wconf 87' lang='lat' dir='ltr'><strong>fere</strong></span> <span class='ocrx_word' id='word_1_177' title='bbox 445 2508 601 2562; x_wconf 86' lang='lat' dir='ltr'><strong>idem</strong></span> <span class='ocrx_word' id='word_1_178' title='bbox 668 2518 753 2562; x_wconf 89' lang='lat' dir='ltr'><strong>est</strong></span> <span class='ocrx_word' id='word_1_179' title='bbox 800 2525 920 2562; x_wconf 91' lang='lat' dir='ltr'><strong>cum</strong></span> <span class='ocrx_word' id='word_1_180' title='bbox 982 2510 1157 2578; x_wconf 90' lang='lat' dir='ltr'><strong>capite</strong></span> <span class='ocrx_word' id='word_1_181' title='bbox 1208 2510 1276 2563; x_wconf 72' lang='lat' dir='ltr'><strong>I2</strong></span> <span class='ocrx_word' id='word_1_182' title='bbox 1327 2510 1451 2564; x_wconf 90' lang='lat' dir='ltr'><strong>libri</strong></span> <span class='ocrx_word' id='word_1_183' title='bbox 1506 2512 1684 2581; x_wconf 84' lang='lat' dir='ltr'><strong>quarti</strong></span> 
     </span>
    </p>
   </div>
   <div class='ocr_carea' id='block_1_26' title="bbox 108 2600 1680 2675">
    <p class='ocr_par' dir='ltr' id='par_1_26' title="bbox 108 2600 1680 2675">
     <span class='ocr_line' id='line_1_26' title="bbox 108 2600 1680 2675; baseline 0.004 -24"><span class='ocrx_word' id='word_1_184' title='bbox 108 2601 500 2653; x_wconf 64' lang='lat' dir='ltr'><strong>Hernicorum</strong></span> <span class='ocrx_word' id='word_1_185' title='bbox 536 2600 870 2675; x_wconf 71' lang='lat' dir='ltr'><strong>fabularum,</strong></span> <span class='ocrx_word' id='word_1_186' title='bbox 919 2602 1107 2671; x_wconf 85' lang='lat' dir='ltr'><strong>sicque</strong></span> <span class='ocrx_word' id='word_1_187' title='bbox 1138 2603 1279 2656; x_wconf 89' lang='lat' dir='ltr'><strong>inter</strong></span> <span class='ocrx_word' id='word_1_188' title='bbox 1309 2603 1565 2671; x_wconf 78' lang='lat' dir='ltr'><strong>epistolas</strong></span> <span class='ocrx_word' id='word_1_189' title='bbox 1592 2604 1680 2657; x_wconf 87' lang='lat' dir='ltr'><strong>vix</strong></span> 
     </span>
    </p>
   </div>
   <div class='ocr_carea' id='block_1_27' title="bbox 108 2692 1684 2763">
    <p class='ocr_par' dir='ltr' id='par_1_27' title="bbox 108 2692 1684 2763">
     <span class='ocr_line' id='line_1_27' title="bbox 108 2692 1684 2763; baseline 0.001 -17"><span class='ocrx_word' id='word_1_190' title='bbox 108 2694 261 2746; x_wconf 61' lang='lat' dir='ltr'><strong>laeum</strong></span> <span class='ocrx_word' id='word_1_191' title='bbox 294 2694 571 2747; x_wconf 84' lang='lat' dir='ltr'><strong>obtinere</strong></span> <span class='ocrx_word' id='word_1_192' title='bbox 620 2708 781 2762; x_wconf 84' lang='lat' dir='ltr'><strong>posse</strong></span> <span class='ocrx_word' id='word_1_193' title='bbox 812 2693 1041 2747; x_wconf 87' lang='lat' dir='ltr'><strong>videtur.</strong></span> <span class='ocrx_word' id='word_1_194' title='bbox 1087 2692 1241 2759; x_wconf 86' lang='lat' dir='ltr'><strong>Quod</strong></span> <span class='ocrx_word' id='word_1_195' title='bbox 1272 2696 1536 2763; x_wconf 88' lang='lat' dir='ltr'><strong>reliquum</strong></span> <span class='ocrx_word' id='word_1_196' title='bbox 1581 2703 1684 2762; x_wconf 89' lang='lat' dir='ltr'><strong>est,</strong></span> 
     </span>
    </p>
   </div>
   <div class='ocr_carea' id='block_1_28' title="bbox 110 2784 1691 2853">
    <p class='ocr_par' dir='ltr' id='par_1_28' title="bbox 110 2784 1691 2853">
     <span class='ocr_line' id='line_1_28' title="bbox 110 2784 1691 2853; baseline 0.003 -19"><span class='ocrx_word' id='word_1_197' title='bbox 110 2786 270 2839; x_wconf 69' lang='lat' dir='ltr'><strong>sarias</strong></span> <span class='ocrx_word' id='word_1_198' title='bbox 324 2784 545 2837; x_wconf 85' lang='lat' dir='ltr'><strong>harum</strong></span> <span class='ocrx_word' id='word_1_199' title='bbox 609 2784 964 2853; x_wconf 87' lang='lat' dir='ltr'><strong>epistolarum</strong></span> <span class='ocrx_word' id='word_1_200' title='bbox 1035 2784 1234 2840; x_wconf 84' lang='lat' dir='ltr'><strong>classes</strong></span> <span class='ocrx_word' id='word_1_201' title='bbox 1291 2785 1691 2840; x_wconf 90' lang='lat' dir='ltr'><strong>constituerunt</strong></span> 
     </span>
    </p>
   </div>
   <div class='ocr_carea' id='block_1_29' title="bbox 109 2875 1689 2947">
    <p class='ocr_par' dir='ltr' id='par_1_29' title="bbox 109 2875 1689 2947">
     <span class='ocr_line' id='line_1_29' title="bbox 109 2875 1689 2947; baseline 0.001 -18"><span class='ocrx_word' id='word_1_202' title='bbox 109 2878 365 2947; x_wconf 70' lang='lat' dir='ltr'><strong>Ilapinius</strong></span> <span class='ocrx_word' id='word_1_203' title='bbox 397 2886 458 2931; x_wconf 89' lang='lat' dir='ltr'><strong>et</strong></span> <span class='ocrx_word' id='word_1_204' title='bbox 483 2875 820 2946; x_wconf 77' lang='lat' dir='ltr'><strong>Garnerius,</strong></span> <span class='ocrx_word' id='word_1_205' title='bbox 841 2876 932 2929; x_wconf 90' lang='lat' dir='ltr'><strong>sed</strong></span> <span class='ocrx_word' id='word_1_206' title='bbox 964 2891 1150 2944; x_wconf 87' lang='lat' dir='ltr'><strong>parum</strong></span> <span class='ocrx_word' id='word_1_207' title='bbox 1183 2876 1344 2930; x_wconf 80' lang='lat' dir='ltr'><strong>certis</strong></span> <span class='ocrx_word' id='word_1_208' title='bbox 1369 2875 1689 2931; x_wconf 87' lang='lat' dir='ltr'><strong>fundamen-</strong></span> 
     </span>
    </p>
   </div>
   <div class='ocr_carea' id='block_1_30' title="bbox 108 2968 1688 3038">
    <p class='ocr_par' dir='ltr' id='par_1_30' title="bbox 108 2968 1688 3038">
     <span class='ocr_line' id='line_1_30' title="bbox 108 2968 1688 3038; baseline 0.001 -15"><span class='ocrx_word' id='word_1_209' title='bbox 108 2974 166 3025; x_wconf 86' lang='lat' dir='ltr'><strong>tis</strong></span> <span class='ocrx_word' id='word_1_210' title='bbox 196 2982 379 3025; x_wconf 81' lang='lat' dir='ltr'><strong>totum</strong></span> <span class='ocrx_word' id='word_1_211' title='bbox 419 2969 563 3023; x_wconf 89' lang='lat' dir='ltr'><strong>illud</strong></span> <span class='ocrx_word' id='word_1_212' title='bbox 622 2968 909 3029; x_wconf 79' lang='lat' dir='ltr'><strong>artiﬁcium</strong></span> <span class='ocrx_word' id='word_1_213' title='bbox 966 2968 1181 3033; x_wconf 86' lang='lat' dir='ltr'><strong>nititur,</strong></span> <span class='ocrx_word' id='word_1_214' title='bbox 1227 2969 1354 3038; x_wconf 87' lang='lat' dir='ltr'><strong>quia</strong></span> <span class='ocrx_word' id='word_1_215' title='bbox 1395 2969 1459 3023; x_wconf 91' lang='lat' dir='ltr'><strong>de</strong></span> <span class='ocrx_word' id='word_1_216' title='bbox 1506 2969 1688 3024; x_wconf 87' lang='lat' dir='ltr'><strong>multis</strong></span> 
     </span>
    </p>
   </div>
   <div class='ocr_carea' id='block_1_31' title="bbox 108 3062 1690 3131">
    <p class='ocr_par' dir='ltr' id='par_1_31' title="bbox 108 3062 1690 3131">
     <span class='ocr_line' id='line_1_31' title="bbox 108 3062 1690 3131; baseline 0.001 -14"><span class='ocrx_word' id='word_1_217' title='bbox 108 3066 299 3117; x_wconf 73' lang='lat' dir='ltr'><strong>barum</strong></span> <span class='ocrx_word' id='word_1_218' title='bbox 328 3065 654 3117; x_wconf 88' lang='lat' dir='ltr'><strong>litterarum</strong></span> <span class='ocrx_word' id='word_1_219' title='bbox 698 3076 807 3116; x_wconf 92' lang='lat' dir='ltr'><strong>non</strong></span> <span class='ocrx_word' id='word_1_220' title='bbox 853 3063 987 3117; x_wconf 88' lang='lat' dir='ltr'><strong>satis</strong></span> <span class='ocrx_word' id='word_1_221' title='bbox 1036 3071 1273 3127; x_wconf 88' lang='lat' dir='ltr'><strong>constat,</strong></span> <span class='ocrx_word' id='word_1_222' title='bbox 1323 3076 1431 3131; x_wconf 87' lang='lat' dir='ltr'><strong>quo</strong></span> <span class='ocrx_word' id='word_1_223' title='bbox 1476 3062 1690 3131; x_wconf 71' lang='lat' dir='ltr'><strong>scripta:</strong></span> 
     </span>
    </p>
   </div>
   <div class='ocr_carea' id='block_1_32' title="bbox 107 3161 524 3225">
    <p class='ocr_par' dir='ltr' id='par_1_32' title="bbox 107 3161 524 3225">
     <span class='ocr_line' id='line_1_32' title="bbox 107 3161 524 3225; baseline -0.007 -14"><span class='ocrx_word' id='word_1_224' title='bbox 107 3161 205 3211; x_wconf 67' lang='lat' dir='ltr'><strong>sint</strong></span> <span class='ocrx_word' id='word_1_225' title='bbox 241 3167 524 3225; x_wconf 82' lang='lat' dir='ltr'><strong>tempore.</strong></span> 
     </span>
    </p>
   </div>
   <div class='ocr_carea' id='block_1_33' title="bbox 170 3244 1685 3321">
    <p class='ocr_par' dir='ltr' id='par_1_33' title="bbox 170 3244 1685 3321">
     <span class='ocr_line' id='line_1_33' title="bbox 170 3244 1685 3321; baseline -0.003 -19"><span class='ocrx_word' id='word_1_226' title='bbox 170 3250 509 3319; x_wconf 61' lang='lat' dir='ltr'><strong>Dogmatii-i,</strong></span> <span class='ocrx_word' id='word_1_227' title='bbox 541 3247 627 3300; x_wconf 78' lang='lat' dir='ltr'><strong>vel</strong></span> <span class='ocrx_word' id='word_1_228' title='bbox 658 3246 931 3315; x_wconf 86' lang='lat' dir='ltr'><strong>poleniici,</strong></span> <span class='ocrx_word' id='word_1_229' title='bbox 968 3255 1026 3300; x_wconf 93' lang='lat' dir='ltr'><strong>ut</strong></span> <span class='ocrx_word' id='word_1_230' title='bbox 1053 3244 1224 3301; x_wconf 89' lang='lat' dir='ltr'><strong>videri</strong></span> <span class='ocrx_word' id='word_1_231' title='bbox 1259 3257 1473 3316; x_wconf 88' lang='lat' dir='ltr'><strong>posset,</strong></span> <span class='ocrx_word' id='word_1_232' title='bbox 1522 3262 1685 3321; x_wconf 81' lang='lat' dir='ltr'><strong>argu-</strong></span> 
     </span>
    </p>
   </div>
   <div class='ocr_carea' id='block_1_34' title="bbox 112 3338 1686 3410">
    <p class='ocr_par' dir='ltr' id='par_1_34' title="bbox 112 3338 1686 3410">
     <span class='ocr_line' id='line_1_34' title="bbox 112 3338 1686 3410; baseline 0 -15"><span class='ocrx_word' id='word_1_233' title='bbox 112 3345 266 3396; x_wconf 80' lang='lat' dir='ltr'><strong>menti</strong></span> <span class='ocrx_word' id='word_1_234' title='bbox 298 3354 386 3397; x_wconf 84' lang='lat' dir='ltr'><strong>est</strong></span> <span class='ocrx_word' id='word_1_235' title='bbox 418 3340 711 3394; x_wconf 78' lang='lat' dir='ltr'><strong>Eranistes</strong></span> <span class='ocrx_word' id='word_1_236' title='bbox 739 3354 833 3393; x_wconf 87' lang='lat' dir='ltr'><strong>seu</strong></span> <span class='ocrx_word' id='word_1_237' title='bbox 856 3338 1259 3409; x_wconf 75' lang='lat' dir='ltr'><strong>Polymorpltus,</strong></span> <span class='ocrx_word' id='word_1_238' title='bbox 1287 3340 1420 3394; x_wconf 88' lang='lat' dir='ltr'><strong>liber</strong></span> <span class='ocrx_word' id='word_1_239' title='bbox 1446 3341 1686 3410; x_wconf 85' lang='lat' dir='ltr'><strong>apprime</strong></span> 
     </span>
    </p>
   </div>
   <div class='ocr_carea' id='block_1_35' title="bbox 112 3432 1688 3504">
    <p class='ocr_par' dir='ltr' id='par_1_35' title="bbox 112 3432 1688 3504">
     <span class='ocr_line' id='line_1_35' title="bbox 112 3432 1688 3504; baseline -0.002 -16"><span class='ocrx_word' id='word_1_240' title='bbox 112 3439 246 3490; x_wconf 76' lang='lat' dir='ltr'><strong>utilis</strong></span> <span class='ocrx_word' id='word_1_241' title='bbox 295 3436 365 3489; x_wconf 87' lang='lat' dir='ltr'><strong>ad</strong></span> <span class='ocrx_word' id='word_1_242' title='bbox 413 3434 836 3503; x_wconf 88' lang='lat' dir='ltr'><strong>redarguendos</strong></span> <span class='ocrx_word' id='word_1_243' title='bbox 861 3432 1251 3504; x_wconf 84' lang='lat' dir='ltr'><strong>Eutychianos,</strong></span> <span class='ocrx_word' id='word_1_244' title='bbox 1284 3447 1513 3501; x_wconf 90' lang='lat' dir='ltr'><strong>quorum</strong></span> <span class='ocrx_word' id='word_1_245' title='bbox 1538 3445 1688 3485; x_wconf 79' lang='lat' dir='ltr'><strong>erro-</strong></span> 
     </span>
    </p>
   </div>
   <div class='ocr_carea' id='block_1_36' title="bbox 114 3522 1684 3597">
    <p class='ocr_par' dir='ltr' id='par_1_36' title="bbox 114 3522 1684 3597">
     <span class='ocr_line' id='line_1_36' title="bbox 114 3522 1684 3597; baseline -0.001 -18"><span class='ocrx_word' id='word_1_246' title='bbox 114 3532 251 3583; x_wconf 75' lang='lat' dir='ltr'><strong>ribus</strong></span> <span class='ocrx_word' id='word_1_247' title='bbox 285 3530 585 3597; x_wconf 83' lang='lat' dir='ltr'><strong>Oppositus</strong></span> <span class='ocrx_word' id='word_1_248' title='bbox 610 3568 624 3589; x_wconf 93' lang='lat'><strong>,</strong></span> <span class='ocrx_word' id='word_1_249' title='bbox 662 3526 732 3579; x_wconf 86' lang='lat' dir='ltr'><strong>ab</strong></span> <span class='ocrx_word' id='word_1_250' title='bbox 773 3526 1094 3595; x_wconf 85' lang='lat' dir='ltr'><strong>imperatore</strong></span> <span class='ocrx_word' id='word_1_251' title='bbox 1133 3522 1441 3581; x_wconf 81' lang='lat' dir='ltr'><strong>Theodosio</strong></span> <span class='ocrx_word' id='word_1_252' title='bbox 1481 3530 1684 3590; x_wconf 86' lang='lat' dir='ltr'><strong>autem,</strong></span> 
     </span>
    </p>
   </div>
   <div class='ocr_carea' id='block_1_37' title="bbox 114 3618 1686 3691">
    <p class='ocr_par' dir='ltr' id='par_1_37' title="bbox 114 3618 1686 3691">
     <span class='ocr_line' id='line_1_37' title="bbox 114 3618 1686 3691; baseline 0.001 -21"><span class='ocrx_word' id='word_1_253' title='bbox 114 3625 184 3676; x_wconf 71' lang='lat' dir='ltr'><strong>vel</strong></span> <span class='ocrx_word' id='word_1_254' title='bbox 225 3624 417 3691; x_wconf 81' lang='lat' dir='ltr'><strong>potius</strong></span> <span class='ocrx_word' id='word_1_255' title='bbox 452 3622 524 3675; x_wconf 88' lang='lat' dir='ltr'><strong>ab</strong></span> <span class='ocrx_word' id='word_1_256' title='bbox 562 3622 673 3675; x_wconf 85' lang='lat' dir='ltr'><strong>illis</strong></span> <span class='ocrx_word' id='word_1_257' title='bbox 705 3634 937 3689; x_wconf 89' lang='lat' dir='ltr'><strong>quorum</strong></span> <span class='ocrx_word' id='word_1_258' title='bbox 970 3619 1176 3673; x_wconf 89' lang='lat' dir='ltr'><strong>artibus</strong></span> <span class='ocrx_word' id='word_1_259' title='bbox 1215 3618 1521 3688; x_wconf 88' lang='lat' dir='ltr'><strong>regebatur,</strong></span> <span class='ocrx_word' id='word_1_260' title='bbox 1554 3618 1686 3673; x_wconf 88' lang='lat' dir='ltr'><strong>adeo</strong></span> 
     </span>
    </p>
   </div>
   <div class='ocr_carea' id='block_1_38' title="bbox 116 3708 1685 3782">
    <p class='ocr_par' dir='ltr' id='par_1_38' title="bbox 116 3708 1685 3782">
     <span class='ocr_line' id='line_1_38' title="bbox 116 3708 1685 3782; baseline 0 -17"><span class='ocrx_word' id='word_1_261' title='bbox 116 3717 245 3769; x_wconf 79' lang='lat' dir='ltr'><strong>male</strong></span> <span class='ocrx_word' id='word_1_262' title='bbox 284 3723 561 3782; x_wconf 83' lang='lat' dir='ltr'><strong>exceptus</strong></span> <span class='ocrx_word' id='word_1_263' title='bbox 617 3721 733 3770; x_wconf 84' lang='lat' dir='ltr'><strong>est.</strong></span> <span class='ocrx_word' id='word_1_264' title='bbox 780 3722 841 3765; x_wconf 91' lang='lat' dir='ltr'><strong>ut</strong></span> <span class='ocrx_word' id='word_1_265' title='bbox 877 3712 1032 3779; x_wconf 88' lang='lat' dir='ltr'><strong>jussu</strong></span> <span class='ocrx_word' id='word_1_266' title='bbox 1070 3709 1412 3779; x_wconf 85' lang='lat' dir='ltr'><strong>imperatoris</strong></span> <span class='ocrx_word' id='word_1_267' title='bbox 1454 3708 1685 3765; x_wconf 75' lang='lat' dir='ltr'><strong>flammis</strong></span> 
     </span>
    </p>
   </div>
   <div class='ocr_carea' id='block_1_39' title="bbox 112 3793 1685 3873">
    <p class='ocr_par' dir='ltr' id='par_1_39' title="bbox 112 3793 1685 3873">
     <span class='ocr_line' id='line_1_39' title="bbox 112 3793 1685 3873; baseline -0.003 -17"><span class='ocrx_word' id='word_1_268' title='bbox 112 3810 299 3873; x_wconf 80' lang='lat' dir='ltr'><strong>dignus</strong></span> <span class='ocrx_word' id='word_1_269' title='bbox 329 3804 662 3857; x_wconf 87' lang='lat' dir='ltr'><strong>haberetur.</strong></span> <span class='ocrx_word' id='word_1_270' title='bbox 716 3799 828 3855; x_wconf 88' lang='lat' dir='ltr'><strong>Hoc</strong></span> <span class='ocrx_word' id='word_1_271' title='bbox 874 3793 1059 3869; x_wconf 82' lang='lat' dir='ltr'><strong>iniquo</strong></span> <span class='ocrx_word' id='word_1_272' title='bbox 1098 3798 1208 3853; x_wconf 87' lang='lat' dir='ltr'><strong>fato</strong></span> <span class='ocrx_word' id='word_1_273' title='bbox 1248 3814 1356 3852; x_wconf 91' lang='lat' dir='ltr'><strong>non</strong></span> <span class='ocrx_word' id='word_1_274' title='bbox 1402 3798 1685 3853; x_wconf 88' lang='lat' dir='ltr'><strong>imminuta</strong></span> 
     </span>
    </p>
   </div>
   <div class='ocr_carea' id='block_1_40' title="bbox 114 3888 1688 3965">
    <p class='ocr_par' dir='ltr' id='par_1_40' title="bbox 114 3888 1688 3965">
     <span class='ocr_line' id='line_1_40' title="bbox 114 3888 1688 3965; baseline -0.001 -21"><span class='ocrx_word' id='word_1_275' title='bbox 114 3897 323 3965; x_wconf 78' lang='lat' dir='ltr'><strong>quidem</strong></span> <span class='ocrx_word' id='word_1_276' title='bbox 365 3903 461 3948; x_wconf 89' lang='lat' dir='ltr'><strong>est</strong></span> <span class='ocrx_word' id='word_1_277' title='bbox 505 3893 631 3947; x_wconf 88' lang='lat' dir='ltr'><strong>libri</strong></span> <span class='ocrx_word' id='word_1_278' title='bbox 662 3891 934 3961; x_wconf 82' lang='lat' dir='ltr'><strong>dignitas;</strong></span> <span class='ocrx_word' id='word_1_279' title='bbox 981 3899 1199 3954; x_wconf 88' lang='lat' dir='ltr'><strong>tamen,</strong></span> <span class='ocrx_word' id='word_1_280' title='bbox 1240 3904 1309 3943; x_wconf 91' lang='lat' dir='ltr'><strong>ne</strong></span> <span class='ocrx_word' id='word_1_281' title='bbox 1353 3888 1485 3959; x_wconf 90' lang='lat' dir='ltr'><strong>quid</strong></span> <span class='ocrx_word' id='word_1_282' title='bbox 1532 3888 1688 3943; x_wconf 69' lang='lat' dir='ltr'><strong>malae</strong></span> 
     </span>
    </p>
   </div>
   <div class='ocr_carea' id='block_1_41' title="bbox 118 3980 1684 4051">
    <p class='ocr_par' dir='ltr' id='par_1_41' title="bbox 118 3980 1684 4051">
     <span class='ocr_line' id='line_1_41' title="bbox 118 3980 1684 4051; baseline -0.003 -8"><span class='ocrx_word' id='word_1_283' title='bbox 118 4002 246 4043; x_wconf 72' lang='lat' dir='ltr'><strong>nota:</strong></span> <span class='ocrx_word' id='word_1_284' title='bbox 274 3990 536 4048; x_wconf 61' lang='lat' dir='ltr'><strong>hereret,</strong></span> <span class='ocrx_word' id='word_1_285' title='bbox 579 3991 799 4039; x_wconf 85' lang='lat' dir='ltr'><strong>cautum</strong></span> <span class='ocrx_word' id='word_1_286' title='bbox 829 3990 915 4037; x_wconf 89' lang='lat' dir='ltr'><strong>est</strong></span> <span class='ocrx_word' id='word_1_287' title='bbox 959 3998 991 4036; x_wconf 87' lang='lat' dir='ltr'><strong>a</strong></span> <span class='ocrx_word' id='word_1_288' title='bbox 1038 3981 1333 4049; x_wconf 77' lang='lat' dir='ltr'><strong>Marciano,</strong></span> <span class='ocrx_word' id='word_1_289' title='bbox 1384 3980 1477 4051; x_wconf 91' lang='lat' dir='ltr'><strong>qui</strong></span> <span class='ocrx_word' id='word_1_290' title='bbox 1525 3981 1684 4039; x_wconf 88' lang='lat' dir='ltr'><strong>istam</strong></span> 
     </span>
    </p>
   </div>
   <div class='ocr_carea' id='block_1_42' title="bbox 116 4074 1688 4144">
    <p class='ocr_par' dir='ltr' id='par_1_42' title="bbox 116 4074 1688 4144">
     <span class='ocr_line' id='line_1_42' title="bbox 116 4074 1688 4144; baseline -0.006 -9"><span class='ocrx_word' id='word_1_291' title='bbox 116 4081 404 4137; x_wconf 78' lang='lat' dir='ltr'><strong>Theodosii</strong></span> <span class='ocrx_word' id='word_1_292' title='bbox 444 4081 791 4134; x_wconf 77' lang='lat' dir='ltr'><strong>sant-tionem</strong></span> <span class='ocrx_word' id='word_1_293' title='bbox 825 4074 1240 4130; x_wconf 84' lang='lat' dir='ltr'><strong>rescindendam</strong></span> <span class='ocrx_word' id='word_1_294' title='bbox 1268 4090 1390 4131; x_wconf 81' lang='lat' dir='ltr'><strong>esse</strong></span> <span class='ocrx_word' id='word_1_295' title='bbox 1416 4074 1688 4144; x_wconf 87' lang='lat' dir='ltr'><strong>sapienter</strong></span> 
     </span>
    </p>
   </div>
   <div class='ocr_carea' id='block_1_43' title="bbox 121 4166 1689 4241">
    <p class='ocr_par' dir='ltr' id='par_1_43' title="bbox 121 4166 1689 4241">
     <span class='ocr_line' id='line_1_43' title="bbox 121 4166 1689 4241; baseline -0.004 -16"><span class='ocrx_word' id='word_1_296' title='bbox 121 4175 326 4227; x_wconf 79' lang='lat' dir='ltr'><strong>statuit.</strong></span> <span class='ocrx_word' id='word_1_297' title='bbox 359 4172 507 4226; x_wconf 87' lang='lat' dir='ltr'><strong>Tres</strong></span> <span class='ocrx_word' id='word_1_298' title='bbox 551 4168 810 4241; x_wconf 86' lang='lat' dir='ltr'><strong>Dialogos</strong></span> <span class='ocrx_word' id='word_1_299' title='bbox 849 4167 987 4221; x_wconf 89' lang='lat' dir='ltr'><strong>liber</strong></span> <span class='ocrx_word' id='word_1_300' title='bbox 1008 4166 1107 4221; x_wconf 89' lang='lat' dir='ltr'><strong>iste</strong></span> <span class='ocrx_word' id='word_1_301' title='bbox 1131 4166 1525 4235; x_wconf 88' lang='lat' dir='ltr'><strong>complectitur,</strong></span> <span class='ocrx_word' id='word_1_302' title='bbox 1551 4178 1689 4234; x_wconf 88' lang='lat' dir='ltr'><strong>quo-</strong></span> 
     </span>
    </p>
   </div>
   <div class='ocr_carea' id='block_1_44' title="bbox 118 4259 1685 4333">
    <p class='ocr_par' dir='ltr' id='par_1_44' title="bbox 118 4259 1685 4333">
     <span class='ocr_line' id='line_1_44' title="bbox 118 4259 1685 4333; baseline -0.005 -13"><span class='ocrx_word' id='word_1_303' title='bbox 118 4283 230 4320; x_wconf 79' lang='lat' dir='ltr'><strong>rum</strong></span> <span class='ocrx_word' id='word_1_304' title='bbox 263 4264 662 4333; x_wconf 84' lang='lat' dir='ltr'><strong>unusquisque</strong></span> <span class='ocrx_word' id='word_1_305' title='bbox 696 4276 890 4316; x_wconf 86' lang='lat' dir='ltr'><strong>nomen</strong></span> <span class='ocrx_word' id='word_1_306' title='bbox 921 4259 989 4314; x_wconf 89' lang='lat' dir='ltr'><strong>ab</strong></span> <span class='ocrx_word' id='word_1_307' title='bbox 1022 4267 1342 4328; x_wconf 83' lang='lat' dir='ltr'><strong>argumento</strong></span> <span class='ocrx_word' id='word_1_308' title='bbox 1368 4267 1557 4313; x_wconf 90' lang='lat' dir='ltr'><strong>nactus</strong></span> <span class='ocrx_word' id='word_1_309' title='bbox 1581 4265 1685 4312; x_wconf 86' lang='lat' dir='ltr'><strong>est.</strong></span> 
     </span>
    </p>
   </div>
   <div class='ocr_carea' id='block_1_45' title="bbox 119 4348 1686 4423">
    <p class='ocr_par' dir='ltr' id='par_1_45' title="bbox 119 4348 1686 4423">
     <span class='ocr_line' id='line_1_45' title="bbox 119 4348 1686 4423; baseline -0.01 -8"><span class='ocrx_word' id='word_1_310' title='bbox 119 4362 324 4415; x_wconf 84' lang='lat' dir='ltr'><strong>Primus</strong></span> <span class='ocrx_word' id='word_1_311' title='bbox 348 4356 681 4412; x_wconf 88' lang='lat' dir='ltr'><strong>inscribitur</strong></span> <span class='ocrx_word' id='word_1_312' title='bbox 704 4355 1022 4423; x_wconf 81' lang='grc' dir='ltr'><strong>Ἀτρεπτος,</strong></span> <span class='ocrx_word' id='word_1_313' title='bbox 1042 4350 1314 4405; x_wconf 87' lang='lat' dir='ltr'><strong>secundus</strong></span> <span class='ocrx_word' id='word_1_314' title='bbox 1338 4348 1686 4420; x_wconf 80' lang='grc' dir='ltr'><strong>’Δσύγχυτος,</strong></span> 
     </span>
    </p>
   </div>
   <div class='ocr_carea' id='block_1_46' title="bbox 120 4437 1691 4514">
    <p class='ocr_par' dir='ltr' id='par_1_46' title="bbox 120 4437 1691 4514">
     <span class='ocr_line' id='line_1_46' title="bbox 120 4437 1691 4514; baseline -0.004 -15"><span class='ocrx_word' id='word_1_315' title='bbox 120 4451 303 4503; x_wconf 70' lang='lat' dir='ltr'><strong>tertius</strong></span> <span class='ocrx_word' id='word_1_316' title='bbox 338 4445 625 4514; x_wconf 79' lang='grc' dir='ltr'><strong>Ἀπαθής.</strong></span> <span class='ocrx_word' id='word_1_317' title='bbox 658 4442 725 4513; x_wconf 88' lang='lat' dir='ltr'><strong>In</strong></span> <span class='ocrx_word' id='word_1_318' title='bbox 745 4443 916 4509; x_wconf 91' lang='lat' dir='ltr'><strong>primo</strong></span> <span class='ocrx_word' id='word_1_319' title='bbox 947 4438 1128 4503; x_wconf 89' lang='lat' dir='ltr'><strong>docet,</strong></span> <span class='ocrx_word' id='word_1_320' title='bbox 1150 4437 1540 4492; x_wconf 89' lang='lat' dir='ltr'><strong>immutabiletn</strong></span> <span class='ocrx_word' id='word_1_321' title='bbox 1570 4452 1691 4493; x_wconf 87' lang='lat' dir='ltr'><strong>esse</strong></span> 
     </span>
    </p>
   </div>
   <div class='ocr_carea' id='block_1_47' title="bbox 1786 586 3357 664">
    <p class='ocr_par' dir='ltr' id='par_1_47' title="bbox 1786 586 3357 664">
     <span class='ocr_line' id='line_1_47' title="bbox 1786 586 3357 664; baseline 0.007 -24"><span class='ocrx_word' id='word_1_322' title='bbox 1786 587 2093 654; x_wconf 84' lang='lat' dir='ltr'><strong>suppeditat</strong></span> <span class='ocrx_word' id='word_1_323' title='bbox 2116 586 2376 655; x_wconf 86' lang='lat' dir='ltr'><strong>temporis</strong></span> <span class='ocrx_word' id='word_1_324' title='bbox 2404 588 2690 655; x_wconf 75' lang='lat' dir='ltr'><strong>indicium,</strong></span> <span class='ocrx_word' id='word_1_325' title='bbox 2722 605 2786 643; x_wconf 83' lang='lat' dir='ltr'><strong>ex</strong></span> <span class='ocrx_word' id='word_1_326' title='bbox 2819 606 2929 660; x_wconf 89' lang='lat' dir='ltr'><strong>quo</strong></span> <span class='ocrx_word' id='word_1_327' title='bbox 2951 591 3204 662; x_wconf 76' lang='lat' dir='ltr'><strong>colligere</strong></span> <span class='ocrx_word' id='word_1_328' title='bbox 3233 610 3357 664; x_wconf 49' lang='lat' dir='ltr'><strong>posv-</strong></span> 
     </span>
    </p>
   </div>
   <div class='ocr_carea' id='block_1_48' title="bbox 1784 678 3357 759">
    <p class='ocr_par' dir='ltr' id='par_1_48' title="bbox 1784 678 3357 759">
     <span class='ocr_line' id='line_1_48' title="bbox 1784 678 3357 759; baseline 0.006 -29"><span class='ocrx_word' id='word_1_329' title='bbox 1784 692 1996 742; x_wconf 91' lang='lat' dir='ltr'><strong>sumus,</strong></span> <span class='ocrx_word' id='word_1_330' title='bbox 2029 678 2177 734; x_wconf 88' lang='lat' dir='ltr'><strong>hunc</strong></span> <span class='ocrx_word' id='word_1_331' title='bbox 2217 678 2416 734; x_wconf 91' lang='lat' dir='ltr'><strong>librum</strong></span> <span class='ocrx_word' id='word_1_332' title='bbox 2445 681 2556 751; x_wconf 88' lang='lat' dir='ltr'><strong>jam</strong></span> <span class='ocrx_word' id='word_1_333' title='bbox 2589 691 2712 736; x_wconf 89' lang='lat' dir='ltr'><strong>ante</strong></span> <span class='ocrx_word' id='word_1_334' title='bbox 2756 684 3024 753; x_wconf 83' lang='lat' dir='ltr'><strong>synodum</strong></span> <span class='ocrx_word' id='word_1_335' title='bbox 3059 685 3357 759; x_wconf 62' lang='grc' dir='ltr'><strong>λῃστρικὴν</strong></span> 
     </span>
    </p>
   </div>
   <div class='ocr_carea' id='block_1_49' title="bbox 1785 768 3355 846">
    <p class='ocr_par' dir='ltr' id='par_1_49' title="bbox 1785 768 3355 846">
     <span class='ocr_line' id='line_1_49' title="bbox 1785 768 3355 846; baseline 0.006 -23"><span class='ocrx_word' id='word_1_336' title='bbox 1785 768 1957 825; x_wconf 88' lang='lat' dir='ltr'><strong>fuisse</strong></span> <span class='ocrx_word' id='word_1_337' title='bbox 2006 771 2389 840; x_wconf 89' lang='lat' dir='ltr'><strong>compositum.</strong></span> <span class='ocrx_word' id='word_1_338' title='bbox 2435 772 2531 828; x_wconf 86' lang='lat' dir='ltr'><strong>His</strong></span> <span class='ocrx_word' id='word_1_339' title='bbox 2562 773 2795 843; x_wconf 90' lang='lat' dir='ltr'><strong>denique</strong></span> <span class='ocrx_word' id='word_1_340' title='bbox 2824 775 3175 846; x_wconf 83' lang='lat' dir='ltr'><strong>adjungimus</strong></span> <span class='ocrx_word' id='word_1_341' title='bbox 3209 777 3355 832; x_wconf 86' lang='lat' dir='ltr'><strong>aliud</strong></span> 
     </span>
    </p>
   </div>
   <div class='ocr_carea' id='block_1_50' title="bbox 1787 862 3357 935">
    <p class='ocr_par' dir='ltr' id='par_1_50' title="bbox 1787 862 3357 935">
     <span class='ocr_line' id='line_1_50' title="bbox 1787 862 3357 935; baseline 0.004 -18"><span class='ocrx_word' id='word_1_342' title='bbox 1787 862 2186 929; x_wconf 87' lang='lat' dir='ltr'><strong>testimonium,</strong></span> <span class='ocrx_word' id='word_1_343' title='bbox 2221 863 2368 933; x_wconf 91' lang='lat' dir='ltr'><strong>quod</strong></span> <span class='ocrx_word' id='word_1_344' title='bbox 2388 879 2453 918; x_wconf 88' lang='lat' dir='ltr'><strong>ex</strong></span> <span class='ocrx_word' id='word_1_345' title='bbox 2473 865 2696 934; x_wconf 88' lang='lat' dir='ltr'><strong>epistola</strong></span> <span class='ocrx_word' id='word_1_346' title='bbox 2722 868 2868 935; x_wconf 79' lang='grc'><strong>(130)</strong></span> <span class='ocrx_word' id='word_1_347' title='bbox 2910 870 2973 922; x_wconf 91' lang='lat' dir='ltr'><strong>ad</strong></span> <span class='ocrx_word' id='word_1_348' title='bbox 3007 867 3357 923; x_wconf 84' lang='lat' dir='ltr'><strong>Timotheum</strong></span> 
     </span>
    </p>
   </div>
   <div class='ocr_carea' id='block_1_51' title="bbox 1782 954 3356 1031">
    <p class='ocr_par' dir='ltr' id='par_1_51' title="bbox 1782 954 3356 1031">
     <span class='ocr_line' id='line_1_51' title="bbox 1782 954 3356 1031; baseline 0.004 -23"><span class='ocrx_word' id='word_1_349' title='bbox 1782 954 2099 1023; x_wconf 89' lang='lat' dir='ltr'><strong>episcopum</strong></span> <span class='ocrx_word' id='word_1_350' title='bbox 2130 956 2354 1026; x_wconf 91' lang='lat' dir='ltr'><strong>scripta,</strong></span> <span class='ocrx_word' id='word_1_351' title='bbox 2388 957 2641 1026; x_wconf 89' lang='lat' dir='ltr'><strong>petimus.</strong></span> <span class='ocrx_word' id='word_1_352' title='bbox 2690 958 2953 1013; x_wconf 83' lang='lat' dir='ltr'><strong>Miramur</strong></span> <span class='ocrx_word' id='word_1_353' title='bbox 2982 961 3164 1031; x_wconf 91' lang='lat' dir='ltr'><strong>itaque</strong></span> <span class='ocrx_word' id='word_1_354' title='bbox 3194 961 3356 1014; x_wconf 75' lang='lat' dir='ltr'><strong>Rara-</strong></span> 
     </span>
    </p>
   </div>
   <div class='ocr_carea' id='block_1_52' title="bbox 1787 1046 3355 1121">
    <p class='ocr_par' dir='ltr' id='par_1_52' title="bbox 1787 1046 3355 1121">
     <span class='ocr_line' id='line_1_52' title="bbox 1787 1046 3355 1121; baseline 0.006 -23"><span class='ocrx_word' id='word_1_355' title='bbox 1787 1046 1943 1109; x_wconf 88' lang='lat' dir='ltr'><strong>terio,</strong></span> <span class='ocrx_word' id='word_1_356' title='bbox 1967 1047 2227 1116; x_wconf 64' lang='lat' dir='ltr'><strong>praecocis</strong></span> <span class='ocrx_word' id='word_1_357' title='bbox 2258 1048 2459 1116; x_wconf 80' lang='lat' dir='ltr'><strong>ingenii</strong></span> <span class='ocrx_word' id='word_1_358' title='bbox 2484 1049 2670 1119; x_wconf 87' lang='lat' dir='ltr'><strong>juveni</strong></span> <span class='ocrx_word' id='word_1_359' title='bbox 2700 1061 2754 1105; x_wconf 90' lang='lat' dir='ltr'><strong>et</strong></span> <span class='ocrx_word' id='word_1_360' title='bbox 2791 1051 3048 1121; x_wconf 86' lang='lat' dir='ltr'><strong>temporis</strong></span> <span class='ocrx_word' id='word_1_361' title='bbox 3078 1054 3159 1108; x_wconf 91' lang='lat' dir='ltr'><strong>sui</strong></span> <span class='ocrx_word' id='word_1_362' title='bbox 3190 1068 3355 1107; x_wconf 62' lang='lat' dir='ltr'><strong>orna-a</strong></span> 
     </span>
    </p>
   </div>
   <div class='ocr_carea' id='block_1_53' title="bbox 1784 1140 3360 1217">
    <p class='ocr_par' dir='ltr' id='par_1_53' title="bbox 1784 1140 3360 1217">
     <span class='ocr_line' id='line_1_53' title="bbox 1784 1140 3360 1217; baseline 0.006 -26"><span class='ocrx_word' id='word_1_363' title='bbox 1784 1150 1989 1204; x_wconf 91' lang='lat' dir='ltr'><strong>mento,</strong></span> <span class='ocrx_word' id='word_1_364' title='bbox 2020 1140 2073 1193; x_wconf 89' lang='lat' dir='ltr'><strong>in</strong></span> <span class='ocrx_word' id='word_1_365' title='bbox 2104 1150 2339 1195; x_wconf 88' lang='lat' dir='ltr'><strong>mentem</strong></span> <span class='ocrx_word' id='word_1_366' title='bbox 2352 1141 2537 1197; x_wconf 90' lang='lat' dir='ltr'><strong>venire</strong></span> <span class='ocrx_word' id='word_1_367' title='bbox 2557 1144 2816 1212; x_wconf 86' lang='lat' dir='ltr'><strong>potuisse,</strong></span> <span class='ocrx_word' id='word_1_368' title='bbox 2845 1146 2941 1200; x_wconf 91' lang='lat' dir='ltr'><strong>hos</strong></span> <span class='ocrx_word' id='word_1_369' title='bbox 2966 1145 3216 1217; x_wconf 86' lang='lat' dir='ltr'><strong>Dialogos</strong></span> <span class='ocrx_word' id='word_1_370' title='bbox 3241 1163 3360 1201; x_wconf 80' lang='lat' dir='ltr'><strong>non</strong></span> 
     </span>
    </p>
   </div>
   <div class='ocr_carea' id='block_1_54' title="bbox 1785 1228 3359 1306">
    <p class='ocr_par' dir='ltr' id='par_1_54' title="bbox 1785 1228 3359 1306">
     <span class='ocr_line' id='line_1_54' title="bbox 1785 1228 3359 1306; baseline 0.005 -23"><span class='ocrx_word' id='word_1_371' title='bbox 1785 1228 2125 1285; x_wconf 88' lang='lat' dir='ltr'><strong>Theodoreto</strong></span> <span class='ocrx_word' id='word_1_372' title='bbox 2153 1235 2471 1296; x_wconf 87' lang='lat' dir='ltr'><strong>nostro,sed</strong></span> <span class='ocrx_word' id='word_1_373' title='bbox 2504 1234 2732 1289; x_wconf 79' lang='lat' dir='ltr'><strong>forsitan</strong></span> <span class='ocrx_word' id='word_1_374' title='bbox 2760 1235 2963 1305; x_wconf 91' lang='lat' dir='ltr'><strong>juniori</strong></span> <span class='ocrx_word' id='word_1_375' title='bbox 2986 1237 3149 1306; x_wconf 88' lang='lat' dir='ltr'><strong>hujus</strong></span> <span class='ocrx_word' id='word_1_376' title='bbox 3174 1238 3359 1291; x_wconf 60' lang='lat' dir='ltr'><strong>nomi~</strong></span> 
     </span>
    </p>
   </div>
   <div class='ocr_carea' id='block_1_55' title="bbox 1782 1323 3359 1393">
    <p class='ocr_par' dir='ltr' id='par_1_55' title="bbox 1782 1323 3359 1393">
     <span class='ocr_line' id='line_1_55' title="bbox 1782 1323 3359 1393; baseline 0.004 -16"><span class='ocrx_word' id='word_1_377' title='bbox 1782 1323 1870 1378; x_wconf 90' lang='lat' dir='ltr'><strong>nis</strong></span> <span class='ocrx_word' id='word_1_378' title='bbox 1892 1323 2144 1391; x_wconf 89' lang='lat' dir='ltr'><strong>scriptori</strong></span> <span class='ocrx_word' id='word_1_379' title='bbox 2176 1325 2490 1380; x_wconf 83' lang='lat' dir='ltr'><strong>tribuendos</strong></span> <span class='ocrx_word' id='word_1_380' title='bbox 2507 1341 2646 1391; x_wconf 89' lang='lat' dir='ltr'><strong>esse,</strong></span> <span class='ocrx_word' id='word_1_381' title='bbox 2664 1327 2713 1381; x_wconf 91' lang='lat' dir='ltr'><strong>ei</strong></span> <span class='ocrx_word' id='word_1_382' title='bbox 2746 1328 2976 1393; x_wconf 87' lang='lat' dir='ltr'><strong>scilicet,</strong></span> <span class='ocrx_word' id='word_1_383' title='bbox 2995 1329 3080 1382; x_wconf 91' lang='lat' dir='ltr'><strong>cui</strong></span> <span class='ocrx_word' id='word_1_384' title='bbox 3108 1331 3359 1384; x_wconf 81' lang='lat' dir='ltr'><strong>nonnulli</strong></span> 
     </span>
    </p>
   </div>
   <div class='ocr_carea' id='block_1_56' title="bbox 1783 1415 3359 1477">
    <p class='ocr_par' dir='ltr' id='par_1_56' title="bbox 1783 1415 3359 1477">
     <span class='ocr_line' id='line_1_56' title="bbox 1783 1415 3359 1477; baseline 0.004 -6"><span class='ocrx_word' id='word_1_385' title='bbox 1783 1430 1905 1471; x_wconf 87' lang='lat' dir='ltr'><strong>cum</strong></span> <span class='ocrx_word' id='word_1_386' title='bbox 1966 1415 2238 1473; x_wconf 89' lang='lat' dir='ltr'><strong>Garnerio</strong></span> <span class='ocrx_word' id='word_1_387' title='bbox 2288 1418 2455 1474; x_wconf 90' lang='lat' dir='ltr'><strong>libros</strong></span> <span class='ocrx_word' id='word_1_388' title='bbox 2508 1419 2628 1474; x_wconf 85' lang='lat' dir='ltr'><strong>illos</strong></span> <span class='ocrx_word' id='word_1_389' title='bbox 2679 1418 2933 1474; x_wconf 83' lang='lat' dir='ltr'><strong>Historiae</strong></span> <span class='ocrx_word' id='word_1_390' title='bbox 2974 1421 3359 1477; x_wconf 63' lang='lat' dir='ltr'><strong>ecclesiasticae</strong></span> 
     </span>
    </p>
   </div>
   <div class='ocr_carea' id='block_1_57' title="bbox 1784 1508 3343 1580">
    <p class='ocr_par' dir='ltr' id='par_1_57' title="bbox 1784 1508 3343 1580">
     <span class='ocr_line' id='line_1_57' title="bbox 1784 1508 3343 1580; baseline 0.003 -19"><span class='ocrx_word' id='word_1_391' title='bbox 1784 1508 2086 1569; x_wconf 89' lang='lat' dir='ltr'><strong>ascribunt,</strong></span> <span class='ocrx_word' id='word_1_392' title='bbox 2100 1523 2236 1577; x_wconf 88' lang='lat' dir='ltr'><strong>quos</strong></span> <span class='ocrx_word' id='word_1_393' title='bbox 2254 1508 2585 1574; x_wconf 85' lang='lat' dir='ltr'><strong>Gennadius,</strong></span> <span class='ocrx_word' id='word_1_394' title='bbox 2608 1519 2666 1564; x_wconf 90' lang='lat' dir='ltr'><strong>ut</strong></span> <span class='ocrx_word' id='word_1_395' title='bbox 2681 1526 2842 1580; x_wconf 87' lang='lat' dir='ltr'><strong>supra</strong></span> <span class='ocrx_word' id='word_1_396' title='bbox 2858 1510 3119 1577; x_wconf 78' lang='lat' dir='ltr'><strong>diximus,</strong></span> <span class='ocrx_word' id='word_1_397' title='bbox 3145 1511 3343 1566; x_wconf 87' lang='lat' dir='ltr'><strong>Nostro</strong></span> 
     </span>
    </p>
   </div>
   <div class='ocr_carea' id='block_1_58' title="bbox 1784 1600 3359 1670">
    <p class='ocr_par' dir='ltr' id='par_1_58' title="bbox 1784 1600 3359 1670">
     <span class='ocr_line' id='line_1_58' title="bbox 1784 1600 3359 1670; baseline 0.001 -16"><span class='ocrx_word' id='word_1_398' title='bbox 1784 1600 1993 1670; x_wconf 89' lang='lat' dir='ltr'><strong>absque</strong></span> <span class='ocrx_word' id='word_1_399' title='bbox 2019 1600 2133 1654; x_wconf 93' lang='lat' dir='ltr'><strong>ullo</strong></span> <span class='ocrx_word' id='word_1_400' title='bbox 2161 1602 2293 1655; x_wconf 88' lang='lat' dir='ltr'><strong>satis</strong></span> <span class='ocrx_word' id='word_1_401' title='bbox 2323 1603 2473 1670; x_wconf 83' lang='lat' dir='ltr'><strong>gravi</strong></span> <span class='ocrx_word' id='word_1_402' title='bbox 2506 1617 2684 1656; x_wconf 77' lang='lat' dir='ltr'><strong>causae</strong></span> <span class='ocrx_word' id='word_1_403' title='bbox 2721 1618 2836 1657; x_wconf 67' lang='lat' dir='ltr'><strong>suae</strong></span> <span class='ocrx_word' id='word_1_404' title='bbox 2876 1602 3227 1656; x_wconf 89' lang='lat' dir='ltr'><strong>fundamento</strong></span> <span class='ocrx_word' id='word_1_405' title='bbox 3258 1603 3359 1656; x_wconf 78' lang='lat' dir='ltr'><strong>tri-</strong></span> 
     </span>
    </p>
   </div>
   <div class='ocr_carea' id='block_1_59' title="bbox 1784 1692 3362 1764">
    <p class='ocr_par' dir='ltr' id='par_1_59' title="bbox 1784 1692 3362 1764">
     <span class='ocr_line' id='line_1_59' title="bbox 1784 1692 3362 1764; baseline 0.001 -16"><span class='ocrx_word' id='word_1_406' title='bbox 1784 1693 1920 1748; x_wconf 90' lang='lat' dir='ltr'><strong>buit.</strong></span> <span class='ocrx_word' id='word_1_407' title='bbox 1971 1692 2177 1747; x_wconf 89' lang='lat' dir='ltr'><strong>Tamen</strong></span> <span class='ocrx_word' id='word_1_408' title='bbox 2226 1695 2370 1747; x_wconf 86' lang='lat' dir='ltr'><strong>hanc</strong></span> <span class='ocrx_word' id='word_1_409' title='bbox 2418 1694 2742 1748; x_wconf 87' lang='lat' dir='ltr'><strong>sententiain</strong></span> <span class='ocrx_word' id='word_1_410' title='bbox 2776 1710 2883 1749; x_wconf 90' lang='lat' dir='ltr'><strong>non</strong></span> <span class='ocrx_word' id='word_1_411' title='bbox 2915 1703 2975 1748; x_wconf 92' lang='lat' dir='ltr'><strong>ut</strong></span> <span class='ocrx_word' id='word_1_412' title='bbox 3018 1694 3362 1764; x_wconf 86' lang='lat' dir='ltr'><strong>probabilem</strong></span> 
     </span>
    </p>
   </div>
   <div class='ocr_carea' id='block_1_60' title="bbox 1787 1785 3353 1856">
    <p class='ocr_par' dir='ltr' id='par_1_60' title="bbox 1787 1785 3353 1856">
     <span class='ocr_line' id='line_1_60' title="bbox 1787 1785 3353 1856; baseline 0.001 -17"><span class='ocrx_word' id='word_1_413' title='bbox 1787 1794 1996 1839; x_wconf 90' lang='lat' dir='ltr'><strong>tantum</strong></span> <span class='ocrx_word' id='word_1_414' title='bbox 2049 1786 2333 1856; x_wconf 87' lang='lat' dir='ltr'><strong>proposuit</strong></span> <span class='ocrx_word' id='word_1_415' title='bbox 2387 1787 2439 1840; x_wconf 92' lang='lat' dir='ltr'><strong>in</strong></span> <span class='ocrx_word' id='word_1_416' title='bbox 2488 1786 2796 1856; x_wconf 81' lang='lat' dir='ltr'><strong>Appendice</strong></span> <span class='ocrx_word' id='word_1_417' title='bbox 2839 1786 2904 1840; x_wconf 92' lang='lat' dir='ltr'><strong>ad</strong></span> <span class='ocrx_word' id='word_1_418' title='bbox 2947 1785 3353 1840; x_wconf 78' lang='lat' dir='ltr'><strong>Anti-Artemo-</strong></span> 
     </span>
    </p>
   </div>
   <div class='ocr_carea' id='block_1_61' title="bbox 1787 1876 3361 1947">
    <p class='ocr_par' dir='ltr' id='par_1_61' title="bbox 1787 1876 3361 1947">
     <span class='ocr_line' id='line_1_61' title="bbox 1787 1876 3361 1947; baseline -0.001 -14"><span class='ocrx_word' id='word_1_419' title='bbox 1787 1879 1936 1933; x_wconf 91' lang='lat' dir='ltr'><strong>nium</strong></span> <span class='ocrx_word' id='word_1_420' title='bbox 1986 1876 2230 1932; x_wconf 87' lang='lat' dir='ltr'><strong>Norimb.</strong></span> <span class='ocrx_word' id='word_1_421' title='bbox 2282 1893 2310 1930; x_wconf 88' lang='lat' dir='ltr'><strong>a</strong></span> <span class='ocrx_word' id='word_1_422' title='bbox 2368 1878 2527 1941; x_wconf 79' lang='lat' dir='ltr'><strong>I755,</strong></span> <span class='ocrx_word' id='word_1_423' title='bbox 2585 1879 2811 1940; x_wconf 89' lang='lat' dir='ltr'><strong>editum,</strong></span> <span class='ocrx_word' id='word_1_424' title='bbox 2868 1879 2964 1932; x_wconf 90' lang='lat' dir='ltr'><strong>sed</strong></span> <span class='ocrx_word' id='word_1_425' title='bbox 3018 1878 3361 1947; x_wconf 86' lang='lat' dir='ltr'><strong>pertinacius</strong></span> 
     </span>
    </p>
   </div>
   <div class='ocr_carea' id='block_1_62' title="bbox 1786 1967 3357 2042">
    <p class='ocr_par' dir='ltr' id='par_1_62' title="bbox 1786 1967 3357 2042">
     <span class='ocr_line' id='line_1_62' title="bbox 1786 1967 3357 2042; baseline -0.003 -18"><span class='ocrx_word' id='word_1_426' title='bbox 1786 1987 2001 2042; x_wconf 91' lang='lat' dir='ltr'><strong>quoque</strong></span> <span class='ocrx_word' id='word_1_427' title='bbox 2030 1978 2221 2026; x_wconf 90' lang='lat' dir='ltr'><strong>contra</strong></span> <span class='ocrx_word' id='word_1_428' title='bbox 2260 1970 2561 2040; x_wconf 89' lang='lat' dir='ltr'><strong>scriptores</strong></span> <span class='ocrx_word' id='word_1_429' title='bbox 2609 1968 3016 2031; x_wconf 81' lang='lat' dir='ltr'><strong>Memoriarutn,</strong></span> <span class='ocrx_word' id='word_1_430' title='bbox 3063 1977 3123 2023; x_wconf 90' lang='lat' dir='ltr'><strong>ut</strong></span> <span class='ocrx_word' id='word_1_431' title='bbox 3161 1967 3357 2023; x_wconf 52' lang='lat' dir='ltr'><strong>dicunn</strong></span> 
     </span>
    </p>
   </div>
   <div class='ocr_carea' id='block_1_63' title="bbox 1789 2060 3353 2131">
    <p class='ocr_par' dir='ltr' id='par_1_63' title="bbox 1789 2060 3353 2131">
     <span class='ocr_line' id='line_1_63' title="bbox 1789 2060 3353 2131; baseline -0.003 -12"><span class='ocrx_word' id='word_1_432' title='bbox 1789 2075 1897 2129; x_wconf 85' lang='lat' dir='ltr'><strong>tur,</strong></span> <span class='ocrx_word' id='word_1_433' title='bbox 1930 2065 2347 2120; x_wconf 81' lang='lat' dir='ltr'><strong>Trivultinarum</strong></span> <span class='ocrx_word' id='word_1_434' title='bbox 2368 2062 2659 2117; x_wconf 79' lang='lat' dir='ltr'><strong>defendere</strong></span> <span class='ocrx_word' id='word_1_435' title='bbox 2686 2061 3124 2131; x_wconf 80' lang='lat' dir='ltr'><strong>voluitsingulari</strong></span> <span class='ocrx_word' id='word_1_436' title='bbox 3152 2060 3353 2124; x_wconf 86' lang='lat' dir='ltr'><strong>libello,</strong></span> 
     </span>
    </p>
   </div>
   <div class='ocr_carea' id='block_1_64' title="bbox 1786 2148 3364 2227">
    <p class='ocr_par' dir='ltr' id='par_1_64' title="bbox 1786 2148 3364 2227">
     <span class='ocr_line' id='line_1_64' title="bbox 1786 2148 3364 2227; baseline -0.002 -15"><span class='ocrx_word' id='word_1_437' title='bbox 1786 2158 1879 2227; x_wconf 90' lang='lat' dir='ltr'><strong>qui</strong></span> <span class='ocrx_word' id='word_1_438' title='bbox 1930 2148 2165 2213; x_wconf 84' lang='lat' dir='ltr'><strong>insertus</strong></span> <span class='ocrx_word' id='word_1_439' title='bbox 2207 2166 2291 2211; x_wconf 90' lang='lat' dir='ltr'><strong>est</strong></span> <span class='ocrx_word' id='word_1_440' title='bbox 2334 2155 2682 2209; x_wconf 68' lang='lat' dir='ltr'><strong>Bibliotheca:</strong></span> <span class='ocrx_word' id='word_1_441' title='bbox 2719 2154 3057 2209; x_wconf 65' lang='lat' dir='ltr'><strong>Germanica:</strong></span> <span class='ocrx_word' id='word_1_442' title='bbox 3107 2152 3364 2223; x_wconf 84' lang='lat' dir='ltr'><strong>(Gallico</strong></span> 
     </span>
    </p>
   </div>
   <div class='ocr_carea' id='block_1_65' title="bbox 1788 2241 3351 2315">
    <p class='ocr_par' dir='ltr' id='par_1_65' title="bbox 1788 2241 3351 2315">
     <span class='ocr_line' id='line_1_65' title="bbox 1788 2241 3351 2315; baseline -0.003 -13"><span class='ocrx_word' id='word_1_443' title='bbox 1788 2249 2065 2313; x_wconf 88' lang='lat' dir='ltr'><strong>idiomate,</strong></span> <span class='ocrx_word' id='word_1_444' title='bbox 2094 2258 2153 2301; x_wconf 91' lang='lat' dir='ltr'><strong>ut</strong></span> <span class='ocrx_word' id='word_1_445' title='bbox 2181 2258 2367 2301; x_wconf 90' lang='lat' dir='ltr'><strong>notum</strong></span> <span class='ocrx_word' id='word_1_446' title='bbox 2400 2246 2647 2315; x_wconf 68' lang='lat' dir='ltr'><strong>scriptaz)</strong></span> <span class='ocrx_word' id='word_1_447' title='bbox 2674 2245 2780 2298; x_wconf 89' lang='lat' dir='ltr'><strong>vol.</strong></span> <span class='ocrx_word' id='word_1_448' title='bbox 2804 2242 3034 2309; x_wconf 80' lang='lat' dir='ltr'><strong>XLVIII,</strong></span> <span class='ocrx_word' id='word_1_449' title='bbox 3068 2258 3120 2312; x_wconf 93' lang='lat' dir='ltr'><strong>p.</strong></span> <span class='ocrx_word' id='word_1_450' title='bbox 3148 2241 3216 2296; x_wconf 83' lang='lat'><strong>50</strong></span> <span class='ocrx_word' id='word_1_451' title='bbox 3236 2256 3351 2312; x_wconf 87' lang='lat' dir='ltr'><strong>seq.</strong></span> 
     </span>
    </p>
   </div>
   <div class='ocr_carea' id='block_1_66' title="bbox 1788 2331 3359 2408">
    <p class='ocr_par' dir='ltr' id='par_1_66' title="bbox 1788 2331 3359 2408">
     <span class='ocr_line' id='line_1_66' title="bbox 1788 2331 3359 2408; baseline -0.006 -14"><span class='ocrx_word' id='word_1_452' title='bbox 1788 2338 1891 2394; x_wconf 88' lang='lat' dir='ltr'><strong>Sed</strong></span> <span class='ocrx_word' id='word_1_453' title='bbox 1923 2354 1986 2393; x_wconf 91' lang='lat' dir='ltr'><strong>ea</strong></span> <span class='ocrx_word' id='word_1_454' title='bbox 2018 2338 2119 2392; x_wconf 87' lang='lat' dir='ltr'><strong>fuit</strong></span> <span class='ocrx_word' id='word_1_455' title='bbox 2141 2337 2402 2408; x_wconf 91' lang='lat' dir='ltr'><strong>juvenilis</strong></span> <span class='ocrx_word' id='word_1_456' title='bbox 2432 2336 2659 2390; x_wconf 85' lang='lat' dir='ltr'><strong>audacia</strong></span> <span class='ocrx_word' id='word_1_457' title='bbox 2682 2377 2696 2401; x_wconf 94' lang='lat'><strong>,</strong></span> <span class='ocrx_word' id='word_1_458' title='bbox 2747 2348 2869 2404; x_wconf 67' lang='lat' dir='ltr'><strong>qua:</strong></span> <span class='ocrx_word' id='word_1_459' title='bbox 2898 2349 3004 2387; x_wconf 91' lang='lat' dir='ltr'><strong>non</strong></span> <span class='ocrx_word' id='word_1_460' title='bbox 3054 2331 3167 2405; x_wconf 76' lang='grc'><strong>[47]</strong></span> <span class='ocrx_word' id='word_1_461' title='bbox 3199 2332 3359 2386; x_wconf 87' lang='lat' dir='ltr'><strong>omni</strong></span> 
     </span>
    </p>
   </div>
   <div class='ocr_carea' id='block_1_67' title="bbox 1786 2427 3355 2500">
    <p class='ocr_par' dir='ltr' id='par_1_67' title="bbox 1786 2427 3355 2500">
     <span class='ocr_line' id='line_1_67' title="bbox 1786 2427 3355 2500; baseline -0.004 -15"><span class='ocrx_word' id='word_1_462' title='bbox 1786 2432 1947 2486; x_wconf 89' lang='lat' dir='ltr'><strong>laude</strong></span> <span class='ocrx_word' id='word_1_463' title='bbox 1977 2440 2144 2486; x_wconf 91' lang='lat' dir='ltr'><strong>caret.</strong></span> <span class='ocrx_word' id='word_1_464' title='bbox 2180 2430 2243 2485; x_wconf 87' lang='lat' dir='ltr'><strong>Et</strong></span> <span class='ocrx_word' id='word_1_465' title='bbox 2274 2432 2389 2500; x_wconf 88' lang='lat' dir='ltr'><strong>ipsa</strong></span> <span class='ocrx_word' id='word_1_466' title='bbox 2414 2428 2629 2498; x_wconf 88' lang='lat' dir='ltr'><strong>juvenis</strong></span> <span class='ocrx_word' id='word_1_467' title='bbox 2650 2468 2664 2492; x_wconf 94' lang='lat'><strong>,</strong></span> <span class='ocrx_word' id='word_1_468' title='bbox 2712 2427 2802 2497; x_wconf 86' lang='lat' dir='ltr'><strong>qui</strong></span> <span class='ocrx_word' id='word_1_469' title='bbox 2835 2428 2973 2480; x_wconf 91' lang='lat' dir='ltr'><strong>ultra</strong></span> <span class='ocrx_word' id='word_1_470' title='bbox 3004 2434 3213 2479; x_wconf 70' lang='lat' dir='ltr'><strong>aetatem</strong></span> <span class='ocrx_word' id='word_1_471' title='bbox 3266 2439 3355 2478; x_wconf 89' lang='lat' dir='ltr'><strong>sa-</strong></span> 
     </span>
    </p>
   </div>
   <div class='ocr_carea' id='block_1_68' title="bbox 1786 2515 3357 2593">
    <p class='ocr_par' dir='ltr' id='par_1_68' title="bbox 1786 2515 3357 2593">
     <span class='ocr_line' id='line_1_68' title="bbox 1786 2515 3357 2593; baseline -0.006 -15"><span class='ocrx_word' id='word_1_472' title='bbox 1786 2539 1914 2593; x_wconf 89' lang='lat' dir='ltr'><strong>pere</strong></span> <span class='ocrx_word' id='word_1_473' title='bbox 1943 2524 2091 2577; x_wconf 90' lang='lat' dir='ltr'><strong>visus</strong></span> <span class='ocrx_word' id='word_1_474' title='bbox 2119 2531 2220 2586; x_wconf 89' lang='lat' dir='ltr'><strong>est,</strong></span> <span class='ocrx_word' id='word_1_475' title='bbox 2252 2521 2555 2592; x_wconf 86' lang='lat' dir='ltr'><strong>disputatio</strong></span> <span class='ocrx_word' id='word_1_476' title='bbox 2588 2520 2747 2573; x_wconf 87' lang='lat' dir='ltr'><strong>habet</strong></span> <span class='ocrx_word' id='word_1_477' title='bbox 2777 2517 3037 2573; x_wconf 90' lang='lat' dir='ltr'><strong>nonnulla</strong></span> <span class='ocrx_word' id='word_1_478' title='bbox 3067 2532 3188 2586; x_wconf 70' lang='lat' dir='ltr'><strong>qua:</strong></span> <span class='ocrx_word' id='word_1_479' title='bbox 3212 2515 3357 2569; x_wconf 90' lang='lat' dir='ltr'><strong>ulte—</strong></span> 
     </span>
    </p>
   </div>
   <div class='ocr_carea' id='block_1_69' title="bbox 1787 2606 3361 2680">
    <p class='ocr_par' dir='ltr' id='par_1_69' title="bbox 1787 2606 3361 2680">
     <span class='ocr_line' id='line_1_69' title="bbox 1787 2606 3361 2680; baseline -0.004 -13"><span class='ocrx_word' id='word_1_480' title='bbox 1787 2614 1918 2668; x_wconf 91' lang='lat' dir='ltr'><strong>riori</strong></span> <span class='ocrx_word' id='word_1_481' title='bbox 1950 2613 2290 2667; x_wconf 83' lang='lat' dir='ltr'><strong>discussione</strong></span> <span class='ocrx_word' id='word_1_482' title='bbox 2324 2626 2429 2665; x_wconf 92' lang='lat' dir='ltr'><strong>non</strong></span> <span class='ocrx_word' id='word_1_483' title='bbox 2482 2610 2701 2680; x_wconf 87' lang='lat' dir='ltr'><strong>indigna</strong></span> <span class='ocrx_word' id='word_1_484' title='bbox 2748 2618 2950 2674; x_wconf 87' lang='lat' dir='ltr'><strong>essent,</strong></span> <span class='ocrx_word' id='word_1_485' title='bbox 2996 2623 3073 2679; x_wconf 88' lang='lat' dir='ltr'><strong>ea</strong></span> <span class='ocrx_word' id='word_1_486' title='bbox 3103 2622 3231 2661; x_wconf 91' lang='lat' dir='ltr'><strong>vero</strong></span> <span class='ocrx_word' id='word_1_487' title='bbox 3260 2606 3361 2661; x_wconf 73' lang='lat' dir='ltr'><strong>alii</strong></span> 
     </span>
    </p>
   </div>
   <div class='ocr_carea' id='block_1_70' title="bbox 1788 2697 3355 2771">
    <p class='ocr_par' dir='ltr' id='par_1_70' title="bbox 1788 2697 3355 2771">
     <span class='ocr_line' id='line_1_70' title="bbox 1788 2697 3355 2771; baseline -0.004 -15"><span class='ocrx_word' id='word_1_488' title='bbox 1788 2704 1907 2757; x_wconf 92' lang='lat' dir='ltr'><strong>loco</strong></span> <span class='ocrx_word' id='word_1_489' title='bbox 1932 2711 1985 2756; x_wconf 91' lang='lat' dir='ltr'><strong>et</strong></span> <span class='ocrx_word' id='word_1_490' title='bbox 2011 2702 2240 2771; x_wconf 89' lang='lat' dir='ltr'><strong>tempori</strong></span> <span class='ocrx_word' id='word_1_491' title='bbox 2268 2701 2381 2769; x_wconf 87' lang='lat' dir='ltr'><strong>jam</strong></span> <span class='ocrx_word' id='word_1_492' title='bbox 2413 2710 2573 2754; x_wconf 89' lang='lat' dir='ltr'><strong>erunt</strong></span> <span class='ocrx_word' id='word_1_493' title='bbox 2603 2698 2978 2769; x_wconf 89' lang='lat' dir='ltr'><strong>relinquenda.</strong></span> <span class='ocrx_word' id='word_1_494' title='bbox 3002 2698 3081 2750; x_wconf 85' lang='lat' dir='ltr'><strong>Ad</strong></span> <span class='ocrx_word' id='word_1_495' title='bbox 3115 2697 3355 2766; x_wconf 89' lang='lat' dir='ltr'><strong>reliquos</strong></span> 
     </span>
    </p>
   </div>
   <div class='ocr_carea' id='block_1_71' title="bbox 1788 2789 3360 2864">
    <p class='ocr_par' dir='ltr' id='par_1_71' title="bbox 1788 2789 3360 2864">
     <span class='ocr_line' id='line_1_71' title="bbox 1788 2789 3360 2864; baseline -0.006 -14"><span class='ocrx_word' id='word_1_496' title='bbox 1788 2794 2087 2864; x_wconf 90' lang='lat' dir='ltr'><strong>Scriptoris</strong></span> <span class='ocrx_word' id='word_1_497' title='bbox 2117 2793 2290 2848; x_wconf 90' lang='lat' dir='ltr'><strong>nostri</strong></span> <span class='ocrx_word' id='word_1_498' title='bbox 2323 2792 2493 2846; x_wconf 88' lang='lat' dir='ltr'><strong>libros</strong></span> <span class='ocrx_word' id='word_1_499' title='bbox 2524 2791 2924 2860; x_wconf 69' lang='lat' dir='ltr'><strong>progredimur,</strong></span> <span class='ocrx_word' id='word_1_500' title='bbox 2969 2790 3014 2843; x_wconf 90' lang='lat' dir='ltr'><strong>si</strong></span> <span class='ocrx_word' id='word_1_501' title='bbox 3048 2789 3234 2857; x_wconf 90' lang='lat' dir='ltr'><strong>paucis</strong></span> <span class='ocrx_word' id='word_1_502' title='bbox 3258 2804 3360 2841; x_wconf 85' lang='lat' dir='ltr'><strong>an-</strong></span> 
     </span>
    </p>
   </div>
   <div class='ocr_carea' id='block_1_72' title="bbox 1790 2881 3351 2951">
    <p class='ocr_par' dir='ltr' id='par_1_72' title="bbox 1790 2881 3351 2951">
     <span class='ocr_line' id='line_1_72' title="bbox 1790 2881 3351 2951; baseline -0.003 -12"><span class='ocrx_word' id='word_1_503' title='bbox 1790 2894 1874 2939; x_wconf 89' lang='lat' dir='ltr'><strong>tea</strong></span> <span class='ocrx_word' id='word_1_504' title='bbox 1911 2886 2138 2940; x_wconf 89' lang='lat' dir='ltr'><strong>lectores</strong></span> <span class='ocrx_word' id='word_1_505' title='bbox 2171 2885 2238 2940; x_wconf 90' lang='lat' dir='ltr'><strong>de</strong></span> <span class='ocrx_word' id='word_1_506' title='bbox 2280 2898 2422 2938; x_wconf 91' lang='lat' dir='ltr'><strong>novo</strong></span> <span class='ocrx_word' id='word_1_507' title='bbox 2456 2882 2704 2937; x_wconf 88' lang='lat' dir='ltr'><strong>Garnerii</strong></span> <span class='ocrx_word' id='word_1_508' title='bbox 2747 2883 2898 2951; x_wconf 90' lang='lat' dir='ltr'><strong>lapsu</strong></span> <span class='ocrx_word' id='word_1_509' title='bbox 2949 2881 3351 2935; x_wconf 90' lang='lat' dir='ltr'><strong>monuerimus.</strong></span> 
     </span>
    </p>
   </div>
   <div class='ocr_carea' id='block_1_73' title="bbox 1789 2970 3359 3044">
    <p class='ocr_par' dir='ltr' id='par_1_73' title="bbox 1789 2970 3359 3044">
     <span class='ocr_line' id='line_1_73' title="bbox 1789 2970 3359 3044; baseline -0.003 -15"><span class='ocrx_word' id='word_1_510' title='bbox 1789 2974 1893 3029; x_wconf 83' lang='lat' dir='ltr'><strong>Vix</strong></span> <span class='ocrx_word' id='word_1_511' title='bbox 1926 2975 2159 3044; x_wconf 86' lang='lat' dir='ltr'><strong>amplius</strong></span> <span class='ocrx_word' id='word_1_512' title='bbox 2190 2974 2484 3044; x_wconf 89' lang='lat' dir='ltr'><strong>quidquam</strong></span> <span class='ocrx_word' id='word_1_513' title='bbox 2518 2972 2715 3027; x_wconf 89' lang='lat' dir='ltr'><strong>addere</strong></span> <span class='ocrx_word' id='word_1_514' title='bbox 2745 2987 2886 3041; x_wconf 81' lang='lat' dir='ltr'><strong>Opus</strong></span> <span class='ocrx_word' id='word_1_515' title='bbox 2914 2973 3037 3027; x_wconf 89' lang='lat' dir='ltr'><strong>erit.</strong></span> <span class='ocrx_word' id='word_1_516' title='bbox 3071 2970 3359 3027; x_wconf 84' lang='lat' dir='ltr'><strong>Latentem</strong></span> 
     </span>
    </p>
   </div>
   <div class='ocr_carea' id='block_1_74' title="bbox 1788 3064 3354 3134">
    <p class='ocr_par' dir='ltr' id='par_1_74' title="bbox 1788 3064 3354 3134">
     <span class='ocr_line' id='line_1_74' title="bbox 1788 3064 3354 3134; baseline -0.001 -14"><span class='ocrx_word' id='word_1_517' title='bbox 1788 3065 1843 3120; x_wconf 90' lang='lat' dir='ltr'><strong>in</strong></span> <span class='ocrx_word' id='word_1_518' title='bbox 1876 3065 2042 3121; x_wconf 86' lang='lat' dir='ltr'><strong>herba</strong></span> <span class='ocrx_word' id='word_1_519' title='bbox 2074 3080 2302 3133; x_wconf 81' lang='lat' dir='ltr'><strong>anguem</strong></span> <span class='ocrx_word' id='word_1_520' title='bbox 2335 3064 2575 3128; x_wconf 89' lang='lat' dir='ltr'><strong>videbit,</strong></span> <span class='ocrx_word' id='word_1_521' title='bbox 2618 3064 2871 3134; x_wconf 87' lang='lat' dir='ltr'><strong>quisquis</strong></span> <span class='ocrx_word' id='word_1_522' title='bbox 2918 3072 3124 3119; x_wconf 89' lang='lat' dir='ltr'><strong>attente</strong></span> <span class='ocrx_word' id='word_1_523' title='bbox 3162 3064 3354 3133; x_wconf 73' lang='lat' dir='ltr'><strong>legerit</strong></span> 
     </span>
    </p>
   </div>
   <div class='ocr_carea' id='block_1_75' title="bbox 1710 3153 3351 3235">
    <p class='ocr_par' dir='ltr' id='par_1_75' title="bbox 1710 3153 3351 3235">
     <span class='ocr_line' id='line_1_75' title="bbox 1710 3153 3351 3235; baseline -0.001 -23"><span class='ocrx_word' id='word_1_524' title='bbox 1710 3178 1753 3235; x_wconf 69' lang='grc' dir='ltr'>ο</span> <span class='ocrx_word' id='word_1_525' title='bbox 1785 3172 1847 3213; x_wconf 87' lang='lat' dir='ltr'><strong>ea</strong></span> <span class='ocrx_word' id='word_1_526' title='bbox 1884 3172 2003 3227; x_wconf 75' lang='lat' dir='ltr'><strong>qua:</strong></span> <span class='ocrx_word' id='word_1_527' title='bbox 2050 3164 2465 3226; x_wconf 62' lang='lat' dir='ltr'><strong>praecesserunt.</strong></span> <span class='ocrx_word' id='word_1_528' title='bbox 2514 3153 2659 3209; x_wconf 89' lang='lat' dir='ltr'><strong>Idem</strong></span> <span class='ocrx_word' id='word_1_529' title='bbox 2707 3156 2856 3225; x_wconf 86' lang='lat' dir='ltr'><strong>quod</strong></span> <span class='ocrx_word' id='word_1_530' title='bbox 2906 3168 3063 3210; x_wconf 84' lang='lat' dir='ltr'><strong>antea</strong></span> <span class='ocrx_word' id='word_1_531' title='bbox 3090 3155 3201 3225; x_wconf 88' lang='lat' dir='ltr'><strong>jam</strong></span> <span class='ocrx_word' id='word_1_532' title='bbox 3247 3156 3351 3211; x_wconf 88' lang='lat' dir='ltr'><strong>ali-</strong></span> 
     </span>
    </p>
   </div>
   <div class='ocr_carea' id='block_1_76' title="bbox 1786 3247 3349 3321">
    <p class='ocr_par' dir='ltr' id='par_1_76' title="bbox 1786 3247 3349 3321">
     <span class='ocr_line' id='line_1_76' title="bbox 1786 3247 3349 3321; baseline -0.001 -17"><span class='ocrx_word' id='word_1_533' title='bbox 1786 3251 2001 3321; x_wconf 88' lang='lat' dir='ltr'><strong>quoties</strong></span> <span class='ocrx_word' id='word_1_534' title='bbox 2047 3250 2253 3304; x_wconf 85' lang='lat' dir='ltr'><strong>dictum</strong></span> <span class='ocrx_word' id='word_1_535' title='bbox 2303 3258 2387 3303; x_wconf 89' lang='lat' dir='ltr'><strong>est</strong></span> <span class='ocrx_word' id='word_1_536' title='bbox 2434 3249 2658 3319; x_wconf 73' lang='lat' dir='ltr'><strong>contigit</strong></span> <span class='ocrx_word' id='word_1_537' title='bbox 2700 3247 2987 3314; x_wconf 86' lang='lat' dir='ltr'><strong>Garnerio,</strong></span> <span class='ocrx_word' id='word_1_538' title='bbox 3027 3262 3152 3302; x_wconf 90' lang='lat' dir='ltr'><strong>cum</strong></span> <span class='ocrx_word' id='word_1_539' title='bbox 3202 3248 3349 3303; x_wconf 88' lang='lat' dir='ltr'><strong>hunc</strong></span> 
     </span>
    </p>
   </div>
   <div class='ocr_carea' id='block_1_77' title="bbox 1786 3339 3364 3413">
    <p class='ocr_par' dir='ltr' id='par_1_77' title="bbox 1786 3339 3364 3413">
     <span class='ocr_line' id='line_1_77' title="bbox 1786 3339 3364 3413; baseline -0.004 -14"><span class='ocrx_word' id='word_1_540' title='bbox 1786 3344 1985 3399; x_wconf 91' lang='lat' dir='ltr'><strong>librum</strong></span> <span class='ocrx_word' id='word_1_541' title='bbox 2017 3342 2218 3413; x_wconf 78' lang='lat' dir='ltr'><strong>legeret</strong></span> <span class='ocrx_word' id='word_1_542' title='bbox 2245 3360 2259 3407; x_wconf 93' lang='lat'><strong>;</strong></span> <span class='ocrx_word' id='word_1_543' title='bbox 2301 3343 2353 3396; x_wconf 92' lang='lat' dir='ltr'><strong>in</strong></span> <span class='ocrx_word' id='word_1_544' title='bbox 2384 3342 2646 3411; x_wconf 89' lang='lat' dir='ltr'><strong>Cyrillum</strong></span> <span class='ocrx_word' id='word_1_545' title='bbox 2676 3341 2818 3394; x_wconf 91' lang='lat' dir='ltr'><strong>enim</strong></span> <span class='ocrx_word' id='word_1_546' title='bbox 2850 3340 3032 3394; x_wconf 88' lang='lat' dir='ltr'><strong>omnia</strong></span> <span class='ocrx_word' id='word_1_547' title='bbox 3062 3339 3201 3394; x_wconf 76' lang='lat' dir='ltr'><strong>dicta</strong></span> <span class='ocrx_word' id='word_1_548' title='bbox 3229 3352 3364 3393; x_wconf 70' lang='lat' dir='ltr'><strong>esse</strong></span> 
     </span>
    </p>
   </div>
   <div class='ocr_carea' id='block_1_78' title="bbox 1786 3427 3363 3504">
    <p class='ocr_par' dir='ltr' id='par_1_78' title="bbox 1786 3427 3363 3504">
     <span class='ocr_line' id='line_1_78' title="bbox 1786 3427 3363 3504; baseline -0.007 -17"><span class='ocrx_word' id='word_1_549' title='bbox 1786 3434 1910 3504; x_wconf 88' lang='lat' dir='ltr'><strong>quis</strong></span> <span class='ocrx_word' id='word_1_550' title='bbox 1941 3432 2045 3486; x_wconf 84' lang='lat' dir='ltr'><strong>nisi</strong></span> <span class='ocrx_word' id='word_1_551' title='bbox 2085 3432 2175 3486; x_wconf 91' lang='lat' dir='ltr'><strong>ille</strong></span> <span class='ocrx_word' id='word_1_552' title='bbox 2202 3431 2567 3501; x_wconf 77' lang='lat' dir='ltr'><strong>somniasset?</strong></span> <span class='ocrx_word' id='word_1_553' title='bbox 2600 3440 2658 3483; x_wconf 87' lang='lat' dir='ltr'><strong>ut</strong></span> <span class='ocrx_word' id='word_1_554' title='bbox 2686 3430 2844 3483; x_wconf 86' lang='lat' dir='ltr'><strong>Iidem</strong></span> <span class='ocrx_word' id='word_1_555' title='bbox 2877 3428 3143 3484; x_wconf 87' lang='lat' dir='ltr'><strong>faciamus</strong></span> <span class='ocrx_word' id='word_1_556' title='bbox 3169 3427 3363 3482; x_wconf 86' lang='lat' dir='ltr'><strong>verbis.</strong></span> 
     </span>
    </p>
   </div>
   <div class='ocr_carea' id='block_1_79' title="bbox 1786 3520 3349 3592">
    <p class='ocr_par' dir='ltr' id='par_1_79' title="bbox 1786 3520 3349 3592">
     <span class='ocr_line' id='line_1_79' title="bbox 1786 3520 3349 3592; baseline -0.004 -11"><span class='ocrx_word' id='word_1_557' title='bbox 1786 3526 2011 3588; x_wconf 91' lang='lat' dir='ltr'><strong>nostris,</strong></span> <span class='ocrx_word' id='word_1_558' title='bbox 2065 3524 2148 3577; x_wconf 91' lang='lat' dir='ltr'><strong>vel</strong></span> <span class='ocrx_word' id='word_1_559' title='bbox 2205 3537 2375 3592; x_wconf 89' lang='lat' dir='ltr'><strong>pauca</strong></span> <span class='ocrx_word' id='word_1_560' title='bbox 2427 3522 2539 3575; x_wconf 85' lang='lat' dir='ltr'><strong>haec</strong></span> <span class='ocrx_word' id='word_1_561' title='bbox 2589 3535 2962 3590; x_wconf 90' lang='lat' dir='ltr'><strong>apponemus,</strong></span> <span class='ocrx_word' id='word_1_562' title='bbox 3018 3534 3140 3590; x_wconf 67' lang='lat' dir='ltr'><strong>quae</strong></span> <span class='ocrx_word' id='word_1_563' title='bbox 3193 3520 3349 3574; x_wconf 85' lang='lat' dir='ltr'><strong>Auct.</strong></span> 
     </span>
    </p>
   </div>
   <div class='ocr_carea' id='block_1_80' title="bbox 1786 3612 3357 3689">
    <p class='ocr_par' dir='ltr' id='par_1_80' title="bbox 1786 3612 3357 3689">
     <span class='ocr_line' id='line_1_80' title="bbox 1786 3612 3357 3689; baseline -0.003 -17"><span class='ocrx_word' id='word_1_564' title='bbox 1786 3634 1840 3689; x_wconf 91' lang='lat' dir='ltr'><strong>p.</strong></span> <span class='ocrx_word' id='word_1_565' title='bbox 1874 3618 1978 3673; x_wconf 72' lang='lat' dir='ltr'><strong>I52</strong></span> <span class='ocrx_word' id='word_1_566' title='bbox 2004 3622 2245 3677; x_wconf 80' lang='lat' dir='ltr'><strong>exstant,</strong></span> <span class='ocrx_word' id='word_1_567' title='bbox 2274 3622 2327 3669; x_wconf 89' lang='lat' dir='ltr'><strong>et</strong></span> <span class='ocrx_word' id='word_1_568' title='bbox 2361 3630 2549 3684; x_wconf 90' lang='lat' dir='ltr'><strong>parum</strong></span> <span class='ocrx_word' id='word_1_569' title='bbox 2583 3614 2806 3668; x_wconf 88' lang='lat' dir='ltr'><strong>mutatis</strong></span> <span class='ocrx_word' id='word_1_570' title='bbox 2839 3612 3018 3667; x_wconf 88' lang='lat' dir='ltr'><strong>verbis</strong></span> <span class='ocrx_word' id='word_1_571' title='bbox 3061 3622 3357 3668; x_wconf 82' lang='lat' dir='ltr'><strong>recurrunt</strong></span> 
     </span>
    </p>
   </div>
   <div class='ocr_carea' id='block_1_81' title="bbox 1786 3707 3361 3785">
    <p class='ocr_par' dir='ltr' id='par_1_81' title="bbox 1786 3707 3361 3785">
     <span class='ocr_line' id='line_1_81' title="bbox 1786 3707 3361 3785; baseline -0.006 -14"><span class='ocrx_word' id='word_1_572' title='bbox 1786 3730 1841 3785; x_wconf 88' lang='lat' dir='ltr'><strong>p.</strong></span> <span class='ocrx_word' id='word_1_573' title='bbox 1872 3712 1976 3767; x_wconf 75' lang='grc'><strong>240</strong></span> <span class='ocrx_word' id='word_1_574' title='bbox 2010 3730 2024 3768; x_wconf 91' lang='lat'><strong>:</strong></span> <span class='ocrx_word' id='word_1_575' title='bbox 2061 3728 2081 3763; x_wconf 71' lang='grc' dir='ltr'>ι</span> <span class='ocrx_word' id='word_1_576' title='bbox 2119 3710 2175 3764; x_wconf 90' lang='lat' dir='ltr'><strong>In</strong></span> <span class='ocrx_word' id='word_1_577' title='bbox 2202 3711 2324 3775; x_wconf 89' lang='lat' dir='ltr'><strong>hoc,</strong></span> <span class='ocrx_word' id='word_1_578' title='bbox 2357 3710 2554 3779; x_wconf 92' lang='lat' dir='ltr'><strong>inquit,</strong></span> <span class='ocrx_word' id='word_1_579' title='bbox 2585 3724 2770 3779; x_wconf 90' lang='lat' dir='ltr'><strong>opere,</strong></span> <span class='ocrx_word' id='word_1_580' title='bbox 2801 3710 2938 3763; x_wconf 92' lang='lat' dir='ltr'><strong>mira</strong></span> <span class='ocrx_word' id='word_1_581' title='bbox 2975 3707 3206 3777; x_wconf 88' lang='lat' dir='ltr'><strong>quadam</strong></span> <span class='ocrx_word' id='word_1_582' title='bbox 3238 3717 3361 3763; x_wconf 84' lang='lat' dir='ltr'><strong>arte</strong></span> 
     </span>
    </p>
   </div>
   <div class='ocr_carea' id='block_1_82' title="bbox 1786 3799 3354 3869">
    <p class='ocr_par' dir='ltr' id='par_1_82' title="bbox 1786 3799 3354 3869">
     <span class='ocr_line' id='line_1_82' title="bbox 1786 3799 3354 3869; baseline -0.004 -9"><span class='ocrx_word' id='word_1_583' title='bbox 1786 3804 2072 3861; x_wconf 85' lang='lat' dir='ltr'><strong>consilium</strong></span> <span class='ocrx_word' id='word_1_584' title='bbox 2103 3802 2417 3857; x_wconf 91' lang='lat' dir='ltr'><strong>dissimulat</strong></span> <span class='ocrx_word' id='word_1_585' title='bbox 2448 3821 2461 3854; x_wconf 92' lang='lat'><strong>:</strong></span> <span class='ocrx_word' id='word_1_586' title='bbox 2497 3816 2619 3854; x_wconf 91' lang='lat' dir='ltr'><strong>nam</strong></span> <span class='ocrx_word' id='word_1_587' title='bbox 2656 3815 2780 3854; x_wconf 90' lang='lat' dir='ltr'><strong>cum</strong></span> <span class='ocrx_word' id='word_1_588' title='bbox 2831 3815 2927 3869; x_wconf 90' lang='lat' dir='ltr'><strong>per</strong></span> <span class='ocrx_word' id='word_1_589' title='bbox 2968 3799 3354 3869; x_wconf 84' lang='lat' dir='ltr'><strong>dialogismum</strong></span> 
     </span>
    </p>
   </div>
   <div class='ocr_carea' id='block_1_83' title="bbox 1785 3890 3353 3965">
    <p class='ocr_par' dir='ltr' id='par_1_83' title="bbox 1785 3890 3353 3965">
     <span class='ocr_line' id='line_1_83' title="bbox 1785 3890 3353 3965; baseline -0.004 -14"><span class='ocrx_word' id='word_1_590' title='bbox 1785 3897 1839 3951; x_wconf 92' lang='lat' dir='ltr'><strong>in</strong></span> <span class='ocrx_word' id='word_1_591' title='bbox 1874 3896 2290 3965; x_wconf 87' lang='lat' dir='ltr'><strong>Apollinaristas</strong></span> <span class='ocrx_word' id='word_1_592' title='bbox 2336 3894 2614 3963; x_wconf 88' lang='lat' dir='ltr'><strong>disputare</strong></span> <span class='ocrx_word' id='word_1_593' title='bbox 2661 3908 2721 3948; x_wconf 82' lang='lat' dir='ltr'><strong>se</strong></span> <span class='ocrx_word' id='word_1_594' title='bbox 2764 3892 2936 3963; x_wconf 84' lang='lat' dir='ltr'><strong>ﬁngit,</strong></span> <span class='ocrx_word' id='word_1_595' title='bbox 2978 3890 3237 3962; x_wconf 87' lang='lat' dir='ltr'><strong>Cyrillum</strong></span> <span class='ocrx_word' id='word_1_596' title='bbox 3268 3907 3353 3946; x_wconf 80' lang='lat' dir='ltr'><strong>re-</strong></span> 
     </span>
    </p>
   </div>
   <div class='ocr_carea' id='block_1_84' title="bbox 1785 3981 3350 4054">
    <p class='ocr_par' dir='ltr' id='par_1_84' title="bbox 1785 3981 3350 4054">
     <span class='ocr_line' id='line_1_84' title="bbox 1785 3981 3350 4054; baseline -0.004 -11"><span class='ocrx_word' id='word_1_597' title='bbox 1785 4003 1912 4043; x_wconf 81' lang='lat' dir='ltr'><strong>vera</strong></span> <span class='ocrx_word' id='word_1_598' title='bbox 1939 3996 1992 4042; x_wconf 87' lang='lat' dir='ltr'><strong>et</strong></span> <span class='ocrx_word' id='word_1_599' title='bbox 2018 3985 2328 4041; x_wconf 87' lang='lat' dir='ltr'><strong>Catholicos</strong></span> <span class='ocrx_word' id='word_1_600' title='bbox 2357 3984 2654 4054; x_wconf 84' lang='lat' dir='ltr'><strong>impugnat,</strong></span> <span class='ocrx_word' id='word_1_601' title='bbox 2706 3982 2817 4036; x_wconf 92' lang='lat' dir='ltr'><strong>imo</strong></span> <span class='ocrx_word' id='word_1_602' title='bbox 2872 3982 3178 4037; x_wconf 89' lang='lat' dir='ltr'><strong>doctrinam</strong></span> <span class='ocrx_word' id='word_1_603' title='bbox 3238 3981 3350 4036; x_wconf 88' lang='lat' dir='ltr'><strong>Ne-</strong></span> 
     </span>
    </p>
   </div>
   <div class='ocr_carea' id='block_1_85' title="bbox 1788 4072 3351 4145">
    <p class='ocr_par' dir='ltr' id='par_1_85' title="bbox 1788 4072 3351 4145">
     <span class='ocr_line' id='line_1_85' title="bbox 1788 4072 3351 4145; baseline -0.006 -9"><span class='ocrx_word' id='word_1_604' title='bbox 1788 4080 1943 4137; x_wconf 88' lang='lat' dir='ltr'><strong>storii</strong></span> <span class='ocrx_word' id='word_1_605' title='bbox 1986 4077 2485 4140; x_wconf 89' lang='lat' dir='ltr'><strong>demonstratione,</strong></span> <span class='ocrx_word' id='word_1_606' title='bbox 2536 4084 2597 4130; x_wconf 93' lang='lat' dir='ltr'><strong>ut</strong></span> <span class='ocrx_word' id='word_1_607' title='bbox 2642 4074 2759 4145; x_wconf 90' lang='lat' dir='ltr'><strong>ipse</strong></span> <span class='ocrx_word' id='word_1_608' title='bbox 2813 4074 3030 4144; x_wconf 88' lang='lat' dir='ltr'><strong>quidem</strong></span> <span class='ocrx_word' id='word_1_609' title='bbox 3081 4072 3351 4143; x_wconf 84' lang='lat' dir='ltr'><strong>loquitur,</strong></span> 
     </span>
    </p>
   </div>
   <div class='ocr_carea' id='block_1_86' title="bbox 1787 4164 3351 4237">
    <p class='ocr_par' dir='ltr' id='par_1_86' title="bbox 1787 4164 3351 4237">
     <span class='ocr_line' id='line_1_86' title="bbox 1787 4164 3351 4237; baseline -0.004 -9"><span class='ocrx_word' id='word_1_610' title='bbox 1787 4171 2111 4230; x_wconf 83' lang='lat' dir='ltr'><strong>confirmare</strong></span> <span class='ocrx_word' id='word_1_611' title='bbox 2164 4168 2374 4224; x_wconf 91' lang='lat' dir='ltr'><strong>nititur.</strong></span> <span class='ocrx_word' id='word_1_612' title='bbox 2438 4168 2647 4222; x_wconf 85' lang='lat' dir='ltr'><strong>Laudat</strong></span> <span class='ocrx_word' id='word_1_613' title='bbox 2700 4166 2920 4237; x_wconf 89' lang='lat' dir='ltr'><strong>quidem</strong></span> <span class='ocrx_word' id='word_1_614' title='bbox 2978 4165 3236 4237; x_wconf 79' lang='lat' dir='ltr'><strong>Cyrillum</strong></span> <span class='ocrx_word' id='word_1_615' title='bbox 3291 4164 3351 4221; x_wconf 83' lang='lat' dir='ltr'><strong>in</strong></span> 
     </span>
    </p>
   </div>
   <div class='ocr_carea' id='block_1_87' title="bbox 1787 4257 3355 4333">
    <p class='ocr_par' dir='ltr' id='par_1_87' title="bbox 1787 4257 3355 4333">
     <span class='ocr_line' id='line_1_87' title="bbox 1787 4257 3355 4333; baseline -0.004 -14"><span class='ocrx_word' id='word_1_616' title='bbox 1787 4265 2011 4333; x_wconf 83' lang='lat' dir='ltr'><strong>Dialogo</strong></span> <span class='ocrx_word' id='word_1_617' title='bbox 2034 4261 2291 4327; x_wconf 87' lang='lat' dir='ltr'><strong>secundo,</strong></span> <span class='ocrx_word' id='word_1_618' title='bbox 2333 4260 2426 4316; x_wconf 88' lang='lat' dir='ltr'><strong>sed</strong></span> <span class='ocrx_word' id='word_1_619' title='bbox 2458 4260 2691 4330; x_wconf 83' lang='lat' dir='ltr'><strong>maligna</strong></span> <span class='ocrx_word' id='word_1_620' title='bbox 2718 4259 2876 4315; x_wconf 89' lang='lat' dir='ltr'><strong>laude</strong></span> <span class='ocrx_word' id='word_1_621' title='bbox 2903 4298 2919 4323; x_wconf 90' lang='lat'><strong>,</strong></span> <span class='ocrx_word' id='word_1_622' title='bbox 2954 4268 3074 4314; x_wconf 71' lang='lat' dir='ltr'><strong>eaet.</strong></span> <span class='ocrx_word' id='word_1_623' title='bbox 3099 4276 3120 4311; x_wconf 69' lang='grc' dir='ltr'><strong><em>ι</em></strong></span> <span class='ocrx_word' id='word_1_624' title='bbox 3150 4257 3355 4325; x_wconf 80' lang='lat' dir='ltr'><strong>Quidni</strong></span> 
     </span>
    </p>
   </div>
   <div class='ocr_carea' id='block_1_88' title="bbox 1790 4350 3352 4425">
    <p class='ocr_par' dir='ltr' id='par_1_88' title="bbox 1790 4350 3352 4425">
     <span class='ocr_line' id='line_1_88' title="bbox 1790 4350 3352 4425; baseline -0.003 -14"><span class='ocrx_word' id='word_1_625' title='bbox 1790 4356 1906 4411; x_wconf 65' lang='lat' dir='ltr'><strong>haec</strong></span> <span class='ocrx_word' id='word_1_626' title='bbox 1953 4362 2228 4425; x_wconf 88' lang='lat' dir='ltr'><strong>postrema</strong></span> <span class='ocrx_word' id='word_1_627' title='bbox 2275 4354 2354 4408; x_wconf 90' lang='lat' dir='ltr'><strong>sic</strong></span> <span class='ocrx_word' id='word_1_628' title='bbox 2385 4351 2588 4406; x_wconf 91' lang='lat' dir='ltr'><strong>imitari</strong></span> <span class='ocrx_word' id='word_1_629' title='bbox 2620 4351 2794 4417; x_wconf 91' lang='lat' dir='ltr'><strong>liceat,</strong></span> <span class='ocrx_word' id='word_1_630' title='bbox 2837 4352 3114 4407; x_wconf 88' lang='lat' dir='ltr'><strong>invehitur</strong></span> <span class='ocrx_word' id='word_1_631' title='bbox 3140 4350 3352 4407; x_wconf 87' lang='lat' dir='ltr'><strong>Garne-</strong></span> 
     </span>
    </p>
   </div>
   <div class='ocr_carea' id='block_1_89' title="bbox 1792 4444 3039 4513">
    <p class='ocr_par' dir='ltr' id='par_1_89' title="bbox 1792 4444 3039 4513">
     <span class='ocr_line' id='line_1_89' title="bbox 1792 4444 3039 4513; baseline -0.005 -10"><span class='ocrx_word' id='word_1_632' title='bbox 1792 4449 1908 4503; x_wconf 85' lang='lat' dir='ltr'><strong>rius</strong></span> <span class='ocrx_word' id='word_1_633' title='bbox 1940 4447 1995 4500; x_wconf 91' lang='lat' dir='ltr'><strong>in</strong></span> <span class='ocrx_word' id='word_1_634' title='bbox 2027 4444 2448 4510; x_wconf 86' lang='lat' dir='ltr'><strong>Theodoretum,</strong></span> <span class='ocrx_word' id='word_1_635' title='bbox 2482 4444 2575 4498; x_wconf 91' lang='lat' dir='ltr'><strong>sed</strong></span> <span class='ocrx_word' id='word_1_636' title='bbox 2605 4444 2731 4498; x_wconf 92' lang='lat' dir='ltr'><strong>odio</strong></span> <span class='ocrx_word' id='word_1_637' title='bbox 2760 4444 3039 4513; x_wconf 82' lang='lat' dir='ltr'><strong>maligno?</strong></span> 
     </span>
    </p>
   </div>
   <div class='ocr_carea' id='block_1_90' title="bbox 122 4529 1686 4607">
    <p class='ocr_par' dir='ltr' id='par_1_90' title="bbox 122 4530 1682 4607">
     <span class='ocr_line' id='line_1_90' title="bbox 122 4530 1682 4607; baseline -0.004 -17"><span class='ocrx_word' id='word_1_638' title='bbox 122 4540 374 4607; x_wconf 78' lang='lat' dir='ltr'><strong>unigeniti</strong></span> <span class='ocrx_word' id='word_1_639' title='bbox 424 4536 553 4589; x_wconf 80' lang='lat' dir='ltr'><strong>Filii</strong></span> <span class='ocrx_word' id='word_1_640' title='bbox 594 4533 966 4597; x_wconf 87' lang='lat' dir='ltr'><strong>divinitatem;</strong></span> <span class='ocrx_word' id='word_1_641' title='bbox 1004 4531 1059 4585; x_wconf 90' lang='lat' dir='ltr'><strong>in</strong></span> <span class='ocrx_word' id='word_1_642' title='bbox 1102 4530 1370 4593; x_wconf 86' lang='lat' dir='ltr'><strong>secundo,</strong></span> <span class='ocrx_word' id='word_1_643' title='bbox 1416 4544 1521 4583; x_wconf 93' lang='lat' dir='ltr'><strong>non</strong></span> <span class='ocrx_word' id='word_1_644' title='bbox 1562 4544 1682 4598; x_wconf 88' lang='lat' dir='ltr'><strong>per-</strong></span> 
     </span>
    </p>
   </div>
   <div class='ocr_carea' id='block_1_91' title="bbox 1787 4529 3351 4607">
    <p class='ocr_par' dir='ltr' id='par_1_91' title="bbox 1860 4535 3351 4606">
     <span class='ocr_line' id='line_1_91' title="bbox 1860 4535 3351 4606; baseline -0.004 -11"><span class='ocrx_word' id='word_1_645' title='bbox 1860 4537 2204 4606; x_wconf 85' lang='lat' dir='ltr'><strong>Multiplicem</strong></span> <span class='ocrx_word' id='word_1_646' title='bbox 2236 4535 2528 4603; x_wconf 88' lang='lat' dir='ltr'><strong>Scriptoris</strong></span> <span class='ocrx_word' id='word_1_647' title='bbox 2560 4536 2728 4589; x_wconf 90' lang='lat' dir='ltr'><strong>nostri</strong></span> <span class='ocrx_word' id='word_1_648' title='bbox 2751 4535 3057 4590; x_wconf 89' lang='lat' dir='ltr'><strong>doctrinam</strong></span> <span class='ocrx_word' id='word_1_649' title='bbox 3083 4544 3351 4591; x_wconf 90' lang='lat' dir='ltr'><strong>testantur</strong></span> 
     </span>
    </p>
   </div>
   <div class='ocr_carea' id='block_1_92' title="bbox 123 4619 1686 4690">
    <p class='ocr_par' dir='ltr' id='par_1_92' title="bbox 123 4619 1686 4690">
     <span class='ocr_line' id='line_1_92' title="bbox 123 4619 1686 4690; baseline -0.006 -8"><span class='ocrx_word' id='word_1_650' title='bbox 123 4634 332 4685; x_wconf 82' lang='lat' dir='ltr'><strong>mistam</strong></span> <span class='ocrx_word' id='word_1_651' title='bbox 372 4629 496 4684; x_wconf 84' lang='lat' dir='ltr'><strong>sive</strong></span> <span class='ocrx_word' id='word_1_652' title='bbox 523 4625 881 4690; x_wconf 73' lang='lat' dir='ltr'><strong>inconfusam</strong></span> <span class='ocrx_word' id='word_1_653' title='bbox 929 4622 1098 4676; x_wconf 85' lang='lat' dir='ltr'><strong>fuisse</strong></span> <span class='ocrx_word' id='word_1_654' title='bbox 1128 4622 1183 4675; x_wconf 93' lang='lat' dir='ltr'><strong>in</strong></span> <span class='ocrx_word' id='word_1_655' title='bbox 1212 4621 1429 4675; x_wconf 90' lang='lat' dir='ltr'><strong>Christo</strong></span> <span class='ocrx_word' id='word_1_656' title='bbox 1457 4619 1686 4673; x_wconf 90' lang='lat' dir='ltr'><strong>Domino</strong></span> 
     </span>
    </p>
   </div>
   <div class='ocr_carea' id='block_1_93' title="bbox 123 4712 1688 4785">
    <p class='ocr_par' dir='ltr' id='par_1_93' title="bbox 123 4712 1688 4785">
     <span class='ocr_line' id='line_1_93' title="bbox 123 4712 1688 4785; baseline -0.006 -10"><span class='ocrx_word' id='word_1_657' title='bbox 123 4722 420 4777; x_wconf 74' lang='lat' dir='ltr'><strong>divinitatis</strong></span> <span class='ocrx_word' id='word_1_658' title='bbox 451 4732 505 4774; x_wconf 86' lang='lat' dir='ltr'><strong>et</strong></span> <span class='ocrx_word' id='word_1_659' title='bbox 538 4716 893 4773; x_wconf 89' lang='lat' dir='ltr'><strong>humanitatis</strong></span> <span class='ocrx_word' id='word_1_660' title='bbox 931 4715 1223 4780; x_wconf 90' lang='lat' dir='ltr'><strong>unionem;</strong></span> <span class='ocrx_word' id='word_1_661' title='bbox 1278 4712 1391 4785; x_wconf 76' lang='grc' dir='ltr'><strong>μδ]</strong></span> <span class='ocrx_word' id='word_1_662' title='bbox 1428 4714 1483 4767; x_wconf 90' lang='lat' dir='ltr'><strong>in</strong></span> <span class='ocrx_word' id='word_1_663' title='bbox 1531 4712 1688 4766; x_wconf 91' lang='lat' dir='ltr'><strong>tertio</strong></span> 
     </span>
    </p>
   </div>
   <div class='ocr_carea' id='block_1_94' title="bbox 124 4803 1689 4883">
    <p class='ocr_par' dir='ltr' id='par_1_94' title="bbox 124 4803 1689 4883">
     <span class='ocr_line' id='line_1_94' title="bbox 124 4803 1689 4883; baseline -0.006 -16"><span class='ocrx_word' id='word_1_664' title='bbox 124 4815 373 4883; x_wconf 78' lang='lat' dir='ltr'><strong>denique,</strong></span> <span class='ocrx_word' id='word_1_665' title='bbox 431 4827 462 4864; x_wconf 89' lang='lat' dir='ltr'><strong>a</strong></span> <span class='ocrx_word' id='word_1_666' title='bbox 510 4808 857 4879; x_wconf 89' lang='lat' dir='ltr'><strong>passionibus</strong></span> <span class='ocrx_word' id='word_1_667' title='bbox 902 4806 1128 4861; x_wconf 87' lang='lat' dir='ltr'><strong>liberam</strong></span> <span class='ocrx_word' id='word_1_668' title='bbox 1181 4804 1349 4860; x_wconf 90' lang='lat' dir='ltr'><strong>fuisse</strong></span> <span class='ocrx_word' id='word_1_669' title='bbox 1390 4803 1689 4858; x_wconf 88' lang='lat' dir='ltr'><strong>Salvatoris</strong></span> 
     </span>
    </p>
   </div>
   <div class='ocr_carea' id='block_1_95' title="bbox 126 4896 1688 4968">
    <p class='ocr_par' dir='ltr' id='par_1_95' title="bbox 126 4896 1688 4968">
     <span class='ocr_line' id='line_1_95' title="bbox 126 4896 1688 4968; baseline -0.006 -11"><span class='ocrx_word' id='word_1_670' title='bbox 126 4906 295 4960; x_wconf 83' lang='lat' dir='ltr'><strong>nostri</strong></span> <span class='ocrx_word' id='word_1_671' title='bbox 354 4905 724 4957; x_wconf 78' lang='lat' dir='ltr'><strong>divinitatem.</strong></span> <span class='ocrx_word' id='word_1_672' title='bbox 778 4899 874 4955; x_wconf 79' lang='lat' dir='ltr'><strong>llis</strong></span> <span class='ocrx_word' id='word_1_673' title='bbox 922 4900 1322 4968; x_wconf 87' lang='lat' dir='ltr'><strong>subjuuguntur</strong></span> <span class='ocrx_word' id='word_1_674' title='bbox 1361 4896 1688 4961; x_wconf 70' lang='grc' dir='ltr'><strong>Ἀποδείξεις</strong></span> 
     </span>
    </p>
   </div>
   <div class='ocr_carea' id='block_1_96' title="bbox 124 4988 1692 5063">
    <p class='ocr_par' dir='ltr' id='par_1_96' title="bbox 124 4988 1692 5063">
     <span class='ocr_line' id='line_1_96' title="bbox 124 4988 1692 5063; baseline -0.005 -15"><span class='ocrx_word' id='word_1_675' title='bbox 124 4997 209 5050; x_wconf 63' lang='grc' dir='ltr'><strong>διὰ</strong></span> <span class='ocrx_word' id='word_1_676' title='bbox 237 4993 658 5063; x_wconf 78' lang='grc' dir='ltr'><strong>συλλογισμῶν,</strong></span> <span class='ocrx_word' id='word_1_677' title='bbox 709 4992 801 5045; x_wconf 89' lang='lat' dir='ltr'><strong>ubi</strong></span> <span class='ocrx_word' id='word_1_678' title='bbox 850 4990 1041 5045; x_wconf 83' lang='lat' dir='ltr'><strong>validis</strong></span> <span class='ocrx_word' id='word_1_679' title='bbox 1082 4988 1381 5043; x_wconf 88' lang='lat' dir='ltr'><strong>ratiociniis</strong></span> <span class='ocrx_word' id='word_1_680' title='bbox 1416 4989 1692 5057; x_wconf 86' lang='lat' dir='ltr'><strong>impugnat</strong></span> 
     </span>
    </p>
   </div>
   <div class='ocr_carea' id='block_1_97' title="bbox 124 5079 1690 5154">
    <p class='ocr_par' dir='ltr' id='par_1_97' title="bbox 124 5079 1690 5154">
     <span class='ocr_line' id='line_1_97' title="bbox 124 5079 1690 5154; baseline -0.005 -13"><span class='ocrx_word' id='word_1_681' title='bbox 124 5105 363 5149; x_wconf 74' lang='lat' dir='ltr'><strong>errores.</strong></span> <span class='ocrx_word' id='word_1_682' title='bbox 398 5095 593 5143; x_wconf 81' lang='lat' dir='ltr'><strong>contra</strong></span> <span class='ocrx_word' id='word_1_683' title='bbox 623 5100 765 5154; x_wconf 90' lang='lat' dir='ltr'><strong>quos</strong></span> <span class='ocrx_word' id='word_1_684' title='bbox 793 5086 845 5138; x_wconf 90' lang='lat' dir='ltr'><strong>in</strong></span> <span class='ocrx_word' id='word_1_685' title='bbox 877 5084 979 5138; x_wconf 81' lang='lat' dir='ltr'><strong>hoc</strong></span> <span class='ocrx_word' id='word_1_686' title='bbox 1023 5084 1161 5137; x_wconf 87' lang='lat' dir='ltr'><strong>libro</strong></span> <span class='ocrx_word' id='word_1_687' title='bbox 1189 5082 1447 5151; x_wconf 82' lang='lat' dir='ltr'><strong>disputat.</strong></span> <span class='ocrx_word' id='word_1_688' title='bbox 1485 5079 1690 5133; x_wconf 82' lang='lat' dir='ltr'><strong>Genui-</strong></span> 
     </span>
    </p>
   </div>
   <div class='ocr_carea' id='block_1_98' title="bbox 128 5170 1689 5243">
    <p class='ocr_par' dir='ltr' id='par_1_98' title="bbox 128 5170 1689 5243">
     <span class='ocr_line' id='line_1_98' title="bbox 128 5170 1689 5243; baseline -0.007 -8"><span class='ocrx_word' id='word_1_689' title='bbox 128 5198 251 5235; x_wconf 87' lang='lat' dir='ltr'><strong>num</strong></span> <span class='ocrx_word' id='word_1_690' title='bbox 304 5182 417 5235; x_wconf 89' lang='lat' dir='ltr'><strong>hoc</strong></span> <span class='ocrx_word' id='word_1_691' title='bbox 466 5193 592 5234; x_wconf 89' lang='lat' dir='ltr'><strong>esse</strong></span> <span class='ocrx_word' id='word_1_692' title='bbox 640 5175 961 5231; x_wconf 89' lang='lat' dir='ltr'><strong>Theodoreti</strong></span> <span class='ocrx_word' id='word_1_693' title='bbox 1011 5175 1272 5243; x_wconf 90' lang='lat' dir='ltr'><strong>scriptum</strong></span> <span class='ocrx_word' id='word_1_694' title='bbox 1318 5173 1408 5226; x_wconf 91' lang='lat' dir='ltr'><strong>vix</strong></span> <span class='ocrx_word' id='word_1_695' title='bbox 1456 5170 1689 5226; x_wconf 89' lang='lat' dir='ltr'><strong>dubitari</strong></span> 
     </span>
    </p>
   </div>
   <div class='ocr_carea' id='block_1_99' title="bbox 134 5262 1691 5341">
    <p class='ocr_par' dir='ltr' id='par_1_99' title="bbox 134 5262 1691 5341">
     <span class='ocr_line' id='line_1_99' title="bbox 134 5262 1691 5341; baseline -0.008 -12"><span class='ocrx_word' id='word_1_696' title='bbox 134 5274 343 5341; x_wconf 78' lang='lat' dir='ltr'><strong>peterit,</strong></span> <span class='ocrx_word' id='word_1_697' title='bbox 397 5286 527 5324; x_wconf 87' lang='lat' dir='ltr'><strong>cum</strong></span> <span class='ocrx_word' id='word_1_698' title='bbox 584 5285 692 5323; x_wconf 91' lang='lat' dir='ltr'><strong>non</strong></span> <span class='ocrx_word' id='word_1_699' title='bbox 751 5267 909 5322; x_wconf 89' lang='lat' dir='ltr'><strong>modo</strong></span> <span class='ocrx_word' id='word_1_700' title='bbox 959 5265 1209 5330; x_wconf 89' lang='lat' dir='ltr'><strong>Photius,</strong></span> <span class='ocrx_word' id='word_1_701' title='bbox 1266 5263 1387 5319; x_wconf 90' lang='lat' dir='ltr'><strong>cod.</strong></span> <span class='ocrx_word' id='word_1_702' title='bbox 1433 5262 1524 5322; x_wconf 71' lang='grc'><strong>46,</strong></span> <span class='ocrx_word' id='word_1_703' title='bbox 1574 5262 1691 5331; x_wconf 88' lang='lat' dir='ltr'><strong>ejus</strong></span> 
     </span>
    </p>
   </div>
   <div class='ocr_carea' id='block_1_100' title="bbox 137 5352 1692 5426">
    <p class='ocr_par' dir='ltr' id='par_1_100' title="bbox 137 5352 1692 5426">
     <span class='ocr_line' id='line_1_100' title="bbox 137 5352 1692 5426; baseline -0.01 -6"><span class='ocrx_word' id='word_1_704' title='bbox 137 5368 460 5420; x_wconf 78' lang='lat' dir='ltr'><strong>menll0ttem</strong></span> <span class='ocrx_word' id='word_1_705' title='bbox 492 5362 702 5423; x_wconf 83' lang='lat' dir='ltr'><strong>fecerit,</strong></span> <span class='ocrx_word' id='word_1_706' title='bbox 743 5360 837 5414; x_wconf 89' lang='lat' dir='ltr'><strong>sed</strong></span> <span class='ocrx_word' id='word_1_707' title='bbox 867 5358 1027 5412; x_wconf 87' lang='lat' dir='ltr'><strong>etiam</strong></span> <span class='ocrx_word' id='word_1_708' title='bbox 1060 5354 1419 5426; x_wconf 84' lang='lat' dir='ltr'><strong>Nicephorus.</strong></span> <span class='ocrx_word' id='word_1_709' title='bbox 1449 5354 1539 5424; x_wconf 89' lang='lat' dir='ltr'><strong>qui</strong></span> <span class='ocrx_word' id='word_1_710' title='bbox 1572 5352 1692 5406; x_wconf 90' lang='lat' dir='ltr'><strong>loco</strong></span> 
     </span>
    </p>
   </div>
   <div class='ocr_carea' id='block_1_101' title="bbox 135 5444 1692 5526">
    <p class='ocr_par' dir='ltr' id='par_1_101' title="bbox 135 5444 1692 5526">
     <span class='ocr_line' id='line_1_101' title="bbox 135 5444 1692 5526; baseline -0.008 -18"><span class='ocrx_word' id='word_1_711' title='bbox 135 5460 236 5523; x_wconf 74' lang='lat' dir='ltr'><strong>jam</strong></span> <span class='ocrx_word' id='word_1_712' title='bbox 267 5456 558 5526; x_wconf 87' lang='lat' dir='ltr'><strong>aliquoties</strong></span> <span class='ocrx_word' id='word_1_713' title='bbox 580 5454 747 5508; x_wconf 85' lang='lat' dir='ltr'><strong>citato</strong></span> <span class='ocrx_word' id='word_1_714' title='bbox 767 5450 911 5504; x_wconf 88' lang='lat' dir='ltr'><strong>hunc</strong></span> <span class='ocrx_word' id='word_1_715' title='bbox 940 5448 1134 5502; x_wconf 87' lang='lat' dir='ltr'><strong>librum</strong></span> <span class='ocrx_word' id='word_1_716' title='bbox 1161 5447 1380 5501; x_wconf 89' lang='lat' dir='ltr'><strong>nomine</strong></span> <span class='ocrx_word' id='word_1_717' title='bbox 1412 5446 1515 5500; x_wconf 90' lang='lat' dir='ltr'><strong>isto</strong></span> <span class='ocrx_word' id='word_1_718' title='bbox 1528 5444 1692 5511; x_wconf 85' lang='grc' dir='ltr'><strong>Λόγοι</strong></span> 
     </span>
    </p>
   </div>
   <div class='ocr_carea' id='block_1_102' title="bbox 138 5536 1693 5618">
    <p class='ocr_par' dir='ltr' id='par_1_102' title="bbox 138 5536 1693 5618">
     <span class='ocr_line' id='line_1_102' title="bbox 138 5536 1693 5618; baseline -0.008 -19"><span class='ocrx_word' id='word_1_719' title='bbox 138 5551 275 5618; x_wconf 78' lang='grc' dir='ltr'><strong>τρεῖς</strong></span> <span class='ocrx_word' id='word_1_720' title='bbox 320 5547 455 5615; x_wconf 75' lang='grc' dir='ltr'>περὶ</span> <span class='ocrx_word' id='word_1_721' title='bbox 507 5544 669 5597; x_wconf 81' lang='grc' dir='ltr'><strong>θείων</strong></span> <span class='ocrx_word' id='word_1_722' title='bbox 722 5539 1007 5610; x_wconf 80' lang='grc' dir='ltr'><strong>δογμάτων</strong></span> <span class='ocrx_word' id='word_1_723' title='bbox 1047 5536 1462 5604; x_wconf 80' lang='grc' dir='ltr'><strong>διαλογιστικῶς</strong></span> <span class='ocrx_word' id='word_1_724' title='bbox 1498 5552 1693 5588; x_wconf 82' lang='grc' dir='ltr'><strong>συντα-</strong></span> 
     </span>
    </p>
   </div>
   <div class='ocr_carea' id='block_1_103' title="bbox 140 5627 1694 5708">
    <p class='ocr_par' dir='ltr' id='par_1_103' title="bbox 140 5627 1694 5708">
     <span class='ocr_line' id='line_1_103' title="bbox 140 5627 1694 5708; baseline -0.006 -17"><span class='ocrx_word' id='word_1_725' title='bbox 140 5641 346 5707; x_wconf 58' lang='grc' dir='ltr'><strong>χθέντες</strong></span> <span class='ocrx_word' id='word_1_726' title='bbox 396 5636 721 5708; x_wconf 85' lang='lat' dir='ltr'><strong>indigitavit.</strong></span> <span class='ocrx_word' id='word_1_727' title='bbox 764 5632 885 5702; x_wconf 87' lang='lat' dir='ltr'><strong>Ipse</strong></span> <span class='ocrx_word' id='word_1_728' title='bbox 931 5645 1146 5701; x_wconf 90' lang='lat' dir='ltr'><strong>quoque</strong></span> <span class='ocrx_word' id='word_1_729' title='bbox 1185 5638 1375 5684; x_wconf 88' lang='lat' dir='ltr'><strong>auctor</strong></span> <span class='ocrx_word' id='word_1_730' title='bbox 1405 5627 1550 5681; x_wconf 91' lang='lat' dir='ltr'><strong>illius</strong></span> <span class='ocrx_word' id='word_1_731' title='bbox 1580 5642 1694 5683; x_wconf 85' lang='lat' dir='ltr'><strong>me-</strong></span> 
     </span>
    </p>
   </div>
   <div class='ocr_carea' id='block_1_104' title="bbox 141 5720 1693 5799">
    <p class='ocr_par' dir='ltr' id='par_1_104' title="bbox 141 5720 1693 5799">
     <span class='ocr_line' id='line_1_104' title="bbox 141 5720 1693 5799; baseline -0.007 -15"><span class='ocrx_word' id='word_1_732' title='bbox 141 5733 303 5795; x_wconf 78' lang='lat' dir='ltr'><strong>minit,</strong></span> <span class='ocrx_word' id='word_1_733' title='bbox 339 5741 453 5785; x_wconf 90' lang='lat' dir='ltr'><strong>tum</strong></span> <span class='ocrx_word' id='word_1_734' title='bbox 486 5733 540 5784; x_wconf 87' lang='lat' dir='ltr'><strong>in</strong></span> <span class='ocrx_word' id='word_1_735' title='bbox 569 5729 797 5799; x_wconf 83' lang='lat' dir='ltr'><strong>epistola</strong></span> <span class='ocrx_word' id='word_1_736' title='bbox 830 5725 947 5796; x_wconf 77' lang='lat'><strong>(16)</strong></span> <span class='ocrx_word' id='word_1_737' title='bbox 978 5724 1045 5779; x_wconf 90' lang='lat' dir='ltr'><strong>ad</strong></span> <span class='ocrx_word' id='word_1_738' title='bbox 1074 5723 1334 5779; x_wconf 76' lang='lat' dir='ltr'><strong>lrenamm</strong></span> <span class='ocrx_word' id='word_1_739' title='bbox 1358 5720 1693 5791; x_wconf 88' lang='lat' dir='ltr'><strong>episcopum,</strong></span> 
     </span>
    </p>
   </div>
   <div class='ocr_carea' id='block_1_105' title="bbox 143 5810 1697 5892">
    <p class='ocr_par' dir='ltr' id='par_1_105' title="bbox 143 5810 1697 5892">
     <span class='ocr_line' id='line_1_105' title="bbox 143 5810 1697 5892; baseline -0.005 -17"><span class='ocrx_word' id='word_1_740' title='bbox 143 5834 241 5877; x_wconf 86' lang='lat' dir='ltr'><strong>tum</strong></span> <span class='ocrx_word' id='word_1_741' title='bbox 272 5824 325 5878; x_wconf 90' lang='lat' dir='ltr'><strong>in</strong></span> <span class='ocrx_word' id='word_1_742' title='bbox 376 5822 463 5876; x_wconf 86' lang='lat' dir='ltr'><strong>illa</strong></span> <span class='ocrx_word' id='word_1_743' title='bbox 516 5822 633 5892; x_wconf 80' lang='lat'><strong>(85)</strong></span> <span class='ocrx_word' id='word_1_744' title='bbox 682 5834 848 5889; x_wconf 89' lang='lat' dir='ltr'><strong>quam</strong></span> <span class='ocrx_word' id='word_1_745' title='bbox 888 5815 956 5871; x_wconf 88' lang='lat' dir='ltr'><strong>ad</strong></span> <span class='ocrx_word' id='word_1_746' title='bbox 992 5814 1309 5872; x_wconf 85' lang='lat' dir='ltr'><strong>Dioscorum</strong></span> <span class='ocrx_word' id='word_1_747' title='bbox 1357 5810 1697 5867; x_wconf 77' lang='lat' dir='ltr'><strong>Alexandria:</strong></span> 
     </span>
    </p>
   </div>
   <div class='ocr_carea' id='block_1_106' title="bbox 1786 4626 3345 4697">
    <p class='ocr_par' dir='ltr' id='par_1_106' title="bbox 1786 4626 3345 4697">
     <span class='ocr_line' id='line_1_106' title="bbox 1786 4626 3345 4697; baseline -0.006 -7"><span class='ocrx_word' id='word_1_748' title='bbox 1786 4634 1948 4689; x_wconf 82' lang='lat' dir='ltr'><strong>etiam</strong></span> <span class='ocrx_word' id='word_1_749' title='bbox 2007 4629 2386 4685; x_wconf 78' lang='lat' dir='ltr'><strong>ereticarum</strong></span> <span class='ocrx_word' id='word_1_750' title='bbox 2453 4626 2755 4694; x_wconf 74' lang='lat' dir='ltr'><strong>fabularum</strong></span> <span class='ocrx_word' id='word_1_751' title='bbox 2818 4627 2943 4680; x_wconf 78' lang='lat' dir='ltr'><strong>libri</strong></span> <span class='ocrx_word' id='word_1_752' title='bbox 2988 4640 3238 4697; x_wconf 78' lang='lat' dir='ltr'><strong>quatuor,</strong></span> <span class='ocrx_word' id='word_1_753' title='bbox 3290 4628 3345 4682; x_wconf 89' lang='lat' dir='ltr'><strong>in</strong></span> 
     </span>
    </p>
   </div>
   <div class='ocr_carea' id='block_1_107' title="bbox 1786 4722 3351 4792">
    <p class='ocr_par' dir='ltr' id='par_1_107' title="bbox 1786 4722 3351 4792">
     <span class='ocr_line' id='line_1_107' title="bbox 1786 4722 3351 4792; baseline -0.006 -15"><span class='ocrx_word' id='word_1_754' title='bbox 1786 4724 1981 4792; x_wconf 85' lang='lat' dir='ltr'><strong>quibus</strong></span> <span class='ocrx_word' id='word_1_755' title='bbox 2029 4722 2260 4773; x_wconf 64' lang='lat' dir='ltr'><strong>haereses</strong></span> <span class='ocrx_word' id='word_1_756' title='bbox 2308 4725 2516 4771; x_wconf 89' lang='lat' dir='ltr'><strong>tantum</strong></span> <span class='ocrx_word' id='word_1_757' title='bbox 2551 4731 2657 4768; x_wconf 92' lang='lat' dir='ltr'><strong>non</strong></span> <span class='ocrx_word' id='word_1_758' title='bbox 2700 4729 2891 4769; x_wconf 89' lang='lat' dir='ltr'><strong>omnes</strong></span> <span class='ocrx_word' id='word_1_759' title='bbox 2930 4724 3191 4777; x_wconf 82' lang='lat' dir='ltr'><strong>recenset,</strong></span> <span class='ocrx_word' id='word_1_760' title='bbox 3230 4730 3351 4784; x_wconf 69' lang='lat' dir='ltr'><strong>quas</strong></span> 
     </span>
    </p>
   </div>
   <div class='ocr_carea' id='block_1_108' title="bbox 1788 4806 3348 4879">
    <p class='ocr_par' dir='ltr' id='par_1_108' title="bbox 1788 4806 3348 4879">
     <span class='ocr_line' id='line_1_108' title="bbox 1788 4806 3348 4879; baseline -0.004 -13"><span class='ocrx_word' id='word_1_761' title='bbox 1788 4814 1911 4867; x_wconf 89' lang='lat' dir='ltr'><strong>inde</strong></span> <span class='ocrx_word' id='word_1_762' title='bbox 1965 4827 1996 4865; x_wconf 93' lang='lat' dir='ltr'><strong>a</strong></span> <span class='ocrx_word' id='word_1_763' title='bbox 2051 4810 2289 4863; x_wconf 88' lang='lat' dir='ltr'><strong>Simonis</strong></span> <span class='ocrx_word' id='word_1_764' title='bbox 2348 4808 2481 4879; x_wconf 87' lang='lat' dir='ltr'><strong>Magi</strong></span> <span class='ocrx_word' id='word_1_765' title='bbox 2533 4807 2725 4861; x_wconf 90' lang='lat' dir='ltr'><strong>diebus</strong></span> <span class='ocrx_word' id='word_1_766' title='bbox 2774 4822 2945 4876; x_wconf 84' lang='lat' dir='ltr'><strong>lisque</strong></span> <span class='ocrx_word' id='word_1_767' title='bbox 2990 4806 3056 4859; x_wconf 92' lang='lat' dir='ltr'><strong>ad</strong></span> <span class='ocrx_word' id='word_1_768' title='bbox 3106 4815 3348 4875; x_wconf 88' lang='lat' dir='ltr'><strong>tempora</strong></span> 
     </span>
    </p>
   </div>
   <div class='ocr_carea' id='block_1_109' title="bbox 1786 4898 3349 4970">
    <p class='ocr_par' dir='ltr' id='par_1_109' title="bbox 1786 4898 3349 4970">
     <span class='ocr_line' id='line_1_109' title="bbox 1786 4898 3349 4970; baseline -0.004 -13"><span class='ocrx_word' id='word_1_769' title='bbox 1786 4902 2019 4957; x_wconf 88' lang='lat' dir='ltr'><strong>Nestorii</strong></span> <span class='ocrx_word' id='word_1_770' title='bbox 2066 4908 2119 4954; x_wconf 89' lang='lat' dir='ltr'><strong>et</strong></span> <span class='ocrx_word' id='word_1_771' title='bbox 2157 4900 2418 4970; x_wconf 82' lang='lat' dir='ltr'><strong>Eutycbis</strong></span> <span class='ocrx_word' id='word_1_772' title='bbox 2482 4900 2830 4954; x_wconf 90' lang='lat' dir='ltr'><strong>innotuerant</strong></span> <span class='ocrx_word' id='word_1_773' title='bbox 2864 4916 2878 4952; x_wconf 90' lang='lat'><strong>:</strong></span> <span class='ocrx_word' id='word_1_774' title='bbox 2929 4898 3128 4967; x_wconf 90' lang='lat' dir='ltr'><strong>quibus</strong></span> <span class='ocrx_word' id='word_1_775' title='bbox 3167 4899 3349 4952; x_wconf 84' lang='lat' dir='ltr'><strong>omni-</strong></span> 
     </span>
    </p>
   </div>
   <div class='ocr_carea' id='block_1_110' title="bbox 1788 4990 3348 5064">
    <p class='ocr_par' dir='ltr' id='par_1_110' title="bbox 1788 4990 3348 5064">
     <span class='ocr_line' id='line_1_110' title="bbox 1788 4990 3348 5064; baseline -0.006 -12"><span class='ocrx_word' id='word_1_776' title='bbox 1788 4996 1891 5052; x_wconf 87' lang='lat' dir='ltr'><strong>bus</strong></span> <span class='ocrx_word' id='word_1_777' title='bbox 1941 4993 2202 5064; x_wconf 88' lang='lat' dir='ltr'><strong>expositis</strong></span> <span class='ocrx_word' id='word_1_778' title='bbox 2265 4993 2402 5046; x_wconf 88' lang='lat' dir='ltr'><strong>libro</strong></span> <span class='ocrx_word' id='word_1_779' title='bbox 2455 4993 2647 5061; x_wconf 90' lang='lat' dir='ltr'><strong>quinto</strong></span> <span class='ocrx_word' id='word_1_780' title='bbox 2709 4990 2990 5061; x_wconf 83' lang='lat' dir='ltr'><strong>subjunxit</strong></span> <span class='ocrx_word' id='word_1_781' title='bbox 3039 4990 3348 5045; x_wconf 86' lang='lat' dir='ltr'><strong>divinorum</strong></span> 
     </span>
    </p>
   </div>
   <div class='ocr_carea' id='block_1_111' title="bbox 1789 5080 3353 5156">
    <p class='ocr_par' dir='ltr' id='par_1_111' title="bbox 1789 5080 3353 5156">
     <span class='ocr_line' id='line_1_111' title="bbox 1789 5080 3353 5156; baseline -0.006 -15"><span class='ocrx_word' id='word_1_782' title='bbox 1789 5087 2098 5156; x_wconf 82' lang='lat' dir='ltr'><strong>dogmatum</strong></span> <span class='ocrx_word' id='word_1_783' title='bbox 2130 5083 2431 5152; x_wconf 88' lang='lat' dir='ltr'><strong>Epitomen.</strong></span> <span class='ocrx_word' id='word_1_784' title='bbox 2467 5092 2525 5135; x_wconf 92' lang='lat' dir='ltr'><strong>ut</strong></span> <span class='ocrx_word' id='word_1_785' title='bbox 2554 5082 2882 5147; x_wconf 89' lang='lat' dir='ltr'><strong>ostenderet,</strong></span> <span class='ocrx_word' id='word_1_786' title='bbox 2905 5082 3180 5148; x_wconf 90' lang='lat' dir='ltr'><strong>quomodo</strong></span> <span class='ocrx_word' id='word_1_787' title='bbox 3211 5080 3353 5133; x_wconf 93' lang='lat' dir='ltr'><strong>inter</strong></span> 
     </span>
    </p>
   </div>
   <div class='ocr_carea' id='block_1_112' title="bbox 1791 5169 3350 5240">
    <p class='ocr_par' dir='ltr' id='par_1_112' title="bbox 1791 5169 3350 5240">
     <span class='ocr_line' id='line_1_112' title="bbox 1791 5169 3350 5240; baseline -0.007 -7"><span class='ocrx_word' id='word_1_788' title='bbox 1791 5191 1849 5233; x_wconf 85' lang='lat' dir='ltr'><strong>se</strong></span> <span class='ocrx_word' id='word_1_789' title='bbox 1876 5174 2121 5229; x_wconf 72' lang='lat' dir='ltr'><strong>differant</strong></span> <span class='ocrx_word' id='word_1_790' title='bbox 2158 5173 2248 5226; x_wconf 93' lang='lat' dir='ltr'><strong>lux</strong></span> <span class='ocrx_word' id='word_1_791' title='bbox 2277 5181 2329 5225; x_wconf 91' lang='lat' dir='ltr'><strong>et</strong></span> <span class='ocrx_word' id='word_1_792' title='bbox 2368 5172 2622 5235; x_wconf 68' lang='lat' dir='ltr'><strong>tenebrae,</strong></span> <span class='ocrx_word' id='word_1_793' title='bbox 2668 5186 2789 5239; x_wconf 65' lang='lat' dir='ltr'><strong>qua:</strong></span> <span class='ocrx_word' id='word_1_794' title='bbox 2835 5171 3006 5240; x_wconf 89' lang='lat' dir='ltr'><strong>ipsius</strong></span> <span class='ocrx_word' id='word_1_795' title='bbox 3034 5179 3161 5225; x_wconf 90' lang='lat' dir='ltr'><strong>sttnt</strong></span> <span class='ocrx_word' id='word_1_796' title='bbox 3190 5169 3350 5223; x_wconf 79' lang='lat' dir='ltr'><strong>verba</strong></span> 
     </span>
    </p>
   </div>
   <div class='ocr_carea' id='block_1_113' title="bbox 1792 5259 3353 5319">
    <p class='ocr_par' dir='ltr' id='par_1_113' title="bbox 1792 5259 3353 5319">
     <span class='ocr_line' id='line_1_113' title="bbox 1792 5259 3353 5319; baseline -0.004 0"><span class='ocrx_word' id='word_1_797' title='bbox 1792 5267 2009 5319; x_wconf 88' lang='lat' dir='ltr'><strong>ineunte</strong></span> <span class='ocrx_word' id='word_1_798' title='bbox 2050 5264 2186 5317; x_wconf 86' lang='lat' dir='ltr'><strong>libro</strong></span> <span class='ocrx_word' id='word_1_799' title='bbox 2237 5262 2449 5316; x_wconf 90' lang='lat' dir='ltr'><strong>ultimo.</strong></span> <span class='ocrx_word' id='word_1_800' title='bbox 2497 5260 2595 5315; x_wconf 84' lang='lat' dir='ltr'><strong>Hic</strong></span> <span class='ocrx_word' id='word_1_801' title='bbox 2638 5262 2757 5316; x_wconf 89' lang='lat' dir='ltr'><strong>sine</strong></span> <span class='ocrx_word' id='word_1_802' title='bbox 2791 5261 2955 5315; x_wconf 90' lang='lat' dir='ltr'><strong>dubio</strong></span> <span class='ocrx_word' id='word_1_803' title='bbox 2983 5270 3067 5315; x_wconf 85' lang='lat' dir='ltr'><strong>est</strong></span> <span class='ocrx_word' id='word_1_804' title='bbox 3095 5260 3229 5314; x_wconf 89' lang='lat' dir='ltr'><strong>liber</strong></span> <span class='ocrx_word' id='word_1_805' title='bbox 3257 5259 3353 5313; x_wconf 89' lang='lat' dir='ltr'><strong>ille</strong></span> 
     </span>
    </p>
   </div>
   <div class='ocr_carea' id='block_1_114' title="bbox 1793 5352 3351 5426">
    <p class='ocr_par' dir='ltr' id='par_1_114' title="bbox 1793 5352 3351 5426">
     <span class='ocr_line' id='line_1_114' title="bbox 1793 5352 3351 5426; baseline -0.006 -13"><span class='ocrx_word' id='word_1_806' title='bbox 1793 5359 1949 5426; x_wconf 89' lang='lat' dir='ltr'><strong>cujus</strong></span> <span class='ocrx_word' id='word_1_807' title='bbox 1978 5354 2313 5425; x_wconf 86' lang='lat' dir='ltr'><strong>Nicephorus</strong></span> <span class='ocrx_word' id='word_1_808' title='bbox 2342 5354 2445 5409; x_wconf 89' lang='lat' dir='ltr'><strong>sub</strong></span> <span class='ocrx_word' id='word_1_809' title='bbox 2475 5354 2693 5408; x_wconf 88' lang='lat' dir='ltr'><strong>nomine</strong></span> <span class='ocrx_word' id='word_1_810' title='bbox 2719 5352 2944 5422; x_wconf 78' lang='grc' dir='ltr'><strong>ψεύδους</strong></span> <span class='ocrx_word' id='word_1_811' title='bbox 2974 5354 3069 5406; x_wconf 77' lang='grc' dir='ltr'><strong>καὶ</strong></span> <span class='ocrx_word' id='word_1_812' title='bbox 3097 5352 3351 5423; x_wconf 79' lang='grc' dir='ltr'><strong>ἀληθείας</strong></span> 
     </span>
    </p>
   </div>
   <div class='ocr_carea' id='block_1_115' title="bbox 1791 5443 3351 5517">
    <p class='ocr_par' dir='ltr' id='par_1_115' title="bbox 1791 5443 3351 5517">
     <span class='ocr_line' id='line_1_115' title="bbox 1791 5443 3351 5517; baseline -0.004 -14"><span class='ocrx_word' id='word_1_813' title='bbox 1791 5450 2074 5517; x_wconf 80' lang='grc' dir='ltr'><strong>διάγνωσις</strong></span> <span class='ocrx_word' id='word_1_814' title='bbox 2112 5445 2378 5508; x_wconf 90' lang='lat' dir='ltr'><strong>meminit,</strong></span> <span class='ocrx_word' id='word_1_815' title='bbox 2407 5443 2520 5517; x_wconf 74' lang='grc'><strong>[48]</strong></span> <span class='ocrx_word' id='word_1_816' title='bbox 2543 5460 2651 5515; x_wconf 91' lang='lat' dir='ltr'><strong>quo</strong></span> <span class='ocrx_word' id='word_1_817' title='bbox 2681 5446 2838 5499; x_wconf 89' lang='lat' dir='ltr'><strong>titulo</strong></span> <span class='ocrx_word' id='word_1_818' title='bbox 2864 5447 3025 5499; x_wconf 89' lang='lat' dir='ltr'><strong>etiam</strong></span> <span class='ocrx_word' id='word_1_819' title='bbox 3060 5443 3351 5513; x_wconf 85' lang='lat' dir='ltr'><strong>insignitur</strong></span> 
     </span>
    </p>
   </div>
   <div class='ocr_carea' id='block_1_116' title="bbox 1795 5534 3351 5608">
    <p class='ocr_par' dir='ltr' id='par_1_116' title="bbox 1795 5534 3351 5608">
     <span class='ocr_line' id='line_1_116' title="bbox 1795 5534 3351 5608; baseline -0.002 -15"><span class='ocrx_word' id='word_1_820' title='bbox 1795 5541 1934 5608; x_wconf 90' lang='lat' dir='ltr'><strong>apud</strong></span> <span class='ocrx_word' id='word_1_821' title='bbox 1960 5538 2314 5593; x_wconf 88' lang='lat' dir='ltr'><strong>Possevinum</strong></span> <span class='ocrx_word' id='word_1_822' title='bbox 2344 5537 2540 5606; x_wconf 86' lang='lat' dir='ltr'><strong>Appar.</strong></span> <span class='ocrx_word' id='word_1_823' title='bbox 2577 5537 2716 5592; x_wconf 90' lang='lat' dir='ltr'><strong>sacri</strong></span> <span class='ocrx_word' id='word_1_824' title='bbox 2749 5547 2878 5589; x_wconf 91' lang='lat' dir='ltr'><strong>tom.</strong></span> <span class='ocrx_word' id='word_1_825' title='bbox 2920 5534 2985 5600; x_wconf 91' lang='lat' dir='ltr'><strong>ll,</strong></span> <span class='ocrx_word' id='word_1_826' title='bbox 3022 5550 3075 5604; x_wconf 93' lang='lat' dir='ltr'><strong>p.</strong></span> <span class='ocrx_word' id='word_1_827' title='bbox 3104 5534 3229 5599; x_wconf 71' lang='grc'><strong>457,</strong></span> <span class='ocrx_word' id='word_1_828' title='bbox 3255 5535 3351 5590; x_wconf 88' lang='lat' dir='ltr'><strong>ubi</strong></span> 
     </span>
    </p>
   </div>
   <div class='ocr_carea' id='block_1_117' title="bbox 1796 5628 3354 5697">
    <p class='ocr_par' dir='ltr' id='par_1_117' title="bbox 1796 5628 3354 5697">
     <span class='ocr_line' id='line_1_117' title="bbox 1796 5628 3354 5697; baseline -0.001 -12"><span class='ocrx_word' id='word_1_829' title='bbox 1796 5631 1936 5685; x_wconf 89' lang='lat' dir='ltr'><strong>inter</strong></span> <span class='ocrx_word' id='word_1_830' title='bbox 1982 5630 2151 5685; x_wconf 86' lang='lat' dir='ltr'><strong>libros</strong></span> <span class='ocrx_word' id='word_1_831' title='bbox 2198 5644 2227 5683; x_wconf 91' lang='lat' dir='ltr'><strong>a</strong></span> <span class='ocrx_word' id='word_1_832' title='bbox 2278 5628 2475 5683; x_wconf 83' lang='lat' dir='ltr'><strong>Nostro</strong></span> <span class='ocrx_word' id='word_1_833' title='bbox 2514 5628 2845 5697; x_wconf 84' lang='lat' dir='ltr'><strong>compositos</strong></span> <span class='ocrx_word' id='word_1_834' title='bbox 2896 5638 3354 5683; x_wconf 86' lang='lat' dir='ltr'><strong>commemoratur</strong></span> 
     </span>
    </p>
   </div>
   <div class='ocr_carea' id='block_1_118' title="bbox 1799 5718 3349 5792">
    <p class='ocr_par' dir='ltr' id='par_1_118' title="bbox 1799 5718 3349 5792">
     <span class='ocr_line' id='line_1_118' title="bbox 1799 5718 3349 5792; baseline -0.002 -16"><span class='ocrx_word' id='word_1_835' title='bbox 1799 5724 2053 5779; x_wconf 88' lang='lat' dir='ltr'><strong>volumen</strong></span> <span class='ocrx_word' id='word_1_836' title='bbox 2102 5721 2248 5792; x_wconf 83' lang='lat' dir='ltr'><strong>quod</strong></span> <span class='ocrx_word' id='word_1_837' title='bbox 2286 5720 2551 5775; x_wconf 79' lang='lat' dir='ltr'><strong>Mendacii</strong></span> <span class='ocrx_word' id='word_1_838' title='bbox 2586 5730 2634 5773; x_wconf 76' lang='lat' dir='ltr'><strong>et</strong></span> <span class='ocrx_word' id='word_1_839' title='bbox 2666 5718 2899 5774; x_wconf 80' lang='lat' dir='ltr'><strong>veritatis</strong></span> <span class='ocrx_word' id='word_1_840' title='bbox 2946 5719 3226 5773; x_wconf 79' lang='lat' dir='ltr'><strong>discrimen</strong></span> <span class='ocrx_word' id='word_1_841' title='bbox 3264 5720 3349 5773; x_wconf 83' lang='lat' dir='ltr'><strong>in-</strong></span> 
     </span>
    </p>
   </div>
   <div class='ocr_carea' id='block_1_119' title="bbox 1798 5811 3352 5871">
    <p class='ocr_par' dir='ltr' id='par_1_119' title="bbox 1798 5811 3352 5871">
     <span class='ocr_line' id='line_1_119' title="bbox 1798 5811 3352 5871; baseline -0.002 0"><span class='ocrx_word' id='word_1_842' title='bbox 1798 5815 2072 5871; x_wconf 90' lang='lat' dir='ltr'><strong>scribitur.</strong></span> <span class='ocrx_word' id='word_1_843' title='bbox 2122 5816 2249 5870; x_wconf 88' lang='lat' dir='ltr'><strong>Post</strong></span> <span class='ocrx_word' id='word_1_844' title='bbox 2292 5812 2580 5871; x_wconf 88' lang='lat' dir='ltr'><strong>concilium</strong></span> <span class='ocrx_word' id='word_1_845' title='bbox 2618 5811 3061 5869; x_wconf 78' lang='lat' dir='ltr'><strong>Chalcedoncnse</strong></span> <span class='ocrx_word' id='word_1_846' title='bbox 3107 5812 3250 5869; x_wconf 82' lang='lat' dir='ltr'><strong>hunc</strong></span> <span class='ocrx_word' id='word_1_847' title='bbox 3287 5813 3352 5868; x_wconf 79' lang='lat' dir='ltr'><strong>li-</strong></span> 
     </span>
    </p>
   </div>
  </div>
