3924 6524
630 368 703 430 59
1576 365 1670 424 DE
1697 364 1868 424 VITA
1912 364 2007 425 ET
2054 358 2389 422 SCRIPTIS
2439 358 2927 422 THEODORETI
3807 354 3878 418 σε

635 492 783 535 tores
820 478 1239 550 Magdehurgici,
1284 493 1350 531 ne
1402 476 1529 547 quid
1562 478 1629 533 de
1664 476 1907 531 Garuerii
1942 478 2107 532 nimia
2148 478 2201 530 in
2230 482 2272 536 Α
2306 471 2645 535 Nestorium;
2699 471 2834 524 alios
2877 466 3110 521 Nestorii
3146 469 3350 525 amicos
3398 468 3453 524 in
3497 469 3617 525 aliis
3656 468 3878 524 adum-

635 570 898 639 scriptore
917 580 1103 623 nostro
1125 567 1439 637 castigando
1468 569 1741 637 diligentia
1773 583 1914 621 nunc
1936 567 2198 624 dicamus.

641 662 714 715 De
771 674 996 713 numero
1048 659 1241 713 horum
1276 656 1528 713 Historiw
1555 660 1918 713 ecclesiasticre
1946 659 2202 713 librorum

636 751 1025 805 dubitationem
1077 752 1348 804 nonnullis
1388 749 1915 818 injecitGennadius,
1941 750 2032 820 qui
2058 765 2106 803 c.
2134 748 2203 805 89

638 842 757 894 libri
783 839 854 892 De
876 841 1003 893 viris
1023 839 1316 892 illustribus
1349 837 1531 901 refert,
1564 837 1815 893 Nostrum
1834 839 2019 892 decem
2043 836 2203 904 hujus

641 932 944 1002 argumenti
1000 931 1166 985 libros
1216 930 1613 998 composuisse.
1675 928 1877 983 Unicus
1934 928 2025 997 qui
2078 928 2202 982 huic

641 1022 943 1076 narrationi
980 1020 1157 1075 favere
1191 1020 1425 1083 videtur,
1482 1029 1566 1074 est
1613 1018 1779 1073 Gerh.
1804 1018 2054 1084 Vossius,
2086 1019 2197 1086 qui,

642 1130 767 1167 cum
821 1114 887 1167 de
943 1112 1215 1168 historicis
1273 1110 1476 1165 Graecis
1531 1111 1849 1174 dissereret,
1910 1110 2201 1165 lectoribus

644 1202 972 1271 persuadere
1007 1202 1197 1263 voluit,
1252 1201 1522 1270 duplicem
1552 1201 1687 1254 olim
1713 1199 1985 1255 exstitisse
2013 1197 2200 1256 Histo-

645 1294 737 1347 ria:
768 1291 1138 1345 ecclesiastica:
1168 1289 1491 1345 Theodoreti
1527 1291 1840 1354 editionem,
1886 1305 2049 1343 unam
2079 1304 2201 1358 qua:

642 1396 749 1434 non
780 1380 886 1434 nisi
918 1395 1013 1433 sex
1061 1380 1293 1448 priores.
1342 1379 1568 1432 alteram
1622 1392 1748 1431 vero
1795 1393 1916 1447 quae
1961 1375 2201 1446 quinque

642 1472 974 1540 posteriores
1007 1472 1287 1539 complexa
1319 1472 1390 1525 sit
1437 1472 1623 1534 libros,
1669 1470 1868 1539 quibus
1909 1469 2197 1523 Historiam

646 1578 817 1633 usque
856 1564 922 1617 ad
951 1562 1146 1618 Leonis
1182 1564 1526 1631 imperatoris
1570 1571 1810 1631 tempora
1845 1560 2195 1630 suppleverit.

647 1656 753 1710 Sed
802 1656 951 1709 nulla
981 1656 1203 1709 omnino
1241 1656 1370 1710 lides
1417 1656 1642 1709 debetur
1687 1655 1811 1707 huic
1860 1653 2074 1717 fabulae.
2111 1653 2197 1708 cui

646 1761 753 1799 non
787 1744 945 1798 modo
975 1743 1172 1809 Photii,
1206 1743 1518 1813 Nicephori,
1565 1743 1877 1797 Cassiodori
1905 1751 1960 1797 et
1984 1742 2196 1811 Evagrii

2303 564 2488 631 bratos
2512 579 2652 617 esse.
2699 562 2905 628 Quarto
2935 560 3169 631 denique
3206 561 3465 632 Cyrillum
3500 571 3555 615 et
3601 559 3878 615 Proclum

2301 656 2356 711 in
2412 655 2507 719 iis,
2539 653 2632 725 qui
2676 652 2970 708 Diodorum
3028 651 3348 709 Tarsensem
3402 661 3457 707 et
3515 650 3877 707 Theodorum

2300 745 2736 815 Mopsuestenum
2788 745 2933 799 velut
2984 746 3264 801 haereticos
3330 745 3544 815 scriptis
3592 744 3878 811 factisque

2300 838 2687 903 traduxissent,
2720 838 2879 892 tacite
2913 854 3059 891 nunc
3081 836 3271 901 refelli,
3306 854 3428 892 cum
3461 850 3686 907 uterque
3719 836 3878 888 velut

2301 924 2425 979 ﬁdei
2470 924 2723 981 defensor
2771 925 3062 980 inducitur.
3106 944 3124 978 ι
3179 926 3330 980 Itane
3366 926 3582 996 ingenio
3610 927 3878 980 abuten-

2298 1012 2427 1068 dum
2458 1023 2578 1068 erat
2606 1054 2620 1078 ,
2668 1022 2745 1079 ut,
2773 1028 3099 1083 quacunque
3144 1014 3258 1068 fieri
3287 1023 3469 1083 posset
3508 1014 3744 1075 ratione,
3781 1028 3878 1067 su-

2300 1114 2486 1175 specta
2526 1106 2841 1160 redderetur
2896 1106 2997 1159 viri
3042 1106 3169 1160 boni
3214 1105 3530 1175 integritas?
3571 1103 3673 1159 Sed
3737 1103 3878 1172 quid

2300 1194 2507 1248 multa?
2539 1192 2615 1246 Ex
2661 1194 3039 1262 superioribus
3087 1194 3197 1262 jam
3249 1195 3381 1248 satis
3423 1205 3672 1247 constare
3720 1193 3878 1245 arbi-

2302 1297 2531 1344 tramur.
2564 1301 2726 1354 quam
2761 1286 2994 1354 injurius
3036 1286 3089 1339 in
3125 1284 3522 1339 Theodoretum
3553 1285 3623 1338 sit
3651 1284 3878 1339 Carne-

2298 1378 2434 1431 rius.
2470 1375 2627 1430 Plura
2654 1377 2746 1446 qui
2779 1378 2946 1447 cupit,
2982 1378 3122 1446 legat
3149 1376 3385 1446 lttiginm
3415 1377 3480 1430 de
3512 1375 3877 1429 Bibliotliecis

2298 1479 2352 1523 et
2377 1466 2600 1523 Catenis
2633 1465 2883 1533 Patrum,
2934 1482 2985 1537 p.
3017 1467 3153 1530 729,
3202 1477 3256 1522 et
3290 1465 3530 1535 ejusdem
3577 1464 3877 1519 Prafatio—

2299 1575 2419 1615 nem
2468 1558 2536 1613 ad
2580 1558 2835 1614 Historiae
2881 1558 3246 1613 ecclesiastij
3312 1559 3494 1613 saeculi
3563 1575 3599 1611 ιι
3648 1558 3869 1625 capita,

2300 1667 2352 1721 p.
2393 1650 2427 1705 8
2457 1667 2573 1721 seq.
2629 1651 2827 1706 Parum
2858 1652 3150 1721 aequiorem
3182 1667 3240 1706 se
3290 1651 3515 1720 prmhuit
3557 1651 3877 1705 Carnerius

2299 1738 2513 1792 erudito
2541 1738 2782 1794 Cousiuo
2800 1739 2892 1807 qui
2922 1738 3218 1792 Historiam
3244 1739 3653 1793 ecclesiasticam
3684 1738 3878 1793 Theo—

645 1837 821 1890 ohstat
872 1838 1203 1900 auctoritas,
1250 1837 1343 1890 sed
1395 1836 1564 1904 ipsius
1614 1850 1830 1903 quoque
1874 1834 2194 1889 Theodoreti
2227 1823 2269 1876 Β
2300 1832 2473 1885 doreti
2522 1832 2574 1885 in
2624 1830 2884 1886 Gallicam
2929 1833 3163 1901 linguam
3200 1834 3497 1897 transtulit,
3548 1848 3648 1886 nec
3680 1834 3875 1887 minus

649 1928 821 1983 nostri
855 1928 1247 1992 testimonium,
1273 1928 1416 1995 quod
1448 1934 1623 1979 exstat
1648 1925 1702 1978 in
1736 1926 1839 1978 line
1871 1925 1991 1978 libri
2027 1925 2199 1978 ultimi

644 2035 739 2075 seu
764 2020 957 2086 quinti.
985 2037 1002 2068 ι
1038 2018 1151 2088 Ego
1181 2034 1325 2081 vero,
1358 2018 1551 2087 inquit,
1603 2018 1843 2071 historiae
1887 2014 2005 2088 με]
2040 2016 2199 2070 finem

647 2109 737 2162 hic
763 2108 987 2173 faciens,
1018 2108 1246 2163 lectores
1274 2122 1425 2177 rego,
1453 2116 1509 2161 ut
1537 2106 1785 2176 precibus
1810 2109 1925 2161 suis
1958 2107 2195 2161 laborem

648 2208 896 2253 nostrum
951 2208 1319 2267 compensent.
1361 2198 1609 2266 Quinque
1664 2207 1840 2251 autem
1881 2207 1933 2251 et
1981 2203 2195 2250 centum

642 2305 913 2343 annorum
968 2301 1180 2360 tempus
1233 2291 1348 2344 h-ec
1397 2288 1637 2345 Historia
1684 2289 2081 2358 complectitur,
2131 2288 2199 2342 ab

644 2380 757 2432 Arii
790 2381 1012 2434 vesania
1060 2380 1346 2448 incipiens,
1390 2388 1444 2433 et.
1476 2394 1598 2433 cum
1630 2378 1781 2432 obitu
1806 2368 1969 2432 laude
2008 2377 2202 2447 digno-

649 2485 767 2523 rum
798 2470 1038 2524 virorum
1067 2470 1336 2524 Theodori
1374 2471 1484 2541 (sc.
1512 2466 1912 2537 Mopsuesteni)
1946 2476 2001 2522 et
2024 2467 2201 2520 Theo-

645 2560 756 2615 doti
794 2562 1195 2631 (Antiocheni)
1231 2563 1504 2616 desinens.
1554 2580 1572 2612 ι
1622 2559 1688 2614 Ει
1739 2561 1784 2614 si
1836 2561 1920 2614 vel
1970 2559 2202 2614 maxime

646 2654 793 2707 filum
844 2652 1094 2709 Historia:
1144 2655 1401 2708 voluisset
1452 2654 1725 2723 prosequi,
1771 2662 1950 2706 tamen
1991 2667 2203 2706 summa

646 2744 746 2798 viri
778 2746 1065 2815 prudentia
1096 2761 1157 2800 ac
1189 2745 1472 2808 modestia,
1508 2759 1669 2813 quam
1701 2754 1758 2795 ut
1791 2758 1889 2812 par
1916 2752 2000 2797 est
2029 2743 2203 2797 adrni-

644 2836 748 2891 rati
788 2835 917 2891 suiit
948 2836 1192 2891 Valesius
1231 2846 1280 2889 et
1316 2836 1620 2891 Beausobre
1646 2835 1790 2890 Hist.
1827 2835 2061 2889 Manicli.
2086 2844 2127 2889 t.
2159 2837 2200 2900 l,

642 2945 698 2997 p.
738 2928 863 2994 29.6,
920 2944 1025 2983 non
1078 2930 1435 2998 permisisset,
1488 2936 1547 2981 ut
1592 2938 1835 2997 tempora
1888 2930 1991 2983 ista
2041 2928 2203 2982 attin-

646 3030 813 3090 geret,
851 3020 905 3073 in
950 3035 1070 3089 qua:
1104 3020 1290 3073 incidit
1323 3020 1585 3073 invidiosa
1616 3018 1946 3074 Nestorianae
1978 3027 2198 3073 contro-

2300 1924 2510 1978 eximiae
2539 1924 2711 1977 laudis
2743 1924 2880 1991 viro,
2912 1923 3077 1978 Henr.
3118 1922 3356 1989 Valesio,
3399 1926 3490 1993 qui
3540 1926 3731 1980 multis
3766 1941 3877 1979 no-

2301 2014 2538 2068 minibus
2567 2013 2634 2067 de
2661 2013 2861 2068 Nostro
2890 2030 3042 2083 asque
3072 2031 3134 2068 ac
3163 2015 3230 2069 de
3260 2016 3380 2069 aliis
3410 2015 3655 2070 Historiae
3685 2017 3877 2070 eccle-

2301 2106 2531 2160 siasticze
2580 2106 2941 2175 scriptoribus
2998 2105 3330 2175 conjunctim
3382 2106 3577 2171 editis,
3626 2109 3870 2173 meruit,

2308 2196 2464 2262 cujus
2497 2194 2789 2249 novissima
2823 2196 2990 2250 editio
3037 2197 3290 2263 Augustae
3330 2195 3692 2250 Taurinorum
3733 2214 3866 2251 ann.

2302 2284 2461 2347 1748,
2515 2283 2731 2352 prodiit,
2783 2283 2969 2337 multis
3011 2283 3345 2337 eruditorum
3389 2284 3877 2337 observationibus

2301 2386 2355 2429 et
2404 2375 2735 2429 variantibus
2791 2374 3113 2428 lectionibus
3161 2374 3383 2428 editioni
3427 2372 3869 2445 Cautabrigiensi

2304 2468 2451 2523 Guil.
2490 2468 2732 2539 Readiug
2771 2469 3028 2538 aspersis,
3062 2468 3405 2537 locupletata.

2368 2557 2650 2613 Breviores
2678 2558 2879 2612 erimus
2897 2559 2950 2613 in
2977 2557 3303 2611 recensenda
3327 2556 3562 2612 Historia
3587 2557 3869 2627 religiosa,

2300 2666 2421 2718 quae
2449 2651 2762 2705 inscribitur
2790 2649 3031 2718 φιλόθεος
3074 2651 3282 2718 ἱστορία
3324 2651 3357 2719 ἢ
3405 2650 3677 2720 ἀσκητικὴ
3709 2650 3866 2702 πολι-

2299 2741 2439 2795 τεία.
2478 2740 2649 2794 Minor
2677 2750 2762 2795 est
2798 2740 3027 2802 utilitas,
3058 2755 3178 2809 qua:
3209 2755 3239 2793 e
3270 2740 3503 2794 lectione
3547 2740 3715 2809 hujus
3742 2740 3871 2793 libri

2299 2834 2614 2903 percipitur,
2648 2844 2831 2903 utpote
2856 2833 2948 2903 qui
2980 2841 3171 2901 praeter
3199 2836 3518 2887 Ascetarum
3555 2834 3694 2887 vitas
3726 2833 3862 2885 nihil

2300 2927 2538 2980 continet
2568 2926 2666 2995 (α),
2700 2928 2885 2995 sicque
2916 2927 3167 2982 curiosos
3199 2926 3371 2996 magis
3411 2942 3571 2995 quam
3607 2925 3860 2979 discendi

2302 3020 2526 3088 cupidos
2558 3018 2787 3072 lectores
2834 3020 3025 3087 poscit.
3077 3018 3378 3088 Singularis
3426 3017 3643 3086 quidem
3699 3027 3861 3078 sunt,

650 3112 840 3167 versiae
888 3112 1131 3166 historia.
1183 3111 1502 3181 Muguopere
1545 3112 1689 3165 enim
1736 3121 1981 3175 erraret,
2032 3111 2121 3180 qui
2169 3126 2199 3166 e
2227 3150 2271 3207 ο
2303 3125 2423 3179 qua:
2448 3111 2500 3162 in
2534 3111 2633 3163 hoc
2664 3109 2798 3161 libro
2824 3118 3147 3173 narrantur;
3178 3107 3439 3161 nollemus
3461 3117 3635 3159 tamen
3661 3105 3863 3167 dicere.

650 3204 886 3263 silentio,
937 3218 1044 3270 quo
1090 3200 1460 3255 Theodoretus
1510 3200 1630 3254 lites
1665 3199 1796 3253 istas
1830 3215 2075 3268 premere
2106 3216 2202 3254 vo-

648 3296 769 3358 tuit,
804 3295 1042 3358 inferret,
1093 3310 1217 3347 cum
1240 3304 1370 3348 ante
1404 3293 1593 3362 synodi
1634 3291 1918 3360 Ephesium
1962 3302 2206 3362 tempora

645 3386 721 3441 ad
771 3385 1057 3442 Historiam
1127 3387 1265 3440 hanc
1332 3385 1668 3439 scribendam
1718 3386 2033 3440 accessisse.
2087 3385 2206 3453 Quo

652 3479 831 3533 minus
878 3479 1019 3533 enim
1066 3478 1179 3533 haec
1223 3468 1616 3546 conjecturase
1658 3477 1795 3531 tueri
1826 3477 2031 3545 possit,
2102 3478 2205 3531 im-

649 3571 875 3642 pediunt
937 3587 1055 3640 qua:
1117 3585 1147 3624 a
1204 3569 1399 3624 Nostro
1467 3571 1533 3623 de
1571 3569 1811 3638 reliquiis
1844 3569 2015 3624 sancti
2038 3567 2204 3638 Chry-

652 3664 877 3718 sostomi
935 3662 1458 3731 Constantinopolim
1503 3661 1712 3727 delatis,
1771 3671 1825 3715 et
1882 3662 1949 3715 de
2008 3662 2209 3731 pietate

654 3753 945 3810 Theodosii
983 3770 1048 3808 ac
1079 3770 1327 3809 sororum
1357 3754 1475 3821 ejus
1506 3761 1791 3806 narrantur
1825 3752 1917 3806 lib.
1953 3768 2007 3817 v,
2035 3767 2085 3806 c.
2116 3751 2204 3805 56.

648 3846 808 3913 Jam,
860 3864 983 3902 cum
1024 3864 1055 3901 e
1100 3845 1341 3901 Socratis
1379 3845 1614 3901 Historia
1658 3854 1936 3915 appareat,
1978 3844 2208 3915 Chryso-

651 3941 817 3995 stomi
863 3956 1060 4010 c0rpus
1102 3940 1312 3994 decimo
1360 3949 1512 3993 sexto
1552 3936 1837 3993 Theodosii
1884 3938 2206 4004 consulatu,

650 4033 841 4103 sicque
870 4048 997 4087 ann.
1024 4032 1084 4087 C.
1114 4032 1238 4094 458,
1269 4032 1319 4083 in
1354 4031 1536 4084 urbem
1569 4032 1766 4100 regiam
1798 4029 2031 4084 delatum
2065 4043 2205 4090 esse,

651 4125 877 4178 dubium
914 4138 1022 4176 non
1063 4131 1182 4186 est,
1226 4120 1480 4175 Nostrum
1531 4119 1821 4175 Historiam
1858 4136 2010 4175 suam
2048 4120 2207 4189 longo

656 4221 776 4281 post
802 4212 1092 4266 concilium
1134 4211 1463 4279 Ephesinnm
1504 4209 1787 4262 intervallo
1814 4207 2203 4274 composuisse.

655 4304 783 4359 Sola
819 4304 999 4371 itaque
1048 4302 1148 4355 viri
1200 4300 1497 4353 moderatio
1556 4298 1755 4363 eﬂ‘ecit,
1809 4306 1867 4351 ut
1922 4299 1988 4351 de
2021 4297 2209 4353 litibus

653 4395 861 4457 sileret,
893 4392 1090 4462 quibus
1133 4390 1449 4445 cuarraudis
1481 4389 1713 4442 maxime
1742 4388 1969 4441 idoneus
1996 4385 2207 4449 fuisset,

2307 3215 2535 3255 censura
2580 3200 2715 3254 adeo
2752 3198 2972 3268 dignum
3006 3214 3127 3252 esse
3159 3196 3578 3260 Theodoretum,
3629 3205 3683 3249 ut
3715 3194 3753 3247 F
3760 3196 3862 3245 rid.

2308 3291 2635 3359 Spanhemio
2665 3290 2898 3358 aliisque
2928 3291 3099 3343 visum
3128 3298 3231 3343 est.
3264 3288 3375 3343 Etsi
3406 3288 3550 3342 enim
3594 3288 3735 3341 inter
3764 3300 3867 3340 nos

2309 3383 2466 3441 ﬁdem
2505 3384 2591 3437 vix
2626 3383 2929 3436 invenirent
2960 3382 3118 3451 hujus
3154 3381 3367 3450 generis
3411 3381 3689 3444 homines,
3726 3388 3863 3432 tein-

2303 3490 2495 3545 porum
2537 3484 2714 3528 tamen
2753 3473 3000 3526 habenda
3031 3470 3145 3545 [44]
3176 3482 3259 3526 εει
3289 3472 3449 3525 ratio.
3482 3470 3653 3539 Hujus
3680 3470 3862 3537 operis

2306 3576 2513 3636 partem
2545 3566 2832 3635 quamdam
2866 3564 3147 3618 constituit
3176 3562 3360 3617 Oratio
3403 3563 3515 3617 sive
3545 3559 3863 3617 Dissertatio

2304 3658 2369 3710 de
2397 3642 2683 3717 charitate,
2732 3669 2892 3724 quam
2926 3652 3252 3706 Sirmondus
3282 3652 3577 3721 Appendici
3605 3649 3855 3711 inseruit,

2306 3750 2578 3805 Hervetus
2604 3756 2778 3800 autem
2810 3745 2862 3798 in
2896 3744 3143 3799 versione
3165 3758 3259 3799 sua
3291 3742 3472 3796 Latina
3506 3742 3705 3795 rectius
3737 3739 3860 3792 huic

2304 3841 2443 3897 libro
2474 3838 2770 3907 subjunxit.

2374 3931 2542 3986 Multo
2598 3930 2855 3999 majorem
2907 3928 3192 3980 utilitatem
3236 3927 3390 3980 uobis
3437 3935 3688 3994 praestant
3734 3922 3859 3992 Epi-

2305 4025 2456 4079 stolae
2498 4022 2841 4084 Theodoreti,
2867 4036 2987 4085 qua:
3019 4018 3323 4088 proximum
3352 4018 3491 4071 inter
3522 4016 3692 4085 Opera
3720 4016 3861 4069 illius

2303 4115 2480 4167 locum
2513 4121 2715 4174 tenent,
2769 4126 2938 4177 eoque
2972 4109 3247 4163 chariores
3288 4109 3443 4163 nobis
3482 4123 3601 4161 csse
3634 4108 3854 4170 debent,

2304 4221 2411 4278 quo
2482 4203 2736 4272 majorem
2804 4202 3039 4255 historia:
3103 4202 3380 4270 scriptoris
3451 4200 3621 4254 nostri
3680 4198 3877 4269 lucem,

2304 4296 2621 4351 accendunt.
2678 4293 2914 4349 Numero
2955 4301 3081 4347 sunt
3136 4306 3353 4345 centum
3404 4301 3458 4346 et
3504 4291 3855 4361 quadraginta

2308 4398 2544 4459 septem,
2579 4403 2683 4440 una
2728 4395 2905 4440 autem
2955 4398 3074 4451 quae
3123 4386 3320 4452 scripta
3366 4394 3449 4438 est
3489 4387 3553 4436 ad
3599 4382 3854 4437 Joannem

653 4486 703 4541 si
739 4486 855 4540 sine
884 4485 1110 4538 aliorum
1142 4484 1437 4536 olfensione
1468 4481 1580 4534 lieri
1611 4480 1892 4547 potuisset.
1928 4477 2058 4544 Quae
2082 4493 2205 4531 cum
2238 4496 2282 4551 υ
2307 4479 2618 4548 episcopum
2646 4477 3022 4540 Germaniciae,
3044 4477 3179 4545 apud
3204 4476 3569 4540 Sirmondum,
3599 4484 3746 4530 tomo
3773 4473 3852 4537 lll,

657 4580 730 4633 ita
766 4578 910 4641 sint,
958 4577 1080 4646 quis
1112 4591 1219 4629 non
1248 4574 1414 4639 videt,
1464 4573 1707 4641 iniquum
1742 4569 1922 4624 Nostri
1960 4568 2201 4643 judicem

652 4688 773 4726 esse
807 4669 1148 4734 Garnerium,
1178 4669 1334 4738 cujus
1367 4668 1482 4722 hate
1509 4677 1634 4722 sunt
1660 4665 1821 4719 verba
1854 4679 1905 4733 p.
1936 4662 2057 4727 192,
2084 4676 2199 4729 seq.

655 4763 915 4817 Auctarii.
956 4781 975 4812 ‹
1012 4761 1236 4831 Opinor.
1272 4761 1527 4830 primum,
1583 4758 1685 4812 hoc
1719 4772 1854 4827 opus
1879 4753 2205 4809 Theodoreti

654 4855 798 4909 aliud
831 4854 962 4908 nihil
990 4870 1111 4908 esse
1141 4864 1332 4923 praitcr
1362 4850 1645 4906 historiam
1689 4849 1902 4903 Arianae
1937 4847 2204 4901 haereseos

654 4946 867 5011 (eadem
910 4945 1020 4999 fere
1069 4944 1198 4999 ibid.
1259 4942 1441 5012 p.19i
1494 4941 1755 5009 exstant),
1802 4940 1915 4992 sive
1944 4939 1994 4991 in
2027 4939 2201 5006 seipsa

653 5036 770 5090 sive
810 5036 863 5088 in
898 5035 1205 5103 propagine.
1248 5033 1467 5098 Deinde,
1525 5032 1692 5100 ipsam
1722 5045 1787 5083 eo
1817 5029 2043 5083 consilio
2072 5030 2206 5082 scri—

654 5138 798 5200 ptam
852 5128 1041 5192 fuisse,
1082 5137 1143 5181 ut
1189 5127 1604 5180 ostenderentur
1642 5123 1846 5184 fontes,
1893 5138 1957 5176 ex
2010 5120 2205 5191 quibus

656 5218 999 5274 Theodoreto
1029 5218 1342 5271 viderentur
1372 5215 1475 5268 orti
1501 5229 1735 5277 errores,
1763 5226 1900 5281 quos
1923 5210 2206 5280 adiungebat

656 5309 969 5365 Catholicis.
1031 5307 1234 5373 Tertio,
1276 5308 1327 5360 in
1364 5306 1605 5370 Arianis,
1640 5301 1751 5374 [45]
1786 5302 2002 5355 unionis
2040 5303 2206 5371 hypo-

659 5401 863 5455 staticaa
895 5399 1240 5463 defensores;
1280 5398 1331 5451 in
1369 5396 1599 5451 Eusebio
1638 5391 2052 5450 Nicomediensi.
2104 5392 2204 5462 Cy-

655 5492 837 5548 rillum
861 5510 875 5523 ο
908 5492 962 5547 in
995 5492 1290 5545 Athanasio
1318 5498 1482 5557 atque
1508 5488 1667 5542 etiam
1700 5486 1753 5541 iu
1790 5486 2197 5557 Chrysostomo.

2309 4574 2667 4635 desideratur,
2714 4587 2835 4627 cum
2885 4574 3060 4626 locum
3109 4581 3262 4625 nacta
3310 4571 3381 4624 sit
3426 4571 3479 4624 in
3530 4572 3849 4639 Appendice,

2310 4674 2347 4719 t.
2396 4663 2483 4730 IV,
2535 4680 2587 4734 p.
2638 4663 2757 4717 70‘2.
2809 4664 2981 4732 Supra
3019 4664 3341 4732 quingentas
3382 4663 3563 4716 Nostri
3602 4661 3853 4730 epistolas

2308 4756 2435 4825 legit
2493 4756 2622 4809 olim
2675 4754 3037 4825 Nicephorus,
3081 4756 3238 4823 cujus
3290 4755 3391 4809 fide
3439 4755 3484 4807 si
3526 4754 3623 4806 niti
3681 4754 3851 4815 liceat,

2312 4848 2602 4902 dolendum
2643 4850 2866 4903 omnino
2914 4857 3028 4913 est,
3070 4858 3272 4901 tantam
3308 4862 3491 4902 earum
3532 4857 3735 4916 partem
3766 4824 3858 4914 pc:

2308 4941 2487 4995 riisse.
2525 4940 2675 4995 Hanc
2701 4941 2969 5010 jacturam
3009 4941 3188 5009 aliquo
3218 4942 3377 4995 modo
3407 4940 3670 4994 resarcire
3693 4938 3851 4991 voluit

2306 5028 2603 5085 Garnerius
2637 5039 2748 5084 tum
2788 5030 3042 5099 Epistolis
3072 5031 3182 5084 illis
3227 5046 3361 5097 quas
3413 5030 3480 5085 ad
3529 5030 3849 5099 locupletan-

2306 5122 2433 5177 dum
2497 5133 2697 5176 tomum
2763 5124 2979 5177 tertium
3044 5123 3292 5177 editionis
3352 5123 3741 5176 Sirmondiana:
3788 5118 3851 5173 ab

2309 5215 2466 5268 initio
2516 5214 2757 5268 Auctarii
2787 5215 2870 5268 sui
2915 5214 3195 5279 exhibuit,
3228 5224 3339 5267 tum
3385 5213 3757 5267 dissertatione
3786 5208 3863 5271 δι

2308 5306 2502 5359 ibidem
2558 5308 2780 5367 inserta,
2839 5322 2958 5375 qua:
2992 5306 3305 5358 inscribitur
3341 5305 3413 5357 De
3444 5303 3747 5357 Theodoreti
3802 5308 3847 5352 et

2313 5391 2665 5446 Orientalium
2702 5409 2883 5445 causa.
2923 5391 3045 5445 Haec
3075 5402 3183 5445 tota
3232 5392 3561 5454 dissertatio,
3610 5406 3727 5458 quae
3765 5402 3849 5439 ex—

2309 5484 2694 5552 specxatiouem
2746 5484 3038 5537 multorum
3087 5482 3307 5544 fefellit,
3354 5481 3486 5535 nihil
3532 5489 3719 5549 praeter
3760 5491 3849 5529 va-

727 5690 803 5759 (a)
832 5689 926 5759 ,Ex
968 5691 1066 5744 hac
1120 5700 1295 5744 tamen
1347 5689 1569 5744 historia
1621 5689 1767 5757 (cap.
1824 5684 1943 5754 lli),
1998 5695 2051 5740 et
2095 5673 2198 5741 non
2240 5686 2474 5749 aliunde,
2540 5704 2602 5742 ea
2660 5685 2986 5757 paucissima
3021 5681 3277 5738 habemus
3306 5697 3422 5751 quae.
3450 5681 3515 5736 de
3545 5679 3719 5748 scipso
3747 5685 3855 5728 tra-

652 5758 791 5819 didit
814 5758 1197 5817 Theodoretus.
1232 5762 1384 5816 Eutr.
1426 5759 1592 5814 Psru.
