3924 6522
142 358 187 427 il
1472 371 1992 437 DISSERTATIO.
2047 396 2050 400 λ
3286 384 3358 449 62

138 482 298 532 narum
314 475 542 532 Patrum
572 480 849 550 epistolas
882 481 1142 548 continet,
1166 482 1397 551 primum
1426 500 1456 536 a
1480 485 1683 540 Christ.
1713 500 1760 549 Α
1786 490 2100 559 episcopum
2148 489 2328 553 dedit,
2381 507 2503 561 quze
2549 494 2822 562 posterior
2874 495 3016 549 haud
3062 497 3354 555 obscurant

134 572 268 639 Lupo,
301 579 485 637 postea
510 586 546 625 a
588 572 791 642 Steph.
822 573 1048 629 Baluzio
1086 576 1141 628 in
1184 591 1323 630 nova
1354 576 1687 633 Collectione

128 663 445 719 anciliorum
502 664 621 719 sub
667 667 898 722 nomine
942 667 1198 739 Synodici
1248 669 1512 724 adversus
1551 668 1687 723 Tra-

126 755 322 825 gmdiam
352 754 575 817 Irenzei,
608 758 814 813 editas.
847 757 977 814 Jure
1005 769 1185 814 autem
1218 761 1520 826 dubitatur,
1553 778 1684 817 num

122 846 337 914 genuina:
358 844 471 898 sint
506 845 640 900 ista
662 848 932 915 epistolae,
984 864 1120 918 quas
1147 850 1448 906 Garnerius
1475 851 1685 908 Nostro

126 933 361 988 vindicare
396 935 608 990 voluit.
652 938 808 992 Adeo
856 939 1000 993 enim
1036 938 1247 994 fervore
1293 956 1395 995 suo
1430 944 1685 1013 abreptus

119 1038 206 1089 est,
243 1039 292 1079 ut
322 1027 486 1080 etiam
533 1028 655 1082 illis
692 1030 856 1083 tidem
897 1030 1135 1096 dederit,
1184 1047 1306 1101 quae
1337 1033 1685 1103 apertissima

120 1118 297 1179 νιθείις
359 1118 579 1171 habent
637 1121 867 1187 indicia,
922 1122 1101 1192 qualis
1148 1130 1231 1177 est
1272 1123 1360 1176 illa
1401 1140 1561 1193 quam
1621 1126 1687 1180 de

122 1212 241 1263 usit:
272 1209 458 1279 Cyrilli
506 1210 586 1264 ad
640 1210 909 1267 Joannem
954 1214 1349 1269 Antiochenam
1401 1216 1687 1286 scripsisse

125 1304 300 1362 dicitur,
356 1301 428 1355 de
471 1318 597 1372 qua
648 1304 767 1373 jam
815 1305 923 1359 alio
975 1306 1092 1360 loco
1133 1307 1545 1375 disputavimus.
1580 1308 1687 1364 Nec

122 1396 265 1448 multis
315 1397 650 1465 urgendum
707 1399 838 1466 erit,
891 1401 1036 1468 quod
1081 1400 1192 1469 jam
1246 1416 1308 1454 ex
1352 1400 1583 1457 Leontio
1634 1412 1689 1458 et

123 1488 280 1539 Allatio
312 1487 369 1539 in
422 1488 835 1557 superioribus
873 1492 1105 1545 evictum
1159 1491 1445 1557 dedimus,
1489 1493 1688 1548 multas

120 1580 195 1633 ssb
220 1576 401 1633 Nostri
444 1582 694 1636 nomine
729 1584 797 1636 ab
840 1582 951 1636 illis
999 1586 1089 1653 qui
1134 1581 1248 1655 [45]
1288 1583 1521 1639 Nestorii
1560 1600 1686 1656 par-

119 1672 459 1727 tibusaddicti
499 1684 697 1739 erant,
731 1675 885 1730 [ictas
908 1692 1030 1731 esse
1060 1677 1287 1732 litteras.
1323 1676 1534 1744 Quanta
1585 1695 1687 1732 au-

116 1778 194 1818 tem
269 1763 373 1819 fuit
443 1765 722 1822 Garnerii
776 1768 1013 1822 facilitas
1069 1769 1124 1823 in
1180 1770 1528 1825 admittendis
1580 1772 1686 1826 illis

116 1854 341 1924 epistolis,
379 1872 541 1926 quas
589 1859 662 1913 ad
710 1874 826 1914 rem
862 1876 1015 1913 suam
1061 1858 1239 1914 facere
1268 1863 1495 1931 putavit,
1536 1871 1684 1918 tanta
1718 1835 1760 1894 Β

111 1948 209 2017 ejus
236 1948 338 2001 fait
370 1951 726 2015 morositas,
782 1950 827 2006 si
866 1950 936 2005 de
963 1951 1072 2006 illis
1103 1953 1354 2023 agitanda
1390 1964 1505 2007 erat
1537 1971 1687 2023 qua:-

114 2042 212 2103 stio,
248 2056 373 2109 qua:
429 2050 692 2095 mentem
732 2041 1059 2099 Theodoreti
1114 2045 1183 2097 ab
1226 2045 1407 2115 impiis
1455 2044 1686 2101 Nesmrii

112 2134 345 2186 extritus
380 2134 649 2188 alienam
678 2144 971 2189 testantur.
1013 2134 1153 2191 l'Iinc
1187 2152 1284 2204 pro
1310 2139 1541 2206 genuina
1578 2155 1685 2193 non

114 2227 271 2279 habuit
298 2225 636 2297 Epistulam
680 2228 748 2282 ad
794 2228 1133 2298 Sporacium.
1181 2246 1301 2300 quae
1327 2246 1355 2284 a
1399 2232 1688 2285 Sirmondo

112 2320 560 2389 iaAppeudicem
591 2329 680 2374 est
706 2320 894 2387 relata,
925 2337 1029 2376 non
1053 2323 1181 2391 quia
1209 2323 1448 2392 spuriam
1482 2326 1688 2393 putavit

114 2415 251 2476 illam,
287 2422 352 2465 ut
388 2410 722 2467 Garnerius
766 2414 982 2478 asserit,
1016 2413 1109 2467 sed
1145 2414 1273 2483 quia
1306 2425 1684 2483 argumentum

114 2508 225 2558 dius
264 2506 390 2559 iere
440 2505 601 2560 idem
670 2516 754 2559 est
802 2522 921 2560 cum
983 2509 1158 2576 capite
1210 2508 1277 2561 12
1328 2508 1452 2562 libri
1507 2510 1685 2578 quarti

112 2599 495 2650 Hernicorum
535 2598 872 2671 fabularum,
921 2599 1109 2668 sicque
1139 2600 1280 2653 inter
1310 2600 1566 2669 epistolas
1593 2601 1681 2655 vix

112 2690 259 2743 lacum
292 2690 570 2744 obtinere
620 2706 784 2759 posse
813 2690 1043 2744 videtur.
1088 2690 1242 2756 Quod
1273 2694 1537 2760 reliquum
1582 2700 1685 2759 est,

112 2784 267 2835 rarias
322 2782 543 2835 harum
611 2781 965 2851 epistolarum
1035 2781 1235 2837 classes
1292 2782 1691 2839 constituerunt

113 2876 360 2945 ltapinius
392 2883 455 2928 et
481 2873 821 2943 Garnerius,
843 2873 933 2926 sed
964 2888 1151 2941 parum
1184 2873 1345 2927 certis
1370 2872 1690 2929 fundamen-

110 2970 165 3021 tis
193 2980 373 3022 totum
414 2966 563 3019 illud
622 2965 910 3019 artilicium
967 2965 1182 3030 nititur,
1227 2966 1355 3035 quia
1396 2966 1460 3020 de
1506 2966 1689 3021 multis

111 3064 291 3115 harum
320 3062 654 3114 litterarum
699 3073 809 3112 non
854 3060 988 3119 satis
1037 3068 1274 3124 constat,
1323 3073 1432 3128 quo
1477 3059 1691 3128 scriptae

107 3164 202 3209 sint
235 3164 522 3222 tempore.

168 3247 506 3317 Dogmatiri,
539 3244 627 3296 vel
658 3242 930 3312 polemici,
968 3252 1028 3297 ut
1055 3241 1225 3303 videri
1260 3254 1474 3313 posset,
1523 3259 1686 3317 argu-

114 3343 261 3393 menti
292 3350 381 3394 est
414 3337 713 3391 Eranistes
740 3351 833 3389 seu
857 3335 1260 3406 Polgmorplius,
1288 3336 1421 3391 liber
1447 3337 1688 3407 apprime

112 3436 243 3487 utilis
288 3434 359 3487 ad
408 3431 837 3499 redarguendos
861 3429 1252 3501 Eutycbianos,
1286 3444 1514 3499 quorum
1540 3443 1688 3482 erro-

113 3528 246 3580 ribus
278 3527 585 3595 oppositus
611 3565 624 3587 ,
662 3523 733 3576 ab
774 3522 1095 3592 imperatore
1134 3519 1442 3579 Theodosio
1482 3527 1685 3587 autem,

112 3623 182 3674 \el
221 3622 412 3689 potius
448 3619 522 3672 ab
561 3619 674 3672 illis
706 3632 938 3687 quorum
970 3616 1177 3670 artibus
1216 3616 1522 3685 regebatur,
1555 3615 1687 3670 adeo

116 3715 239 3767 male
277 3720 561 3781 exceptus
618 3718 734 3768 est.
781 3720 842 3762 ut
877 3710 1033 3776 jussu
1071 3706 1413 3776 imperatoris
1455 3706 1687 3761 ﬂammis

112 3808 291 3870 dignus
322 3801 663 3855 haberetur.
717 3797 829 3852 Hoc
874 3791 1060 3866 iniquo
1098 3796 1209 3850 fato
1249 3811 1357 3850 non
1402 3796 1685 3850 imminuta

115 3895 314 3963 quidem
357 3901 457 3946 est
503 3890 631 3944 libri
664 3889 935 3959 dignitas;
984 3895 1200 3951 tamen,
1240 3901 1310 3941 ne
1354 3885 1485 3956 quid
1533 3885 1689 3940 mala:

118 3989 535 4046 mhareret,
580 3989 799 4036 cautum
829 3988 915 4034 est
961 3994 992 4033 a
1039 3978 1333 4046 Marciano,
1385 3978 1479 4047 qui
1526 3978 1684 4035 istam

120 4079 399 4134 Theodosii
439 4078 791 4132 sanctionem
824 4071 1241 4127 rescindendam
1268 4087 1391 4128 esse
1417 4071 1689 4141 sapienter

124 4173 318 4225 statuit.
352 4170 503 4224 Tres
550 4166 810 4237 Dialogos
849 4164 989 4218 liber
1010 4163 1107 4217 iste
1132 4162 1526 4232 complectitur,
1551 4175 1689 4231 quo-

122 4280 225 4317 rum
255 4262 661 4331 unusquisque
695 4272 891 4313 nomen
922 4256 991 4310 ab
1024 4264 1343 4325 argumento
1369 4264 1558 4309 nactus
1582 4262 1686 4309 cst.

120 4359 315 4413 Primus
340 4354 682 4410 inscribitur
704 4353 1024 4420 Ἀτρεπτος,
1043 4346 1314 4402 secundus
1339 4345 1686 4417 Ἀσύγχυτος,

122 4448 295 4500 tertius
331 4442 625 4511 Ἀπαθής.
659 4439 726 4509 In.
745 4440 917 4507 primo
948 4435 1128 4500 docet,
1150 4433 1541 4489 immutabilem
1571 4449 1692 4489 esse

1788 584 2094 651 suppeditat
2118 584 2377 652 temporis
2405 585 2693 653 indicium,
2724 601 2788 640 ex
2820 603 2930 656 quo
2952 588 3205 659 colligere
3233 607 3359 661 pos-

1786 690 1997 739 sumus,
2029 675 2178 731 hunc
2218 675 2417 730 librum
2447 678 2557 748 jam
2590 688 2713 733 ante
2757 682 3025 750 synodum
3060 682 3357 754 λῃστρικὴν

1786 764 1958 823 fuisse
2008 768 2390 837 compositum.
2436 768 2532 825 llis
2563 770 2796 840 denique
2824 772 3177 843 adjungimus
3210 774 3356 829 aliud

1788 858 2187 925 testimonium,
2222 859 2369 930 quod
2390 875 2453 915 ex
2474 862 2697 931 epistola
2723 864 2869 932 (150)
2910 866 2974 919 ad
3009 864 3357 920 Timotheum

1784 951 2100 1020 episcopum
2132 953 2356 1023 scripta,
2390 954 2643 1023 petimus.
2692 955 2954 1011 Miramur
2984 958 3165 1029 itaque
3194 957 3357 1012 Bara-

1789 1043 1945 1106 terio,
1969 1044 2229 1113 praecocis
2259 1045 2459 1113 ingenii
2486 1046 2671 1117 juveni
2701 1058 2755 1101 et
2791 1048 3050 1119 temporis
3079 1051 3160 1105 sui
3192 1065 3356 1105 orna-

1786 1147 1991 1201 mento,
2021 1137 2074 1191 in
2105 1147 2340 1192 mentem
2354 1139 2538 1194 venire
2558 1141 2816 1209 potuisse,
2846 1143 2942 1198 hos
2967 1142 3217 1214 Dialogos
3242 1160 3361 1199 non

1786 1226 2126 1283 Theodoreto
2154 1232 2471 1293 nostro,sed
2505 1232 2733 1286 forsitan
2762 1233 2964 1303 jnniori
2986 1234 3150 1304 hujus
3175 1236 3361 1289 nomi~

1784 1320 1871 1375 nis
1893 1320 2145 1389 scriptori
2177 1322 2492 1378 tribuendos
2508 1339 2647 1389 esse,
2666 1325 2714 1379 ei
2746 1326 2977 1390 scilicet,
2996 1327 3081 1380 cui
3108 1328 3361 1382 nonnulli

1785 1428 1906 1467 cum
1967 1412 2239 1469 Garnerio
2288 1415 2456 1471 libros
2509 1417 2630 1471 illos
2680 1416 2933 1472 Historiae
2975 1419 3361 1474 ecclesiasticas

1786 1505 2087 1567 ascribunt,
2101 1520 2238 1574 quos
2255 1505 2587 1571 Gennadius,
2610 1517 2667 1561 ut
2682 1524 2843 1578 supra
2859 1508 3120 1574 diximus,
3146 1509 3353 1563 Nostro.

1786 1598 1995 1667 absque
2021 1597 2134 1651 ullo
2162 1599 2294 1652 satis
2324 1600 2475 1667 gravi
2507 1614 2685 1653 causae
2723 1615 2837 1655 sua:
2877 1600 3227 1654 fundamento
3258 1601 3361 1654 tri-

1786 1691 1921 1744 buit.
1972 1689 2178 1744 Tamen
2227 1691 2372 1744 hanc
2419 1691 2743 1745 sententiain
2777 1707 2884 1746 non
2916 1700 2976 1745 ut
3019 1691 3363 1762 probabilem

1788 1791 1997 1837 tantum
2050 1784 2335 1853 proposuit
2388 1784 2440 1837 in
2490 1784 2798 1853 Appendice
2840 1784 2905 1838 ad
2948 1783 3354 1838 Anti-Artemo-

1788 1877 1937 1930 nium
1987 1872 2231 1929 Norimb.
2283 1891 2311 1927 a
2369 1874 2528 1938 I755,
2586 1876 2812 1937 editum,
2870 1876 2964 1929 sed
3018 1875 3361 1945 pertinacius

1787 1984 2002 2039 quoque
2031 1977 2221 2023 contra
2261 1967 2562 2037 scriptores
2611 1965 3017 2028 Memoriarum,
3064 1974 3123 2020 ut
3162 1965 3358 2020 dicun-

1790 2074 1898 2125 tur,
1931 2062 2349 2117 Trivultinarum
2370 2059 2661 2114 defendere
2687 2058 3125 2128 voluitsingulari
3154 2058 3353 2121 libello,

1787 2156 1879 2225 qui
1931 2156 2166 2210 insertus
2208 2163 2292 2209 est
2335 2152 2683 2207 Bibliotheca:
2720 2151 3058 2206 Germanica:
3108 2150 3364 2220 (Gallico

1788 2247 2066 2309 idiomate,
2096 2255 2153 2298 ut
2181 2254 2369 2298 notum
2401 2242 2648 2312 scriptae)
2675 2242 2781 2296 vol.
2805 2238 3035 2307 XLVIII,
3069 2255 3121 2309 p.
3149 2239 3216 2293 50
3236 2253 3352 2309 seq.

1789 2336 1892 2391 Sed
1924 2351 1986 2390 ea
2018 2335 2119 2389 fuit
2142 2334 2403 2405 juvenilis
2433 2333 2660 2388 audacia
2683 2374 2697 2397 ,
2749 2345 2871 2401 quae
2899 2346 3005 2385 non
3054 2328 3167 2402 [47]
3200 2329 3360 2383 omni

1787 2429 1947 2483 laude
1978 2437 2145 2483 caret.
2180 2427 2245 2482 Et
2275 2429 2390 2497 ipsa
2416 2426 2630 2496 juvenis
2651 2465 2666 2488 ,
2713 2424 2803 2494 qui
2836 2425 2973 2477 ultra
3004 2430 3213 2477 aetatem
3266 2436 3361 2475 sa-

1788 2536 1914 2591 pere
1942 2521 2092 2574 visus
2120 2528 2221 2583 est,
2254 2519 2556 2589 disputatio
2588 2517 2749 2571 habet
2778 2514 3038 2570 nonnulla
3068 2529 3189 2583 qua:
3212 2512 3364 2566 ulte-.

1788 2611 1919 2665 riori
1951 2610 2292 2665 discussione
2324 2624 2431 2662 non
2483 2607 2702 2678 indigna
2750 2616 2950 2671 essent,
2996 2620 3057 2660 ea
3082 2619 3232 2673 vero
3261 2603 3359 2659 alii

1788 2701 1907 2754 loco
1933 2708 1985 2753 et
2011 2699 2241 2769 tempori
2269 2699 2382 2766 jam
2415 2707 2575 2752 erunt
2604 2695 2979 2766 relinquenda.
3003 2695 3082 2747 Ad
3116 2694 3355 2763 reliquos

1789 2791 2087 2861 Scriptoris
2118 2790 2291 2845 nostri
2324 2789 2495 2843 libros
2524 2788 2925 2857 progredimur,
2970 2787 3015 2841 si
3049 2786 3235 2854 paucis
3258 2801 3359 2839 an-

1790 2891 1875 2936 tea
1911 2883 2138 2937 lectores
2172 2882 2239 2936 de
2281 2895 2423 2935 novo
2457 2879 2705 2933 Garnerii
2748 2880 2898 2948 lapsu
2950 2878 3352 2932 monuerimus.

1790 2971 1893 3026 Vix
1927 2972 2159 3041 amplius
2191 2971 2486 3040 quidquam
2519 2970 2716 3024 addere
2746 2984 2886 3038 Opus
2915 2970 3037 3024 erit.
3071 2967 3359 3024 Latentem

1789 3063 1844 3118 in
1876 3062 2043 3118 herba
2074 3077 2303 3129 anguem
2335 3061 2576 3125 videbit,
2619 3061 2872 3131 quisquis
2919 3068 3125 3116 attente
3164 3062 3355 3131 legerit

1712 3175 1754 3233 ρ
1785 3169 1847 3209 ea
1884 3169 2003 3224 quae
2050 3161 2466 3223 praecesserunt.
2515 3150 2660 3206 Idem
2708 3153 2857 3222 quod
2907 3165 3064 3207 antea
3090 3152 3202 3221 jam
3248 3153 3351 3208 ali-

1787 3248 2001 3318 quoties
2048 3247 2254 3301 dictum
2304 3255 2388 3300 est
2435 3245 2659 3316 contigit
2702 3244 2989 3311 Garnerio,
3028 3260 3153 3299 cum
3202 3245 3350 3300 hunc

1787 3341 1985 3396 librum
2018 3340 2219 3409 legeret
2246 3356 2260 3404 ;
2302 3340 2354 3393 in
2386 3339 2646 3408 Cyrillum
2677 3338 2819 3391 enim
2851 3338 3033 3391 omnia
3062 3337 3201 3391 dicta
3230 3348 3364 3389 esse-

1786 3430 1910 3501 quis
1941 3429 2046 3483 nisi
2085 3429 2175 3483 ille
2203 3428 2568 3499 somniasset?
2600 3438 2659 3480 ut
2688 3426 2845 3480 tidem
2878 3425 3143 3481 faciamus
3169 3424 3363 3479 verbis.

1786 3523 2012 3585 nostris,
2066 3522 2149 3575 vel
2206 3535 2375 3590 pauca
2428 3520 2540 3573 haec
2590 3532 2963 3587 apponemus,
3018 3531 3140 3587 qua
3192 3517 3350 3571 Auct.

1786 3631 1840 3685 p.
1875 3615 1979 3670 152
2005 3620 2245 3675 exstant,
2274 3620 2328 3666 et
2362 3627 2550 3682 parum
2584 3612 2808 3665 mutatis
2840 3609 3018 3664 verbis
3061 3619 3357 3665 recurrunt

1787 3727 1841 3781 p.
1872 3709 1977 3764 240
2011 3727 2024 3765 :
2062 3726 2082 3761 t
2120 3707 2175 3761 In
2202 3709 2324 3773 hoc,
2358 3707 2555 3777 inquit,
2586 3721 2771 3777 opere,
2802 3707 2938 3760 mira
2976 3704 3206 3774 quadam
3238 3714 3362 3760 arte

1786 3802 2073 3858 consilium
2103 3800 2417 3855 dissimulat
2448 3818 2461 3852 :
2498 3814 2620 3852 nam
2657 3813 2781 3851 cum
2833 3812 2929 3867 per
2968 3796 3355 3866 dialogismum

1786 3894 1841 3947 in
1874 3894 2290 3962 Apollinaristas
2336 3891 2615 3960 disputare
2662 3906 2722 3946 se
2765 3890 2937 3960 lingit,
2978 3887 3237 3959 Cyrillum
3268 3904 3353 3942 re-

1785 4000 1913 4041 vera
1940 3994 1993 4039 et
2020 3983 2329 4038 Catholicos
2357 3982 2655 4051 impugnat,
2707 3980 2818 4033 imo
2873 3979 3178 4034 doctrinam
3239 3977 3351 4032 Ne-

1788 4078 1944 4134 storii
1988 4074 2486 4138 demonstratione,
2537 4081 2598 4127 ut
2644 4072 2760 4142 ipse
2814 4071 3031 4141 quidem
3082 4070 3351 4139 loquitur,

1789 4168 2112 4226 conﬁrmare
2165 4165 2375 4220 nititur.
2439 4164 2648 4219 Laudat
2701 4163 2920 4234 quidem
2978 4162 3237 4234 Cyrillum
3292 4161 3351 4219 in

1789 4262 2012 4330 Dialogo
2035 4257 2291 4322 secundo,
2334 4257 2427 4313 sed
2458 4257 2692 4327 maligna
2720 4256 2877 4311 laude
2904 4295 2919 4320 ,
2954 4265 3075 4311 etet.
3100 4273 3121 4309 ι
3151 4254 3356 4322 Quidni

1791 4353 1907 4409 haec
1955 4358 2230 4422 postrema
2276 4349 2355 4404 sic
2385 4347 2590 4402 imitari
2620 4347 2795 4413 liceat,
2838 4348 3115 4403 invehitur
3141 4346 3352 4404 Carne-

1793 4446 1909 4499 rius
1940 4444 1996 4496 in
2027 4441 2449 4505 Theodorelum,
2483 4439 2575 4493 sed
2606 4439 2732 4493 odio
2761 4440 3039 4508 maligno?

124 4538 367 4605 unigeniti
416 4533 550 4587 Filii
595 4530 967 4593 divinitatem;
1004 4528 1059 4582 in
1101 4526 1372 4591 secundo,
1417 4540 1522 4579 non
1563 4540 1683 4595 per-

1860 4533 2204 4602 Multiplicem
2236 4531 2529 4600 Scriptoris
2561 4531 2729 4585 nostri
2752 4531 3057 4585 doctrinam
3085 4540 3352 4587 testantur

124 4633 323 4683 aristam
363 4627 491 4682 sive
520 4622 881 4687 .inconl‘usam
930 4620 1098 4673 fuisse
1127 4619 1183 4673 in
1212 4618 1429 4672 Christo
1458 4615 1688 4669 Domino

124 4721 413 4775 divinitatis
444 4730 502 4772 et
534 4714 893 4770 humanitatis
932 4712 1223 4777 unionem;
1277 4708 1391 4782 μδ]
1428 4710 1483 4763 in
1532 4708 1689 4762 tertio

124 4814 365 4881 denique,
426 4825 457 4862 a
505 4806 857 4877 passionibus
902 4804 1128 4858 liberam
1180 4802 1348 4857 fuisse
1391 4799 1690 4855 Salvatoris

126 4906 288 4958 nostri
348 4903 725 4956 divinitatem.
779 4896 874 4952 His
922 4896 1322 4965 subjunguutur
1361 4893 1690 4959 ’Λποδείξεις

124 4996 203 5047 διὰ
233 4990 658 5059 συλλογισμῶν,
710 4989 802 5042 ubi
851 4987 1042 5042 validis
1082 4985 1382 5040 ratiociniis
1417 4986 1693 5054 impugnat

125 5103 357 5147 errores,
392 5092 593 5140 contra
624 5097 765 5151 quos
794 5082 847 5134 in
878 5081 980 5134 hoc
1023 5080 1161 5134 libro
1189 5079 1449 5148 disputat.
1487 5077 1692 5131 Genui-

127 5196 247 5232 unm
299 5180 413 5232 hoc
464 5189 592 5231 esse
640 5171 963 5227 Theodoreti
1012 5171 1273 5240 scriptum
1320 5170 1410 5224 vix
1457 5168 1691 5223 dubitari

134 5272 337 5337 interit,
392 5282 526 5322 cum
584 5281 693 5319 non
751 5264 910 5319 modo
959 5261 1211 5327 Photius,
1267 5261 1389 5316 cod.
1434 5260 1526 5319 46.
1575 5260 1693 5328 ejus

136 5365 458 5417 mentionem
491 5358 703 5420 fecerit,
744 5357 837 5411 sed
867 5355 1028 5410 etiam
1060 5352 1421 5423 Nicephorus.
1450 5351 1541 5420 qui
1573 5349 1693 5404 loco

134 5455 232 5519 jam
262 5452 559 5523 aliquoties
580 5451 748 5505 citato
768 5448 911 5502 hunc
941 5446 1134 5500 librum
1162 5444 1382 5499 nomine
1414 5442 1694 5509 ἰδιοΛόγοι

135 5548 270 5615 τρεῖς
316 5544 452 5613 περὶ
506 5541 671 5594 θείων
724 5537 1007 5608 δογμάτων
1048 5533 1463 5602 διαλογιστικῶς
1501 5550 1694 5586 συντα-

135 5638 341 5704 litis-:3:
391 5634 722 5705 indigitavit.
766 5630 885 5700 Ipse
930 5643 1147 5699 quoque
1186 5636 1377 5681 auctor
1407 5624 1552 5679 illius
1582 5640 1695 5680 me-

137 5732 299 5793 mittit,
334 5740 450 5783 tum
484 5731 539 5783 in
570 5727 797 5796 epistola
829 5723 947 5794 (l6)
978 5722 1044 5776 ad
1075 5721 1336 5776 Irenaeum
1360 5718 1695 5788 episcopum,

1787 4630 1949 4685 etiam
2007 4625 2387 4681 [hereticorum
2454 4622 2756 4691 fabularum
2819 4623 2944 4676 libri
2989 4635 3239 4693 quatuor,
3292 4624 3346 4679 in

1787 4720 1982 4788 quibus
2030 4718 2261 4770 h:ereses
2309 4722 2517 4768 tantum
2552 4728 2657 4765 non
2702 4726 2892 4766 omnes
2931 4721 3192 4774 recenset,
3231 4727 3353 4781 qua:

1789 4811 1912 4864 inde
1966 4824 1997 4862 a
2051 4807 2290 4861 Simonis
2349 4805 2483 4876 Magi
2534 4804 2726 4859 diebus
2775 4819 2946 4873 usque
2991 4803 3057 4857 ad
3108 4812 3349 4873 tempora

1786 4899 2020 4955 Nestorii
2068 4905 2120 4952 et
2158 4897 2419 4967 Eutychis
2483 4897 2878 4951 innotuerant:
2930 4895 3130 4965 quibus
3169 4896 3351 4949 omni-

1789 4993 1892 5050 bus
1942 4990 2203 5061 expositis
2267 4990 2403 5043 libro
2457 4989 2648 5057 quinto
2710 4988 2991 5057 subiunxit
3041 4988 3349 5043 divinorum

1790 5085 2099 5153 dogmatum
2132 5080 2432 5149 Epitomen.
2469 5089 2526 5131 ιιι
2555 5078 2884 5143 ostenderet,
2906 5079 3182 5146 quomodo
3212 5077 3354 5130 inter

1791 5189 1849 5231 se
1877 5171 2123 5227 dill‘erant
2159 5171 2248 5223 lux
2278 5178 2331 5223 et
2369 5170 2623 5233 tenebrte,
2669 5183 2791 5236 qua:
2836 5168 3008 5237 ipsius
3035 5176 3162 5222 sttnt
3192 5165 3350 5219 verba

1792 5265 2011 5318 ineunte
2051 5261 2188 5315 libro
2237 5260 2450 5313 ultimo.
2498 5258 2596 5313 llic
2638 5259 2757 5313 sine
2792 5258 2957 5312 dubio
2985 5266 3069 5312 est
3097 5256 3230 5310 liber
3258 5255 3353 5309 ille

1793 5356 1950 5424 cujus
1978 5352 2314 5422 Nicephorus
2343 5352 2447 5406 sub
2476 5352 2694 5405 nomine
2719 5350 2945 5420 ψεύδους
2976 5350 3071 5402 καὶ
3098 5348 3351 5419 ἀληθείας

1792 5448 2075 5515 διάγνωσις
2114 5443 2379 5505 meminit,
2409 5440 2521 5514 [48]
2544 5458 2652 5513 quo
2682 5443 2839 5497 titulo
2865 5444 3027 5496 etiam
3061 5439 3352 5509 insignitur

1796 5538 1934 5605 apud
1961 5536 2315 5589 Possevinum
2345 5534 2542 5603 Appar.
2578 5534 2716 5589 sacri
2750 5544 2879 5587 tom.
2921 5530 2985 5597 II,
3022 5547 3076 5600 p.
3105 5530 3230 5596 457,
3255 5532 3351 5586 ubi

1796 5629 1937 5683 inter
1983 5627 2152 5682 libros
2199 5642 2229 5679 a
2280 5625 2476 5681 Nostro
2515 5625 2846 5694 compositos
2897 5634 3355 5679 commemoratur

1800 5722 2054 5777 volumen
2104 5719 2249 5789 quod
2288 5717 2552 5772 Mendacii
2587 5727 2635 5771 et
2667 5716 2899 5771 veritatis
2946 5716 3232 5777 discrimen,
3264 5716 3349 5770 in-

138 5831 238 5875 tum
268 5822 321 5875 in
371 5821 461 5874 illa
515 5819 633 5889 (8'5)
682 5831 845 5887 quam
886 5812 956 5869 ad
991 5811 1310 5869 Dioscorum
1359 5807 1699 5864 Alexandria:
1799 5813 2073 5869 scribitur.
2123 5813 2250 5868 Post
2292 5810 2581 5868 concilium
2619 5809 3061 5866 Cltalcedoncuse
3107 5808 3251 5865 hunc
3288 5810 3353 5865 li.
