3924 6516
621 332 693 394 63
1235 338 1331 398 DE
1368 342 1543 401 VITA
1583 336 1678 401 ET
1728 340 2069 402 SCRIPTIS
2130 337 2619 406 THEODORETI
2659 348 3151 415 DISSERTATIO
3187 350 3195 363 ’

623 446 780 500 brum
824 462 853 500 ι
886 444 1082 501 Nostro
1112 451 1475 520 compositum
1508 469 1631 509 esse
1664 455 1805 508 haud
1834 452 2087 509 obscuris
2117 452 2202 505 in-
2230 456 2279 512 Δ
2306 456 2531 512 ctandos
2575 473 2700 515 esse
2728 462 2965 536 fructus,
3017 469 3121 521 etsi
3172 469 3226 522 ln
3284 468 3387 522 hac
3430 467 3541 522 vita
3614 467 3900 522 nonnul

623 538 783 595 diciis
826 541 1008 609 prodit
1053 543 1310 611 cpistola,
1335 562 1456 615 quae
1506 547 1873 615 praemittitur,
1904 546 1970 600 ad
2003 544 2203 617 Spora-

623 624 810 692 cium,
865 627 1022 696 cujus
1069 631 1300 685 consilio
1345 643 1400 687 et
1442 635 1691 690 instituto
1745 635 1987 691 laborem
2034 635 2201 690 istum

623 720 884 788 suscepit.
915 718 1026 775 Hac
1051 724 1310 791 temporis
1346 736 1470 779 nota
1498 743 1826 798 magnopere
1849 736 2197 797 premuntur,

624 810 715 878 qui
756 826 878 864 cum
926 811 1212 879 Garnerio,
1259 814 1457 881 Caveo,
1505 817 1722 874 Oudino
1761 820 1996 890 aliisque
2038 829 2203 889 caput

622 904 1004 959 duodei-imum
1040 906 1161 960 libri
1201 910 1381 977 quarti
1432 912 1772 980 suppositum
1821 929 1943 969 esse
1987 922 2199 981 putant,

600 996 748 1064 quia
781 998 833 1051 in
878 998 969 1052 illo
999 997 1283 1057 Nestorius
1330 1003 1487 1069 atris,
1521 1013 1579 1059 ut
1609 1022 1705 1075 par
1746 1017 1885 1073 erat,
1918 1006 2200 1062 coloribus

620 1088 943 1159 depingitur.
972 1091 1162 1160 Specie
1205 1094 1423 1163 quidem
1464 1112 1571 1150 non
1604 1113 1790 1153 carere
1830 1099 2083 1155 videntur
2115 1116 2202 1155 ar-

623 1191 896 1249 gumenta,
929 1184 1127 1251 quibus
1159 1202 1289 1242 usus
1320 1195 1404 1242 est
1437 1188 1754 1253 Carnerius,
1786 1200 1848 1245 ut
1874 1194 2200 1246 sententiam

621 1286 774 1324 suam
808 1284 1047 1328 tueretur
1074 1317 1088 1339 ,
1122 1279 1254 1333 satis
1282 1292 1464 1334 autem
1496 1282 1563 1335 ad
1593 1297 1656 1336 ea
1696 1282 1881 1337 omnia
1919 1283 2201 1351 respondit

622 1360 889 1430 Dupinius
945 1363 1197 1420 Bibliot/i.
1232 1370 1552 1437 scriptorum
1612 1370 1795 1426 eccles.
1828 1381 1867 1425 t.
1902 1370 1991 1425 Ill.
2028 1371 2202 1428 Unius

624 1453 894 1512 Theodori
952 1460 1187 1523 abbatis,
1245 1476 1311 1515 ne
1363 1461 1431 1516 de
1513 1461 1709 1516 Photio
1768 1464 1877 1530 jam
1933 1462 2199 1529 dicamus,

623 1550 1016 1617 testimonium,
1053 1554 1306 1608 omnibus
1331 1555 1740 1623 exceptionibus
1770 1555 2049 1611 diluendis
2077 1556 2196 1612 suf~

623 1642 785 1697 ticiet.
812 1641 936 1698 Haec
957 1648 1099 1699 etaim
1131 1658 1257 1701 sunt
1288 1650 1447 1704 verba
1471 1650 1591 1718 ejus
1622 1650 1673 1704 in
1716 1660 2042 1720 argumento
2067 1668 2198 1723 syn-

621 1730 709 1784 odi
734 1732 1016 1801 Ephesium
1059 1754 1072 1789 :
1126 1738 1186 1790 Εἰ
1219 1738 1273 1790 δὲ
1303 1738 1550 1808 βούλεταί
1578 1757 1663 1804 τις
1694 1740 1930 1809 γνῶναι,
1962 1743 2045 1796 ὅτι
2075 1743 2202 1797 Θεο-

620 1825 859 1897 δώρητος
893 1830 985 1881 καὶ
1014 1830 1131 1882 λίαν
1162 1832 1341 1901 ἐμίσει
1388 1834 1703 1907 Νεστόριον,
1735 1836 1955 1907 ἀναγνῷ
1983 1838 2045 1891 τὸ
2074 1838 2203 1910 περὶ

620 1915 1012 2000 τῶνοαὶρὲσεων
1041 1921 1188 1991 αὐτῷ
1209 1923 1541 1995 Θεοδωρήτῳ
1561 1928 1945 1997 γεγραμμένον
1977 1928 2201 1999 βιϐλίον.

623 2007 683 2061 Si
714 2012 828 2078 quis
870 2029 1021 2065 nosse
1054 2013 1195 2077 velit,
1242 2016 1392 2069 valde
1428 2032 1645 2070 exosum
1686 2017 2007 2074 Theodoreto
2040 2021 2202 2089 fuisse

626 2097 954 2165 Nestorium,
988 2102 1123 2172 legat
1152 2104 1344 2157 librum
1384 2105 1460 2159 De
1485 2108 1766 2161 Itwt'esibus
1795 2110 1859 2161 ab
1892 2110 2006 2174 ipso
2039 2110 2203 2164 Theo-

620 2190 802 2244 dareta
831 2198 1104 2261 scriptum.
1131 2193 1269 2249 Nunt
1293 2197 1359 2250 ad
1390 2198 1554 2252 alium
1587 2215 1753 2268 quam
1784 2201 1946 2264 hunc,
1979 2201 2197 2267 librum,

620 2284 850 2352 ejusque
887 2284 1047 2339 aliam
1082 2295 1311 2355 partem,
1341 2305 1503 2358 quam
1542 2307 1664 2360 quae
1694 2301 1873 2347 exstat
1901 2293 1937 2347 Ι.
1971 2309 2043 2358 tv,
2076 2309 2197 2363 cap.

626 2377 709 2441 1‘2,
738 2378 852 2432 haec
883 2378 1024 2432 trahi
1052 2391 1297 2449 possunt,
1331 2382 1435 2437 nisi
1467 2384 1548 2437 vis
1577 2382 1859 2439 inferenda
1888 2386 1958 2440 sit
1985 2387 2201 2441 verbis?

620 2470 770 2524 Adeo
815 2481 995 2524 autem
1050 2472 1103 2525 in
1159 2473 1273 2541 ipsa
1316 2473 1561 2529 veritatis
1608 2476 1727 2530 luce
1769 2478 2022 2532 caecutire
2050 2479 2199 2535 visus

618 2569 704 2614 est
740 2560 1059 2627 Garnerius,
1099 2574 1158 2617 ιιι
1187 2579 1293 2617 non
1328 2565 1468 2618 hanc
1508 2565 1664 2620 modo
1696 2567 1818 2621 libri
1858 2570 2036 2637 quarti
2070 2585 2195 2639 par—

620 2654 840 2708 ticulam
876 2653 1073 2709 Nostro
1112 2655 1487 2725 denegandam
1522 2672 1665 2723 esse,
1708 2660 1800 2713 sed
1836 2669 2008 2723 totum
2053 2678 2196 2731 quo-

616 2760 725 2813 que
753 2746 819 2799 de
850 2747 1147 2803 haeresibus
1198 2747 1398 2803 librum
1448 2749 1701 2805 Nestorio
1745 2750 1960 2816 favere.
1994 2752 2196 2825 Cyrillo

616 2841 797 2888 autem
828 2835 1107 2890 adversari
1153 2837 1446 2905 putaverit.
1501 2839 1657 2904 Quod
1692 2856 1759 2895 ne
1789 2842 1914 2911 quis
1942 2846 2196 2909 acerbius

614 2942 779 2996 quam
819 2928 1006 2995 verius
1035 2944 1065 2982 a
1112 2931 1269 2986 nobis
1298 2932 1504 2985 dictum
1542 2948 1663 2988 esse
1705 2945 1878 3003 putet,
1926 2937 2041 3006 ipsa
2071 2939 2195 3007 ejus

615 3020 779 3073 verba
812 3020 1085 3075 ascribere
1116 3022 1257 3077 haud
1287 3024 1453 3093 piget.
1484 3023 1597 3097 [49]
1629 3027 1705 3080 Ita
1738 3042 1866 3082 vero
1889 3029 2001 3095 ille,
2029 3030 2189 3087 Auct.

615 3124 670 3176 p.
721 3108 821 3164 MS
856 3124 871 3161 :
903 3128 921 3160 ι
960 3109 1343 3176 Laboriosum,
1395 3113 1591 3181 inquit,
1647 3124 1810 3185 atque
1838 3117 2191 3174 artificiosum
2222 3141 2263 3197 ε

613 3198 725 3250 dixi
774 3212 931 3266 opus.
981 3198 1228 3264 Quantus
1268 3201 1414 3255 enim
1465 3203 1615 3256 labor
1662 3207 1945 3272 ponendus
1985 3207 2089 3263 fuit
2134 3211 2187 3265 in

613 3291 923 3344 evolvendis
972 3292 1351 3361 scriptoribus,
1383 3295 1475 3363 qui
1526 3295 1581 3348 in
1627 3296 1779 3351 illum
1828 3315 2001 3368 usque
2045 3302 2188 3358 diem

612 3383 892 3436 catholicae
915 3382 1039 3437 fidei
1070 3398 1289 3438 causam
1323 3396 1511 3440 contra
1545 3389 1777 3443 haereses
1800 3393 2191 3452 defenderant?

612 3474 705 3527 sed
735 3485 953 3555 quantae
989 3478 1122 3533 artis
1152 3489 1289 3545 erat,
1318 3499 1592 3555 quamque
1621 3488 1850 3553 callidis,
1888 3491 1961 3545 ita
1983 3492 2048 3547 de
2078 3495 2189 3548 sin-

612 3550 752 3632 gulis
792 3564 1049 3633 scribere,
1102 3579 1159 3623 ut
1208 3572 1300 3639 qui
1350 3574 1567 3650 legeret,
1605 3581 1807 3634 sensim
1865 3584 1984 3637 sine
2022 3599 2187 3640 sensu

611 3668 709 3724 per
737 3670 795 3708 se
817 3655 932 3723 ipse
971 3657 1169 3714 invidia
1202 3668 1584 3723 consensionis
1607 3685 1729 3724 cum
1764 3672 2030 3729 haereticis
2063 3690 2189 3731 one-

611 3757 756 3801 raret
811 3749 972 3805 unius
1014 3761 1221 3809 naturae
1273 3754 1425 3811 Verbi
1496 3761 1790 3818 incarnatze
1846 3766 2182 3835 defensores,

610 3842 863 3901 liberaret
901 3846 1133 3903 duarum
1181 3864 1649 3925 prapugnatores;
1688 3860 1742 3915 id
1789 3873 1893 3927 est,
1944 3874 2003 3919 ut
2031 3876 2187 3922 erant

609 3942 877 4005 tempora,
901 3949 995 3994 aut
1020 3952 1165 3997 certe
1184 3945 1368 4013 opinio
1398 3949 1563 4018 vulgi,
1588 3966 1875 4009 accusaret
1892 3955 2181 4027 Cyrillum,

608 4024 915 4082 absolveret
936 4028 1266 4090 Nestorium.
1306 4054 1325 4088 ι
1375 4038 1528 4093 Haud
1568 4041 1850 4099 dissimilia
1884 4024 2031 4111 sunt,
2064 4024 2185 4120 qua:

609 4117 780 4185 p.245
810 4120 845 4173 l.
878 4136 928 4177 c.
962 4122 1237 4193 leguntur,
1267 4144 1389 4197 quas
1417 4139 1598 4187 tamen
1647 4137 1907 4194 recitasse
1931 4150 2014 4195 est
2039 4117 2185 4198 refu-

608 4216 773 4264 tasse.
806 4212 994 4280 Adeat,
1019 4217 1107 4271 cui
1138 4219 1418 4286 placuerit,
1450 4222 1611 4295 Ittigii
1643 4226 2088 4289 Dissertationem
2116 4238 2183 4291 de

606 4300 983 4362 baeresiarchis
1026 4312 1337 4377 apostolica:
1371 4317 1568 4383 aetatis,
1599 4334 1653 4387 p.
1692 4321 1775 4376 13.

681 4392 993 4463 Sequuntur
1050 4398 1339 4458 Orationes
1404 4408 1517 4461 sive
1578 4410 1821 4467 Homilite
1882 4415 2066 4471 decem
2114 4419 2181 4474 de

606 4483 975 4552 Providentia,
1010 4490 1062 4544 in
1093 4494 1293 4561 quibus
1318 4497 1637 4556 exhausisse
1661 4502 1891 4570 videtur,
1915 4509 2175 4578 quidquid

607 4576 675 4631 de
705 4580 868 4634 nobili
903 4582 1003 4636 hoc
1031 4588 1350 4653 argumento
1375 4589 1480 4645 dici
1527 4603 1724 4661 potest.
1767 4576 1984 4655 Priores
2012 4576 2178 4670 quin-

606 4688 714 4741 que
740 4677 1177 4743 complectuntur
1215 4696 1276 4735 ea
1324 4697 1446 4751 quae
1495 4688 1559 4739 ad
1611 4691 1943 4757 probandam
1996 4694 2179 4750 Provi—

606 4762 843 4817 dentiam
871 4765 1106 4821 divinant
1139 4768 1385 4836 faciunt;
1439 4774 1552 4829 sive
1587 4778 1773 4831 mundi
1812 4781 1977 4849 hujus
2004 4784 2177 4838 admi-

605 4855 829 4913 rabilem
865 4868 1211 4928 structuram,
1258 4865 1370 4921 sive
1397 4870 1641 4938 corporis
1684 4876 1855 4928 nostri
1889 4876 2174 4946 fabricam,

605 4947 722 5003 sive
762 4964 853 5003 res
898 4961 1108 5009 creatas
1146 4969 1335 5011 omnes
1380 4973 1677 5031 earumque
1717 4968 2173 5035 sapientissimam

605 5040 1048 5108 gubernationem
1080 5053 1443 5116 spectaveris:
1480 5063 1633 5108 sexta
1675 5067 1728 5112 et
1756 5060 1875 5116 duae
1917 5067 2177 5131 proxime

603 5137 895 5182 versantur
915 5131 967 5183 in
995 5132 1267 5191 diluendis
1291 5139 1713 5211 objectionibus,
1745 5164 1866 5218 quae
1891 5151 1959 5205 ab
1990 5153 2173 5224 iniqua

603 5217 893 5274 multorum
915 5221 1197 5279 hominum
1220 5241 1363 5284 sorte
1393 5234 1497 5299 peti
1522 5217 1774 5303 possent.
1809 5240 1936 5295 Duzc
1962 5217 2175 5312 postre-

606 5322 709 5363 mte
739 5326 988 5382 magnam
1023 5316 1089 5371 ad
1116 5318 1331 5373 virtutis
1364 5325 1605 5379 studium
1652 5330 1905 5387 incitandi
1938 5336 2042 5389 vim
2078 5337 2175 5392 ha-

610 5402 755 5455 bent.
812 5402 1013 5460 Docent
1067 5408 1235 5474 enim,
1284 5410 1644 5473 Providentiae
1698 5422 1893 5477 divinae
1948 5427 2177 5485 illustria
2278 5454 2279 5457 η

606 5504 715 5542 non
754 5491 892 5547 inter
919 5493 1136 5555 Iudaeos
1166 5502 1347 5567 modo,
1380 5507 1473 5559 sed
1523 5507 1667 5563 inter
1710 5526 1898 5569 omnes
1932 5518 2177 5575 homines

604 5588 818 5637 exstare
850 5600 1215 5655 monumenta,
1269 5595 1597 5668 pietatisque
1646 5606 1947 5661 certissime
1980 5626 2163 5679 exspe~

2303 560 2496 616 parum
2546 552 2695 608 utilis
2745 555 2918 611 videri
2967 568 3167 627 posset.
3222 558 3482 615 Homilias
3521 562 3679 615 istas
3719 560 3907 614 Anti

2302 638 2439 694 chia:
2475 641 2606 697 olim
2648 660 2681 700 a
2726 644 2927 704 Nostro
2971 666 3091 707 esse
3132 653 3403 715 recitatas,
3452 652 3802 707 multorum
3877 665 3908 706 ε

2302 730 2637 802 conjectura,
2693 736 2807 813 [50]
2863 744 3043 811 specie
3098 745 3240 800 haud
3297 762 3508 802 carens.
3547 745 3774 801 Eram
3814 745 3900 798 ill

2302 838 2424 878 rum
2469 827 2537 880 ad
2571 845 2698 887 ann.
2733 832 2795 889 Ο.
2849 833 2955 889 453
2991 836 3154 894 refert
3216 838 3477 910 Dupinius
3587 840 3908 895 Garnerit

2301 926 2480 973 autem
2512 920 2578 975 ad
2609 938 2736 977 ann.
2769 924 2831 979 C.
2865 927 2969 983 450
3003 930 3085 983 vel
3123 930 3248 987 451.

2372 1031 2517 1086 Idem
2558 1048 2938 1105 argumentum
2991 1042 3373 1099 illustrandum
3426 1045 3525 1100 sibi
3564 1046 3843 1116 sumpsit
3896 1042 3908 1096 i

2301 1122 2707 1193 elegantissimo
2741 1130 2832 1186 illo
2866 1148 3052 1203 opere,
3102 1138 3188 1190 cui
3224 1122 3439 1190 titulum
3475 1137 3633 1201 fecit,
3670 1136 3908 1191 Curat.

2304 1214 2609 1272 Grazcarum
2640 1221 2997 1292 a/fectioaum,
3052 1229 3209 1296 cujus
3240 1230 3381 1284 liber
3426 1242 3622 1284 sextus
3676 1233 3809 1300 agit
3870 1229 3908 1280 (Ι

2303 1304 2645 1365 Providentia
2676 1314 2877 1369 divina.
2910 1316 3070 1373 Plura
3101 1330 3282 1374 autem
3327 1322 3379 1375 in
3410 1322 3514 1376 isto
3558 1323 3739 1401 simul
3781 1336 3907 1383 pra

2302 1401 2473 1456 stitit:
2509 1411 2673 1458 totam
2703 1406 2846 1461 enim
2875 1410 3157 1476 gentilium
3190 1413 3531 1485 religionem,
3573 1430 3678 1468 seu
3715 1415 3907 1483 potiti

2302 1494 2765 1561 superstitionem,
2798 1498 2949 1555 libris
2982 1500 3269 1557 duodecim
3299 1507 3370 1559 ita
3410 1506 3632 1569 evertit,
3670 1516 3736 1559 ut
3772 1521 3896 1558 san

2301 1580 2489 1638 ctioris
2519 1585 2639 1640 fidei
2673 1588 2959 1656 puritatem
2991 1606 3055 1646 ac
3078 1592 3340 1648 honorem
3377 1596 3594 1665 egregie
3625 1594 3907 1649 defende

2300 1675 2389 1728 rit.
2436 1675 2774 1747 lngeniosior
2809 1681 3035 1738 forsitan
3073 1702 3236 1756 quam
3284 1687 3462 1741 verior
3503 1696 3587 1743 est
3637 1684 3907 1741 Garneri

2233 1767 2637 1857 Bconjectura,
2693 1771 2837 1828 hunc
2903 1775 3101 1830 librum
3143 1793 3175 1832 a
3210 1775 3553 1833 Theodoreto
3619 1780 3907 1848 scriptun

2305 1872 2425 1914 esse
2451 1869 2641 1917 contra
2694 1864 3075 1933 imperatorem
3114 1864 3415 1924 lulianum.
3470 1869 3757 1940 Quidquid
3796 1886 3908 1924 au.

2306 1957 2413 2003 tem
2441 1950 2529 2018 sit,
2561 1968 2666 2007 non
2700 1954 2859 2022 hujus
2887 1964 3119 2021 tantum,
3148 1959 3241 2014 sed
3272 1959 3514 2013 omnium
3539 1959 3635 2031 qui
3660 1976 3729 2015 eo
3756 1968 3908 2014 ten»

2303 2056 2435 2109 pore
2467 2043 2666 2113 ingenii
2702 2055 2755 2100 et
2802 2049 3040 2105 nominis
3073 2050 3214 2105 fama
3263 2051 3655 2117 inclaruerant,
3704 2054 3908 2122 genti-

2305 2132 2435 2185 lium
2476 2133 2697 2203 scripta,
2748 2138 3022 2193 indefesso
3057 2140 3298 2195 excussit
3326 2142 3529 2207 studio,
3578 2152 3637 2195 ut
3682 2142 3735 2195 in
3782 2144 3908 2212 pri-

2305 2226 2407 2280 mis
2429 2227 2770 2283 observatum
2792 2241 2875 2285 est
2896 2250 2921 2285 a
2948 2231 3257 2305 Sylburgio,
3288 2237 3375 2291 cui
3412 2235 3908 2291 Graeco-Latinam

2302 2320 2485 2374 eximii
2542 2323 2703 2392 hujus
2755 2326 2936 2395 operis
2988 2328 3282 2384 editionem
3324 2330 3715 2401 llcidelbergaa,
3752 2348 3908 2387 ann.

2303 2412 2460 2477 1592,
2522 2414 2575 2467 in
2633 2416 2807 2471 lucem
2871 2420 3160 2487 emissam,
3217 2438 3447 2493 eamque
3490 2424 3908 2493 praestantissi—

2300 2519 2443 2558 mam
2466 2546 2481 2570 ,
2509 2505 2787 2562 debemus.
2823 2508 2995 2565 Silent
3042 2513 3259 2582 quidem
3299 2515 3367 2569 de
3402 2515 3501 2570 hoc
3530 2531 3692 2585 opere
3734 2514 3904 2568 Pho-

2300 2599 2408 2652 tius
2446 2607 2501 2653 et
2534 2597 2901 2670 Nicephorus,
2938 2604 3184 2660 meminit
3248 2615 3431 2661 autem
3492 2607 3613 2677 ejus
3653 2603 3899 2662 Tzetzes

2297 2691 2441 2749 Chil.
2509 2708 2585 2756 ιι,
2643 2703 2698 2749 et
2753 2696 2865 2765 ipse
2908 2696 3280 2753 Theodoretus
3326 2699 3379 2753 in
3428 2702 3587 2770 epist.
3642 2700 3767 2765 115,
3808 2700 3895 2755 ad

2296 2780 2533 2839 Leonem
2578 2785 2902 2857 Romanum,
2948 2797 3003 2844 et
3054 2790 3107 2844 in
3150 2804 3213 2845 ea
3246 2790 3415 2860 (116,)
3448 2788 3513 2846 ad
3562 2790 3833 2847 Renatum
3865 2806 3889 2844 :

2298 2889 2507 2930 necnon
2543 2876 2850 2943 Quaestione
2908 2880 3080 2950 prima
3108 2880 3161 2935 in
3197 2878 3524 2936 Leviticunt.
3551 2881 3884 2951 Magnopere

2296 2964 2481 3035 itaque
2522 2966 2781 3022 falluntur
2813 2969 3033 3025 Rivetus
3062 2980 3116 3025 et
3143 2970 3341 3032 Cocus,
3382 2972 3472 3041 qui
3501 2971 3640 3026 hunc
3666 2970 3881 3026 librum

2297 3058 2437 3111 alius
2479 3060 2759 3129 scriptoris
2790 3077 2908 3117 esse
2942 3071 3223 3133 putarunt.
3256 3063 3338 3117 Ad
3371 3065 3533 3119 istum
3589 3063 3640 3117 in
3675 3063 3876 3133 primis

2297 3150 2492 3205 librum
2524 3164 2769 3223 spectant
2809 3156 2916 3211 duo
2961 3157 3373 3227 epigrammata,
3426 3174 3547 3228 quae
3594 3168 3651 3212 ut
3688 3158 3875 3213 minus

2292 3252 2417 3297 nota
2447 3244 2549 3300 hoc
2578 3245 2696 3302 loco
2728 3248 2963 3303 inserere
2988 3249 3054 3302 ab
3078 3250 3325 3303 instituto
3354 3261 3537 3305 nostro
3574 3249 3705 3303 haud
3730 3250 3872 3303 alie—

2292 3351 2421 3390 num
2457 3353 2577 3393 esse
2606 3350 2875 3409 putamus.
2905 3338 3018 3413 [5|]
3054 3341 3293 3396 Primum
3323 3358 3389 3397 ex
3419 3344 3604 3397 codice
3632 3343 3867 3411 quodam

2290 3431 2600 3501 Augustano
2659 3434 2989 3503 descriptum
3052 3446 3228 3491 exstat
3297 3425 3441 3507 apud
3514 3437 3864 3493 Possevinunt

2289 3522 2493 3593 Appar.
2538 3524 2678 3579 sacri
2710 3534 2842 3579 tom.
2885 3524 2950 3590 ll,
2982 3542 3035 3596 p.
3070 3527 3195 3593 457,
3228 3537 3279 3582 et
3314 3528 3387 3582 ita
3432 3545 3489 3584 se
3528 3528 3717 3583 habet:

2442 3660 2534 3726 Ὠς
2562 3661 2754 3727 Νεῖλος
2789 3661 2947 3725 ἄλλος
2970 3663 3074 3734 πλη
3083 3664 3313 3735 μμυρῶν
3340 3667 3453 3729 τοῖς
3492 3667 3598 3729 σοῖς
3616 3665 3785 3734 λόγοις

2427 3753 2738 3826 Θεοδὼρητε
2762 3756 2871 3809 τῶν
2915 3755 3147 3825 Ἀχαιῶν
3178 3756 3275 3825 τὴν
3312 3757 3519 3828 πλάνην

2428 3847 2663 3915 Πνιγων,
2694 3850 2793 3919 τῆς
2823 3848 2987 3903 καλὸν
3012 3850 3245 3907 πίστεως
3264 3849 3447 3915 αὔξεις
3483 3852 3691 3921 σπόρον.

2285 3980 2525 4037 Alterum
2555 3982 2749 4053 legitur
2788 3983 2842 4037 in
2888 3982 3076 4038 codice
3104 3984 3338 4055 quodam
3378 3983 3710 4039 Bibliotheca
3735 3985 3853 4039 Au-

2285 4088 2454 4147 gusta:
2497 4073 2727 4132 Vindob.
2771 4075 2934 4147 (apud
2970 4075 3223 4132 Lambec.
3255 4078 3350 4131 lib.
3395 4094 3467 4141 tv,
3519 4094 3569 4147 p.
3614 4078 3721 4146 179)
3752 4080 3843 4146 qui

2285 4183 2314 4220 a
2343 4167 2503 4221 Petro
2534 4164 2770 4220 Patricio
2799 4184 2866 4221 ex
2905 4168 3014 4221 alio
3044 4168 3281 4236 quodam
3337 4175 3639 4237 pervetusto
3666 4168 3841 4222 codice

2283 4258 2609 4326 descriptus,
2655 4266 2708 4311 et
2741 4257 3057 4325 imperatori
3101 4256 3266 4311 Leoni
3310 4257 3414 4311 hoc
3463 4255 3840 4326 Epigrammata

2284 4349 2493 4403 dicatus
2532 4356 2633 4403 est.
2690 4348 2827 4414 Quia
2875 4359 3053 4403 autem
3082 4349 3369 4417 !prolixior
3410 4358 3494 4403 est
3531 4350 3694 4412 locus,
3729 4350 3836 4417 pri-

2291 4456 2406 4493 mos
2465 4449 2672 4494 tantum
2725 4441 2823 4495 hos
2871 4440 3195 4511 apponimus
3250 4441 3486 4510 στίχους,
3517 4442 3602 4511 qui
3642 4440 3700 4495 ad
3734 4438 3835 4493 No-

2288 4543 2457 4587 bll‘Ulll
2492 4541 2740 4602 spectant
2764 4552 2777 4587 ἶ

2488 4689 2600 4741 Καὶ
2624 4688 2783 4743 τοῦτο
2806 4691 2909 4759 τῆς
2936 4691 3035 4759 σῆς
3072 4689 3221 4755 ἄξιον
3260 4691 3635 4761 μουσουργίας,

2485 4782 2835 4854 Αὑτοκράτορ
2861 4783 3105 4853 μέγιστε,
3137 4781 3358 4851 βιϐλίον,
3393 4782 3546 4836 Δέον.

2486 4876 2643 4943 Φέρει
2668 4877 2773 4947 γὰρ
2805 4875 2951 4929 ἔνδον
2978 4877 3084 4928 τῶν
3114 4877 3244 4946 πρὶν
3284 4875 3568 4945 Ἑλλήνιον,
3597 4872 3731 4941 ἄναξ,

2489 4968 2600 5030 T31;
2629 4968 2701 5038 (b)
2735 4966 3635 5037 σεμνοκομψοψευδομυθοπλαστεας

2500 5060 2935 5130 Ἀνατραπεὶσας
2967 5061 3032 5111 ἐκ
3058 5060 3223 5129 σοφοῦ
3258 5061 3575 5113 διδασκάλου

2489 5149 2598 5201 Καὶ
2624 5152 2729 5221 μήν
2754 5167 2817 5217 γε
2846 5152 3132 5220 χρησμοὺς
3163 5150 3396 5205 δεικνύει
3434 5152 3526 5204 τοῦ
3554 5148 3719 5217 Λοξίου

2484 5241 2709 5307 Νόθους,
2744 5243 3022 5313 βεϐήλους,
3058 5244 3350 5311 ἀγκύλους,
3378 5243 3710 5306 λαοπλάνων

2501 5335 2590 5400 Ἐξ
2618 5331 2800 5406 ὧνπερ
2820 5336 2869 5389 οἱ
2902 5336 3034 5406 πρὶν
3059 5334 3349 5405 ὲζοεροῦντο
3373 5337 3437 5405 τῇ
3465 5334 3627 5405 πλάνῃ

2498 5428 2923 5498 Ἀποσφαλέντες
2951 5428 3151 5491 πάντες
3184 5428 3394 5490 εὐθείας
3423 5427 3621 5498 τρίϐον.

2500 5521 2710 5583 Ἀπλῶς
2738 5539 2797 5573 τε
2824 5521 3017 5583 κοινῶς
3045 5522 3155 5572 τῶν
3184 5519 3408 5571 ἐκείνων
3430 5518 3685 5591 δογμάτων

2484 5615 2708 5685 Τρανῶς
2740 5615 2951 5685 ἐλέγχει
2973 5614 3130 5667 τοῦτο
3157 5614 3257 5683 τὴν
3293 5613 3666 5682 γλωσσαλγίαν.

672 5752 746 5824 (b)
790 5756 1037 5818 Lamhcc.
1073 5765 1122 5819 in
1176 5771 1417 5837 margine
1464 5772 1604 5831 hanc
1639 5781 1879 5835 nntulam
1922 5786 2153 5856 adjecit:
2204 5790 2452 5846 Notabile
2487 5796 2793 5849 vocabulum
2832 5795 3070 5849 undecim
3111 5795 3455 5863 syllabarum.
