3964 6544
1490 321 1982 388 THEODORETI
2020 318 2361 382 EPISCOPI
2389 315 2784 380 CYRE‘NSIS.

829 601 1175 735 ΤΟΥ
1247 591 2129 732 ΜΑΚΑΡΙΟΥ
2219 587 3376 724 ΘΕΟΔΩΡΗΤΟΥ
3397 679 3432 742 ,

1673 805 2200 863 ΕΠΙΣΚΟΠΟΥ
2260 803 2594 866 ΚΥΡΟΥ,

969 1097 1168 1209 ΤΑ
1225 1090 1765 1209 ΑΠΟΡΑ
1817 1089 2119 1203 ΤΗΣ

2191 1087 2640 1203 ΘΕΙΑΣ
2719 1089 3316 1202 ΓΡΑΦΗΣ

1852 1304 2017 1362 KAT"
2047 1305 2426 1360 ΕΚΛΟΓΗΝ.

1124 1573 1695 1727 BEATI
1811 1451 3073 1725 THlEODORETI

1793 1837 2103 1898 EPISCOPI
2145 1807 2509 1903 emensus,

521 2035 681 2162 IN
739 2022 1152 2160 LOCA
1247 2020 2104 2152 DIFFICILIA

2208 2018 3147 2150 SCRIPTURXE
3210 2014 3778 2146 SACRXE

1400 2275 2197 2379 QUIESTIONES
2267 2273 2823 2364 SELECTJE

973 2471 1180 2527 Joanne
1210 2467 1340 2524 Pico
1372 2467 1595 2534 praeside
1625 2467 1877 2520 classium
1895 2464 2354 2536 inquisitoriarum
2389 2461 2614 2516 Senatus
2646 2461 2967 2516 Parisiensis
3004 2462 3284 2531 interprete

2121 2703 2172 2758 Α

1069 2695 1114 2764 ι
1148 2689 1534 2750 animum.

590 2811 887 2883 Ambiguas
903 2808 1096 2864 divina
1115 2807 1408 2877 Scriptura
1438 2806 1770 2877 quastiones
1799 2817 1852 2862 et
1871 2807 1960 2861 alii
1978 2807 2100 2878 qui-

519 2907 641 2961 dem
657 2905 884 2960 studiosi
905 2902 1007 2959 viri
1026 2901 1337 2957 enodandas
1354 2908 1739 2970 susceperunt,
1766 2907 1822 2954 ut
1839 2899 1894 2953 in
1913 2900 1996 2955 his
2019 2899 2100 2955 vel

520 3013 739 3054 sensum
771 2995 1060 3066 aperirent,
1081 2994 1160 3048 vel
1180 3008 1374 3048 causas
1395 2991 1762 3055 ostenderent,
1794 2993 1976 3046 omnia
2004 2991 2100 3047 de-

521 3107 670 3146 mum
699 3090 998 3161 gperspicua
1041 3087 1365 3152 redderent,
1416 3100 1537 3156 qua
1572 3085 1734 3156 vulgo
1763 3084 2096 3139 abstrusiora

519 3183 853 3238 viderentur.
880 3179 964 3235 Tu
987 3194 1114 3234 vero
1144 3195 1231 3233 me
1257 3193 1368 3248 pra
1384 3177 1613 3243 cateris,
1634 3177 1864 3231 filiorum
1898 3175 2102 3230 charis-

523 3275 658 3330 sime
687 3273 879 3346 Hypati
904 3314 919 3341 ,
951 3282 1010 3328 ut
1030 3273 1135 3328 hoc
1168 3280 1477 3343 prastarem
1505 3285 1830 3340 magnopere
1854 3269 2100 3323 hortatus

521 3381 612 3429 es,
651 3367 783 3422 utile
819 3367 870 3436 2
909 3364 1094 3420 multis
1117 3364 1221 3420 hoc
1255 3363 1417 3418 etiam
1442 3377 1580 3433 opus
1601 3362 1843 3416 futurum
1879 3361 2101 3415 omnino

521 3457 812 3514 amrmans.
827 3457 1191 3524 Quamobrem
1211 3455 1333 3511 licet
1350 3454 1560 3509 inﬁrma
1580 3468 1754 3509 essem
1771 3453 2097 3519 valetudine,

524 3549 799 3608 laborem‘
825 3553 969 3605 hunc
984 3564 1092 3604 non
1125 3549 1370 3604 recusavi
1397 3565 1410 3601 :
1443 3547 1587 3602 haud
1626 3545 1758 3600 mihi
1789 3561 1918 3601 sane
1941 3545 2102 3600 conli-

523 3647 689 3710 dens,
731 3643 824 3699 sed
864 3643 939 3696 illi
981 3641 1074 3712 qui
1121 3640 1236 3695 hac
1268 3640 1342 3694 ita
1392 3637 1662 3694 conscribi
1693 3637 1876 3707 jussit.
1926 3635 2099 3706 Ipsius

523 3734 668 3786 enim
713 3740 836 3798 est,
879 3730 1134 3785 latentem
1188 3728 1244 3782 in
1294 3728 1470 3783 littera
1513 3727 1840 3783 sententiam
1876 3726 2099 3781 demon-

525 3833 720 3878 strare.
749 3819 885 3874 Nam
919 3828 974 3874 et
1013 3819 1066 3873 in
1107 3818 1279 3873 sacris
1318 3815 1623 3887 Evangeliis
1670 3830 1766 3885 per
1811 3813 2096 3883 parabolas

523 3913 773 3977 docebat,
805 3920 859 3967 et
891 3927 1079 3967 eorum
1106 3924 1226 3980 qua
1255 3908 1547 3964 obscurius
1590 3906 1734 3961 dicta
1771 3904 1983 3959 fuerant
2011 3890 2095 3958 in-

524 4008 964 4076 terpretationem
990 4002 1318 4074 proferebat.
1347 4001 1428 4056 Ab
1452 4015 1516 4056 eo
1543 4000 1706 4071 igitur
1731 3997 2095 4068 intelligentia

2740 2693 3096 2746 ΠΡΟΛΟΓΟΣ
3129 2693 3225 2762 (a).

2272 2805 2384 2859 Kal.
2427 2804 2578 2859 ἄλλοι
2627 2805 2726 2874 μὲν
2768 2803 3087 2874 φιλομαθεῖς
3139 2804 3328 2874 ἄνδρες
3377 2804 3790 2874 ἐπηγγείλαντο

2199 2899 2445 2954 διαλῦσαι
2470 2899 2572 2969 τῆς
2597 2897 2748 2963 θείας
2784 2899 3007 2969 Γραφῆς
3043 2897 3109 2951 τὰ
3133 2897 3393 2952 δοκοῦντα
3435 2895 3577 2952 εἶναι
3609 2899 3786 2971 ζητή-

2202 3012 2346 3065 ματα
2365 3009 2379 3023 ⁶
2406 2993 2502 3046 κα)⁵
2524 2991 2633 3045 τῶν
2677 2992 2775 3063 μὲν
2811 2990 3114 3058 ἀναπτύξαι
3156 2991 3249 3044 τὸν
3289 2991 3442 3045 νοῦν·
3467 2992 3578 3044 τῶν
3602 2992 3660 3044 δὲ
3685 2993 3788 3056 τὰς

2199 3085 2379 3148 αἰτίας
2405 3083 2678 3154 δηλῶσαι·
2717 3085 2813 3138 καὶ
2843 3081 3181 3148 ἁπαξαπλῶς
3206 3081 3484 3152 ἀποφῆναι
3525 3080 3680 3152 σαφῆ
3718 3086 3788 3136 τά

2198 3183 2312 3243 τοῖς
2344 3177 2559 3242 πολλοῖς
2597 3177 2658 3231 ού
2689 3177 2911 3231 τοιαῦτα
2946 3178 3267 3247 φαινόμενα.
3307 3175 3379 3228 Σὺ
3406 3176 3461 3229 δὲ
3493 3175 3788 3245 διαφερόν-

2202 3290 2332 3339 τως,
2356 3272 2581 3343 φίλτατε
2607 3272 2812 3327 παίδων
2843 3271 3094 3335 Ὕπάτιε,
3122 3270 3280 3324 τοῦτό
3305 3288 3374 3340 με
3399 3271 3615 3342 πρᾶξαι
3638 3287 3784 3342 παρ-

2198 3364 2478 3436 ὡτρυνας*
2504 3363 2720 3427 πολλοῖς
2741 3362 3018 3434 ὠφέλιμον
3045 3362 3264 3415 ἔσεσθαι
3302 3364 3393 3416 καὶ
3420 3363 3544 3415 τόδε
3570 3363 3634 3415 τὸ
3658 3363 3788 3432 σύγ-

2200 3473 2436 3529 γράμμα
2475 3455 2598 3508 λίαν
2653 3456 3093 3527 ίσχυρισάμενος.
3135 3448 3211 3507 Οὗ
3249 3455 3312 3524 δὴ
3359 3455 3549 3521 ἓνεκα,
3605 3457 3786 3510 καίτοι

2199 3549 2294 3602 τοῦ
2327 3549 2579 3619 σώματος
2608 3549 2708 3602 οὐκ
2731 3546 2788 3602 εὖ
2833 3566 2921 3620 μοι
2945 3548 3314 3618 διακειμένου,
3356 3549 3506 3602 τόνδε
3531 3551 3787 3621 προειλό-

2203 3655 2313 3709 μην
2353 3639 2446 3692 τὸν
2490 3639 2684 3692 πόνον·
2732 3639 2833 3691 οὐκ
2871 3639 3095 3710 ἐμαυτῷ
3135 3655 3199 3707 γε
3237 3638 3477 3710 θαῤῥῶν,
3514 3640 3659 3692 ἀλλὰ
3708 3642 3786 3708 τῷ

2199 3729 2354 3784 ταῦθ’
2388 3729 2533 3783 οὕτω
2566 3731 2953 3802 συγγραφῆναι
2999 3731 3412 3802 προστεταχότι.
3456 3730 3640 3784 Αὑτοῦ
3676 3732 3786 3801 γάρ

2199 3823 2348 3877 ἐστιν
2387 3823 2652 3889 ἐπιδεῖξαι
2700 3824 2801 3896 τὴν
2852 3825 2910 3878 ὲν
2944 3821 3021 3892 τῷ
3060 3821 3351 3893 γράμματι
3386 3823 3787 3894 κεκρυμμένην

2199 3915 2460 3970 διάνοιαν.
2485 3915 2655 3978 Αὐτὸς
2677 3916 2786 3986 γὰρ
2817 3917 2922 3969 κάν
2952 3917 3066 3978 τοῖς
3093 3917 3258 3986 ἱεροῖς
3280 3915 3662 3984 Εὐαγγελίοις,
3689 3916 3782 3968 καὶ

2201 4007 2593 4078 παραϐολικῶς
2630 4006 2730 4077 τὴν
2770 4007 3118 4061 διδασκαλίαν
3153 4007 3463 4079 προσέφερε
3487 4024 3502 4039 ο
3540 4009 3636 4062 καὶ
3678 4009 3786 4061 τῶν

478 4103 488 4164 ’ζ
525 4101 742 4157 radium
775 4100 1104 4170 implorans,
1147 4097 1381 4167 Spiritus
1408 4093 1581 4151 sancti
1621 4093 1779 4161 adyta
1815 4103 2101 4163 penetrare

2208 4101 2612 4171 αἰνιγματωδῶς
2658 4100 2962 4172 εἰρημένων
3022 4102 3261 4154 ἐποιεῖτο
3317 4101 3423 4170 τὴν
3462 4101 3784 4172 ἑρμηνείαν.

525 4191 786 4248 conabor.
806 4191 1095 4245 Sciendum
1120 4200 1297 4243 autem
1321 4197 1402 4243 est
1428 4197 1553 4243 ante
1578 4188 1785 4250 omnia,
1817 4200 1926 4240 nou
1952 4198 2120 4250 eum:

525 4287 652 4342 dem
697 4284 954 4339 omnibus
1000 4280 1308 4352 inquirendi
1351 4295 1576 4350 scopum
1625 4294 1688 4334 ac
1744 4279 1903 4332 tinem
1956 4257 2118 4332 esse.

528 4379 668 4435 Sunt
693 4376 838 4432 enim
865 4375 960 4446 qui
990 4375 1156 4446 impie
1189 4374 1564 4437 sciscitantur,
1593 4373 1832 4427 divinam
1864 4371 2101 4441 Scriptu-

529 4487 644 4528 ram
674 4484 822 4524 nunc
850 4477 1108 4537 tanquam
1143 4481 1253 4520 non
1289 4473 1438 4520 recta
1469 4465 1866 4534 pracipientem
1891 4503 1906 4527 ,
1955 4479 2101 4518 nunc

531 4564 696 4619 veluti
745 4561 1019 4619 contraria
1066 4560 1347 4614 docentem
1397 4559 1725 4629 redarguere
1771 4556 2096 4612 studentes:

531 4657 622 4710 alii
655 4671 784 4710 vero
808 4652 1051 4709 discendi
1091 4651 1271 4706 studio
1301 4659 1592 4721 quarunt,
1628 4659 1683 4705 et
1725 4649 1967 4704 invenire
2009 4663 2104 4703 cu-

533 4748 688 4818 piunt
714 4746 862 4818 quod
891 4745 1171 4816 quaritur.
1217 4741 1327 4799 Nos
1372 4759 1500 4814 ergo
1542 4753 1594 4798 et
1632 4743 1947 4813 blasphema
1983 4742 2104 4797 illo-

535 4862 654 4901 rum
686 4861 782 4900 ora
809 4845 920 4899 Deo
949 4844 1161 4900 favente
1189 4844 1557 4910 obstruemus,
1587 4843 1784 4898 divina
1809 4842 2101 4912 Scriptura

536 4939 876 4994 ostendentes
907 4948 1021 4993 tum
1058 4945 1448 4993 consonantem
1473 4978 1486 5001 ,
1534 4945 1647 4989 tum
1680 4937 1941 5006 optimam
1982 4952 2103 4992 esse

534 5029 875 5095 doctrinam;
916 5036 971 5083 et
1001 5027 1140 5093 istis,
1171 5025 1355 5097 quoad
1385 5025 1645 5095 consequi
1676 5026 1880 5092 licebit,
1911 5027 2106 5081 dubia-

535 5137 652 5177 rum
681 5121 1043 5191 quastionum
1073 5117 1508 5188 explanationem
1540 5131 1871 5187 promemus.
1896 5117 2104 5172 Princi-

536 5217 679 5283 pium
708 5224 890 5269 autem
925 5213 1188 5268 ducemus
1221 5211 1291 5266 ab
1322 5210 1440 5281 ipso
1478 5211 1777 5266 creationis
1811 5211 2103 5280 principio.

537 5307 659 5364 Hac
684 5309 830 5363 enim
861 5306 1121 5362 divinitus
1147 5304 1423 5376 inspirata
1451 5302 1746 5376 Scriptura
1774 5305 2105 5375 principium

538 5411 618 5457 est
661 5412 715 5457 et
746 5401 1052 5456 exordium.

606 5610 685 5678 (a)
715 5606 879 5664 Abest
901 5625 929 5662 a
953 5608 1598 5678 codiceAugustano,qui
1627 5607 1969 5671 inscribitur,
1994 5606 2106 5662 Τοῦ

531 5677 825 5748 μακαρίου
892 5677 1273 5748 Θεοδωρήτοὺ
1329 5682 1416 5744 είς
1450 5681 1521 5732 τὰ
1559 5677 1754 5746 ἄπορα
1797 5677 1908 5748 τῆς
1943 5680 2106 5744 θείας

537 5748 784 5819 l’pagpﬁc
808 5754 930 5804 κατ’
957 5751 1241 5821 ἐκλογήν.
1281 5749 1474 5818 Incipit
1508 5749 1592 5803 hic
1621 5751 1812 5809 codex,
1837 5751 1993 5817 cujus
2013 5765 2106 5802 va—

2209 4191 2346 4260 Παρ⁹
2383 4191 2550 4243 αὐτοῦ
2594 4191 2774 4244 τοίνυν
2808 4191 2908 4260 τῆς
2940 4192 3132 4262 νοερᾶς
3167 4192 3385 4253 ἀκτῖνος
3422 4190 3786 4262 ἀντιϐολήσας

2207 4286 2411 4354 τυχεῖν,
2434 4283 2543 4336 τῶν
2574 4283 2668 4336 τοῦ
2692 4285 2960 4352 παναγίου
3000 4284 3322 4354 Πνεύματος
3359 4283 3574 4338 ἀδύτων
3609 4301 3786 4337 κατα-

2208 4375 2480 4446 τολμῆσαι
2530 4378 2883 4447 πειράσομαι.
2931 4377 3126 4430 Ίστέον
3176 4377 3232 4430 δὲ
3289 4377 3396 4448 πρὸ
3453 4377 3565 4430 τῶν
3611 4376 3786 4430 ἄλλων

2210 4468 2482 4532 ἁπάντων,
2514 4468 2589 4532 ὡς
2614 4469 2713 4538 οὐχ
2739 4470 2978 4533 ἅπαντες
3000 4469 3290 4539 σύμφωνον
3315 4468 3498 4538 ἔχουσι
3527 4469 3626 4540 τῆς
3654 4470 3784 4540 ἐρω-

2208 4565 2419 4635 τήσεως
2451 4564 2544 4617 τὸν
2577 4565 2796 4619 σκοπόν.
2837 4565 2978 4617 Ἀλλ’
3005 4567 3052 4617 οἱ
3088 4564 3184 4633 μὲν
3209 4563 3489 4626 δυσσεϐῶς
3515 4562 3784 4634 ἐρωτῶσι,

2209 4658 2508 4728 διελέγχειν
2530 4657 2765 4727 οἰόμενοι
2803 4657 2901 4727 τὴν
2926 4655 3076 4709 θείαν
3109 4655 3333 4725 Γραφήν
3360 4670 3372 4683 '
3415 4653 3516 4708 νῦν
3556 4654 3676 4722 μὲν,
3714 4652 3784 4713 ὡς

2210 4750 2310 4803 οὐκ
2332 4749 2468 4821 ὀρθὰ
2496 4749 2859 4804 παιδεύουσαν
2883 4765 2895 4776 ⁸
2931 4749 3025 4802 νῦν
3047 4747 3124 4811 δὲ,
3157 4747 3232 4811 ὼς
3258 4746 3476 4800 ἐναντία
3501 4745 3779 4798 διδάσκου-

2215 4861 2334 4897 σαν.
2364 4843 2427 4896 Oi
2455 4844 2512 4897 δὲ
2548 4841 2861 4913 φιλομαθῶς
2893 4840 3140 4912 ζητοῦσι,
3178 4839 3274 4893 καὶ
3309 4837 3570 4892 ποθοῦσιν
3607 4837 3782 4907 εὑρεῖν

2213 4936 2275 4990 τὸ
2324 4934 2671 5005 ζητούμενον.
2724 4934 3009 4987 Κάκείνων
3051 4932 3231 4986 τοίνυν
3271 4932 3650 5003 ὲμφράξομεν,
3690 4925 3782 4981 σὺν

2212 5026 2331 5097 Θεῷ
2365 5027 2553 5095 φάναι,
2597 5026 2666 5078 τά
2700 5025 2996 5096 βλάσφημα
3033 5025 3297 5094 στόματα,
3342 5023 3442 5093 τῆς
3475 5023 3627 5084 θείας
3664 5022 3781 5073 ἑπι-

2214 5119 2516 5183 δεικνύντες
2545 5118 2770 5188 Γραφῆς
2803 5118 2898 5172 καὶ
2926 5119 3023 5186 τὴν
3057 5116 3401 5187 συμφωνίαν,
3431 5116 3524 5171 καὶ
3543 5115 3640 5183 τὴν
3660 5111 3779 5182 ἀρί-

2215 5230 2347 5282 στην
2377 5211 2756 5264 διδασκαλίαν·
2787 5211 2882 5264 καὶ
2927 5209 3135 5272 τούτοις
3179 5210 3254 5272 ὡς
3293 5203 3404 5262 οἶόν
3440 5225 3499 5261 τε
3540 5205 3647 5258 τῶν
3683 5206 3779 5255 ἐπ-

2212 5303 2604 5376 απορουμένων
2649 5303 2745 5372 τὴν
2790 5302 2943 5356 λύσιν
3009 5300 3393 5371 προσοίσομεν.
3458 5297 3656 5369 Ἀρχὴν
3725 5294 3778 5346 δὲ

2213 5397 2419 5451 τούτων
2463 5398 2758 5467 ποιήσομαι
2804 5396 2903 5466 τῆς
2961 5396 3193 5458 κτίσεως
3252 5397 3351 5466 τὴν
3393 5394 3589 5465 ἀρχήν.
3634 5389 3778 5457 Αὕτη

2217 5489 2325 5562 γὰρ
2362 5489 2507 5560 ἀρχὴ
2552 5489 2646 5542 καὶ
2691 5489 2973 5558 προοίμιον
3004 5489 3102 5559 τῆς
3140 5488 3493 5541 θεοπνεύστου
3542 5481 3777 5556 Γραφῆς.

2213 5610 2421 5661 riantes
2459 5606 2721 5661 lectiones
2771 5615 2958 5661 notatu
3017 5607 3294 5677 digniores
3349 5599 3776 5677 marginisubji-

2214 5678 2437 5760 ciendas
2463 5693 2586 5733 esse
2623 5678 2903 5743 duximus,
2939 5695 2968 5733 a
3009 5671 3310 5748 quastione
3339 5671 3639 5733 secundani
3676 5671 3776 5725 Ge-

2215 5765 2393 5804 110511⁷1.
