3964 6532
230 388 297 455 δί
1359 395 1642 466 Qumsr.
1683 394 1765 454 IN
1826 391 2094 453 GENES.
2127 391 2284 451 CAP.
2330 390 2378 448 Ι.
3431 389 3525 452 82...

221 507 578 579 ἐδιδάχθημεν
612 505 759 563 εἶναι
784 509 882 579 τὴν
910 508 1064 562 θείαν
1097 527 1256 578 φυσιν
1277 527 1288 539 ·
1326 512 1421 564 ἆτε
1449 513 1514 583 δὴ
1550 513 1804 565 ἄκτιστον
1835 544 1846 571 Α

1913 509 2105 575 rimus,
2143 507 2343 578 quippe
2374 520 2496 574 quae
2535 503 2776 558 increata
2801 501 2890 567 sit,
2918 510 2970 556 et
2995 501 3243 573 principii
3274 517 3492 572 expers,

219 597 393 659 οὖσαν.
438 603 544 654 καὶ
584 601 846 672 ἄναρχον,
881 603 978 655 καὶ
1019 601 1218 656 ἀΐδιον*
1246 601 1314 656 τὰ
1343 602 1399 657 δέ
1429 621 1491 672 γε
1523 604 1806 674 ἀρξάμενα

219 690 301 743 τοῦ
341 686 484 743 εἶναι
523 693 1053 764 περιγεγραμμένον
1102 693 1216 763 ἔχει
1251 693 1498 764 δηλονότι
1540 695 1602 748 τὸ
1643 691 1805 748 εἶναι.

218 780 420 834 Οὐκοῦν
460 784 566 835 καὶ
601 785 900 854 ἀσώματον
932 783 1184 853 λέγοντες
1220 781 1364 839 εἷναι
1404 785 1513 840 τῶν
1559 786 1808 855 ἀγγέλων

222 874 308 943 τὴν
338 872 528 943 φύσιν,
569 875 1021 946 περιγεγράφθω
1054 875 1074 906 ⁸
1114 877 1296 948 φαμὲν
1330 878 1510 931 αὐτῶν
1543 877 1643 949 τὴν
1674 877 1812 932 ὑπό-,

223 983 420 1020 στασιν.
463 967 601 1030 Πῶς
628 968 741 1038 γάρ
780 969 844 1023 ἄν
877 986 963 1032 τις
997 971 1190 1041 νοῆσαι
1219 969 1397 1040 χιλίας
1428 969 1672 1042 χιλιάδας
1712 973 1810 1025 καὶ

222 1059 412 1127 μυρίας
444 1061 757 1130 μυριάδας,
783 1061 930 1116 κατὰ
947 1063 1040 1117 τὸν
1063 1063 1205 1117 θεῖον
1236 1063 1454 1135 Δανιὴλ,
1483 1063 1559 1136 μὴ
1578 1064 1810 1119 ἕκαστον

219 1150 569 1220 Αογιζόμενος
608 1155 670 1205 ὲν
709 1153 816 1225 ἰδίᾳ
850 1150 991 1209 εἶναι
1021 1158 1381 1227 περιγραφῇς
1421 1155 1562 1209 Ἀλλ’
1596 1157 1678 1209 ὃτι
1713 1157 1810 1227 μὲν

217 1246 758 1316 περιγεγραμμένην
812 1246 1032 1318 ἔχουσιν
1077 1249 1126 1300 οἱ
1169 1246 1386 1316 ἄγγελοι
1447 1248 1545 1320 τὴν
1597 1248 1809 1313 οὐσίαν,

214 1335 392 1388 οὐδένα
425 1337 695 1408 ἀντερεῖν
727 1333 904 1410 οἶμαι.
941 1340 1051 1393 Καὶ
1079 1341 1188 1412 γὰρ
1215 1340 1325 1394 τῶν
1355 1340 1656 1413 ἀνθρώπων
1685 1341 1813 1395 ἓκα-

215 1445 325 1480 στον
348 1427 448 1496 ὑφ’
476 1429 612 1492 ὲνὺς
636 1429 744 1502 ἔφη
775 1431 1037 1502 τετάχθαι
1069 1432 1397 1504 κηδεμονίαν
1429 1435 1448 1465 ⁷
1473 1437 1501 1488 6
1537 1435 1813 1504 Δεσπότης

216 1504 442 1590 $915.16;
467 1522 616 1591 (Η).
650 1543 668 1576 ι
689 1523 884 1596 Ὀρᾶτε
907 1526 1020 1598 (12)
1037 1527 1167 1599 γὰρ,
1185 1528 1342 1600 φησὶ,
1369 1528 1444 1600 μὴ
1467 1531 1812 1600 καταφρονή-

217 1633 330 1684 σητε
349 1617 475 1679 ἐνὸς
494 1617 614 1670 τῶν
639 1617 940 1689 ἐλαχίστων
965 1621 1074 1674 τῶν
1097 1624 1461 1676 πιστευόντων
1483 1625 1563 1688 εἰς
1579 1625 1678 1694 ἐμέ
1699 1643 1712 1656 ·
1733 1627 1813 1678 ὃτι

269 1707 500 1774 ἄγγελοι
517 1709 712 1762 αὐτῶν
728 1709 1018 1777 διαπαντὸς
1033 1713 1094 1767 τὸ
1107 1713 1399 1786 πρόσωπον
1415 1715 1583 1786 ὁρῶσι
1604 1717 1696 1769 τοῦ
1712 1718 1816 1770 Πα-

216 1799 328 1867 τρός
349 1816 462 1868 μου
491 1800 598 1852 τοῦ
620 1803 679 1854 ἐν
706 1802 1005 1874 οὐρανοῖς.»
1036 1806 1146 1859 Καὶ
1167 1807 1386 1878 ἑκάστῳ
1409 1807 1464 1860 δὲ
1487 1807 1628 1861 ἔθνει
1650 1809 1816 1877 ἄγγε-

215 1899 290 1941 δνον
307 1882 627 1959 ἐφεστάναι
656 1896 869 1966 φησὶνή
890 1895 1011 1949 θεία
1027 1896 1239 1969 Γραφή.
1258 1899 1317 1952 Ὀ
1340 1901 1447 1970 γὰρ
1466 1901 1576 1969 (15)
1596 1900 1671 1970 τῷ
1690 1919 1814 1973 προ-

215 1987 347 2056 τήτῃ
373 1986 598 2056 Δανιὴλ
635 1987 1118 2060 συνδιαλεγόμενος
1152 1991 1404 2060 ἄγγελος,
1450 1995 1545 2048 καὶ
1578 1994 1814 2065 ἄρχοντα

215 2076 433 2146 Περσῶν
469 2078 706 2148 εἴρηκε,
742 2080 836 2133 καὶ
854 2081 1097 2152 ἄρχοντα
1129 2082 1418 2156 Ἑλλήνων,
1455 2087 1551 2138 καὶ
1592 2088 1812 2159 Μιχαὴλ

216 2169 446 2237 ἄρχοντα
470 2170 597 2224 τῶν
630 2172 923 2226 Ἰουδαίων.
973 2173 1086 2226 Καὶ
1114 2175 1323 2246 Μωσῆς
1344 2179 1400 2232 δὲ
1419 2180 1447 2230 ὁ
1472 2179 1642 2250 μέγας
1664 2181 1721 2234 ὲν
1737 2182 1804 2252 τῇ

214 2255 314 2338 ᾠδῇ
337 2257 677 2328 φησινμ-ἢο
704 2279 723 2309 σ
760 2263 889 2317 Ὅτε
934 2263 1242 2336 διεμέριζεν
1292 2269 1320 2320 6
1357 2267 1622 2337 ’Υψιστος
1658 2269 1810 2342 ἔθνη,

214 2346 277 2406 ὡς
309 2346 644 2417 διέσπειρεν
671 2352 821 2415 υἱοὺς
846 2353 1046 2425 Ἀδὰμ,
1073 2354 1303 2426 ἔστησεν
1323 2358 1446 2428 ὅρια
1476 2359 1644 2412 ἐθνῶν
1671 2362 1812 2416 κατὰ

213 2437 440 2506 ἀριθμὸν
468 2442 741 2510 ἀγγέλων
766 2444 925 2500 Θεοῦ.
957 2468 974 2499 ι
1019 2447 1081 2502 Εἰ
1112 2449 1292 2503 τοίνυν
1326 2451 1356 2503 6
1391 2454 1492 2522 μὲν
1521 2453 1751 2520 τούτων,
1783 2459 1812 2510 6

209 2528 260 2580 δὲ
290 2530 528 2584 ἐκείνων
552 2534 752 2604 ἄρχειν
780 2539 802 2567 ⁸
833 2538 1060 2610 ἐτάχθη,
1093 2539 1324 2605 ἕκαστος
1353 2543 1411 2597 δὲ
1449 2544 1564 2597 τῶν
1593 2546 1808 2618 ἀνθρώ-

213 2636 318 2672 πων
358 2621 476 2674 ὑπὸ
515 2623 626 2696 τὴν
660 2626 782 2690 ἐνὸς
818 2628 933 2698 (15)
968 2631 1230 2702 φροντίδα
1272 2632 1440 2702 τελεῖ,
1476 2635 1702 2706 εὔδηλον
1731 2640 1808 2704 ὡς

209 2718 756 2790 περιγεγραμμένην
807 2719 995 2792 ἔχουσι
1048 2724 1150 2794 τὴν
1203 2726 1411 2782 οὐσίαν.
1460 2729 1524 2782 Εί
1557 2731 1615 2784 δὲ
1648 2731 1806 2786 τοῦτο

209 2804 326 2867 γοῦν
352 2807 591 2877 ἀληθὲς,
624 2810 817 2885 ὥσπερ
849 2815 942 2868 καὶ
983 2816 1184 2887 ἀληθὲς
1204 2819 1248 2883 θ,
1289 2820 1457 2874 τόπου
1484 2823 1596 2893 ἄρα
1630 2842 1801 2896 προσ-

207 2897 430 2953 δέονται.
464 2901 660 2956 Μόνον
699 2904 808 2976 γὰρ
837 2907 899 2960 τὸ
935 2906 1096 2973 θεῖον,
1142 2909 1219 2974 ὡς
1267 2911 1668 2986 ἀπερίγραφον,
1701 2919 1802 2972 οὐκ

210 2989 262 3078 ἐν
284 2992 462 3062 τόπῳ.
506 2995 573 3047 Et
611 2995 669 3047 δὲ
701 2997 763 3049 τὸ
811 3002 1332 3072 περιγεγραμμένον
1379 3008 1436 3058 ὲν
1474 3006 1646 3078 τόπῳ,
1682 3010 1800 3072 πῶς

206 3075 310 3132 οἷον
349 3100 409 3134 τε
457 3083 503 3114 ¹⁰
538 3088 931 3159 προῦπάρχειν
958 3091 1188 3162 οὐρανοῦ
1221 3094 1318 3147 καὶ
1348 3095 1450 3166 γῆς
1479 3075 1608 3160 τοὺέ
1633 3099 1798 3167 ἀγγέ-

1921 608 1976 654 et
2019 607 2241 653 aeterna.
2295 595 2425 664 Quae
2460 596 2604 650 enim
2644 609 2767 650 esse
2807 605 3092 664 coeperunt
3119 633 3133 659 ,
3167 596 3373 651 habent
3413 598 3504 652 illa

1912 706 2142 762 prorsus
2165 695 2184 713 '
2213 687 2686 758 circumscriptam
2722 685 3109 741 substantiam.
3156 686 3335 754 Quare
3373 688 3505 751 licet

1913 793 2186 855 expertem
2239 797 2532 853 corporum
2561 779 2832 834 fateamur
2857 779 3169 849 angelorum
3199 795 3318 834 esse
3346 789 3505 833 uatu-

1914 894 2063 943 ram,
2107 875 2581 945 circumscriptam
2636 882 2817 928 tamen
2872 873 3086 927 illorum
3142 872 3502 926 substantiam

1913 971 2167 1028 dicimus.
2204 968 2493 1036 Quomodo
2537 966 2682 1020 enim
2734 964 2904 1019 millia
2954 965 3184 1018 millium
3238 973 3293 1017 et
3325 965 3505 1018 decies

1912 1071 2144 1118 centena
2175 1061 2368 1126 millia,
2398 1061 2552 1130 juxta
2579 1057 2821 1114 divinum
2857 1055 3133 1110 Danielem
3155 1095 3170 1118 ,
3197 1041 3501 1126 intelligere

1915 1157 2208 1226 quisquam
2251 1155 2465 1225 possit,
2518 1150 2625 1206 nisi
2671 1163 3118 1221 unumquemque
3167 1147 3222 1202 in
3284 1148 3500 1218 propria

1915 1252 2454 1322 circumscriptione~
2485 1247 2818 1319 concipiat?
2871 1244 3028 1312 Quod
3088 1253 3267 1300 autem
3325 1244 3500 1316 angeli

1914 1348 2273 1403 substantiam
2301 1347 2536 1400 habeant
2563 1342 3063 1412 circumscriptam,
3101 1355 3286 1403 nemo,
3321 1351 3382 1394 ut
3410 1357 3502 1394 ar—

1915 1439 2115 1502 bitror,
2158 1436 2528 1509 repugnabit:
2564 1451 2688 1490 cum
2715 1433 2968 1489 Christus
2991 1433 3256 1488 Dominus
3294 1433 3494 1488 dixerit

1917 1535 2164 1606 singulos
2210 1529 2463 1585 homines
2518 1527 2741 1581 subesse
2795 1524 3134 1597 singulorum
3185 1524 3498 1592 angelorum

1916 1623 2312 1699 procurationi.
2354 1640 2374 1672 ι
2413 1618 2608 1674 Videte
2643 1619 2810 1682 enim,
2845 1617 3056 1688 inquit,
3089 1632 3158 1672 ne
3185 1625 3500 1672 contemna-

1917 1720 1988 1775 tis
2020 1733 2187 1772 unum
2223 1730 2289 1770 es
2327 1713 2412 1768 his
2441 1711 2706 1776 minimis,
2737 1709 2830 1779 qui
2867 1708 2917 1762 in
2952 1723 3039 1763 me
3071 1707 3300 1762 credunt
3327 1727 3339 1761 :
3371 1709 3497 1778 quia

1917 1812 2093 1881 angeli
2124 1823 2313 1864 eorum
2339 1806 2524 1861 vident
2561 1817 2778 1872 semper
2799 1799 2996 1856 faciem
3027 1799 3208 1856 Patris
3247 1801 3371 1865 mei,
3404 1803 3498 1870 qui

1918 1904 1972 1957 in
2008 1902 2159 1957 coelis
2184 1908 2268 1956 est
2311 1900 2354 1952 i.
2387 1916 2406 1950 ι
2447 1895 2758 1964 Quinetiam
2799 1894 2998 1966 cuique
3034 1893 3180 1964 genti
3219 1893 3495 1965 proprium

1914 1997 2168 2067 angelum
2202 2008 2437 2065 praeesse
2473 1990 2706 2047 aliirmat
2735 1988 3042 2060 Scriptura.
3065 1987 3168 2056 Qui
3192 1987 3339 2044 enim
3367 2003 3492 2044 cum

1914 2087 2137 2142 Daniele
2163 2085 2423 2157 propheta
2455 2083 2786 2152 colloquitur
2812 2082 3073 2151 angelus,
3110 2089 3165 2135 et
3196 2078 3494 2150 principem
3536 2127 3542 2136 .

1913 2178 2206 2234 Persarum
2236 2177 2506 2243 nominat,
2543 2185 2596 2230 et
2618 2174 2917 2244 principem
2951 2171 3290 2239 Graecorum,
3314 2181 3367 2224 et
3395 2169 3496 2226 Mi-

1911 2273 2153 2328 chaelem
2182 2270 2480 2342 principem
2507 2267 2846 2322 Judzeorum.
2903 2265 2965 2320 Et
3021 2279 3254 2334 magnus
3283 2263 3496 2334 Moyses

1911 2366 1966 2421 iu
1992 2365 2207 2422 cantico
2245 2381 2260 2418 :
2314 2380 2334 2414 ι
2372 2359 2602 2428 Quando
2627 2357 2921 2421 dividebat,
2947 2355 3146 2428 inquit.
3179 2354 3494 2411 Altissimus

1907 2466 2097 2528 gentes
2146 2475 2161 2512 :
2224 2453 2444 2525 quando
2490 2450 2779 2522 separabat
2841 2447 2982 2504 ﬁlios
3024 2448 3194 2502 Adam
3223 2489 3238 2513 ,
3303 2448 3493 2504 statuit

1910 2549 1960 2618 7
1988 2547 2251 2604 terminos
2272 2545 2511 2616 gentium
2536 2559 2633 2613 pro
2655 2555 2884 2597 numero
2929 2539 3247 2611 angelorum
3272 2538 3364 2594 Dei
3394 2537 3441 2605 ἱ,
3468 2559 3488 2592 ι

1911 2640 1969 2695 Si
2009 2639 2174 2710 igitur
2202 2637 2291 2692 hic
2316 2636 2442 2691 istis
2463 2679 2477 2703 ,
2510 2634 2601 2690 ille
2628 2648 2758 2688 vero
2781 2631 2888 2687 illis
2911 2630 3201 2702 praefectus
3223 2639 3306 2687 est
3324 2672 3339 2695 ,
3371 2631 3484 2687 sin—

1907 2732 2019 2803 guli
2047 2744 2177 2785 vero
2211 2728 2466 2784 homines
2513 2725 2615 2781 sub
2646 2725 2812 2781 unius
2845 2738 2976 2777 cura
3025 2724 3259 2793 degunt,
3285 2731 3490 2778 certum

1905 2833 1991 2880 est
2042 2823 2269 2892 angelos
2305 2819 2740 2889 circumscriptae
2781 2834 2904 2874 esse
2939 2818 3281 2874 substantia).
3335 2819 3491 2885 Quod

1904 2917 1952 2973 si
1981 2931 2168 2972 verum
2190 2922 2274 2970 est
2299 2912 2429 2968 illud
2449 2951 2465 2977 ,
2494 2911 2657 2968 sicuti
2701 2911 2943 2980 profecto
2974 2921 3091 2976 est,
3129 2911 3252 2966 loco
3299 2912 3485 2983 utique

1906 3023 2045 3078 opus
2079 3007 2378 3061 habebunt.
2415 3001 2552 3057 Nam
2583 3002 2700 3058 sola
2729 3001 2988 3056 divinitas
3010 3042 3025 3066 ,
3071 3001 3236 3056 veluti
3268 3001 3493 3056 minime

1900 3087 2348 3170 circumscripta,
2385 3111 2495 3150 non
2533 3103 2617 3150 est
2672 3095 2726 3148 in
2775 3094 2917 3148 loco.
2951 3093 3022 3147 At
3077 3092 3152 3156 si,
3201 3095 3344 3164 quod
3388 3093 3492 3148 cir-

208 3169 355 3236 ieug;
395 3175 481 3227 Οὐ
504 3177 636 3266 γὰρ
660 3177 814 3242 ὄντος
835 3179 931 3234 τοῦ
963 3181 1245 3254 φέροντος,
1271 3186 1389 3250 πῶς
1416 3187 1593 3242 ἔνεστι
1625 3191 1683 3244 τὸ
1705 3209 1800 3260 φε-
1827 3209 1846 3266 (

1913 3191 2289 3260 eumscriptum
2318 3198 2402 3243 εει
2423 3228 2439 3253 ,
2475 3187 2528 3240 in
2557 3185 2678 3242 loco
2721 3194 2804 3240 est
2829 3226 2844 3251 ,
2875 3186 3150 3254 quomodo
3187 3185 3490 3254 potuissent

207 3264 436 3332 ρόμνον
474 3262 627 3320 εἶναι
647 3287 662 3334 ;

855 3561 1052 3618 ΕΡΩΤ.
1091 3564 1159 3616 Δ’.

402 3709 420 3729 ,
452 3671 623 3750 φασί
647 3688 844 3756 τινες..
889 3675 1108 3756 χρῆγαι
1138 3680 1355 3756 ’λέγειν
1391 3685 1802 3756 προϋπάρχειν

267 3743 538 3821 οξφανοῦ
580 3743 698 3826 ,καὶ
754 3743 1072 3826 γῆς-⁷⁷τοὺς
1117 3743 1446 3826 ἀῖγέλουςί
1498 3743 1799 3826 ΪΑγγῙέίὶων

273 3815 399 3888 γὰρ,
433 3815 664 3899 φξσξν,
711 3817 822 3869 οὐκ
858 3815 1046 3870 ὄντων
1107 3815 1233 3886 πῶξν
1269 3826 1302 3876 ὁ
1329 3815 1448 3877 τῶν
1491 3815 1650 3881 altu-7'
1686 3833 1797 3899 ὐμ-

270 3883 426 3932 νεῑτο
468 3883 626 3948 Θεός
647 3899 667 3945 ;

279 3971 418 4023 Ἀλλ’
459 3975 512 4025 ot
546 3973 730 4027 ταῦτα
763 3975 1034 4046 λέγοντες,
1071 3982 1363 4049 ἀγνοοῦσιν
1396 3986 1472 4050 ὡς
1503 3989 1596 4042 καὶ
1628 3991 1797 4062 ἀνάρ-

207 4078 328 4128 χονς
357 4063 568 4128 αὖτοὺς
599 4065 716 4135 (16)
748 4068 842 4120 καὶ
867 4069 1070 4134 ἀϊδίους
1095 4066 1252 4137 οὗτος
1281 4077 1310 4127 6
1339 4074 1498 4145 λόγος
1532 4085 1697 4136 ποιεῖ.
1734 4085 1796 4138 Εἰ

210 4153 311 4219 γὰρ
353 4153 528 4205 ἐδεῖτο
559 4153 675 4206 τῶν
715 4155 1031 4225 ὑμνούντων
1059 4163 1087 4212 6
1130 4161 1237 4214 τῶν
1267 4163 1404 4218 ὅλων
1439 4166 1592 4230 Θεὸς.
1622 4171 1710 4223 ἀεὶ
1740 4172 1797 4226 δὲ

207 4244 421 4306 τούτους
455 4242 615 4315 εἶχεν
643 4247 982 4317 ὑμνοῦντας,
1038 4257 1301 4309 συναῖδιοι
1343 4259 1450 4329 ἄρα
1493 4263 1541 4314 οἱ
1574 4263 1795 4332 ἄγγελοι

205 4335 279 4404 τῷ
303 4337 410 4390 τῶν
443 4340 588 4391 ὅλων
622 4340 759 4410 Θεῷ.
794 4341 855 4395 Ei
885 4342 942 4394 δὲ
971 4345 1070 4398 οὐκ
1095 4348 1202 4413 ἀεὶ,
1235 4350 1348 4402 ἀλλ’
1371 4352 1457 4404 ὅτε
1493 4370 1596 4425 περ
1635 4357 1797 4425 ἠϐου-

206 4429 337 4498 λήθη
369 4431 609 4495 τούτους
664 4433 1118 4506 ἐδημιούργησεν,
1153 4435 1221 4510 ἦν
1267 4442 1374 4511 ἄρα
1423 4461 1504 4506 τις
1538 4444 1692 4507 αἰὼν,
1738 4449 1795 4500 ὲν

1911 3284 2084 3355 angeli
2122 3290 2247 3337 ante
2269 3280 2470 3337 ccelum
2503 3288 2558 3334 et
2588 3288 2788 3334 terram
2815 3278 3075 3334 exsistere
3101 3278 3124 3331 ?
3150 3276 3283 3332 Nam
3311 3279 3489 3334 sinon

1909 3377 1982 3432 sit
2012 3377 2066 3430 in
2102 3390 2283 3430 rerum
2317 3381 2512 3428 natura
2542 3373 2688 3442 quod
2717 3369 2876 3434 ferat,
2903 3369 3180 3440 quomodo
3211 3384 3332 3426 esse
3363 3386 3488 3440 pos-

1906 3471 1980 3526 sit
2009 3468 2160 3540 quod
2195 3465 2442 3523 feratur?

2493 3575 2771 3635 INTERR.
2806 3577 2896 3632 IV.

1904 3691 2008 3747 Sed
2037 3691 2189 3745 aiunt
2236 3691 2471 3761 quidam,
2518 3689 2815 3744 necessario
2859 3688 3156 3752 dicendum,
3205 3687 3353 3761 prius
3384 3703 3484 3761 au-

1972 3762 2123 3834 gelos
2151 3756 2415 3816 examine
2447 3776 2606 3831 quam
2641 3761 2828 3834 calum
2862 3769 2927 3834 _et
2966 3768 3182 3812 terram.
3234 3756 3296 3834 Si
3347 3756 3481 3834 enim

1883 3885 1888 3892 .
1973 3828 2166 3903 angeli,
2201 3828 2468 3903 inquiunt,
2512 3847 2615 3883 non
2654 3829 2998 3892 exsistebnnt,
3054 3829 3310 3881 auonzodo
3344 3828 3482 3883 Deus

1971 3901 2206 3957 omnium
2234 3901 2554 3956 laudabatur
2575 3903 2600 3954 ?

1969 3996 2172 4051 Verum
2201 3996 2292 4065 qui
2322 3995 2438 4049 haec
2458 3993 2668 4055 dicunt,
2700 4008 2805 4045 non
2836 3989 3278 4044 animadvertunt
3334 3988 3480 4059 quod

1900 4089 2002 4140 huc
2048 4101 2302 4141 sermone
2339 4085 2558 4154 angelos
2599 4098 2783 4139 carere
2829 4081 3101 4151 principio
3143 4089 3198 4135 et
3247 4088 3482 4135 aaternos

1899 4193 2019 4232 esse
2065 4183 2340 4230 astruunt.
2383 4173 2518 4229 Nam
2550 4174 2595 4228 si
2637 4172 2779 4228 Deus
2826 4171 3072 4226 omnium
3106 4170 3479 4226 laudatoribus

1900 4269 2193 4340 indigebat,
2243 4276 2296 4322 et
2333 4266 2434 4323 hos
2485 4281 2699 4335 semper
2734 4263 2970 4319 habebat
3001 4262 3311 4318 laudatores
3333 4305 3348 4326 ,
3380 4278 3476 4316 co-

1899 4360 2084 4415 aeterni
2125 4359 2288 4430 igitur
2324 4356 2685 4427 erantangeli
2718 4369 2842 4410 cum
2878 4353 2985 4409 Deo
3010 4354 3280 4409 omnium.
3313 4353 3469 4422 Quod

1899 4452 1944 4507 si
1975 4466 2081 4504 non
2111 4466 2323 4520 semper
2351 4459 2530 4513 erant,
2554 4449 2648 4503 sed
2677 4446 2820 4501 Deus
2848 4460 2942 4500 eos
2965 4445 3228 4511 condidit,
3256 4446 3474 4516 quando

205 4514 350 4591 ᾧπερ
379 4525 515 4585 τοὺς
563 4523 870 4594 ὑμνοῦντας
908 4527 1007 4581 οὐκ
1052 4525 1195 4599 εἶχεν
1245 4535 1272 4586 6
1310 4533 1418 4587 τῶν
1452 4536 1589 4590 ὅλων
1633 4538 1784 4604 Θεὸς.
1818 4558 1846 4616 ί

1915 4546 1944 4598 d
1979 4545 2170 4607 voluit,
2227 4514 2341 4597 erat
2374 4543 2539 4614 igitur
2570 4539 2828 4597 swculum
2860 4535 3158 4600 uuoddam,
3192 4514 3300 4608 quo
3331 4539 3472 4595 Deus

278 4709 292 4744 ί
326 4705 522 4762 Matth.
552 4724 704 4775 mu,
741 4712 825 4768 10.
908 4713 921 4763 i
971 4715 1124 4772 Deut.
1159 4735 1336 4785 xxx”,
1381 4718 1435 4772 8.

1100 4851 1335 4908 VARUE
1377 4848 1765 4908 LECTIONES
1797 4849 1891 4904 EX
1929 4848 2204 4907 CATENA
2245 4850 2594 4907 LlPSlENSI.

303 4985 325 5014 ε
360 4987 830 5057 περιγράφεσθαι.

230 5048 279 5066 ῃ
303 4991 325 5014 ε
360 4991 830 5057 περιγράφεσθαι.
927 4991 945 5019 ⁷
975 4991 1174 5045 τούτων
1203 4993 1322 5063 κηδ.

209 5053 312 5106 λῖόν
341 5073 397 5106 τε
406 5097 418 5107 .

1425 4995 1447 5025 ⁸
1475 4993 1592 5047 Cat.
1621 5010 1675 5064 p.
1706 4994 1754 5046 7.
1828 4996 2013 5066 ἄρχων
2110 4993 2130 5024 θ
2161 4992 2349 5044 ὥσπερ
2414 4994 2508 5046 καὶ
2569 4993 2766 5048 ἀλτπθέιο
2805 4995 2922 5050 des.

3036 4997 3079 5028 ¹⁰
3109 4997 3311 5050 οἴονται
3369 5012 3468 5066 pro

1719 5171 1950 5229 NOTAE.

560 5299 631 5351 δὲ
658 5331 726 5339 -
754 5301 1106 5371 περιγραφῇ.
1135 5303 1341 5359 Desunt
1371 5307 1423 5360 in
1468 5308 1600 5362 cod.
1640 5317 1694 5362 et
1725 5307 1778 5361 in

215 5386 331 5420 sunt.
373 5386 514 5423 I’ICI.

275 5439 386 5504 (Η)
403 5441 663 5507 Χριστός
688 5441 840 5496 Deest
852 5483 866 5496 .

276 5509 388 5587 lli)
415 5509 593 5574 ὁρᾶτε
618 5543 688 5587 _-
711 5513 1011 5587 oivparqic.
1047 5512 1171 5570 llaec
1198 5510 1464 5572 nonnihil.
1495 5534 1522 5570 a
1571 5530 1782 5586 recepta

212 5583 758 5658 tri-tiuuerecedunt,
793 5585 1148 5658 maximaun
1163 5602 1228 5640 ex
1287 5598 1440 5658 parte
1491 5583 1780 5643 lectionem

208 5650 412 5770 caligis
444 5650 1080 5723 Cautabrigicnsis,_quo
1118 5655 1255 5711 Beza
1287 5650 1434 5715 'usus
1463 5669 1566 5727 est,
1600 5661 1784 5729 expri-

208 5733 333 5770 znn
366 5761 379 5770 .

489 5791 595 5858 γὰρ
624 5823 690 5832 ——
720 5793 914 5865 ξυῖοἰις
980 5793 1169 5864 Ἀδάμ.
1206 5796 1386 5855 Desid.
1424 5801 1502 5854 .iu
1567 5800 1688 5855 cod.
1734 5809 1787 5856 et

211 5863 348 5929 apud
377 5860 591 5916 Picum.

1965 5309 2076 5376 (M)
2103 5309 2478 5365 Theodoretus
2509 5321 2728 5368 secutus
2757 5323 2840 5368 est
2879 5316 3176 5370 versionem
3209 5315 3346 5369 LXX
3382 5319 3463 5374 iu-

1896 5390 2211 5453 terpretum,
2244 5381 2346 5436 hoc
2369 5382 2504 5445 loco,
2553 5393 2609 5437 ut
2639 5385 2856 5453 saepius,
2890 5402 2918 5439 a
2945 5387 3168 5440 veritate
3196 5387 3457 5443 Hrbraicn

1897 5451 2359 5524 aberrantem,_ad
2388 5469 2549 5524 quam
2603 5451 2829 5524 propius
2877 5458 3142 5510 accedunt
3180 5461 3459 5514 versiones

1897 5521 2228 5597 _S_yrnn_tae_hi,
2261 5521 2649 5597 Theodotionis
2756 5525 3034 5592 Samarit.,
3068 5543 3203 5597 quas
3235 5531 3456 5585 exhibet

1896 5591 2084 5664 Montf.
2117 5592 2341 5664 Hexapl.
2367 5592 2516 5662 Orig.
2547 5605 2680 5648 tom.
2718 5595 2758 5656 Ι,
2800 5613 2849 5664 p.
2884 5597 3006 5650 192.

1966 5663 2167 5741 (15)_ln
2191 5664 2691 5741 cpdmvocenrévb;
2732 5663 2844 5741 haéc
2879 5667 3106 5741 paucula
3157 5671 3452 5741 excipiunt,

1893 5733 2336 5854 ﬁyouvldlwéim,
2367 5750 2486 5803 qute
2511 5735 2820 5804 glossemati
2842 5779 2856 5802 ,
2882 5733 2960 5791 'ut
2999 5739 3230 5808 videtur,
3280 5733 3454 5811 'origi-l

1894 5818 2014 5854 netu
2046 5819 2106 5852 re
2133 5812 2255 5854 neut.

1894 5818 2014 5856 ttcm
2046 5812 2255 5855 debent.

1966 5871 2321 5942 (16)ιιὺτοὺς
2350 5876 2445 5929 καὶ
2487 5876 2717 5943 ἀϊδίους
2752 5879 2969 5935 desunt.
