3964 6526
471 408 544 475 83

1456 408 1946 470 THEODORETI
1984 409 2327 471 EPISCOPI
2359 411 2725 472 CYRENSIS

3635 403 3717 473 84

462 536 840 579 universorum
884 521 1005 578 illos
1053 520 1436 592 praedicatores
1469 538 1578 577 non
1630 524 1885 579 habebat.
1917 524 2034 579 Non

2162 526 2347 582 )ὖκοῦν
2380 529 2441 581 0'6
2478 522 2648 581 δεῖται
2680 525 2788 579 τῶν
2820 525 3135 595 ὑμνούντων
3163 524 3191 577 6
3219 521 3495 593 Δεσπότης
3531 520 3668 585 Θεός
3694 536 3712 551 ·

464 616 669 687 indiget
715 630 848 686 ergo
883 614 1147 671 Dominus
1196 613 1338 671 Deus
1387 615 1785 683 laudatoribus,
1835 618 2036 688 quippe

462 709 557 777 qui
579 716 772 762 natura
794 707 995 762 nullius
1018 707 1222 778 indiget
1246 725 1260 762 :
1289 707 1383 761 sed
1409 708 1525 763 sola
1551 709 1794 765 bonitate
1816 710 2032 775 ductus,

462 798 697 868 angelis,
731 797 1093 866 archangelis,
1121 804 1176 852 et
1209 797 1473 853 universae
1498 808 1767 855 creaturae
1809 802 2037 871 largitus

460 897 548 943 est
580 896 640 943 ut
679 896 879 943 essent.
912 890 983 942 At
1022 903 1151 942 vero
1180 903 1288 958 quo
1318 889 1621 946 ministerio
1670 891 2039 964 fungebantur

462 980 663 1050 angeli,
710 980 803 1050 qui
854 981 1180 1055 creationem
1229 983 1624 1051 prazcedebant,
1680 998 1807 1038 cum
1855 984 2039 1040 nullus

464 1081 631 1135 esset,
671 1072 764 1142 qui
816 1071 1083 1141 indigeret
1131 1087 1320 1128 earum
1351 1089 1517 1145 opera
1540 1075 1570 1128 ἲ
1603 1072 1760 1141 Quod
1787 1076 1933 1131 enim
1970 1077 2037 1132 ad

466 1163 822 1219 ministerium
872 1165 1154 1221 hominum
1201 1166 1310 1222 Deo
1345 1167 1735 1224 universorum
1767 1168 1826 1240 8
1862 1168 2042 1225 inser-

465 1253 637 1318 viant,
676 1254 905 1310 idoneus
933 1256 1011 1310 rei
1045 1257 1198 1314 testis
1224 1265 1308 1312 est
1334 1258 1550 1315 divinus
1579 1258 1898 1330 Apostolus,
1937 1260 2047 1316 cla-

464 1361 623 1401 mans
657 1364 671 1402 :
710 1365 729 1400 ι
762 1344 954 1403 Nonne
981 1364 1173 1405 omnes
1224 1360 1351 1405 sunt
1391 1352 1842 1409 administratorii
1874 1353 2041 1423 spiri-

470 1442 581 1498 tus,
612 1434 665 1489 in
696 1435 1058 1491 ministerium
1103 1437 1255 1494 missi
1288 1450 1506 1511 propter
1543 1457 1638 1497 eos
1670 1442 1765 1512 qui
1811 1442 2047 1499 haeredi-

469 1538 630 1582 tatem
660 1528 872 1597 capient
898 1529 1090 1586 salutis
1111 1530 1176 1583 l?
1216 1550 1235 1583 ι
1270 1530 1498 1588 Constat
1529 1534 1693 1605 igitur
1740 1535 1885 1605 quod
1946 1550 2049 1591 nos

464 1620 682 1689 quidem
713 1621 930 1677 illorum
970 1636 1135 1693 opera
1172 1623 1505 1695 indigemus,
1546 1625 1692 1683 Deus
1741 1613 1877 1683 vero
1922 1629 2045 1683 nul-

469 1711 577 1768 lius
612 1713 815 1785 indiget
841 1732 857 1770 :
888 1729 1012 1770 cum
1057 1724 1240 1770 autem
1267 1717 1339 1771 sit
1375 1717 1636 1774 bonitatis
1665 1719 1916 1791 abyssus,
1946 1735 2047 1775 vo—

471 1804 573 1859 luit
604 1806 671 1861 iis
717 1806 812 1877 qui
841 1808 1067 1863 omnino
1094 1823 1205 1864 non
1228 1818 1414 1875 erant,
1458 1812 1680 1882 elargiri
1733 1812 2047 1869 facultatem

470 1907 533 1952 ιιι
563 1909 764 1954 essent.
810 1898 1077 1956 Caeterum
1109 1902 1202 1972 qui
1231 1904 1457 1974 angelos
1506 1904 1813 1976 praecedere
1843 1905 2044 1962 calum
2078 1886 2122 1942 Β

473 1999 529 2044 et
546 2002 742 2047 terram
763 2001 1034 2059 astruunt,
1065 2009 1162 2064 pro
1188 1996 1347 2050 lirmo
1373 2006 1427 2051 et
1459 1996 1661 2053 invicto
1685 1996 2047 2054 fundamento

478 2082 635 2137 nobis
663 2094 973 2153 proponunt
1000 2084 1157 2151 illud,
1188 2086 1334 2156 quod
1364 2086 1463 2157 ipsi
1489 2086 1590 2144 Job
1623 2086 1769 2145 Deus
1792 2088 2045 2144 omnium

479 2174 730 2229 conditor
776 2177 950 2233 dixit:
1013 2196 1033 2230 ι
1071 2177 1295 2245 Quando
1343 2180 1597 2235 creabam
1644 2189 1816 2250 astra,
1856 2182 2049 2238 lauda-

478 2264 609 2319 bant
644 2280 731 2320 me
758 2280 948 2325 omnes
984 2268 1161 2339 angeli
1211 2269 1315 2324 mei
1342 2267 1385 2324 ι.
1421 2288 1441 2322 ι
1480 2269 1547 2326 Ει
1574 2287 1685 2327 non
1734 2273 2046 2337 advertunt,

479 2357 569 2413 die
608 2366 799 2428 quarta
828 2375 934 2415 una
975 2375 1100 2416 cum
1148 2363 1265 2418 sole
1312 2370 1367 2416 et
1405 2362 1533 2417 luna
1592 2363 1760 2419 Deum
1805 2363 2050 2419 omnium

483 2459 630 2504 astra
660 2450 1003 2520 produxisse.
1029 2449 1334 2508 Verisimile
1357 2461 1537 2509 autem
1569 2464 1654 2510 est
1705 2455 1926 2526 angelos
1945 2468 2053 2509 una

483 2556 610 2596 eum
643 2542 780 2597 coelo
804 2552 857 2598 et
889 2552 1031 2599 terra
1061 2551 1275 2600 creatos
1304 2559 1445 2609 esse,
1488 2552 1549 2600 ut
1574 2544 1750 2601 lucem
1785 2545 1853 2601 de
1881 2546 2055 2602 nihilo

487 2632 683 2689 factam
714 2641 1050 2701 contuentes,
1080 2642 1134 2690 et
1166 2635 1566 2692 firmamentum
1598 2638 1652 2692 in
1693 2637 1873 2693 medio
1900 2653 2056 2710 aqua}

484 2733 850 2795 compactum,
907 2732 962 2779 et
1016 2724 1293 2780 humidam
1376 2725 1735 2782 substantiam
1792 2733 1844 2788 ia
1913 2737 2057 2794 terra

483 2815 795 2882 discretam,
822 2828 887 2869 ac
925 2824 1123 2870 terram
1170 2816 1291 2871 solo
1318 2815 1414 2871 Dei
1446 2816 1613 2872 verbo
1647 2832 1907 2889 generum
1938 2832 2057 2873 om-

486 2907 639 2960 nium
687 2904 1020 2976 germinibus
1073 2916 1415 2970 exornatam,
1454 2906 1671 2978 aliaque
1718 2909 1905 2964 omnia
1960 2908 2057 2964 Dei

488 3006 625 3052 nutu
652 2996 910 3067 perfecta,
941 2997 1152 3067 seipsos
1181 2998 1384 3069 pariter
1411 3013 1481 3055 ex
1517 2999 1588 3055 iis
1610 3016 1732 3070 quae
1760 3000 2061 3056 cernebant

490 3088 855 3159 intelligerent
910 3101 1150 3146 creatam
1192 3090 1398 3147 habere
1444 3098 1719 3159 naturam,
1768 3101 1825 3148 et
1866 3108 1898 3147 a
1947 3092 2060 3149 Deo

2142 620 2364 690 ἀνενδεῆ
2392 620 2499 693 γὰρ
2528 618 2642 691 ἔχει
2664 618 2764 687 τὴν
2792 617 2973 687 φύσιν.
3009 616 3087 669 Δι’
3115 614 3427 684 ἀγαθότητα
3449 612 3507 666 δὲ
3538 613 3718 684 μόνην

2143 715 2239 769 καὶ
2272 714 2545 783 ἀγγέλοις,
2590 712 2685 766 καί
2717 709 3099 783 ἀρχαγγέλοις,
3136 708 3229 761 καὶ
3254 707 3404 777 πάσῃ
3436 707 3503 775 τῇ
3534 703 3723 757 κτίσει

2141 807 2204 860 τὸ
2233 802 2372 860 εἶναι
2403 804 2735 875 δεδώρηται’
2769 802 2929 855 ποίαν
2974 800 3033 853 δὲ
3062 799 3157 853 καὶ
3180 796 3525 869 λειτουργίαν
3565 791 3724 864 εἶχον

2145 898 2251 972 πρὸ
2286 897 2386 967 τῆς
2424 896 2655 957 κτίσεως
2681 893 2867 957 ὄντες,
2899 890 3113 954 οὐδενὸς
3156 889 3310 953 ὄντος
3335 886 3429 940 τοῦ
3464 885 3565 955 τῆς
3592 884 3726 938 τοὺ-

2143 1006 2253 1043 των
2294 985 2562 1057 ὠφελείας
2592 981 3032 1057 προσδεομένους
3077 980 3202 1033 Ὅτι
3233 979 3341 1050 γὰρ
3366 979 3445 1041 εἰς
3480 977 3579 1050 τὴν
3606 975 3727 1029 τῶν

2146 1081 2449 1152 ἀνθρώπων
2499 1078 2829 1150 κηδεμονίαν
2881 1070 3219 1145 ὑπουργοῦσι
3278 1070 3360 1142 τῷ
3410 1069 3519 1123 τῶν
3579 1068 3728 1123 ὅλων

2147 1174 2297 1245 Θεῷ,
2334 1170 2591 1244 μάρτυςὸ
2619 1169 2761 1233 Θεϊος
2799 1165 3122 1228 Ἀπόστολος
3152 1164 3312 1236 βοῶν·
3349 1180 3370 1215 ι
3414 1162 3550 1233 Οὐχὶ
3580 1160 3729 1215 πάν-

2146 1284 2237 1331 τες
2282 1265 2387 1319 εἰσὶ
2419 1259 2768 1333 λειτουργικὰ
2807 1257 3096 1331 πνεύματα
3140 1258 3222 1320 εἰς
3264 1254 3541 1310 διακονίαν
3577 1253 3725 1307 ἀπο-

2151 1358 2477 1428 στελλόμενα
2518 1355 2608 1410 διὰ
2639 1355 2766 1417 τοὺς
2808 1350 3100 1424 μέλλοντας
3142 1348 3504 1420 κληρονομεῖν
3543 1361 3729 1414 σωτη-

2153 1452 2304 1522 ρίαν;
2347 1469 2365 1502 ι
2409 1447 2617 1502 Οὐκοῦν
2642 1444 2885 1515 εὗδηλον,
2916 1443 2992 1507 ὡς
3035 1442 3197 1513 ἡμεῖς
3238 1438 3337 1511 μὲν
3368 1438 3469 1507 τῆς
3494 1435 3730 1489 ἐκείνων

2151 1542 2468 1614 ἐπικουρίας
2523 1539 2790 1611 δεόμεθαο
2844 1540 2874 1592 6
2919 1537 2976 1591 δὲ
3022 1534 3157 1596 Θεὸς
3189 1533 3389 1604 ἥκιστα
3439 1528 3538 1600 μέν
3573 1542 3728 1590 τινος

2152 1635 2335 1708 ἐνδεής
2359 1652 2376 1666 ο
2411 1633 2648 1696 ἄϐυσσος
2690 1631 2748 1685 δὲ
2790 1628 2866 1684 ῶν
2904 1626 3275 1698 ἀγαθότητος,
3313 1619 3589 1692 ἠϐουλήθη
3626 1619 3726 1672 καὶ

2150 1731 2264 1793 τοίς
2314 1725 2538 1801 μηδαμῆ
2593 1723 2707 1794 (17)
2761 1720 3027 1794 μηδαμῶς
3074 1714 3194 1773 οὖσι
3254 1713 3575 1787 μεταδοῦναι
3621 1710 3724 1766 τοῦ

2154 1819 2315 1877 εῖναι.
2356 1819 2519 1874 Ἀλλά
2548 1818 2657 1889 γὰρ
2687 1817 2738 1871 οἰ
2783 1814 3159 1886 προῦπάρχειν
3201 1806 3436 1879 οὐρανοῦ
3478 1806 3574 1860 καὶ
3616 1804 3729 1873 γῆς

2148 1915 2278 1980 τοὺς
2315 1912 2579 1982 ἀγγέλους
2622 1908 3063 1981 ἰσχυριζόμενοι,
3101 1902 3177 1967 ὡς
3218 1898 3437 1972 ἰσχυρὸν
3466 1898 3598 1969 ἡμῖν
3625 1892 3731 1947 καὶ

2148 2006 2361 2078 ἄμαχον
2404 2004 2516 2077 (18)
2548 2000 2946 2075 προϐάλλονται
2978 1995 3090 2068 (19)
3120 1997 3300 2049 ἐκεῖνο
3346 1991 3407 2046 τὸ
3438 1984 3731 2078 παραγτοῦ

2148 2077 2283 2152 Θεοῦ
2316 2095 2425 2149 τῶν
2455 2094 2590 2147 ὅλων
2634 2091 2771 2162 πρὸς
2817 2088 2909 2143 τδν
2968 2086 3090 2141 Ἰὼϐ
3128 2082 3418 2155 εἰρημένον
3445 2095 3462 2112 ο
3522 2097 3540 2131 ι
3592 2077 3729 2130 Ὅτε

2150 2186 2368 2241 ἐποίουν
2407 2183 2522 2256 (20)
2556 2183 2755 2254 ἄστρα,
2781 2177 2997 2251 ίῇνεσᾶν
3028 2192 3094 2248 με
3122 2176 3327 2238 πάντες
3360 2170 3472 2240 (21)
3503 2164 3729 2237 ἄγγελοί

2156 2298 2280 2352 μου.
2342 2298 2361 2332 ι
2395 2278 2508 2333 1ςαί⁹
2544 2276 2605 2330 οὐ
2647 2272 2981 2345 συνορῶσιν,
3026 2269 3104 2334 ῶς
3154 2270 3227 2339 τῇ
3272 2264 3509 2335 τετάρτῃ
3540 2260 3730 2352 ἡμέρα

2155 2348 2252 2423 σὺν
2286 2367 2366 2438 τῷ
2394 2366 2532 2439 ἡλίῳ
2574 2365 2668 2419 καὶ
2695 2365 2761 2434 τῇ
2797 2361 2997 2432 σελήνῃ
3027 2360 3096 2414 τὰ
3125 2358 3301 2428 ἄστρα
3341 2352 3669 2424 παρήγαγεν
3700 2348 3730 2400 6

2152 2463 2263 2517 τῶν
2297 2461 2435 2515 ὅλων
2477 2458 2630 2522 Θεὸς.
2679 2454 2836 2520 Εἰκὸς
2883 2453 2996 2524 (2‘2)
3033 2452 3091 2505 δέ
3138 2450 3266 2513 τοὺς
3310 2445 3576 2516 ἀγγέλους
3627 2440 3732 2494 σὺν

2154 2553 2369 2627 οὐρανῷ
2388 2548 2857 2624 δημιουργηθῆναι
2875 2547 2972 2601 καὶ
2990 2546 3085 2616 γῇ,
3105 2544 3196 2599 ἵνα
3216 2540 3310 2596 καὶ
3333 2539 3396 2594 τὸ
3423 2537 3538 2607 φῶς
3558 2534 3734 2627 ὁρῶ-,ξ-

2154 2623 2246 2710 τες
2289 2623 2349 2709 ἐξ
2378 2623 2594 2706 οὐδενος
2638 2637 3003 2710 ὑποκειμένου
3057 2629 3595 2706 δημιουργούμενον,
3631 2623 3734 2678 καὶ

2156 2739 2217 2793 τὸ
2264 2736 2549 2809 στερέωμα
2578 2734 2636 2787 έν
2667 2732 2819 2804 μέσῳ
2848 2728 2943 2783 τοῦ
2991 2727 3185 2791 ὓδατος
3224 2719 3736 2796 συμπηγνύμενον,

2161 2832 2252 2885 καὶ
2279 2830 2375 2901 τὴν
2400 2827 2574 2900 ὑγρὰν
2598 2824 2790 2880 οὐσίαν
2823 2820 3202 2895 χωριζομένην
3227 2819 3324 2889 τῆς
3350 2816 3475 2885 γῆς,
3504 2812 3603 2867 καὶ
3628 2809 3739 2881 τὴν

2159 2925 2260 2995 γῆν
2286 2922 2401 2994 ἅμα
2428 2919 2507 2990 τῷ
2532 2917 2661 2990 θείῳ
2694 2916 2840 2987 λόγῳ
2869 2911 3229 2977 παντοδαπῶς
3258 2904 3739 2995 διακοσμουμένην

2161 2993 2541 3085 βλαστήμασι,
2598 3007 2695 3063 καὶ
2741 3006 2813 3061 τά
2850 3004 2991 3061 ἄλλα
3046 3003 3226 3057 πάντα
3280 2999 3417 3070 πρὸς
3472 2995 3534 3048 τὸ
3586 2993 3740 3085 θεῖον

2159 3083 2419 3175 γινόμενα
2472 3099 2717 3172 βούλημα
2739 3138 2755 3164 ,
2798 3095 2969 3166 γνῶσι
3003 3094 3072 3149 δι’
3127 3087 3202 3148 ὧν
3231 3090 3431 3162 ὁρῶσιν
3454 3124 3470 3151 ,
3517 3086 3603 3139 ὅτι
3617 3083 3743 3175 ’καὶ

489 3183 867 3241 exsistentiam
914 3184 1208 3254 accepisse.
1246 3180 1385 3238 Nam
1420 3192 1475 3239 et
1502 3182 1722 3240 divinus
1762 3183 2056 3255 Apostolus

2162 3193 2314 3249 αὐτοὶ⁵
2342 3190 2568 3262 κτιστὴν
2595 3188 2776 3259 ἔχουσι
2802 3186 2902 3261 τὴν
2932 3184 3097 3255 φύσιν
3127 3183 3257 3253 παρ’
3289 3178 3454 3234 αὐτοῦ
3487 3177 3549 3229 τὸ
3591 3170 3741 3228 εἶναι

489 3276 696 3331 mundo
744 3274 865 3331 illos
915 3274 1161 3345 adiungit
1191 3273 1412 3333 dicens:
1453 3293 1472 3326 ι
1506 3254 1890 3345 Spectaculum
1933 3274 2056 3332 facti

2163 3282 2469 3353 δεξάμενοι.
2502 3254 2775 3347 Καίηγὰρ
2806 3276 2835 3328 6
2859 3254 3022 3337 w(isi'oc
3083 3269 3403 3332 Ἀπόστολος
3430 3265 3508 3338 τῷ
3542 3263 3742 3333 κόσμῳ

490 3384 683 3425 sumus
714 3367 918 3424 mundo
947 3376 1002 3423 et
1044 3366 1250 3437 angelis
1298 3375 1353 3423 et
1395 3367 1791 3425 hominibus“.
1830 3387 1856 3424 ι
1890 3368 2067 3425 Caete-

490 3479 614 3517 rum
645 3462 758 3517 htrc
803 3475 905 3532 ego
937 3475 1044 3515 non
1091 3467 1471 3515 asseveranter
1506 3460 1666 3517 dico:
1716 3462 2066 3518 temerarium

492 3554 637 3607 enim
688 3560 820 3623 puto
872 3551 941 3607 de
984 3550 1054 3607 iis
1099 3549 1470 3621 pronuntiare,
1523 3551 1592 3608 de
1644 3552 1847 3622 quibus
1911 3567 2069 3609 sacra

495 3645 778 3714 Scriptura
816 3651 999 3714 aperte
1051 3643 1190 3698 nihil
1214 3642 1419 3711 tradit;
1446 3643 1541 3700 sed
1571 3644 1718 3716 quod
1760 3644 1866 3715 piis
1895 3644 2071 3701 sensi-

494 3735 1009 3806 busscongruere
1056 3734 1234 3791 visum
1266 3743 1369 3800 est,
1415 3735 1670 3806 exposui.
1716 3735 1855 3791 Illud
1906 3750 2070 3806 porro

496 3829 637 3883 scire
668 3842 893 3883 necesse
921 3835 1025 3893 est,
1052 3826 1238 3881 omnia
1289 3841 1631 3897 quaecunque
1680 3834 1916 3893 exstant,
1969 3841 2069 3883 ex-

496 3932 655 3990 cepta,
694 3930 881 3976 sancta
928 3917 1223 3985 Trinitate,
1268 3926 1519 3974 naturam
1566 3919 1769 3974 habere
1810 3926 2068 3974 creatam.

498 4010 613 4066 Hoc
636 4020 815 4067 autem
835 4024 1118 4077 concesso,
1150 4011 1195 4067 si
1218 4010 1342 4082 quis
1378 4010 1695 4082 angelorum
1731 4009 1916 4065 turbas
1944 4021 2074 4067 ante

499 4104 697 4159 coelum
736 4112 791 4158 et
826 4110 1023 4159 terram
1044 4102 1291 4158 conditas
1309 4118 1430 4159 esse
1450 4102 1673 4168 dixerit,
1704 4117 1811 4156 non
1839 4102 2074 4158 offendet

500 4194 723 4249 verbum
783 4194 1018 4263 pietatis.
1048 4194 1116 4248 At
1164 4194 1408 4249 verbosis
1461 4191 1899 4252 contentionibus
1938 4196 2068 4253 insi-

431 4312 438 4323 -
503 4293 666 4352 atere,
689 4302 707 4335 ι
745 4284 877 4352 Quae
918 4284 984 4340 ad
1027 4284 1162 4340 nihil
1192 4284 1339 4338 aliud
1367 4293 1616 4354 prosunt,
1644 4300 1807 4355 quam
1842 4286 1910 4341 ad
1938 4288 2072 4343 sub-

503 4376 812 4432 versionem
852 4375 1187 4431 audientium
1205 4384 1259 4439 η,
1303 4394 1323 4426 ι
1358 4388 1613 4445 expresse
1642 4373 1894 4450 prohibet
1931 4374 2073 4433 divi-

505 4483 610 4522 nus
652 4466 967 4537 Apostolus.

1098 4579 1376 4637 INTERR.
1407 4578 1455 4635 ν·

505 4696 566 4751 Si
599 4706 740 4750 terra
768 4703 901 4761 erat,
925 4695 1184 4767 quomodo
1216 4703 1391 4748 creata
1416 4702 1494 4749 est
1511 4693 1537 4746 Ρ
1562 4693 1649 4747 Ait
1670 4694 1807 4747 enim
1831 4691 2075 4762 scriptor:

968 4785 987 4818 ι
1029 4765 1192 4820 Terra
1219 4774 1395 4819 autem
1425 4772 1558 4823 erat.
1598 4782 1619 4816 ι

579 4878 737 4935 Levis
767 4879 998 4935 nimium
1034 4888 1090 4936 et
1115 4879 1313 4935 stolida
1331 4878 1581 4949 quaestio.
1616 4874 1750 4932 Nam
1778 4876 1877 4948 qui
1896 4877 2030 4933 dixit
2057 4893 2075 4933 ι

2097 4596 2150 4656 ι)

2166 3376 2363 3438 αὐτοὺς
2409 3370 2753 3440 συζεύγνυσι,
2783 3367 2981 3436 λέγων,
3009 3367 3092 3420 ὅτι
3127 3384 3146 3417 ι
3186 3363 3425 3433 Θέατρον
3468 3355 3745 3428 ἐγενήθη-

2171 3486 2272 3541 μεν
2302 3466 2382 3537 τῷ
2407 3464 2599 3535 κόσμῳ
2622 3462 2719 3516 καὶ
2745 3460 3001 3531 ἀγγέλοις
3037 3458 3132 3511 καὶ
3160 3452 3489 3526 ἀνθρώποις.
3523 3468 3543 3541 ι
3592 3447 3744 3541 Ἐγὼ

2166 3538 2223 3613 δὲ
2248 3556 2422 3611 ταῦτα
2470 3553 2572 3608 οὐκ
2621 3549 3054 3622 ἀποφαινόμενος
3085 3546 3229 3614 λέγω
3253 3563 3266 3575 ·
3311 3540 3578 3613 τολμηρὸν
3623 3538 3743 3609 γὰρ

2168 3644 2555 3717 ἁποφαντικῶς
2583 3639 2739 3714 οἶμαι
2780 3641 2980 3710 λέγειν,
3027 3639 3159 3710 περί
3184 3632 3259 3691 ὧν
3288 3638 3321 3709 ή
3356 3633 3474 3688 θεία
3507 3630 3741 3703 διαρρή-

2167 3741 2264 3813 δην
2296 3740 2357 3794 οὐ
2398 3738 2549 3807 λέγει
2583 3735 2805 3808 Γραφή·
2844 3735 2959 3788 ἀλλ’
2983 3734 3119 3803 ὅπερ
3148 3734 3263 3794 τοῖς
3303 3726 3552 3782 εὐσεϐέσι
3589 3724 3745 3791 λογι-

2172 3834 2326 3903 σμοῖς
2357 3828 2647 3902 ἁρμόττειν
2678 3826 2947 3882 ὑπέλαϐον
2967 3866 2982 3890 ,
3028 3824 3248 3893 εἴρηκα.
3302 3819 3508 3873 Ἐκεῖνο
3555 3816 3745 3887 μέντοι

2170 3924 2466 3991 ἀναγκαῖον
2517 3918 2740 3984 εἰδέναι,
2784 3916 2860 3980 ὼς
2911 3915 3089 3969 πάντα
3129 3912 3200 3965 τὰ
3247 3912 3397 3975 ὄντα,
3446 3908 3588 3979 πλὴν
3637 3906 3743 3976 τῆς

2172 4015 2332 4083 ἁγίας
2363 4013 2614 4085 Τριάδος,
2670 4009 2893 4081 κτιστὴν
2943 4008 3056 4079 ἔχει
3083 4005 3180 4078 τὴν
3212 4005 3394 4075 φύσιν.
3444 4000 3747 4072 Συνομολο-

2171 4107 2439 4177 γουμὲνου
2490 4104 2549 4158 δὲ
2579 4101 2796 4167 τούτου,
2830 4099 2909 4170 τῷ
2936 4099 3035 4169 τῆς
3070 4095 3349 4158 εὐσεϐείας
3385 4093 3446 4147 οὐ
3485 4090 3746 4162 λυμαίνε-

2170 4216 2261 4253 ται
2281 4197 2443 4268 λόγῳ,
2468 4195 2529 4249 τὸ
2557 4195 2664 4267 πρὸ
2688 4191 2917 4264 οὐρανοῦ
2944 4190 3039 4245 καὶ
3070 4190 3173 4259 γῆς
3199 4185 3529 4257 γεγενῆσθαι
3560 4184 3747 4253 λέγειν

2171 4291 2280 4344 τῶν
2317 4288 2564 4359 ἀγγέλων
2611 4286 2737 4349 τοὺς
2769 4285 2994 4356 δήμους.
3029 4281 3102 4334 Τὸ
3137 4280 3195 4333 δὲ
3235 4278 3566 4349 λογομαχεῖν
3602 4296 3621 4327 ι
3662 4277 3747 4338 εἰς

2172 4381 2326 4435 οὐδὲν
2376 4379 2648 4451 χρήσιμον
2675 4375 2765 4428 ἐπὶ
2805 4374 3155 4443 καταστροφῇ
3185 4370 3294 4424 τῶν
3339 4369 3668 4431 ἀκουόντων,
3717 4385 3739 4418 ι

2173 4466 2505 4540 ἀπαγορεύει
2532 4464 2827 4538 διαρρήδην
2854 4466 2883 4517 6
2911 4462 3057 4527 θεῖος
3100 4462 3445 4525 Ἀπόστολος.

2795 4575 2990 4631 ΕΡΩΤ.
3034 4575 3110 4631 Ε’.

2179 4698 2250 4752 Εἰ
2285 4692 2361 4751 ἦν
2389 4695 2426 4749 1')
2462 4692 2567 4761 νῆ,
2596 4690 2721 4757 πῶς
2749 4690 3020 4761 ὲγένετο;
3062 4690 3223 4761 λέγει
3263 4706 3374 4759 γαρ
3414 4693 3445 4743 ό
3483 4702 3745 4756 συγγρα-

2604 4757 2827 4832 φεύς.ἰ
2872 4762 2943 4816 Ἠ
2968 4761 3034 4815 δὲ
3061 4757 3281 4830 γῆἦνζ
3300 4780 3317 4812 ι

2261 4876 2495 4932 Ἢλίθιον
2532 4874 2670 4945 ἄγαν
2718 4873 2812 4927 καὶ
2841 4872 3065 4944 ἀνόητον
3100 4870 3211 4926 (251
3246 4869 3305 4924 τὸ
3342 4867 3624 4941 ἐρώτημα.
3688 4866 3749 4920 Ὀ

579 5109 604 5149 κ
637 5107 798 5170 Hebr.
827 5124 865 5175 ι,
898 5112 985 5167 14.
1080 5111 1098 5152 ι
1134 5110 1239 5169 Job
1265 5127 1493 5176 xxxvm,
1529 5111 1584 5165 ‘7.
1666 5120 1705 5149 ιιι
1738 5108 1909 5164 lCor.
1945 5124 2019 5172 tv,

2187 5117 2214 5149 ιι
2250 5106 2299 5161 ll
2330 5105 2475 5162 Tim.
2505 5121 2564 5171 ιι,
2595 5103 2683 5159 14.

1896 5285 1907 5290 ’
1978 5304 2210 5364 none.

591 5489 702 5561 (l7)
723 5488 1001 5561 Μηδαμη,
1034 5488 1204 5544 deest.

618 5561 706 5632 18)
730 5560 865 5632 Qud.
891 5563 1194 5632 ἀμήχαγογρ

620 5631 708 5690 19)
733 5629 868 5686 Cod.
900 5629 1321 5690 π’ροϐαλοῦνται.

616 5695 708 5769 '20)
738 5699 843 5756 Pro
863 5701 1078 5755 ὲποίουν
1114 5702 1166 5755 in
1206 5700 1452 5755 versione
1479 5697 1663 5755 Grzeca
1708 5697 1845 5753 alias
1888 5695 2086 5769 legitur

522 5768 613 5825 vcl‘
637 5768 867 5842 ἐγενήθη
894 5771 973 5825 vel
1006 5772 1366 5842 εγενήθησαν.
1386 5770 1699 5842 Utrumque
1720 5769 1786 5823 ab
1818 5768 2084 5842 Hebraicn

527 5850 677 5897 textu
715 5838 970 5896 alienum.
1003 5839 1110 5897 Pro
1138 5838 1335 5904 πάντες
1366 5840 1584 5909 ἄγγελοί
1614 5838 1736 5909 μου,
1756 5840 1895 5909 apud
1922 5838 2084 5909 Aqui-

2189 5482 2317 5563 lnam~
2357 5490 2412 5537 et
2462 5476 2891 5534 Theodotionent
2946 5472 3149 5529 rectius
3208 5470 3405 5541 legitur
3462 5468 3579 5546 ἅμα
3641 5466 3748 5522 υἱοὶ

2186 5553 2342 5608 Θεοῦ.

2255 5619 2647 5693 (Ξυηάκτεςο
2693 5617 2923 5693 βεεέεὲο,
3078 5684 3098 5693 -
3310 5681 3343 5693 η
3494 5680 3545 5693 Α.

2252 5681 2365 5763 (22)
2390 5690 2570 5757 Εἰκὸς
2599 5681 3016 5763 ξ-ῌὺπέλαϐογ,
3043 5684 3282 5753 almum.
3310 5681 3511 5738 Desunt
3532 5681 3592 5735 in
3617 5692 3742 5736 con.

2182 5759 2377 5819 nostro
2406 5774 2459 5816 et
2487 5759 2876 5832 apudrl’icum.

2251 5833 2360 5906 (‘25)
2386 5827 2600 5889 Codfet
2631 5831 2767 5886 Pic..
2802 5828 2892 5882 καὶ
2928 5827 3065 5893 ἄγαν
3094 5827 3363 5894 ἀνοήτων.

3764 5928 3799 5935 μ
