3964 6568
226 437 296 502 85
1346 443 1633 518 QUIEST.
1693 447 1775 508 IN
1801 451 1813 504 1

1922 448 2067 508 ἿΕΞ.
2109 449 2266 508 CAP.
2298 446 2347 507 In.
2716 456 2719 459 ’
2910 478 2913 481 ·
3401 450 3472 512 86

223 555 324 621 γὰρ
349 551 524 605 εἰπὼν
545 570 559 585 ·
591 571 612 605 ι
668 551 758 607 Ἑν
783 555 920 626 ἀρχῇ
955 554 1210 627 ἐποίησεν
1232 559 1263 611 ὁ
1282 558 1416 623 Θεὸς
1446 560 1536 613 τὸν
1566 560 1793 631 οὐρανὸν

1960 560 2018 616 In
2052 561 2320 634 principio
2367 559 2573 616 creavit
2616 558 2759 615 Deus
2805 559 3002 615 caelum
3056 570 3110 615 et
3159 570 3357 617 terram
3374 572 3415 629 °,
3450 583 3471 614 ι

226 648 313 698 καὶ
339 644 438 716 τὴν
472 645 602 716 γῆν,
644 665 664 698 s
698 647 800 699 οὐκ
843 647 1014 701 ἀΐδιον
1047 647 1152 717 ἔφη
1185 650 1285 720 τὴν
1320 651 1423 721 γῆν
1443 693 1457 715 ,
1489 650 1627 705 ἀλλά
1658 652 1806 722 μετά

224 739 307 790 τὸν
332 738 600 807 οὐρανὸν,
634 738 670 810 ἢ
710 739 806 793 σὺν
848 739 927 811 τῷ
957 740 1172 812 οὐρανῷ
1206 741 1511 814 δεξαμένην
1544 743 1607 796 τὸ
1634 739 1793 797 εἶναι.

226 829 428 893 ’Δλλως
454 846 517 883 τε
544 831 667 885 οὐδὲ
697 831 980 896 ἀπολύτως
1014 829 1166 886 εἶπεν
1199 835 1229 886 ὁ
1253 837 1627 907 συγγραφεὺς,
1667 856 1685 888 ι
1733 836 1798 890 Ἥ

221 922 278 975 δὲ
301 922 370 992 γῆ
400 918 491 992 ἦν,
534 942 553 974 s
588 924 727 978 ἀλλὰ
747 925 807 978 τὸ
838 925 967 994 ἑξῆς
999 926 1368 998 συναρμόσας,
1409 945 1429 979 ι
1469 928 1503 996 ἡ
1535 928 1591 982 δὲ
1623 928 1696 999 γῆ
1731 925 1799 1000 ἦν

224 1015 441 1085 ἀόρατος
472 1016 576 1068 καὶ
607 1016 1115 1081 ἀκατασκεύαστος,
1154 1036 1173 1069 ι
1201 1019 1346 1071 τοῦτ’
1377 1018 1546 1085 ἐστιν,
1583 1018 1802 1087 ἐγένετο

226 1109 322 1177 μὲν
356 1106 458 1161 ὑπὸ
490 1108 593 1161 τοῦ
626 1108 736 1163 τῶν
759 1110 897 1163 ὅλων
927 1108 1064 1163 Θεοῦ
1084 1125 1101 1142 ο
1132 1109 1212 1164 ἑτι
1243 1111 1299 1165 δὲ
1327 1112 1557 1183 ἀόρατος
1581 1107 1650 1183 ἦν
1680 1114 1800 1165 ὲπι·

224 1200 473 1271 κειμένου
501 1200 603 1254 τοῦ
635 1200 848 1265 ὓδατος,
897 1204 988 1256 καὶ
1021 1203 1529 1269 ἀκατασκεύαστος,
1570 1206 1801 1276 μηδέπω

221 1292 563 1362 κοσμηθεῖσα
603 1296 671 1365 τῇ
726 1293 961 1363 βλάστη,
1010 1295 1145 1366 μηδὲ
1177 1296 1463 1367 ἀνθήσασα
1488 1298 1797 1369 λειμῶνας,

220 1382 310 1435 καὶ
334 1382 482 1448 ἄλση
547 1384 643 1437 καὶ
670 1382 812 1437 Mla.

849 1493 1047 1550 ΕΡΩΤ.
1090 1499 1181 1563 (τ’.

223 1605 340 1658 οὐκ
379 1604 666 1672 ἐδίδαξεν
704 1605 860 1677 ἡμᾶς
894 1611 928 1662 ὁ
957 1609 1240 1676 Μωῢσῆς,
1273 1611 1361 1664 ὅτι
1390 1608 1488 1664 καὶ
1514 1610 1588 1666 τὰ
1615 1611 1804 1666 ὕδατα

646 1677 1125 1748 ἐδημιούργησεν
1154 1684 1187 1733 ό
1214 1682 1379 1748 Θεός.

287 1767 402 1819 Καὶ
454 1769 567 1838 μὴν
614 1768 890 1843 εἰρηκὼς,
946 1788 965 1823 ι
1031 1771 1094 1824 Ἦ
1145 1771 1202 1824 δὲ
1231 1774 1301 1843 γῆ
1341 1769 1411 1845 ἧν
1450 1773 1685 1843 ἀόρατος
1712 1773 1804 1827 καὶ

221 1859 743 1931 ἀκατασκεύαστος,
775 1864 869 1917 καὶ
914 1863 1106 1928 σκότος
1137 1863 1324 1919 ἐπάνω
1353 1866 1453 1936 τῆς
1476 1865 1739 1930 ἀϐύσσου,
1778 1883 1797 1917 s
1833 1905 1877 1962 Β

221 1950 390 2017 ἔδειξε
446 1953 591 2022 μετά
631 1955 731 2024 τῆς
772 1956 872 2025 γῆς
902 1955 1398 2027 δημιουργηθεῖσαν
1441 1956 1551 2010 τῶν
1589 1957 1801 2013 ὑδάτων

222 2041 320 2112 τὴν
347 2040 601 2112 φύσινίί.
634 2045 745 2098 Καὶ
793 2045 922 2117 περὶ
956 2044 1051 2099 τοῦ
1089 2046 1370 2101 Σαδδάτου
1400 2048 1456 2101 δὲ
1496 2049 1803 2120 νομοθετῶν

221 2137 251 2188 δ
277 2135 387 2187 τῶν
430 2136 571 2188 ὅλων
612 2135 745 2199 Θεὸς
775 2136 946 2199 οὕτως
981 2137 1084 2209 ἔφη
1108 2179 1123 2200 ,
1160 2157 1180 2190 ι
1228 2137 1327 2204 Ἐξ
1361 2140 1598 2210 ἡμέραις
1631 2143 1800 2213 ὲργᾷ.

223 2228 288 2295 τῇ
317 2225 374 2277 δὲ
409 2226 621 2299 ὲὸδόμῃ
649 2225 930 2281 Σάδδατον
953 2266 969 2290 ,
1014 2228 1320 2292 ἀνάπαυσις
1351 2230 1540 2300 Κυρίῳ
1580 2230 1658 2300 τῷ
1685 2230 1804 2302 Θεῷ

226 2336 342 2372 σου.
395 2318 489 2371 Ἐν
538 2319 647 2389 γάρ
698 2317 758 2383 ἓξ
803 2319 1044 2390 ⁴ίιμέραις
1088 2320 1314 2390 ἐποίησε
1363 2321 1569 2393 Κύριος
1597 2324 1625 2376 ὁ
1672 2322 1803 2388 Θεὸς

223 2412 312 2465 τὸν
340 2411 610 2483 οὐρανὸν,
650 2412 744 2465 καὶ
786 2411 886 2483 τὴν
925 2413 1059 2483 γῆν,
1092 2412 1188 2466 καὶ⁵
1230 2413 1332 2484 τὴν
1361 2412 1670 2479 Θάλασσαν,
1711 2414 1806 2467 καὶ

223 2502 406 2556 πάντα
454 2503 526 2555 τὰ
579 2503 637 2583 εν
675 2502 879 2565 αὐτοῖς.
938 2522 958 2555 s
1018 2504 1108 2567 Ὠς
1154 2502 1296 2558 εἷναι
1340 2504 1530 2574 δῆλον,
1570 2505 1651 2558 ὅτι
1696 2506 1807 2559 πᾶν

222 2592 399 2645 ὁτιοῦν
426 2592 489 2644 ἐν
512 2592 846 2657 τούτοις-ὃν,
873 2592 906 2664 ἦ
941 2593 1155 2665 ὁρατὸν,
1195 2594 1228 2665 ἢ
1268 2594 1521 2666 ἀόρατον,
1547 2596 1580 2666 ἢ
1614 2596 1805 2666 αἰσθη-

223 2684 313 2736 τὸν
342 2682 378 2753 ἦ
422 2685 656 2755 νοητὸν,
692 2685 836 2758 πλὴν
863 2684 965 2756 τῆς
1000 2685 1153 2749 Θείας
1189 2687 1397 2752 οὐσίας,
1434 2688 1662 2760 κτιστὴν
1694 2688 1807 2760 ἔχει

226 2775 319 2845 τὴν
379 2775 572 2845 φύσιν.
631 2777 742 2830 Καὶ
792 2776 822 2829 ὁ
880 2776 1153 2841 θειότατος
1213 2777 1270 2831 δὲ
1322 2778 1485 2833 Δαδὶδ
1541 2778 1807 2851 εἰρηκώς·

232 2886 251 2916 ‹
291 2867 607 2937 Μακάριος,
646 2861 710 2921 οὗ
739 2870 767 2922 ὁ
786 2866 919 2932 Θεὸς
956 2868 1145 2921 Ἰακὼὸ
1172 2868 1363 2939 βοηθὸς
1384 2868 1571 2937 αὑτοῦ,
1598 2871 1634 2941 ἡ
1658 2869 1811 2934 ὲλπὶς

227 2959 392 3013 αὐτοῦ
438 2962 535 3012 ἐπὶ
584 2961 789 3030 Κύριον
836 2960 928 3014 τὸν
966 2960 1098 3015 Θεὸν
1141 2962 1340 3027 αὑτοῦ,
1385 2962 1475 3016 τὸν
1513 2964 1814 3035 ποιήσαντα

228 3055 317 3107 τὸν
342 3056 579 3127 οὐρανὸν
616 3056 713 3109 καὶ
744 3054 843 3126 τὴν
868 3057 973 3127 γῆν
994 3072 1007 3085 °
1051 3074 1068 3106 ι
1094 3056 1374 3127 ἐπήγαγε,
1412 3076 1431 3108 ι
1480 3056 1581 3129 τὴν
1612 3056 1812 3112 Θάλασ-

234 3164 363 3213 σαν,
411 3150 511 3202 καὶ
544 3148 721 3202 πάντα
752 3147 821 3201 τὰ
853 3148 911 3201 ὲν
939 3148 1119 3212 αὐτοῖς
1153 3146 1286 3218 (‘24).
1332 3168 1351 3200 ι

773 3257 1105 3313 sparum
1142 3258 1277 3328 (25).

235 3370 417 3442 Holov
451 3372 669 3442 τοίνυν
693 3372 737 3403 ¹³
760 3372 955 3442 φωτὸς
977 3370 1221 3442 ἄμοιρος
1247 3374 1552 3442 αἰφνιδίως
1578 3378 1611 3429 ὀ
1640 3376 1711 3432 ἐν
1739 3376 1820 3441 τῷ

302 3441 514 3513 atan
560 3440 742 3513 (dator;
765 3439 981 3509 εὑρέθη
995 3439 1027 3507 ,⁷
1058 3439 1216 3497 ὥστε
1263 3439 1329 3497 τὸ
1358 3439 1581 3513 σκότὸς
1621 3439 1819 3501 ἐπάνὼ

304 3511 463 3564 εἶναι
491 3510 601 3564 τοῦ
628 3510 885 3577 ὕδατος;

306 3600 679 3671 Λογιξόμεθα,
705 3602 787 3656 ὅτι
814 3603 972 3674 εἴπερ
992 3622 1044 3658 τι
1068 3599 1137 3675 ἦν
1163 3604 1268 3677 πρὸ
1292 3605 1485 3659 τούτου
1514 3606 1608 3660 τοῦ
1633 3606 1821 3680 αἰσθηο

239 3693 331 3745 τοῦ
366 3693 617 3763 κόσμου,
668 3694 727 3747 ὲν
757 3694 899 3763 φωτὶ
935 3695 1003 3749 ἂν
1046 3693 1114 3769 ἧν
1148 3695 1409 3768 δηλονότι.
1445 3697 1582 3753 Οὔτε
1626 3699 1736 3770 γὰρ
1766 3702 1821 3754 αἱ

241 3780 350 3835 τῶν
379 3783 634 3852 ἀγγέλων
660 3783 809 3849 ἀξίαι
848 3784 973 3838 οὗτε
1014 3787 1185 3840 πᾶσαι
1214 3789 1270 3841 αἱ
1304 3788 1618 3860 ἐπουράνιοι
1656 3806 1820 3859 στρα-

243 3878 357 3929 τιαὶ
400 3877 463 3928 ἐν
498 3876 682 3930 σκότει
713 3877 899 3949 διῆγον
968 3880 1107 3934 Ἀλλ’
1140 3883 1198 3935 ὲν
1232 3883 1373 3951 φωτὶ
1416 3882 1511 3937 καὶ⁵
1551 3883 1700 3956 πάσῃ
1732 3885 1824 3938 εὑ-

250 3967 497 4040 φροσὺνῃ
546 3972 914 4042 πνευματικῇ.
948 3973 1059 4026 Καὶ
1102 3972 1315 4039 τούτοις
1358 3976 1537 4039 οὐδεὶς
1569 3977 1820 4046 ἀντερεῖ,

250 4062 403 4123 ὅστις
455 4059 517 4114 τὸ
571 4060 966 4133 ὑπερουράνιον
1014 4065 1129 4138 (png
1180 4068 1237 4120 ὲν
1282 4070 1403 4130 ταῖς
1445 4067 1555 4121 τῶν
1602 4068 1825 4137 ἀγαθῶν

253 4152 615 4220 ἐπαγγελίαις
680 4153 995 4224 ἐκδέχεται,
1056 4158 1187 4228 περὶ
1237 4150 1299 4210 οὗ
1359 4156 1608 4229 Σολομῶν
1668 4173 1826 4229 φησιο

264 4262 282 4294 ι
308 4243 428 4306 Φῶς
452 4243 682 4307 δικαίοις
708 4244 1020 4311 διαπαντός.
1052 4267 1070 4299 ι
1094 4248 1206 4301 Καὶ
1232 4250 1260 4301 ό
1284 4244 1604 4313 Ἀπόστολος
1623 4266 1636 4280 ο
1678 4268 1697 4302 ι
1723 4251 1827 4304 Εὐ-

253 4334 648 4403 χαριστοῦντες
684 4338 759 4405 τῷ
787 4338 965 4409 Πατρὶ
997 4339 1077 4409 τῷ
1120 4339 1449 4395 ἱκανώσαντι
1482 4343 1630 4411 ἡμᾶς
1667 4342 1724 4395 ὲν
1760 4345 1826 4412 τῇ

256 4425 443 4496 μερίδι
489 4424 602 4495 (ἳϋ)
656 4427 750 4481 τοῦ
786 4429 987 4501 κλήρου
1034 4430 1143 4484 τῶν
1180 4431 1352 4500 ἁγίων
1392 4434 1449 4485 ἐν
1492 4432 1571 4504 τῷ
1601 4434 1761 4501 φωτί.
1801 4451 1820 4485 s

1898 668 2007 708 non
2040 660 2320 722 {aeternam
2359 650 2496 706 dixit
2537 667 2657 708 esse
2716 660 2937 717 terram,
2976 652 3071 707 sed
3119 662 3241 723 post
3275 655 3476 711 calum

1900 754 1992 799 aut
2034 759 2158 798 cum
2188 742 2328 797 coelo
2354 750 2593 797 creatam
2632 757 2772 797 esse.
2822 740 3039 812 Alioqui
3085 756 3186 797 nec
3231 742 3478 799 absolute

1900 836 2036 891 dixit
2075 835 2328 905 scriptor,
2364 852 2383 885 ι
2416 832 2582 889 Terra
2628 843 2808 889 autem
2842 842 2994 888 erat:
3029 852 3047 885 ι
3084 834 3181 889 sed
3208 836 3353 905 quod
3386 852 3473 891 se-

1900 928 2085 1000 quitur
2132 926 2435 998 subjunxit,
2482 944 2501 977 ι
2540 935 2678 980 terra
2717 933 2899 980 autem
2929 932 3047 981 erat
3096 924 3387 981 invisibilis
3425 935 3480 980 et

1902 1021 2282 1090 incomposita,
2323 1038 2342 1069 ι
2389 1019 2494 1074 hoc
2535 1028 2638 1082 est,
2693 1025 2874 1073 creata
2916 1017 3137 1088 quidem
3192 1025 3275 1073 est
3305 1032 3334 1072 a
3366 1016 3478 1073 Deo

1902 1112 2288 1167 universorum
2338 1128 2352 1166 :
2405 1111 2499 1167 sed
2558 1110 2738 1166 adhuc
2786 1108 3077 1166 invisibilis
3125 1118 3263 1175 erat,
3318 1110 3479 1175 aquis

1902 1219 2095 1274 nempe
2140 1203 2514 1259 circumdata:
2561 1212 2617 1258 et
2644 1203 3025 1273 incomposita,
3065 1217 3132 1258 eo
3164 1199 3311 1271 quod
3341 1216 3479 1256 non-

1900 1295 2029 1350 dum
2062 1304 2257 1350 ornata
2286 1306 2403 1350 erat
2426 1295 2786 1363 germinibus,
2837 1309 3017 1365 neque
3046 1292 3256 1349 consita
3287 1294 3475 1363 pratis,

1899 1385 2219 1444 nemoribus
2246 1394 2300 1440 et
2327 1386 2624 1441 sevetibus.

2487 1496 2766 1552 INTERR.
2810 1498 2895 1553 Vl.

2010 1611 2138 1667 Non
2172 1614 2349 1667 docuit
2379 1629 2473 1668 nos
2506 1611 2697 1678 Moses,
2744 1611 2911 1666 Deum
2944 1628 3149 1667 creasse
3179 1629 3369 1669 nouas.

1971 1771 2136 1841 Atqui
2167 1786 2291 1825 cum
2324 1770 2526 1825 dixerit
2554 1789 2569 1825 :
2600 1788 2619 1823 ι
2653 1770 2821 1826 'lerra
2841 1782 3020 1826 autem
3044 1780 3166 1826 erat
3192 1770 3482 1826 invisibilis

1904 1871 1959 1919 et
1978 1863 2358 1932 incomposita,
2382 1871 2436 1916 et
2460 1862 2697 1918 tenebrae
2717 1872 2873 1917 erant
2909 1877 3074 1933 super
3099 1863 3355 1933 abyssum
3374 1873 3423 1926 ρ,
3458 1880 3478 1915 ι

1904 1954 2299 2011 demonstravit
2337 1969 2460 2009 cum
2501 1961 2645 2009 terra
2687 1962 2924 2010 creatam
2979 1955 3141 2009 simul
3171 1969 3293 2009 esse
3329 1968 3485 2023 aqua:

1903 2055 2174 2101 naturam.
2205 2046 2270 2101 Et
2299 2044 2442 2101 Deus
2467 2047 2740 2113 omnium,
2774 2061 2898 2102 cum
2936 2046 3004 2101 de
3035 2045 3275 2103 Sabbato
3305 2048 3480 2119 legem

1905 2137 2091 2202 ferret,
2128 2136 2209 2192 sic
2247 2136 2368 2191 ait:
2410 2152 2430 2187 ι
2465 2133 2569 2191 Sex
2631 2135 2822 2192 diebus
2866 2136 3216 2206 operaberis,
3257 2138 3487 2207 septima

1904 2243 2035 2285 vero
2098 2227 2399 2283 Sabbatum
2446 2235 2501 2282 et
2542 2228 2758 2298 requies
2801 2225 3034 2282 Domino
3072 2228 3321 2299 Deolo
3371 2238 3484 2284 tuo.

1907 2320 2015 2377 Sex
2044 2320 2190 2376 enim
2227 2320 2420 2375 diebus
2469 2318 2676 2374 creavit
2724 2318 2991 2387 Dominus
3027 2319 3172 2375 Deus
3198 2321 3397 2376 crelum
3435 2330 3490 2376 et

1907 2424 2131 2479 terram,
2174 2422 2229 2470 et
2271 2428 2439 2477 mare,
2476 2421 2532 2468 et
2558 2412 2745 2468 omnia
2773 2428 2896 2483 quae
2936 2414 2988 2467 in
3022 2412 3104 2468 eis
3135 2423 3321 2469 sums.
3362 2431 3381 2464 ι
3413 2411 3487 2467 lla

1906 2515 1971 2564 ut
1996 2508 2069 2563 sit
2097 2509 2148 2561 in
2182 2516 2393 2577 aperto,
2422 2503 2572 2576 qubd
2607 2503 2871 2575 quidquid
2926 2506 2979 2559 in
3010 2504 3092 2561 eis
3124 2512 3228 2572 est,
3274 2505 3489 2561 visibile

1908 2599 1981 2654 sit
2008 2607 2101 2653 aut
2140 2596 2437 2661 invisibile,
2481 2610 2651 2651 sensu
2682 2603 2780 2650 aut
2810 2594 3090 2651 intellectu
3130 2596 3490 2665 comprehen-

1909 2689 2090 2754 datur,
2142 2696 2362 2757 excepta
2409 2687 2597 2741 divina
2640 2685 2969 2751 substantia,
3024 2693 3278 2753 naturam
3330 2686 3493 2740 habet

1911 2789 2171 2836 creatam.
2216 2779 2346 2835 Item
2374 2778 2686 2849 perdivinus
2714 2778 2805 2832 ille
2829 2773 3011 2831 David
3031 2816 3047 2841 ,
3077 2792 3201 2832 cum
3239 2777 3489 2841 dixisset,

1918 2891 1938 2924 ι
1974 2871 2192 2936 Beatus,
2232 2870 2391 2940 cujus
2419 2868 2561 2925 Deus
2599 2867 2769 2924 Jacob
2804 2867 3021 2938 adjutor
3046 2905 3062 2930 ,
3097 2867 3251 2937 cujus
3279 2883 3405 2937 spes
3436 2868 3493 2923 in

1912 2965 2143 3019 Domino
2188 2962 2299 3017 Deo
2352 2961 2539 3031 ipsius,
2574 2950 2685 3031 'qui
2719 2959 2847 3016 fecit
2873 2960 3071 3016 caelum
3103 2969 3157 3015 et
3192 2968 3390 3014 terram
3420 2976 3435 3023 ;
3465 2978 3485 3011 s

1911 3055 2216 3127 subjunxit,
2240 3074 2258 3107 ι
2297 3070 2465 3119 mare,
2483 3062 2537 3109 et
2563 3053 2746 3109 omnia
2772 3068 2894 3124 qua:
2921 3052 2976 3107 in
3003 3052 3083 3108 eis
3129 3062 3318 3108 sunt'.
3362 3072 3380 3105 ι

2433 3250 2965 3308 INTERROGATIO.

1918 3371 2210 3439 Cujusnam
2256 3370 2419 3439 igitur
2447 3369 2659 3422 lunu'm's
2703 3371 2883 3423 statim
2918 3385 3099 3437 expers
3148 3370 3387 3424 inventus
3417 3381 3494 3425 est

1990 3442 2135 3494 locus
2182 3439 2292 3505 ille,
2322 3444 2410 3509 qui
2453 3450 2566 3494 erat
2599 3440 2654 3494 in
2683 3439 2898 3504 mundo,
2948 3449 3007 3493 ut
3051 3440 3276 3495 teneone
3325 3451 3494 3496 essent

1992 3527 2148 3579 super
2180 3510 2410 3581 aquarii?

1992 3602 2402 3667 Existimamus,
2453 3604 2498 3659 si
2546 3604 2674 3673 quid
2719 3614 2845 3660 ante
2893 3603 3062 3666 hunc,
3111 3618 3272 3673 quem
3334 3619 3495 3660 sensu

1922 3706 2111 3752 nostro
2140 3695 2488 3766 percipimus,
2521 3696 2807 3763 mundum,
2838 3695 3127 3763 exstiterit,
3161 3696 3295 3751 illud
3318 3697 3497 3751 omni-

1923 3805 1996 3845 no
2024 3793 2077 3845 in
2111 3790 2315 3845 lumine
2345 3786 2549 3845 fuisse:
2590 3804 2765 3859 neque
2798 3789 2943 3844 enim
2990 3788 3309 3859 angelorum
3346 3787 3496 3843 ordi—

1925 3897 2041 3947 nes,
2082 3895 2184 3937 nec
2220 3896 2409 3936 omnes
2446 3880 2698 3935 cwlestes
2720 3880 2993 3935 exercitus
3032 3878 3086 3933 in
3130 3878 3365 3935 tenebris
3400 3879 3498 3934 de-

1927 3974 2141 4043 gebant,
2178 3973 2272 4029 sed
2305 3973 2362 4027 in
2383 3972 2592 4027 lumine
2622 3980 2678 4025 et
2710 3972 2763 4024 in
2792 3973 2939 4025 omni
2973 3971 3241 4040 spirituali
3275 3970 3495 4041 gaudio.

1928 4063 2132 4133 Hisque
2171 4078 2331 4137 nemo
2363 4062 2704 4132 repugnabit,
2752 4062 2846 4131 qui
2884 4062 3067 4116 lumen
3110 4060 3497 4131 supercmleste

1927 4157 2069 4211 inter
2102 4155 2237 4210 bona
2267 4152 2535 4223 promissa
2571 4153 2787 4224 recipit,
2814 4153 2879 4208 de
2907 4168 3017 4223 quo
3046 4153 3251 4208 lumine
3276 4152 3499 4209 Salomo

1927 4250 2094 4305 dicit:
2151 4266 2169 4300 ι
2211 4246 2419 4301 Lumen
2471 4253 2789 4316 perpetuum
2834 4256 2917 4302 est
2946 4247 3134 4317 justis.
3170 4265 3189 4299 ι
3248 4245 3315 4301 Et
3356 4248 3502 4317 Apo-

1932 4342 2145 4397 stolus:
2189 4358 2208 4391 ι
2237 4336 2453 4393 Gratias
2502 4345 2725 4408 agentes
2768 4336 2939 4403 Patri,
2989 4340 3082 4407 qui
3133 4355 3229 4393 nos
3279 4338 3503 4394 idoneos

1932 4433 2058 4490 fecit
2102 4439 2254 4504 parte
2305 4429 2469 4486 sortis
2520 4438 2835 4483 sanctorum
2890 4430 2944 4483 in
2978 4429 3177 4484 lumine
3198 4442 3243 4484 ι.
3285 4449 3304 4483 ι
3365 4430 3500 4490 Cum

266 4514 424 4567 Ἐπεὶ
475 4511 571 4569 οὖν
618 4518 833 4586 ἐγένετο
889 4523 917 4575 ὁ
968 4522 1197 4593 οὐρανὸς
1253 4523 1636 4595 προστάγματι
1691 4525 1813 4579 Θεοί

1932 4525 2115 4595 itaque
2140 4522 2337 4579 coelum
2361 4521 2517 4591 jussu
2543 4518 2636 4575 Dei
2666 4530 2929 4587 creatum,
2964 4537 3127 4591 super
3151 4523 3357 4588 omnia,
3384 4538 3505 4591 quae

252 4608 473 4679 ἀθρόως
504 4610 820 4681 περιταθεὶς
847 4613 962 4675 τοῖς
986 4613 1137 4676 ἐντὸς
1168 4613 1273 4666 ὑπὸ
1299 4593 1399 4685 τῆς
1427 4615 1633 4677 οἰκείας
1662 4616 1813 4670 αὐτοί

1938 4618 2077 4672 intra
2138 4616 2254 4684 ejus
2316 4612 2581 4668 ambitum
2636 4613 2999 4680 continentur,
3056 4629 3355 4684 expansum
3408 4615 3516 4685 sit,

255 4701 616 4773 περιφερείας
644 4703 1095 4774 ἀπειλημμένοις,
1137 4706 1297 4775 σῶμα
1331 4705 1469 4775 ἔχων
1497 4706 1553 4760 δὲ
1587 4708 1829 4779 συνεχὲς,

260 4794 449 4847 ἱκανὸν
472 4793 585 4847 τῶν
613 4794 762 4848 ἔνδον
796 4794 1079 4867 διαστῆσαι
1114 4796 1181 4851 τὰ
1212 4796 1318 4862 ἔξω
1338 4816 1357 4833 ο
1400 4800 1714 4868 ἀναγκαίως
1741 4802 1833 4854 τὸν

259 4882 720 4953 ἑναπολειφθὲντα
765 4886 926 4939 τόπον
962 4886 1112 4957 αὐτῷ
1145 4889 1364 4960 ἀφεγγῆ
1404 4891 1705 4960 κατέστησε
1735 4890 1834 4961 τὴν

336 5069 359 5090 ⁶
383 5059 522 5116 Gen.
557 5061 679 5125 1,1,
758 5072 784 5110 P
810 5060 945 5116 Gen.
979 5080 1016 5129 ι,
1050 5061 1104 5116 2.
1176 5073 1205 5113 (ι
1237 5062 1407 5118 Exod.
1444 5080 1536 5129 xx,
1570 5062 1727 5119 9-H.

1806 5074 1827 5102 ι’
1848 5065 1995 5121 Psal.
2024 5080 2176 5130 chv,
2211 5065 2265 5131 5,
2306 5066 2359 5121 6.

1938 4723 2137 4778 corpus
2181 4717 2362 4762 autem
2418 4705 2616 4761 habeat
2664 4706 3010 4773 continuum,
3042 4705 3187 4776 quod
3217 4705 3390 4775 possit
3416 4722 3502 4770 ea.

1940 4816 2061 4873 quae
2102 4801 2244 4855 intra
2278 4814 2337 4854 se
2374 4797 2808 4868 comprehendit,
2840 4799 2908 4854 ab
2935 4799 3296 4856 exterioribus
3348 4813 3506 4867 separ

1940 4908 2084 4960 rare,
2124 4906 2345 4948 necesse
2385 4898 2488 4956 est,
2533 4898 2593 4945 ut
2643 4890 2849 4956 locum,
2888 4908 3051 4962 quem
3111 4891 3538 4964 complectitur,‘

2463 5078 2484 5106 ³
2516 5065 2731 5123 Coloss.
2760 5082 2797 5132 ι,
2826 5065 2912 5125 12.

1176 5196 1410 5255 VARUS
1439 5198 1821 5257 LECTIONES
1854 5199 1944 5254 EX
1982 5200 2259 5256 CATENA
2294 5202 2629 5259 LIPSIENSI

366 5358 405 5433 ἐι
443 5355 649 5423 ἐδίδαξε
684 5358 824 5431 μετὰ
852 5359 949 5428 τῆς
982 5359 1343 5431 δημιουργίας
1365 5362 1463 5433 τὴν
1483 5362 1592 5417 τῶν
1619 5362 1824 5417 ὑδάτων
1857 5362 2039 5432 φύσιν.

278 5425 486 5481 buitur.

2148 5368 2190 5398 “
2222 5366 2402 5423 Sectio
2445 5367 2533 5422 illa
2596 5366 2650 5424 in
2692 5373 2883 5423 eatena
2951 5382 3005 5437 p.
3069 5363 3134 5420 Η
3174 5360 3374 5431 Basilio
3413 5360 3527 5418 tri-.

1796 5535 2032 5593 NOTAE.

355 5660 471 5729 (ει)
501 5658 636 5713 Cod.
674 5662 733 5711 ὲν
758 5658 919 5729 αὐτῇ.

352 5727 467 5809 (25)
504 5729 653 5809 lianc
676 5727 971 5809 sectionem
1004 5743 1034 5781 a
1088 5727 1380 5809 §irmonuo
1430 5730 1688 5809 omissam
1727 5730 1844 5809 fide

1950 5660 2086 5733 haec,
2118 5677 2171 5732 p.
2209 5662 2262 5725 «ι,
2288 5663 2558 5733 leguntur.

2019 5732 2130 5802 (26)
2165 5732 2327 5809 ἑῃτῇ
2348 5732 2570 5809 μερίδι.
2608 5732 2730 5794 llaec
2764 5753 2813 5799 a;
2849 5736 3128 5794 communi
3157 5735 3407 5804 lectione,
3430 5750 3527 5809 τις

283 5799 493 5874 codicis
515 5799 819 5874 Auguslani
865 5799 1235 5874 inserendam
1261 5799 1591 5874 curavinms,
1646 5800 1843 5874 imitati
1948 5803 2045 5874 τὴν
2081 5799 2619 5874 μερξδαμιερὲύυηι.

283 5868 853 5941 ειειηριυωίοδιιιιὶε
884 5868 1015 5935 Pici,
1046 5868 1100 5923 in
1150 5868 1306 5940 cujus
1367 5869 1601 5929 editione
1652 5870 1836 5927 Grazca
