  <div class='ocr_page' id='page_1' title='image "/cluster/home/n/w/nwhite01/storage/ocr_20150623/80/hvd.32044009825613/059.png"; bbox 0 0 3964 6540; ppageno 0'>
   <div class='ocr_carea' id='block_1_1' title="bbox 504 427 3756 497">
    <p class='ocr_par' dir='ltr' id='par_1_1' title="bbox 504 427 3756 497">
     <span class='ocr_line' id='line_1_1' title="bbox 504 427 3756 497; baseline -0.002 0"><span class='ocrx_word' id='word_1_1' title='bbox 504 434 575 497; x_wconf 85' lang='grc'><strong>8⁸1</strong></span> <span class='ocrx_word' id='word_1_2' title='bbox 1490 433 1984 495; x_wconf 84' lang='lat' dir='ltr'><strong>THEODORETI</strong></span> <span class='ocrx_word' id='word_1_3' title='bbox 2038 433 2379 496; x_wconf 87' lang='lat' dir='ltr'><strong>EPISCOPI</strong></span> <span class='ocrx_word' id='word_1_4' title='bbox 2431 433 2797 495; x_wconf 82' lang='lat' dir='ltr'><strong>CYRENSIS</strong></span> <span class='ocrx_word' id='word_1_5' title='bbox 3680 427 3756 489; x_wconf 71' lang='grc'><strong>98</strong></span> 
     </span>
    </p>
   </div>
   <div class='ocr_carea' id='block_1_2' title="bbox 503 544 2073 623">
    <p class='ocr_par' dir='ltr' id='par_1_2' title="bbox 503 548 2073 614">
     <span class='ocr_line' id='line_1_2' title="bbox 503 548 2073 614; baseline 0.001 -8"><span class='ocrx_word' id='word_1_6' title='bbox 503 549 851 606; x_wconf 86' lang='lat' dir='ltr'><strong>tenebrosum</strong></span> <span class='ocrx_word' id='word_1_7' title='bbox 902 548 1116 614; x_wconf 78' lang='lat' dir='ltr'><strong>reddat,</strong></span> <span class='ocrx_word' id='word_1_8' title='bbox 1184 556 1468 604; x_wconf 74' lang='lat' dir='ltr'><strong>externum</strong></span> <span class='ocrx_word' id='word_1_9' title='bbox 1521 551 1702 607; x_wconf 87' lang='lat' dir='ltr'><strong>lumen</strong></span> <span class='ocrx_word' id='word_1_10' title='bbox 1756 553 2073 609; x_wconf 83' lang='lat' dir='ltr'><strong>excludens.</strong></span> 
     </span>
    </p>
   </div>
   <div class='ocr_carea' id='block_1_3' title="bbox 2185 544 3759 623">
    <p class='ocr_par' dir='ltr' id='par_1_3' title="bbox 2185 544 3759 623">
     <span class='ocr_line' id='line_1_3' title="bbox 2185 544 3759 623; baseline -0.007 -18"><span class='ocrx_word' id='word_1_11' title='bbox 2185 550 2379 617; x_wconf 75' lang='grc' dir='ltr'>ἔξωθεν</span> <span class='ocrx_word' id='word_1_12' title='bbox 2424 552 2598 623; x_wconf 79' lang='grc' dir='ltr'>αὐγὴν</span> <span class='ocrx_word' id='word_1_13' title='bbox 2642 549 2929 619; x_wconf 70' lang='grc' dir='ltr'>διακόψας.</span> <span class='ocrx_word' id='word_1_14' title='bbox 2977 546 3119 621; x_wconf 87' lang='grc' dir='ltr'>Τρία</span> <span class='ocrx_word' id='word_1_15' title='bbox 3164 546 3275 617; x_wconf 79' lang='grc' dir='ltr'>γὰρ</span> <span class='ocrx_word' id='word_1_16' title='bbox 3311 547 3391 599; x_wconf 83' lang='grc' dir='ltr'>δεῖ</span> <span class='ocrx_word' id='word_1_17' title='bbox 3434 544 3759 614; x_wconf 65' lang='grc' dir='ltr'>συνδραμεῖν</span> 
     </span>
    </p>
   </div>
   <div class='ocr_carea' id='block_1_4' title="bbox 503 640 2073 710">
    <p class='ocr_par' dir='ltr' id='par_1_4' title="bbox 503 640 2073 710">
     <span class='ocr_line' id='line_1_4' title="bbox 503 640 2073 710; baseline 0.002 -14"><span class='ocrx_word' id='word_1_18' title='bbox 503 642 629 697; x_wconf 82' lang='lat' dir='ltr'><strong>Tria</strong></span> <span class='ocrx_word' id='word_1_19' title='bbox 654 641 797 697; x_wconf 88' lang='lat' dir='ltr'><strong>enim</strong></span> <span class='ocrx_word' id='word_1_20' title='bbox 817 650 1151 697; x_wconf 77' lang='lat' dir='ltr'><strong>concurrant</strong></span> <span class='ocrx_word' id='word_1_21' title='bbox 1185 640 1251 695; x_wconf 89' lang='lat' dir='ltr'><strong>ad</strong></span> <span class='ocrx_word' id='word_1_22' title='bbox 1297 642 1395 710; x_wconf 79' lang='grc' dir='ltr'><strong>ιι</strong></span> <span class='ocrx_word' id='word_1_23' title='bbox 1426 641 1674 697; x_wconf 87' lang='lat' dir='ltr'><strong>umbram</strong></span> <span class='ocrx_word' id='word_1_24' title='bbox 1710 658 1935 701; x_wconf 88' lang='lat' dir='ltr'><strong>necesse</strong></span> <span class='ocrx_word' id='word_1_25' title='bbox 1954 654 2073 701; x_wconf 87' lang='lat' dir='ltr'><strong>est:</strong></span> 
     </span>
    </p>
   </div>
   <div class='ocr_carea' id='block_1_5' title="bbox 502 732 2081 802">
    <p class='ocr_par' dir='ltr' id='par_1_5' title="bbox 502 732 2081 802">
     <span class='ocr_line' id='line_1_5' title="bbox 502 732 2081 802; baseline 0.003 -15"><span class='ocrx_word' id='word_1_26' title='bbox 502 733 709 799; x_wconf 87' lang='lat' dir='ltr'><strong>lumen,</strong></span> <span class='ocrx_word' id='word_1_27' title='bbox 745 746 964 802; x_wconf 88' lang='lat' dir='ltr'><strong>corpus,</strong></span> <span class='ocrx_word' id='word_1_28' title='bbox 992 740 1041 786; x_wconf 91' lang='lat' dir='ltr'><strong>et</strong></span> <span class='ocrx_word' id='word_1_29' title='bbox 1070 732 1224 788; x_wconf 89' lang='lat' dir='ltr'><strong>locus</strong></span> <span class='ocrx_word' id='word_1_30' title='bbox 1268 732 1390 787; x_wconf 88' lang='lat' dir='ltr'><strong>luce</strong></span> <span class='ocrx_word' id='word_1_31' title='bbox 1419 746 1631 789; x_wconf 79' lang='lat' dir='ltr'><strong>carens.</strong></span> <span class='ocrx_word' id='word_1_32' title='bbox 1682 733 1941 791; x_wconf 67' lang='lat' dir='ltr'><strong>Tenebras</strong></span> <span class='ocrx_word' id='word_1_33' title='bbox 1977 740 2081 791; x_wconf 86' lang='lat' dir='ltr'><strong>ita-</strong></span> 
     </span>
    </p>
   </div>
   <div class='ocr_carea' id='block_1_6' title="bbox 500 823 2067 898">
    <p class='ocr_par' dir='ltr' id='par_1_6' title="bbox 500 823 2067 898">
     <span class='ocr_line' id='line_1_6' title="bbox 500 823 2067 898; baseline 0.003 -19"><span class='ocrx_word' id='word_1_34' title='bbox 500 839 628 895; x_wconf 83' lang='lat' dir='ltr'><strong>que,</strong></span> <span class='ocrx_word' id='word_1_35' title='bbox 668 840 791 894; x_wconf 77' lang='lat' dir='ltr'><strong>quae</strong></span> <span class='ocrx_word' id='word_1_36' title='bbox 822 832 952 880; x_wconf 91' lang='lat' dir='ltr'><strong>sunt</strong></span> <span class='ocrx_word' id='word_1_37' title='bbox 987 825 1042 879; x_wconf 89' lang='lat' dir='ltr'><strong>in</strong></span> <span class='ocrx_word' id='word_1_38' title='bbox 1076 823 1299 888; x_wconf 90' lang='lat' dir='ltr'><strong>mundo,</strong></span> <span class='ocrx_word' id='word_1_39' title='bbox 1335 840 1440 879; x_wconf 90' lang='lat' dir='ltr'><strong>una</strong></span> <span class='ocrx_word' id='word_1_40' title='bbox 1482 825 1607 880; x_wconf 82' lang='lat' dir='ltr'><strong>cum</strong></span> <span class='ocrx_word' id='word_1_41' title='bbox 1644 827 1834 881; x_wconf 88' lang='lat' dir='ltr'><strong>umbra</strong></span> <span class='ocrx_word' id='word_1_42' title='bbox 1876 842 2067 898; x_wconf 88' lang='lat' dir='ltr'><strong>corpo-</strong></span> 
     </span>
    </p>
   </div>
   <div class='ocr_carea' id='block_1_7' title="bbox 499 915 1247 973">
    <p class='ocr_par' dir='ltr' id='par_1_7' title="bbox 499 915 1247 973">
     <span class='ocr_line' id='line_1_7' title="bbox 499 915 1247 973; baseline -0.003 -1"><span class='ocrx_word' id='word_1_43' title='bbox 499 917 578 972; x_wconf 84' lang='lat' dir='ltr'><strong>ris</strong></span> <span class='ocrx_word' id='word_1_44' title='bbox 614 915 853 973; x_wconf 71' lang='lat' dir='ltr'><strong>cmlestis</strong></span> <span class='ocrx_word' id='word_1_45' title='bbox 902 916 1247 973; x_wconf 81' lang='lat' dir='ltr'><strong>exstiterunt.</strong></span> 
     </span>
    </p>
   </div>
   <div class='ocr_carea' id='block_1_8' title="bbox 1060 1051 1494 1112">
    <p class='ocr_par' dir='ltr' id='par_1_8' title="bbox 1060 1051 1494 1112">
     <span class='ocr_line' id='line_1_8' title="bbox 1060 1051 1494 1112; baseline -0.009 0"><span class='ocrx_word' id='word_1_46' title='bbox 1060 1053 1337 1112; x_wconf 80' lang='lat' dir='ltr'><strong>INTERR.</strong></span> <span class='ocrx_word' id='word_1_47' title='bbox 1378 1051 1494 1108; x_wconf 80' lang='grc' dir='ltr'>νη.</span> 
     </span>
    </p>
   </div>
   <div class='ocr_carea' id='block_1_9' title="bbox 536 1165 2042 1235">
    <p class='ocr_par' dir='ltr' id='par_1_9' title="bbox 536 1165 2042 1235">
     <span class='ocr_line' id='line_1_9' title="bbox 536 1165 2042 1235; baseline -0.001 -13"><span class='ocrx_word' id='word_1_48' title='bbox 536 1165 598 1222; x_wconf 84' lang='lat' dir='ltr'><strong>Si</strong></span> <span class='ocrx_word' id='word_1_49' title='bbox 630 1167 771 1222; x_wconf 80' lang='lat' dir='ltr'><strong>Deus</strong></span> <span class='ocrx_word' id='word_1_50' title='bbox 820 1168 995 1221; x_wconf 84' lang='lat' dir='ltr'><strong>lumen</strong></span> <span class='ocrx_word' id='word_1_51' title='bbox 1036 1167 1259 1230; x_wconf 86' lang='lat' dir='ltr'><strong>creavit,</strong></span> <span class='ocrx_word' id='word_1_52' title='bbox 1311 1166 1569 1235; x_wconf 87' lang='lat' dir='ltr'><strong>quomodo</strong></span> <span class='ocrx_word' id='word_1_53' title='bbox 1613 1165 1849 1220; x_wconf 75' lang='lat' dir='ltr'><strong>tenebras</strong></span> <span class='ocrx_word' id='word_1_54' title='bbox 1902 1166 2042 1221; x_wconf 76' lang='lat' dir='ltr'><strong>idem</strong></span> 
     </span>
    </p>
   </div>
   <div class='ocr_carea' id='block_1_10' title="bbox 750 1236 1831 1307">
    <p class='ocr_par' dir='ltr' id='par_1_10' title="bbox 750 1236 1831 1307">
     <span class='ocr_line' id='line_1_10' title="bbox 750 1236 1831 1307; baseline 0 -16"><span class='ocrx_word' id='word_1_55' title='bbox 750 1238 895 1307; x_wconf 80' lang='lat' dir='ltr'><strong>fecit,</strong></span> <span class='ocrx_word' id='word_1_56' title='bbox 927 1252 1045 1290; x_wconf 87' lang='lat' dir='ltr'><strong>cum</strong></span> <span class='ocrx_word' id='word_1_57' title='bbox 1075 1237 1183 1290; x_wconf 78' lang='lat' dir='ltr'><strong>lucc</strong></span> <span class='ocrx_word' id='word_1_58' title='bbox 1207 1236 1424 1290; x_wconf 76' lang='lat' dir='ltr'><strong>invicem</strong></span> <span class='ocrx_word' id='word_1_59' title='bbox 1463 1236 1831 1291; x_wconf 74' lang='lat' dir='ltr'><strong>adversentur?</strong></span> 
     </span>
    </p>
   </div>
   <div class='ocr_carea' id='block_1_11' title="bbox 577 1406 2070 1481">
    <p class='ocr_par' dir='ltr' id='par_1_11' title="bbox 577 1406 2070 1481">
     <span class='ocr_line' id='line_1_11' title="bbox 577 1406 2070 1481; baseline 0.003 -15"><span class='ocrx_word' id='word_1_60' title='bbox 577 1410 716 1466; x_wconf 90' lang='lat' dir='ltr'><strong>Sunt</strong></span> <span class='ocrx_word' id='word_1_61' title='bbox 753 1411 971 1481; x_wconf 84' lang='lat' dir='ltr'><strong>quidem</strong></span> <span class='ocrx_word' id='word_1_62' title='bbox 1002 1406 1149 1466; x_wconf 86' lang='lat' dir='ltr'><strong>inter</strong></span> <span class='ocrx_word' id='word_1_63' title='bbox 1190 1426 1250 1465; x_wconf 91' lang='lat' dir='ltr'><strong>se</strong></span> <span class='ocrx_word' id='word_1_64' title='bbox 1278 1412 1574 1477; x_wconf 86' lang='lat' dir='ltr'><strong>contraria,</strong></span> <span class='ocrx_word' id='word_1_65' title='bbox 1608 1411 1704 1468; x_wconf 90' lang='lat' dir='ltr'><strong>sed</strong></span> <span class='ocrx_word' id='word_1_66' title='bbox 1751 1413 2070 1469; x_wconf 89' lang='lat' dir='ltr'><strong>hominibus</strong></span> 
     </span>
    </p>
   </div>
   <div class='ocr_carea' id='block_1_12' title="bbox 2177 638 3755 715">
    <p class='ocr_par' dir='ltr' id='par_1_12' title="bbox 2177 638 3755 715">
     <span class='ocr_line' id='line_1_12' title="bbox 2177 638 3755 715; baseline -0.004 -18"><span class='ocrx_word' id='word_1_67' title='bbox 2177 645 2273 697; x_wconf 77' lang='grc' dir='ltr'>ἐπὶ</span> <span class='ocrx_word' id='word_1_68' title='bbox 2300 645 2399 715; x_wconf 82' lang='grc' dir='ltr'><strong>τῆς</strong></span> <span class='ocrx_word' id='word_1_69' title='bbox 2430 647 2608 709; x_wconf 82' lang='grc' dir='ltr'>σκιᾶς,</span> <span class='ocrx_word' id='word_1_70' title='bbox 2634 644 2700 697; x_wconf 76' lang='grc' dir='ltr'>τὸ</span> <span class='ocrx_word' id='word_1_71' title='bbox 2726 644 2863 712; x_wconf 84' lang='grc' dir='ltr'>φῶς,</span> <span class='ocrx_word' id='word_1_72' title='bbox 2884 642 2946 695; x_wconf 81' lang='grc' dir='ltr'>τὸ</span> <span class='ocrx_word' id='word_1_73' title='bbox 2976 642 3158 713; x_wconf 83' lang='grc' dir='ltr'>σῶμα,</span> <span class='ocrx_word' id='word_1_74' title='bbox 3189 640 3281 693; x_wconf 79' lang='grc' dir='ltr'><strong>τὸν</strong></span> <span class='ocrx_word' id='word_1_75' title='bbox 3307 639 3535 708; x_wconf 81' lang='grc' dir='ltr'>ἀλαμπῆ</span> <span class='ocrx_word' id='word_1_76' title='bbox 3566 638 3755 690; x_wconf 80' lang='grc' dir='ltr'>τόπον.</span> 
     </span>
    </p>
   </div>
   <div class='ocr_carea' id='block_1_13' title="bbox 2177 730 3756 805">
    <p class='ocr_par' dir='ltr' id='par_1_13' title="bbox 2177 730 3756 805">
     <span class='ocr_line' id='line_1_13' title="bbox 2177 730 3756 805; baseline -0.004 -18"><span class='ocrx_word' id='word_1_77' title='bbox 2177 736 2253 788; x_wconf 84' lang='grc' dir='ltr'><strong>Τὸ</strong></span> <span class='ocrx_word' id='word_1_78' title='bbox 2296 735 2481 789; x_wconf 90' lang='grc' dir='ltr'>τοίνυν</span> <span class='ocrx_word' id='word_1_79' title='bbox 2514 735 2811 805; x_wconf 82' lang='grc' dir='ltr'>ἐγκόσμιον</span> <span class='ocrx_word' id='word_1_80' title='bbox 2854 734 3043 796; x_wconf 87' lang='grc' dir='ltr'>σκότος</span> <span class='ocrx_word' id='word_1_81' title='bbox 3085 736 3152 805; x_wconf 81' lang='grc' dir='ltr'>τῇ</span> <span class='ocrx_word' id='word_1_82' title='bbox 3199 732 3329 802; x_wconf 80' lang='grc' dir='ltr'>σκιᾷ</span> <span class='ocrx_word' id='word_1_83' title='bbox 3371 730 3466 784; x_wconf 88' lang='grc' dir='ltr'><strong>τοῦ</strong></span> <span class='ocrx_word' id='word_1_84' title='bbox 3501 730 3756 800; x_wconf 78' lang='grc' dir='ltr'>οὐρανίου</span> 
     </span>
    </p>
   </div>
   <div class='ocr_carea' id='block_1_14' title="bbox 2184 827 2822 900">
    <p class='ocr_par' dir='ltr' id='par_1_14' title="bbox 2184 827 2822 900">
     <span class='ocr_line' id='line_1_14' title="bbox 2184 827 2822 900; baseline 0.003 -19"><span class='ocrx_word' id='word_1_85' title='bbox 2184 827 2435 900; x_wconf 84' lang='grc' dir='ltr'>σώματος</span> <span class='ocrx_word' id='word_1_86' title='bbox 2470 827 2822 897; x_wconf 84' lang='grc' dir='ltr'>παουπέστη.</span> 
     </span>
    </p>
   </div>
   <div class='ocr_carea' id='block_1_15' title="bbox 2813 1036 3122 1090">
    <p class='ocr_par' dir='ltr' id='par_1_15' title="bbox 2813 1036 3122 1090">
     <span class='ocr_line' id='line_1_15' title="bbox 2813 1036 3122 1090; baseline 0.003 -1"><span class='ocrx_word' id='word_1_87' title='bbox 2813 1036 3010 1090; x_wconf 85' lang='grc' dir='ltr'><strong>ΕΡΩΤ.</strong></span> <span class='ocrx_word' id='word_1_88' title='bbox 3050 1037 3122 1090; x_wconf 89' lang='lat' dir='ltr'><strong>Z’.</strong></span> 
     </span>
    </p>
   </div>
   <div class='ocr_carea' id='block_1_16' title="bbox 2177 1145 3756 1219">
    <p class='ocr_par' dir='ltr' id='par_1_16' title="bbox 2177 1145 3756 1219">
     <span class='ocr_line' id='line_1_16' title="bbox 2177 1145 3756 1219; baseline -0.002 -14"><span class='ocrx_word' id='word_1_89' title='bbox 2177 1153 2245 1207; x_wconf 85' lang='lat' dir='ltr'><strong>El</strong></span> <span class='ocrx_word' id='word_1_90' title='bbox 2272 1152 2337 1205; x_wconf 83' lang='grc' dir='ltr'>τὸ</span> <span class='ocrx_word' id='word_1_91' title='bbox 2369 1150 2494 1219; x_wconf 70' lang='grc' dir='ltr'>φῶς</span> <span class='ocrx_word' id='word_1_92' title='bbox 2514 1153 2548 1204; x_wconf 86' lang='grc' dir='ltr'><strong>ό</strong></span> <span class='ocrx_word' id='word_1_93' title='bbox 2574 1151 2719 1216; x_wconf 84' lang='grc' dir='ltr'><strong>Θεὸς</strong></span> <span class='ocrx_word' id='word_1_94' title='bbox 2737 1148 3187 1219; x_wconf 79' lang='grc' dir='ltr'><strong>ἐδημιούργησε,</strong></span> <span class='ocrx_word' id='word_1_95' title='bbox 3212 1147 3337 1214; x_wconf 81' lang='grc' dir='ltr'><strong>πῶς</strong></span> <span class='ocrx_word' id='word_1_96' title='bbox 3354 1147 3536 1214; x_wconf 84' lang='grc' dir='ltr'>αὐτὸς</span> <span class='ocrx_word' id='word_1_97' title='bbox 3553 1145 3669 1219; x_wconf 75' lang='grc'>(27)</span> <span class='ocrx_word' id='word_1_98' title='bbox 3690 1145 3756 1219; x_wconf 64' lang='grc' dir='ltr'><strong>τὸ</strong></span> 
     </span>
    </p>
   </div>
   <div class='ocr_carea' id='block_1_17' title="bbox 2251 1217 3756 1359">
    <p class='ocr_par' dir='ltr' id='par_1_17' title="bbox 2251 1217 3756 1359">
     <span class='ocr_line' id='line_1_17' title="bbox 2251 1217 3756 1347; baseline -0.011 -71"><span class='ocrx_word' id='word_1_99' title='bbox 2251 1217 2475 1347; x_wconf 57' lang='grc' dir='ltr'>Ξκότος</span> <span class='ocrx_word' id='word_1_100' title='bbox 2518 1220 2807 1288; x_wconf 78' lang='grc' dir='ltr'>ἐποίησεν</span> <span class='ocrx_word' id='word_1_101' title='bbox 2825 1217 2852 1281; x_wconf 51' lang='grc'><strong><em>;“</em></strong></span> <span class='ocrx_word' id='word_1_102' title='bbox 2901 1217 3144 1272; x_wconf 71' lang='grc' dir='ltr'>ἐναντία</span> <span class='ocrx_word' id='word_1_103' title='bbox 3187 1218 3295 1289; x_wconf 76' lang='grc' dir='ltr'>γὰρ</span> <span class='ocrx_word' id='word_1_104' title='bbox 3335 1218 3521 1274; x_wconf 86' lang='grc' dir='ltr'>ταῦτα</span> <span class='ocrx_word' id='word_1_105' title='bbox 3562 1217 3756 1285; x_wconf 73' lang='grc' dir='ltr'><strong>ἀλλή-</strong></span> 
     </span>
     <span class='ocr_line' id='line_1_18' title="bbox 2295 1310 2406 1359; baseline 0.009 -13"><span class='ocrx_word' id='word_1_106' title='bbox 2295 1310 2406 1359; x_wconf 83' lang='grc' dir='ltr'>οις.</span> 
     </span>
    </p>
   </div>
   <div class='ocr_carea' id='block_1_18' title="bbox 2262 1402 3756 1477">
    <p class='ocr_par' dir='ltr' id='par_1_18' title="bbox 2262 1402 3756 1477">
     <span class='ocr_line' id='line_1_19' title="bbox 2262 1402 3756 1477; baseline -0.004 -13"><span class='ocrx_word' id='word_1_107' title='bbox 2262 1406 2511 1464; x_wconf 86' lang='grc' dir='ltr'>Ἐναντία</span> <span class='ocrx_word' id='word_1_108' title='bbox 2542 1406 2640 1477; x_wconf 84' lang='grc' dir='ltr'>μὲν</span> <span class='ocrx_word' id='word_1_109' title='bbox 2662 1405 2932 1476; x_wconf 85' lang='grc' dir='ltr'>ἀλλήλοις,</span> <span class='ocrx_word' id='word_1_110' title='bbox 2959 1403 3076 1457; x_wconf 83' lang='grc' dir='ltr'>ἀλλ’</span> <span class='ocrx_word' id='word_1_111' title='bbox 3100 1404 3372 1473; x_wconf 84' lang='grc' dir='ltr'>ἀναγκαία</span> <span class='ocrx_word' id='word_1_112' title='bbox 3399 1407 3513 1470; x_wconf 85' lang='grc' dir='ltr'>τοῖς</span> <span class='ocrx_word' id='word_1_113' title='bbox 3537 1404 3636 1459; x_wconf 86' lang='grc' dir='ltr'><strong>ἀνθ</strong></span> <span class='ocrx_word' id='word_1_114' title='bbox 3644 1402 3756 1477; x_wconf 84' lang='grc' dir='ltr'><strong>ρῶ-</strong></span> 
     </span>
    </p>
   </div>
   <div class='ocr_carea' id='block_1_19' title="bbox 502 1495 2073 1576">
    <p class='ocr_par' dir='ltr' id='par_1_19' title="bbox 502 1502 2073 1576">
     <span class='ocr_line' id='line_1_20' title="bbox 502 1502 2073 1576; baseline 0.003 -19"><span class='ocrx_word' id='word_1_115' title='bbox 502 1502 665 1557; x_wconf 89' lang='lat' dir='ltr'><strong>ambo</strong></span> <span class='ocrx_word' id='word_1_116' title='bbox 714 1502 1043 1557; x_wconf 84' lang='lat' dir='ltr'><strong>necessaria.</strong></span> <span class='ocrx_word' id='word_1_117' title='bbox 1079 1502 1197 1557; x_wconf 83' lang='lat' dir='ltr'><strong>Lux</strong></span> <span class='ocrx_word' id='word_1_118' title='bbox 1228 1503 1373 1558; x_wconf 90' lang='lat' dir='ltr'><strong>enim</strong></span> <span class='ocrx_word' id='word_1_119' title='bbox 1412 1503 1694 1559; x_wconf 88' lang='lat' dir='ltr'><strong>hominum</strong></span> <span class='ocrx_word' id='word_1_120' title='bbox 1729 1506 1987 1576; x_wconf 85' lang='lat' dir='ltr'><strong>operibus</strong></span> <span class='ocrx_word' id='word_1_121' title='bbox 2025 1517 2073 1561; x_wconf 88' lang='lat' dir='ltr'><strong>et</strong></span> 
     </span>
    </p>
   </div>
   <div class='ocr_carea' id='block_1_20' title="bbox 2185 1495 3755 1576">
    <p class='ocr_par' dir='ltr' id='par_1_20' title="bbox 2185 1495 3755 1570">
     <span class='ocr_line' id='line_1_21' title="bbox 2185 1495 3755 1570; baseline -0.008 -16"><span class='ocrx_word' id='word_1_122' title='bbox 2185 1518 2302 1563; x_wconf 84' lang='grc' dir='ltr'>ποις</span> <span class='ocrx_word' id='word_1_123' title='bbox 2331 1498 2633 1570; x_wconf 88' lang='grc' dir='ltr'>ἀμφότερα.</span> <span class='ocrx_word' id='word_1_124' title='bbox 2681 1497 2754 1549; x_wconf 84' lang='grc' dir='ltr'>Τὸ</span> <span class='ocrx_word' id='word_1_125' title='bbox 2787 1497 2885 1565; x_wconf 85' lang='grc' dir='ltr'><strong>μὲν</strong></span> <span class='ocrx_word' id='word_1_126' title='bbox 2923 1496 3031 1565; x_wconf 83' lang='grc' dir='ltr'>γὰρ</span> <span class='ocrx_word' id='word_1_127' title='bbox 3074 1495 3211 1565; x_wconf 82' lang='grc' dir='ltr'>πρὸς</span> <span class='ocrx_word' id='word_1_128' title='bbox 3252 1496 3518 1566; x_wconf 78' lang='grc' dir='ltr'><strong>ἐργασίαν</strong></span> <span class='ocrx_word' id='word_1_129' title='bbox 3553 1513 3613 1549; x_wconf 87' lang='grc' dir='ltr'>τε</span> <span class='ocrx_word' id='word_1_130' title='bbox 3661 1497 3755 1550; x_wconf 64' lang='grc' dir='ltr'>καὶ</span> 
     </span>
    </p>
   </div>
   <div class='ocr_carea' id='block_1_21' title="bbox 502 1582 2073 1668">
    <p class='ocr_par' dir='ltr' id='par_1_21' title="bbox 502 1593 2073 1668">
     <span class='ocr_line' id='line_1_22' title="bbox 502 1593 2073 1668; baseline 0.003 -21"><span class='ocrx_word' id='word_1_131' title='bbox 502 1593 786 1649; x_wconf 88' lang='lat' dir='ltr'><strong>laboribus</strong></span> <span class='ocrx_word' id='word_1_132' title='bbox 830 1593 1060 1660; x_wconf 79' lang='lat' dir='ltr'><strong>confert,</strong></span> <span class='ocrx_word' id='word_1_133' title='bbox 1097 1604 1151 1651; x_wconf 87' lang='lat' dir='ltr'><strong>et</strong></span> <span class='ocrx_word' id='word_1_134' title='bbox 1193 1610 1454 1666; x_wconf 83' lang='lat' dir='ltr'><strong>apparere</strong></span> <span class='ocrx_word' id='word_1_135' title='bbox 1503 1594 1634 1652; x_wconf 77' lang='lat' dir='ltr'><strong>facit</strong></span> <span class='ocrx_word' id='word_1_136' title='bbox 1672 1612 1735 1652; x_wconf 90' lang='lat' dir='ltr'><strong>ea</strong></span> <span class='ocrx_word' id='word_1_137' title='bbox 1785 1613 1907 1668; x_wconf 70' lang='lat' dir='ltr'><strong>qua:</strong></span> <span class='ocrx_word' id='word_1_138' title='bbox 1944 1612 2073 1652; x_wconf 94' lang='lat' dir='ltr'><strong>con-</strong></span> 
     </span>
    </p>
   </div>
   <div class='ocr_carea' id='block_1_22' title="bbox 2185 1582 3758 1668">
    <p class='ocr_par' dir='ltr' id='par_1_22' title="bbox 2185 1582 3758 1656">
     <span class='ocr_line' id='line_1_23' title="bbox 2185 1582 3758 1656; baseline -0.001 -16"><span class='ocrx_word' id='word_1_139' title='bbox 2185 1586 2496 1656; x_wconf 81' lang='grc' dir='ltr'>φιλοπονίαν</span> <span class='ocrx_word' id='word_1_140' title='bbox 2521 1585 2776 1655; x_wconf 81' lang='grc' dir='ltr'><strong>συνεργεῖ</strong></span> <span class='ocrx_word' id='word_1_141' title='bbox 2798 1585 2911 1646; x_wconf 87' lang='grc' dir='ltr'><strong>τοίς</strong></span> <span class='ocrx_word' id='word_1_142' title='bbox 2924 1582 3257 1655; x_wconf 81' lang='grc' dir='ltr'>ἀνθρώποις,</span> <span class='ocrx_word' id='word_1_143' title='bbox 3284 1584 3379 1637; x_wconf 77' lang='grc' dir='ltr'>καὶ</span> <span class='ocrx_word' id='word_1_144' title='bbox 3404 1585 3758 1638; x_wconf 74' lang='grc' dir='ltr'><strong>ὑποδείκνυσι</strong></span> 
     </span>
    </p>
   </div>
   <div class='ocr_carea' id='block_1_23' title="bbox 502 1671 2073 1758">
    <p class='ocr_par' dir='ltr' id='par_1_23' title="bbox 502 1687 2073 1758">
     <span class='ocr_line' id='line_1_24' title="bbox 502 1687 2073 1758; baseline 0.003 -17"><span class='ocrx_word' id='word_1_145' title='bbox 502 1687 829 1754; x_wconf 89' lang='lat' dir='ltr'><strong>spiciuntur,</strong></span> <span class='ocrx_word' id='word_1_146' title='bbox 861 1695 917 1743; x_wconf 91' lang='lat' dir='ltr'><strong>et</strong></span> <span class='ocrx_word' id='word_1_147' title='bbox 948 1687 1103 1757; x_wconf 91' lang='lat' dir='ltr'><strong>quasi</strong></span> <span class='ocrx_word' id='word_1_148' title='bbox 1140 1699 1411 1758; x_wconf 72' lang='lat' dir='ltr'><strong>praeparat</strong></span> <span class='ocrx_word' id='word_1_149' title='bbox 1449 1703 1572 1752; x_wconf 91' lang='lat' dir='ltr'><strong>nos,</strong></span> <span class='ocrx_word' id='word_1_150' title='bbox 1605 1697 1667 1743; x_wconf 91' lang='lat' dir='ltr'><strong>ut</strong></span> <span class='ocrx_word' id='word_1_151' title='bbox 1706 1688 2073 1746; x_wconf 87' lang='lat' dir='ltr'><strong>collaudemus</strong></span> 
     </span>
    </p>
   </div>
   <div class='ocr_carea' id='block_1_24' title="bbox 2185 1671 3757 1758">
    <p class='ocr_par' dir='ltr' id='par_1_24' title="bbox 2185 1671 3757 1746">
     <span class='ocr_line' id='line_1_25' title="bbox 2185 1671 3757 1746; baseline -0.001 -18"><span class='ocrx_word' id='word_1_152' title='bbox 2185 1674 2249 1728; x_wconf 75' lang='grc' dir='ltr'>τὰ</span> <span class='ocrx_word' id='word_1_153' title='bbox 2276 1673 2549 1746; x_wconf 83' lang='grc' dir='ltr'>ὁρώμενα,</span> <span class='ocrx_word' id='word_1_154' title='bbox 2582 1671 2789 1726; x_wconf 77' lang='grc' dir='ltr'>καὶτὸν</span> <span class='ocrx_word' id='word_1_155' title='bbox 2825 1671 3032 1725; x_wconf 85' lang='grc' dir='ltr'>τούτων</span> <span class='ocrx_word' id='word_1_156' title='bbox 3058 1673 3291 1743; x_wconf 75' lang='grc' dir='ltr'>ποιητὴν</span> <span class='ocrx_word' id='word_1_157' title='bbox 3325 1673 3612 1743; x_wconf 79' lang='grc' dir='ltr'><strong>ὑμνεῖσθαι</strong></span> <span class='ocrx_word' id='word_1_158' title='bbox 3648 1692 3757 1727; x_wconf 87' lang='grc' dir='ltr'><strong>πα-</strong></span> 
     </span>
    </p>
   </div>
   <div class='ocr_carea' id='block_1_25' title="bbox 501 1762 2073 1851">
    <p class='ocr_par' dir='ltr' id='par_1_25' title="bbox 501 1779 2073 1851">
     <span class='ocr_line' id='line_1_26' title="bbox 501 1779 2073 1851; baseline 0.002 -17"><span class='ocrx_word' id='word_1_159' title='bbox 501 1779 699 1835; x_wconf 87' lang='lat' dir='ltr'><strong>horum</strong></span> <span class='ocrx_word' id='word_1_160' title='bbox 750 1787 1051 1836; x_wconf 80' lang='lat' dir='ltr'><strong>auctorem.</strong></span> <span class='ocrx_word' id='word_1_161' title='bbox 1085 1779 1349 1835; x_wconf 72' lang='lat' dir='ltr'><strong>Tenebra:</strong></span> <span class='ocrx_word' id='word_1_162' title='bbox 1377 1795 1506 1835; x_wconf 85' lang='lat' dir='ltr'><strong>vero</strong></span> <span class='ocrx_word' id='word_1_163' title='bbox 1545 1782 1830 1851; x_wconf 83' lang='lat' dir='ltr'><strong>quiescere</strong></span> <span class='ocrx_word' id='word_1_164' title='bbox 1868 1781 2073 1837; x_wconf 84' lang='lat' dir='ltr'><strong>faciunt</strong></span> 
     </span>
    </p>
   </div>
   <div class='ocr_carea' id='block_1_26' title="bbox 2185 1762 3760 1851">
    <p class='ocr_par' dir='ltr' id='par_1_26' title="bbox 2185 1762 3760 1839">
     <span class='ocr_line' id='line_1_27' title="bbox 2185 1762 3760 1839; baseline -0.001 -19"><span class='ocrx_word' id='word_1_165' title='bbox 2185 1765 2531 1839; x_wconf 82' lang='grc' dir='ltr'>ρασκευάζει.</span> <span class='ocrx_word' id='word_1_166' title='bbox 2564 1764 2637 1817; x_wconf 85' lang='lat' dir='ltr'><em>T6</em></span> <span class='ocrx_word' id='word_1_167' title='bbox 2665 1763 2721 1817; x_wconf 83' lang='grc' dir='ltr'>δὲ</span> <span class='ocrx_word' id='word_1_168' title='bbox 2764 1763 3019 1817; x_wconf 84' lang='grc' dir='ltr'>διαπαὺει</span> <span class='ocrx_word' id='word_1_169' title='bbox 3059 1762 3172 1833; x_wconf 71' lang='grc'>(28)</span> <span class='ocrx_word' id='word_1_170' title='bbox 3214 1766 3311 1817; x_wconf 72' lang='grc' dir='ltr'>καὶ</span> <span class='ocrx_word' id='word_1_171' title='bbox 3341 1769 3593 1836; x_wconf 88' lang='grc' dir='ltr'>νεουργεί</span> <span class='ocrx_word' id='word_1_172' title='bbox 3630 1767 3760 1829; x_wconf 81' lang='grc' dir='ltr'>τοὺς</span> 
     </span>
    </p>
   </div>
   <div class='ocr_carea' id='block_1_27' title="bbox 498 1855 2073 1962">
    <p class='ocr_par' dir='ltr' id='par_1_27' title="bbox 498 1870 2072 1944">
     <span class='ocr_line' id='line_1_28' title="bbox 498 1870 2072 1944; baseline 0.001 -17"><span class='ocrx_word' id='word_1_173' title='bbox 498 1881 554 1927; x_wconf 89' lang='lat' dir='ltr'><strong>et</strong></span> <span class='ocrx_word' id='word_1_174' title='bbox 582 1881 847 1928; x_wconf 84' lang='lat' dir='ltr'><strong>renovant</strong></span> <span class='ocrx_word' id='word_1_175' title='bbox 883 1870 1180 1937; x_wconf 90' lang='lat' dir='ltr'><strong>hominem,</strong></span> <span class='ocrx_word' id='word_1_176' title='bbox 1213 1871 1399 1927; x_wconf 87' lang='lat' dir='ltr'><strong>soluta</strong></span> <span class='ocrx_word' id='word_1_177' title='bbox 1434 1872 1777 1938; x_wconf 85' lang='lat' dir='ltr'><strong>lassitudine,</strong></span> <span class='ocrx_word' id='word_1_178' title='bbox 1807 1889 1971 1944; x_wconf 87' lang='lat' dir='ltr'><strong>quam</strong></span> <span class='ocrx_word' id='word_1_179' title='bbox 2004 1889 2072 1930; x_wconf 81' lang='lat' dir='ltr'><strong>ex</strong></span> 
     </span>
    </p>
   </div>
   <div class='ocr_carea' id='block_1_28' title="bbox 2185 1855 3760 1962">
    <p class='ocr_par' dir='ltr' id='par_1_28' title="bbox 2185 1855 3760 1929">
     <span class='ocr_line' id='line_1_29' title="bbox 2185 1855 3760 1929; baseline -0.001 -16"><span class='ocrx_word' id='word_1_180' title='bbox 2185 1858 2499 1929; x_wconf 79' lang='grc' dir='ltr'>ἀνθρώπους</span> <span class='ocrx_word' id='word_1_181' title='bbox 2526 1898 2539 1919; x_wconf 89' lang='grc'><strong>,</strong></span> <span class='ocrx_word' id='word_1_182' title='bbox 2577 1856 2670 1909; x_wconf 75' lang='grc' dir='ltr'>καὶ</span> <span class='ocrx_word' id='word_1_183' title='bbox 2708 1856 2797 1909; x_wconf 78' lang='grc' dir='ltr'>τὸν</span> <span class='ocrx_word' id='word_1_184' title='bbox 2847 1858 2912 1909; x_wconf 83' lang='grc' dir='ltr'>ὲκ</span> <span class='ocrx_word' id='word_1_185' title='bbox 2958 1855 3059 1925; x_wconf 81' lang='grc' dir='ltr'><strong>τῆς</strong></span> <span class='ocrx_word' id='word_1_186' title='bbox 3091 1856 3353 1927; x_wconf 80' lang='grc' dir='ltr'>ἐργασίας</span> <span class='ocrx_word' id='word_1_187' title='bbox 3403 1858 3760 1928; x_wconf 80' lang='grc' dir='ltr'><strong>ἐγγινόμενον</strong></span> 
     </span>
    </p>
   </div>
   <div class='ocr_carea' id='block_1_29' title="bbox 498 1947 2073 2037">
    <p class='ocr_par' dir='ltr' id='par_1_29' title="bbox 498 1962 2073 2037">
     <span class='ocr_line' id='line_1_30' title="bbox 498 1962 2073 2037; baseline 0.002 -19"><span class='ocrx_word' id='word_1_188' title='bbox 498 1965 685 2021; x_wconf 84' lang='lat' dir='ltr'><strong>labore</strong></span> <span class='ocrx_word' id='word_1_189' title='bbox 710 1964 1005 2021; x_wconf 76' lang='lat' dir='ltr'><strong>contraxit.</strong></span> <span class='ocrx_word' id='word_1_190' title='bbox 1035 1962 1295 2019; x_wconf 88' lang='lat' dir='ltr'><strong>Similiter</strong></span> <span class='ocrx_word' id='word_1_191' title='bbox 1320 1964 1572 2021; x_wconf 84' lang='lat' dir='ltr'><strong>homines</strong></span> <span class='ocrx_word' id='word_1_192' title='bbox 1603 1965 1827 2020; x_wconf 92' lang='lat' dir='ltr'><strong>domum</strong></span> <span class='ocrx_word' id='word_1_193' title='bbox 1847 1975 2073 2037; x_wconf 80' lang='lat' dir='ltr'><strong>cogunt,</strong></span> 
     </span>
    </p>
   </div>
   <div class='ocr_carea' id='block_1_30' title="bbox 2185 1947 3761 2037">
    <p class='ocr_par' dir='ltr' id='par_1_30' title="bbox 2186 1947 3761 2020">
     <span class='ocr_line' id='line_1_31' title="bbox 2186 1947 3761 2020; baseline 0.002 -16"><span class='ocrx_word' id='word_1_194' title='bbox 2186 1950 2394 2005; x_wconf 85' lang='grc' dir='ltr'>διαλύει</span> <span class='ocrx_word' id='word_1_195' title='bbox 2424 1951 2605 2004; x_wconf 83' lang='grc' dir='ltr'>πόνον.</span> <span class='ocrx_word' id='word_1_196' title='bbox 2640 1950 2746 2003; x_wconf 77' lang='grc' dir='ltr'>Καὶ</span> <span class='ocrx_word' id='word_1_197' title='bbox 2774 1949 2899 2012; x_wconf 75' lang='grc' dir='ltr'>τοὺς</span> <span class='ocrx_word' id='word_1_198' title='bbox 2926 1947 3248 2019; x_wconf 81' lang='grc' dir='ltr'>ἀνθρώπους</span> <span class='ocrx_word' id='word_1_199' title='bbox 3291 1950 3389 2020; x_wconf 81' lang='grc' dir='ltr'><strong>μὲν</strong></span> <span class='ocrx_word' id='word_1_200' title='bbox 3414 1952 3595 2005; x_wconf 84' lang='grc' dir='ltr'>οἴκαδε</span> <span class='ocrx_word' id='word_1_201' title='bbox 3632 1970 3761 2007; x_wconf 89' lang='grc' dir='ltr'>συν-</span> 
     </span>
    </p>
   </div>
   <div class='ocr_carea' id='block_1_31' title="bbox 496 2042 2073 2126">
    <p class='ocr_par' dir='ltr' id='par_1_31' title="bbox 496 2056 2073 2126">
     <span class='ocr_line' id='line_1_32' title="bbox 496 2056 2073 2126; baseline 0.002 -14"><span class='ocrx_word' id='word_1_202' title='bbox 496 2056 685 2113; x_wconf 85' lang='lat' dir='ltr'><strong>bestiis</strong></span> <span class='ocrx_word' id='word_1_203' title='bbox 733 2071 863 2111; x_wconf 88' lang='lat' dir='ltr'><strong>vero</strong></span> <span class='ocrx_word' id='word_1_204' title='bbox 912 2056 1154 2126; x_wconf 67' lang='lat' dir='ltr'><strong>praebent</strong></span> <span class='ocrx_word' id='word_1_205' title='bbox 1203 2056 1549 2112; x_wconf 83' lang='lat' dir='ltr'><strong>securitatem</strong></span> <span class='ocrx_word' id='word_1_206' title='bbox 1605 2058 1808 2125; x_wconf 89' lang='lat' dir='ltr'><strong>pabuli.</strong></span> <span class='ocrx_word' id='word_1_207' title='bbox 1862 2056 1929 2113; x_wconf 89' lang='lat' dir='ltr'><strong>Et</strong></span> <span class='ocrx_word' id='word_1_208' title='bbox 1974 2058 2073 2115; x_wconf 88' lang='lat' dir='ltr'><strong>hoc</strong></span> 
     </span>
    </p>
   </div>
   <div class='ocr_carea' id='block_1_32' title="bbox 2185 2042 3762 2126">
    <p class='ocr_par' dir='ltr' id='par_1_32' title="bbox 2187 2042 3762 2117">
     <span class='ocr_line' id='line_1_33' title="bbox 2187 2042 3762 2117; baseline 0.002 -19"><span class='ocrx_word' id='word_1_209' title='bbox 2187 2044 2428 2117; x_wconf 87' lang='grc' dir='ltr'>αγείρει,</span> <span class='ocrx_word' id='word_1_210' title='bbox 2466 2045 2579 2105; x_wconf 81' lang='grc' dir='ltr'>τοῖς</span> <span class='ocrx_word' id='word_1_211' title='bbox 2625 2042 2683 2096; x_wconf 80' lang='grc' dir='ltr'><strong><em>δέ</em></strong></span> <span class='ocrx_word' id='word_1_212' title='bbox 2717 2058 2781 2112; x_wconf 90' lang='grc' dir='ltr'>γε</span> <span class='ocrx_word' id='word_1_213' title='bbox 2815 2042 3024 2114; x_wconf 84' lang='grc' dir='ltr'>θηρίοις</span> <span class='ocrx_word' id='word_1_214' title='bbox 3078 2042 3263 2097; x_wconf 78' lang='grc' dir='ltr'>ἄδειαν</span> <span class='ocrx_word' id='word_1_215' title='bbox 3297 2044 3529 2116; x_wconf 81' lang='grc' dir='ltr'>παρέχει</span> <span class='ocrx_word' id='word_1_216' title='bbox 3563 2047 3762 2117; x_wconf 85' lang='grc' dir='ltr'>νομῆς.</span> 
     </span>
    </p>
   </div>
   <div class='ocr_carea' id='block_1_33' title="bbox 496 2146 2073 2220">
    <p class='ocr_par' dir='ltr' id='par_1_33' title="bbox 496 2146 2073 2220">
     <span class='ocr_line' id='line_1_34' title="bbox 496 2146 2073 2220; baseline -0.001 -16"><span class='ocrx_word' id='word_1_217' title='bbox 496 2159 683 2219; x_wconf 85' lang='lat' dir='ltr'><strong>aperte</strong></span> <span class='ocrx_word' id='word_1_218' title='bbox 706 2162 807 2203; x_wconf 88' lang='lat' dir='ltr'><strong>nos</strong></span> <span class='ocrx_word' id='word_1_219' title='bbox 830 2149 986 2203; x_wconf 90' lang='lat' dir='ltr'><strong>docet</strong></span> <span class='ocrx_word' id='word_1_220' title='bbox 1009 2147 1228 2203; x_wconf 86' lang='lat' dir='ltr'><strong>divinus</strong></span> <span class='ocrx_word' id='word_1_221' title='bbox 1261 2146 1430 2202; x_wconf 81' lang='lat' dir='ltr'><strong>David</strong></span> <span class='ocrx_word' id='word_1_222' title='bbox 1461 2165 1475 2201; x_wconf 91' lang='lat'><strong>:</strong></span> <span class='ocrx_word' id='word_1_223' title='bbox 1523 2165 1543 2199; x_wconf 83' lang='grc' dir='ltr'>ι</span> <span class='ocrx_word' id='word_1_224' title='bbox 1577 2146 1841 2214; x_wconf 88' lang='lat' dir='ltr'><strong>Posuisti,</strong></span> <span class='ocrx_word' id='word_1_225' title='bbox 1875 2150 2073 2220; x_wconf 87' lang='lat' dir='ltr'><strong>inquit,</strong></span> 
     </span>
    </p>
   </div>
   <div class='ocr_carea' id='block_1_34' title="bbox 495 2236 2079 2310">
    <p class='ocr_par' dir='ltr' id='par_1_34' title="bbox 495 2236 2079 2310">
     <span class='ocr_line' id='line_1_35' title="bbox 495 2236 2079 2310; baseline 0.001 -15"><span class='ocrx_word' id='word_1_226' title='bbox 495 2242 768 2310; x_wconf 51' lang='lat' dir='ltr'><strong>tenebras,</strong></span> <span class='ocrx_word' id='word_1_227' title='bbox 798 2249 869 2306; x_wconf 75' lang='grc' dir='ltr'><strong>τοι</strong></span> <span class='ocrx_word' id='word_1_228' title='bbox 916 2237 1054 2294; x_wconf 82' lang='lat' dir='ltr'><strong>facta</strong></span> <span class='ocrx_word' id='word_1_229' title='bbox 1095 2247 1179 2294; x_wconf 90' lang='lat' dir='ltr'><strong>est</strong></span> <span class='ocrx_word' id='word_1_230' title='bbox 1221 2254 1351 2293; x_wconf 78' lang='lat' dir='ltr'><strong>nox.</strong></span> <span class='ocrx_word' id='word_1_231' title='bbox 1394 2236 1452 2293; x_wconf 80' lang='lat' dir='ltr'><strong>In</strong></span> <span class='ocrx_word' id='word_1_232' title='bbox 1500 2239 1615 2310; x_wconf 91' lang='lat' dir='ltr'><strong>ipsa</strong></span> <span class='ocrx_word' id='word_1_233' title='bbox 1669 2241 2079 2310; x_wconf 86' lang='lat' dir='ltr'><strong>pertransibunt</strong></span> 
     </span>
    </p>
   </div>
   <div class='ocr_carea' id='block_1_35' title="bbox 494 2330 2077 2404">
    <p class='ocr_par' dir='ltr' id='par_1_35' title="bbox 494 2330 2077 2404">
     <span class='ocr_line' id='line_1_36' title="bbox 494 2330 2077 2404; baseline 0.004 -24"><span class='ocrx_word' id='word_1_234' title='bbox 494 2343 684 2385; x_wconf 84' lang='lat' dir='ltr'><strong>omnes</strong></span> <span class='ocrx_word' id='word_1_235' title='bbox 720 2330 907 2385; x_wconf 67' lang='lat' dir='ltr'><strong>bestiae</strong></span> <span class='ocrx_word' id='word_1_236' title='bbox 935 2331 1047 2401; x_wconf 82' lang='lat' dir='ltr'><strong>agri</strong></span> <span class='ocrx_word' id='word_1_237' title='bbox 1075 2349 1090 2387; x_wconf 92' lang='lat'><strong><em>:</em></strong></span> <span class='ocrx_word' id='word_1_238' title='bbox 1137 2330 1306 2386; x_wconf 89' lang='lat' dir='ltr'><strong>catuli</strong></span> <span class='ocrx_word' id='word_1_239' title='bbox 1334 2331 1552 2386; x_wconf 87' lang='lat' dir='ltr'><strong>leonum</strong></span> <span class='ocrx_word' id='word_1_240' title='bbox 1586 2332 1859 2404; x_wconf 75' lang='lat' dir='ltr'><strong>rugientes</strong></span> <span class='ocrx_word' id='word_1_241' title='bbox 1897 2341 1959 2387; x_wconf 90' lang='lat' dir='ltr'><strong>ut</strong></span> <span class='ocrx_word' id='word_1_242' title='bbox 1990 2347 2077 2387; x_wconf 85' lang='lat' dir='ltr'><strong>ra-</strong></span> 
     </span>
    </p>
   </div>
   <div class='ocr_carea' id='block_1_36' title="bbox 495 2422 2074 2493">
    <p class='ocr_par' dir='ltr' id='par_1_36' title="bbox 495 2422 2074 2493">
     <span class='ocr_line' id='line_1_37' title="bbox 495 2422 2074 2493; baseline 0.002 -18"><span class='ocrx_word' id='word_1_243' title='bbox 495 2423 666 2492; x_wconf 80' lang='lat' dir='ltr'><strong>piant,</strong></span> <span class='ocrx_word' id='word_1_244' title='bbox 696 2431 749 2478; x_wconf 91' lang='lat' dir='ltr'><strong>et</strong></span> <span class='ocrx_word' id='word_1_245' title='bbox 777 2432 1025 2493; x_wconf 72' lang='lat' dir='ltr'><strong>quaerant</strong></span> <span class='ocrx_word' id='word_1_246' title='bbox 1064 2438 1094 2477; x_wconf 88' lang='lat' dir='ltr'><strong>a</strong></span> <span class='ocrx_word' id='word_1_247' title='bbox 1150 2423 1260 2478; x_wconf 89' lang='lat' dir='ltr'><strong>Deo</strong></span> <span class='ocrx_word' id='word_1_248' title='bbox 1304 2436 1483 2478; x_wconf 87' lang='lat' dir='ltr'><strong>escam</strong></span> <span class='ocrx_word' id='word_1_249' title='bbox 1531 2423 1660 2480; x_wconf 88' lang='lat' dir='ltr'><strong>sibi.</strong></span> <span class='ocrx_word' id='word_1_250' title='bbox 1714 2422 1952 2480; x_wconf 86' lang='lat' dir='ltr'><strong>Exortus</strong></span> <span class='ocrx_word' id='word_1_251' title='bbox 1987 2432 2074 2479; x_wconf 89' lang='lat' dir='ltr'><strong>est</strong></span> 
     </span>
    </p>
   </div>
   <div class='ocr_carea' id='block_1_37' title="bbox 495 2494 2073 2585">
    <p class='ocr_par' dir='ltr' id='par_1_37' title="bbox 495 2494 2073 2585">
     <span class='ocr_line' id='line_1_38' title="bbox 495 2494 2073 2585; baseline 0.001 -17"><span class='ocrx_word' id='word_1_252' title='bbox 495 2514 597 2580; x_wconf 88' lang='lat' dir='ltr'><strong>sol,</strong></span> <span class='ocrx_word' id='word_1_253' title='bbox 630 2523 683 2571; x_wconf 90' lang='lat' dir='ltr'><strong>et</strong></span> <span class='ocrx_word' id='word_1_254' title='bbox 712 2514 1023 2585; x_wconf 83' lang='lat' dir='ltr'><strong>congregati</strong></span> <span class='ocrx_word' id='word_1_255' title='bbox 1056 2522 1204 2580; x_wconf 90' lang='lat' dir='ltr'><strong>sunt,</strong></span> <span class='ocrx_word' id='word_1_256' title='bbox 1253 2523 1307 2569; x_wconf 91' lang='lat' dir='ltr'><strong>et</strong></span> <span class='ocrx_word' id='word_1_257' title='bbox 1350 2515 1405 2568; x_wconf 90' lang='lat' dir='ltr'><strong>in</strong></span> <span class='ocrx_word' id='word_1_258' title='bbox 1436 2494 1710 2570; x_wconf 70' lang='lat' dir='ltr'><strong>cubilibus</strong></span> <span class='ocrx_word' id='word_1_259' title='bbox 1756 2515 1873 2570; x_wconf 83' lang='lat' dir='ltr'><strong>suis</strong></span> <span class='ocrx_word' id='word_1_260' title='bbox 1903 2515 2073 2571; x_wconf 85' lang='lat' dir='ltr'><strong>collo-</strong></span> 
     </span>
    </p>
   </div>
   <div class='ocr_carea' id='block_1_38' title="bbox 496 2604 2065 2676">
    <p class='ocr_par' dir='ltr' id='par_1_38' title="bbox 496 2604 2065 2676">
     <span class='ocr_line' id='line_1_39' title="bbox 496 2604 2065 2676; baseline 0 -15"><span class='ocrx_word' id='word_1_261' title='bbox 496 2606 785 2661; x_wconf 88' lang='lat' dir='ltr'><strong>cabuntur.</strong></span> <span class='ocrx_word' id='word_1_262' title='bbox 832 2604 1016 2659; x_wconf 81' lang='lat' dir='ltr'><strong>Exibit</strong></span> <span class='ocrx_word' id='word_1_263' title='bbox 1064 2604 1228 2658; x_wconf 90' lang='lat' dir='ltr'><strong>homo</strong></span> <span class='ocrx_word' id='word_1_264' title='bbox 1255 2604 1321 2659; x_wconf 91' lang='lat' dir='ltr'><strong>ad</strong></span> <span class='ocrx_word' id='word_1_265' title='bbox 1358 2619 1495 2675; x_wconf 89' lang='lat' dir='ltr'><strong>opus</strong></span> <span class='ocrx_word' id='word_1_266' title='bbox 1534 2621 1714 2668; x_wconf 90' lang='lat' dir='ltr'><strong>suum,</strong></span> <span class='ocrx_word' id='word_1_267' title='bbox 1744 2616 1799 2660; x_wconf 89' lang='lat' dir='ltr'><strong>et</strong></span> <span class='ocrx_word' id='word_1_268' title='bbox 1830 2605 1897 2660; x_wconf 90' lang='lat' dir='ltr'><strong>ad</strong></span> <span class='ocrx_word' id='word_1_269' title='bbox 1932 2620 2065 2676; x_wconf 90' lang='lat' dir='ltr'><strong>ope-</strong></span> 
     </span>
    </p>
   </div>
   <div class='ocr_carea' id='block_1_39' title="bbox 498 2696 2072 2767">
    <p class='ocr_par' dir='ltr' id='par_1_39' title="bbox 498 2696 2072 2767">
     <span class='ocr_line' id='line_1_40' title="bbox 498 2696 2072 2767; baseline 0 -16"><span class='ocrx_word' id='word_1_270' title='bbox 498 2698 763 2753; x_wconf 88' lang='lat' dir='ltr'><strong>rationem</strong></span> <span class='ocrx_word' id='word_1_271' title='bbox 803 2712 959 2754; x_wconf 89' lang='lat' dir='ltr'><strong>suam</strong></span> <span class='ocrx_word' id='word_1_272' title='bbox 1001 2712 1173 2767; x_wconf 91' lang='lat' dir='ltr'><strong>usque</strong></span> <span class='ocrx_word' id='word_1_273' title='bbox 1207 2698 1272 2751; x_wconf 88' lang='lat' dir='ltr'><strong>ad</strong></span> <span class='ocrx_word' id='word_1_274' title='bbox 1314 2712 1597 2767; x_wconf 85' lang='lat' dir='ltr'><strong>vesperam</strong></span> <span class='ocrx_word' id='word_1_275' title='bbox 1623 2698 1665 2750; x_wconf 73' lang='grc' dir='ltr'>ί.</span> <span class='ocrx_word' id='word_1_276' title='bbox 1705 2716 1723 2749; x_wconf 84' lang='grc'><strong>›</strong></span> <span class='ocrx_word' id='word_1_277' title='bbox 1767 2696 1834 2752; x_wconf 85' lang='grc' dir='ltr'><strong>Ει</strong></span> <span class='ocrx_word' id='word_1_278' title='bbox 1871 2698 1954 2753; x_wconf 87' lang='lat' dir='ltr'><strong>his</strong></span> <span class='ocrx_word' id='word_1_279' title='bbox 1999 2696 2072 2751; x_wconf 90' lang='lat' dir='ltr'><strong>ita</strong></span> 
     </span>
    </p>
   </div>
   <div class='ocr_carea' id='block_1_40' title="bbox 496 2788 2073 2859">
    <p class='ocr_par' dir='ltr' id='par_1_40' title="bbox 496 2788 2073 2859">
     <span class='ocr_line' id='line_1_41' title="bbox 496 2788 2073 2859; baseline 0.001 -15"><span class='ocrx_word' id='word_1_280' title='bbox 496 2790 658 2845; x_wconf 86' lang='lat' dir='ltr'><strong>dictis</strong></span> <span class='ocrx_word' id='word_1_281' title='bbox 721 2789 1024 2845; x_wconf 88' lang='lat' dir='ltr'><strong>admiratur</strong></span> <span class='ocrx_word' id='word_1_282' title='bbox 1100 2788 1557 2859; x_wconf 80' lang='lat' dir='ltr'><strong>magniﬁcentiam</strong></span> <span class='ocrx_word' id='word_1_283' title='bbox 1615 2789 1914 2857; x_wconf 84' lang='lat' dir='ltr'><strong>Creatoris,</strong></span> <span class='ocrx_word' id='word_1_284' title='bbox 1983 2790 2073 2846; x_wconf 93' lang='lat' dir='ltr'><strong>in-</strong></span> 
     </span>
    </p>
   </div>
   <div class='ocr_carea' id='block_1_41' title="bbox 496 2882 2071 2954">
    <p class='ocr_par' dir='ltr' id='par_1_41' title="bbox 496 2882 2071 2954">
     <span class='ocr_line' id='line_1_42' title="bbox 496 2882 2071 2954; baseline 0.001 -17"><span class='ocrx_word' id='word_1_285' title='bbox 496 2882 689 2952; x_wconf 90' lang='lat' dir='ltr'><strong>quiens</strong></span> <span class='ocrx_word' id='word_1_286' title='bbox 713 2899 728 2936; x_wconf 87' lang='lat'><strong>:</strong></span> <span class='ocrx_word' id='word_1_287' title='bbox 754 2899 773 2933; x_wconf 86' lang='grc' dir='ltr'>ι</span> <span class='ocrx_word' id='word_1_288' title='bbox 793 2882 965 2950; x_wconf 91' lang='lat' dir='ltr'><strong>Quam</strong></span> <span class='ocrx_word' id='word_1_289' title='bbox 984 2885 1322 2953; x_wconf 83' lang='lat' dir='ltr'><strong>magniﬁcata</strong></span> <span class='ocrx_word' id='word_1_290' title='bbox 1347 2892 1475 2939; x_wconf 91' lang='lat' dir='ltr'><strong>sunt</strong></span> <span class='ocrx_word' id='word_1_291' title='bbox 1492 2898 1656 2954; x_wconf 83' lang='lat' dir='ltr'><strong>opera</strong></span> <span class='ocrx_word' id='word_1_292' title='bbox 1674 2893 1785 2947; x_wconf 90' lang='lat' dir='ltr'><strong>tua,</strong></span> <span class='ocrx_word' id='word_1_293' title='bbox 1812 2882 2036 2939; x_wconf 89' lang='lat' dir='ltr'><strong>Domine</strong></span> <span class='ocrx_word' id='word_1_294' title='bbox 2057 2886 2071 2938; x_wconf 79' lang='grc' dir='ltr'>ι</span> 
     </span>
    </p>
   </div>
   <div class='ocr_carea' id='block_1_42' title="bbox 496 2972 2075 3044">
    <p class='ocr_par' dir='ltr' id='par_1_42' title="bbox 496 2972 2075 3044">
     <span class='ocr_line' id='line_1_43' title="bbox 496 2972 2075 3044; baseline 0.001 -15"><span class='ocrx_word' id='word_1_295' title='bbox 496 2972 690 3029; x_wconf 87' lang='lat' dir='ltr'><strong>Omnia</strong></span> <span class='ocrx_word' id='word_1_296' title='bbox 748 2974 802 3028; x_wconf 90' lang='lat' dir='ltr'><strong>in</strong></span> <span class='ocrx_word' id='word_1_297' title='bbox 868 2974 1135 3044; x_wconf 88' lang='lat' dir='ltr'><strong>sapientia</strong></span> <span class='ocrx_word' id='word_1_298' title='bbox 1186 2974 1430 3030; x_wconf 69' lang='lat' dir='ltr'><strong>fecisti“.</strong></span> <span class='ocrx_word' id='word_1_299' title='bbox 1473 2993 1491 3025; x_wconf 73' lang='grc' dir='ltr'><strong>ι</strong></span> <span class='ocrx_word' id='word_1_300' title='bbox 1561 2973 1861 3031; x_wconf 85' lang='lat' dir='ltr'><strong>Didicimus</strong></span> <span class='ocrx_word' id='word_1_301' title='bbox 1908 2975 2075 3044; x_wconf 79' lang='lat' dir='ltr'><strong>igitur</strong></span> 
     </span>
    </p>
   </div>
   <div class='ocr_carea' id='block_1_43' title="bbox 499 3066 2072 3135">
    <p class='ocr_par' dir='ltr' id='par_1_43' title="bbox 499 3066 2072 3135">
     <span class='ocr_line' id='line_1_44' title="bbox 499 3066 2072 3135; baseline 0.002 -15"><span class='ocrx_word' id='word_1_302' title='bbox 499 3074 680 3135; x_wconf 88' lang='lat' dir='ltr'><strong>aperte</strong></span> <span class='ocrx_word' id='word_1_303' title='bbox 742 3066 991 3121; x_wconf 89' lang='lat' dir='ltr'><strong>tenebras</strong></span> <span class='ocrx_word' id='word_1_304' title='bbox 1075 3080 1196 3122; x_wconf 89' lang='lat' dir='ltr'><strong>esse</strong></span> <span class='ocrx_word' id='word_1_305' title='bbox 1267 3067 1631 3122; x_wconf 88' lang='lat' dir='ltr'><strong>necessarias.</strong></span> <span class='ocrx_word' id='word_1_306' title='bbox 1678 3066 1837 3134; x_wconf 86' lang='lat' dir='ltr'><strong>Quod</strong></span> <span class='ocrx_word' id='word_1_307' title='bbox 1892 3076 2072 3123; x_wconf 86' lang='lat' dir='ltr'><strong>autem</strong></span> 
     </span>
    </p>
   </div>
   <div class='ocr_carea' id='block_1_44' title="bbox 499 3157 2071 3228">
    <p class='ocr_par' dir='ltr' id='par_1_44' title="bbox 499 3157 2071 3228">
     <span class='ocr_line' id='line_1_45' title="bbox 499 3157 2071 3228; baseline 0.001 -16"><span class='ocrx_word' id='word_1_308' title='bbox 499 3173 605 3214; x_wconf 90' lang='lat' dir='ltr'><strong>non</strong></span> <span class='ocrx_word' id='word_1_309' title='bbox 630 3157 755 3212; x_wconf 87' lang='lat' dir='ltr'><strong>&#39;sint</strong></span> <span class='ocrx_word' id='word_1_310' title='bbox 782 3158 1104 3222; x_wconf 87' lang='lat' dir='ltr'><strong>substantia,</strong></span> <span class='ocrx_word' id='word_1_311' title='bbox 1155 3157 1250 3214; x_wconf 89' lang='lat' dir='ltr'><strong>sed</strong></span> <span class='ocrx_word' id='word_1_312' title='bbox 1283 3173 1372 3215; x_wconf 88' lang='lat' dir='ltr'><strong>res</strong></span> <span class='ocrx_word' id='word_1_313' title='bbox 1399 3158 1648 3228; x_wconf 64' lang='lat' dir='ltr'><strong>quaedam</strong></span> <span class='ocrx_word' id='word_1_314' title='bbox 1699 3159 2071 3223; x_wconf 88' lang='lat' dir='ltr'><strong>accidentalis,</strong></span> 
     </span>
    </p>
   </div>
   <div class='ocr_carea' id='block_1_45' title="bbox 2187 2135 3761 2208">
    <p class='ocr_par' dir='ltr' id='par_1_45' title="bbox 2187 2135 3761 2208">
     <span class='ocr_line' id='line_1_46' title="bbox 2187 2135 3761 2208; baseline 0.003 -16"><span class='ocrx_word' id='word_1_315' title='bbox 2187 2138 2298 2193; x_wconf 72' lang='grc' dir='ltr'><strong>Καὶ</strong></span> <span class='ocrx_word' id='word_1_316' title='bbox 2350 2135 2507 2192; x_wconf 86' lang='grc' dir='ltr'>τοῦτο</span> <span class='ocrx_word' id='word_1_317' title='bbox 2561 2138 2747 2206; x_wconf 85' lang='grc' dir='ltr'>σαφῶς</span> <span class='ocrx_word' id='word_1_318' title='bbox 2800 2139 2950 2208; x_wconf 81' lang='grc' dir='ltr'>ἡμᾶς</span> <span class='ocrx_word' id='word_1_319' title='bbox 2988 2140 3033 2192; x_wconf 88' lang='lat'><em>&#39;6</em></span> <span class='ocrx_word' id='word_1_320' title='bbox 3091 2137 3233 2203; x_wconf 88' lang='grc' dir='ltr'>θεῖος</span> <span class='ocrx_word' id='word_1_321' title='bbox 3287 2138 3530 2194; x_wconf 80' lang='grc' dir='ltr'>διδάσκει</span> <span class='ocrx_word' id='word_1_322' title='bbox 3571 2142 3761 2197; x_wconf 84' lang='grc' dir='ltr'>Δαϐίδ.</span> 
     </span>
    </p>
   </div>
   <div class='ocr_carea' id='block_1_46' title="bbox 2191 2230 3761 2309">
    <p class='ocr_par' dir='ltr' id='par_1_46' title="bbox 2191 2230 3761 2309">
     <span class='ocr_line' id='line_1_47' title="bbox 2191 2230 3761 2309; baseline 0.003 -25"><span class='ocrx_word' id='word_1_323' title='bbox 2191 2250 2209 2283; x_wconf 81' lang='grc' dir='ltr'>ι</span> <span class='ocrx_word' id='word_1_324' title='bbox 2254 2231 2417 2284; x_wconf 89' lang='grc' dir='ltr'>Ἔθου</span> <span class='ocrx_word' id='word_1_325' title='bbox 2449 2232 2578 2301; x_wconf 76' lang='grc' dir='ltr'>γὰρ,</span> <span class='ocrx_word' id='word_1_326' title='bbox 2610 2231 2763 2300; x_wconf 74' lang='grc' dir='ltr'>φησὶ,</span> <span class='ocrx_word' id='word_1_327' title='bbox 2795 2230 3005 2297; x_wconf 82' lang='grc' dir='ltr'><strong>σκότος,</strong></span> <span class='ocrx_word' id='word_1_328' title='bbox 3032 2233 3125 2285; x_wconf 76' lang='grc' dir='ltr'><strong>καὶ</strong></span> <span class='ocrx_word' id='word_1_329' title='bbox 3149 2232 3364 2301; x_wconf 82' lang='grc' dir='ltr'>ἐγένετο</span> <span class='ocrx_word' id='word_1_330' title='bbox 3383 2235 3497 2298; x_wconf 80' lang='grc' dir='ltr'><strong>νὺξ,</strong></span> <span class='ocrx_word' id='word_1_331' title='bbox 3526 2236 3584 2287; x_wconf 77' lang='grc' dir='ltr'><strong>ἐν</strong></span> <span class='ocrx_word' id='word_1_332' title='bbox 3618 2236 3761 2309; x_wconf 76' lang='grc' dir='ltr'>αὐτῇ</span> 
     </span>
    </p>
   </div>
   <div class='ocr_carea' id='block_1_47' title="bbox 2183 2321 3762 2398">
    <p class='ocr_par' dir='ltr' id='par_1_47' title="bbox 2183 2321 3762 2398">
     <span class='ocr_line' id='line_1_48' title="bbox 2183 2321 3762 2398; baseline 0.002 -20"><span class='ocrx_word' id='word_1_333' title='bbox 2183 2321 2549 2378; x_wconf 82' lang='grc' dir='ltr'>διελεύσονται</span> <span class='ocrx_word' id='word_1_334' title='bbox 2596 2324 2776 2377; x_wconf 83' lang='grc' dir='ltr'>πάντα</span> <span class='ocrx_word' id='word_1_335' title='bbox 2823 2322 2893 2377; x_wconf 79' lang='grc' dir='ltr'><strong>τὰ</strong></span> <span class='ocrx_word' id='word_1_336' title='bbox 2945 2323 3112 2395; x_wconf 84' lang='grc' dir='ltr'>θηρία</span> <span class='ocrx_word' id='word_1_337' title='bbox 3148 2324 3242 2378; x_wconf 88' lang='grc' dir='ltr'><strong>τοῦ</strong></span> <span class='ocrx_word' id='word_1_338' title='bbox 3284 2327 3476 2398; x_wconf 82' lang='grc' dir='ltr'>ἀγροῦ.</span> <span class='ocrx_word' id='word_1_339' title='bbox 3516 2326 3762 2398; x_wconf 81' lang='grc' dir='ltr'>Σκύμνοι</span> 
     </span>
    </p>
   </div>
   <div class='ocr_carea' id='block_1_48' title="bbox 2184 2414 3764 2492">
    <p class='ocr_par' dir='ltr' id='par_1_48' title="bbox 2184 2414 3764 2492">
     <span class='ocr_line' id='line_1_49' title="bbox 2184 2414 3764 2492; baseline 0.003 -24"><span class='ocrx_word' id='word_1_340' title='bbox 2184 2416 2485 2487; x_wconf 87' lang='grc' dir='ltr'><strong>ὠρυόμενοι</strong></span> <span class='ocrx_word' id='word_1_341' title='bbox 2515 2414 2609 2467; x_wconf 89' lang='grc' dir='ltr'><strong>τοῦ</strong></span> <span class='ocrx_word' id='word_1_342' title='bbox 2640 2414 2906 2485; x_wconf 83' lang='grc' dir='ltr'>ἁρπάσαι,</span> <span class='ocrx_word' id='word_1_343' title='bbox 2946 2417 3044 2469; x_wconf 78' lang='grc' dir='ltr'>καὶ</span> <span class='ocrx_word' id='word_1_344' title='bbox 3069 2415 3302 2487; x_wconf 82' lang='grc' dir='ltr'>ζητῆσαι</span> <span class='ocrx_word' id='word_1_345' title='bbox 3342 2419 3493 2488; x_wconf 70' lang='grc' dir='ltr'>παρὰ</span> <span class='ocrx_word' id='word_1_346' title='bbox 3518 2418 3597 2489; x_wconf 80' lang='grc' dir='ltr'>τῷ</span> <span class='ocrx_word' id='word_1_347' title='bbox 3638 2420 3764 2492; x_wconf 80' lang='grc' dir='ltr'>Θεῷ</span> 
     </span>
    </p>
   </div>
   <div class='ocr_carea' id='block_1_49' title="bbox 2186 2506 3761 2581">
    <p class='ocr_par' dir='ltr' id='par_1_49' title="bbox 2186 2506 3761 2581">
     <span class='ocr_line' id='line_1_50' title="bbox 2186 2506 3761 2581; baseline 0.004 -23"><span class='ocrx_word' id='word_1_348' title='bbox 2186 2507 2390 2578; x_wconf 83' lang='grc' dir='ltr'>βρῶσιν</span> <span class='ocrx_word' id='word_1_349' title='bbox 2415 2507 2618 2570; x_wconf 86' lang='grc' dir='ltr'>αὑτοῖς.</span> <span class='ocrx_word' id='word_1_350' title='bbox 2661 2506 2958 2560; x_wconf 87' lang='grc' dir='ltr'>Ἀνέτειλεν</span> <span class='ocrx_word' id='word_1_351' title='bbox 2990 2510 3019 2561; x_wconf 93' lang='lat'><strong>6</strong></span> <span class='ocrx_word' id='word_1_352' title='bbox 3049 2508 3221 2580; x_wconf 83' lang='grc' dir='ltr'>ἧλιος,</span> <span class='ocrx_word' id='word_1_353' title='bbox 3254 2512 3348 2564; x_wconf 71' lang='grc' dir='ltr'>καὶ</span> <span class='ocrx_word' id='word_1_354' title='bbox 3379 2512 3761 2581; x_wconf 72' lang='grc' dir='ltr'><strong>συνήχθησαν,</strong></span> 
     </span>
    </p>
   </div>
   <div class='ocr_carea' id='block_1_50' title="bbox 2183 2590 3762 2673">
    <p class='ocr_par' dir='ltr' id='par_1_50' title="bbox 2183 2590 3762 2673">
     <span class='ocr_line' id='line_1_51' title="bbox 2183 2590 3762 2673; baseline 0.003 -20"><span class='ocrx_word' id='word_1_355' title='bbox 2183 2600 2279 2653; x_wconf 75' lang='grc' dir='ltr'>καὶ</span> <span class='ocrx_word' id='word_1_356' title='bbox 2326 2601 2406 2662; x_wconf 81' lang='grc' dir='ltr'><strong>είς</strong></span> <span class='ocrx_word' id='word_1_357' title='bbox 2434 2600 2531 2662; x_wconf 81' lang='grc' dir='ltr'>τὰς</span> <span class='ocrx_word' id='word_1_358' title='bbox 2569 2599 2805 2671; x_wconf 89' lang='grc' dir='ltr'>μάνδρας</span> <span class='ocrx_word' id='word_1_359' title='bbox 2841 2599 3021 2653; x_wconf 79' lang='grc' dir='ltr'>αὐτῶν</span> <span class='ocrx_word' id='word_1_360' title='bbox 3059 2590 3529 2673; x_wconf 76' lang='grc' dir='ltr'>κοιτασθήσονται.</span> <span class='ocrx_word' id='word_1_361' title='bbox 3563 2620 3593 2655; x_wconf 71' lang='lat'><strong><em>9</em></strong></span> <span class='ocrx_word' id='word_1_362' title='bbox 3634 2605 3762 2671; x_wconf 78' lang='grc' dir='ltr'><strong>Ἐξ-</strong></span> 
     </span>
    </p>
   </div>
   <div class='ocr_carea' id='block_1_51' title="bbox 2183 2693 3762 2769">
    <p class='ocr_par' dir='ltr' id='par_1_51' title="bbox 2183 2693 3762 2769">
     <span class='ocr_line' id='line_1_52' title="bbox 2183 2693 3762 2769; baseline 0.003 -23"><span class='ocrx_word' id='word_1_363' title='bbox 2183 2693 2461 2747; x_wconf 80' lang='grc' dir='ltr'>ελεὺσεται</span> <span class='ocrx_word' id='word_1_364' title='bbox 2485 2693 2770 2762; x_wconf 75' lang='grc' dir='ltr'>ἄνθρωπος</span> <span class='ocrx_word' id='word_1_365' title='bbox 2804 2694 2896 2746; x_wconf 75' lang='grc' dir='ltr'><strong>ἐπὶ</strong></span> <span class='ocrx_word' id='word_1_366' title='bbox 2928 2693 2989 2746; x_wconf 83' lang='grc' dir='ltr'>τὸ</span> <span class='ocrx_word' id='word_1_367' title='bbox 3012 2693 3171 2766; x_wconf 76' lang='grc' dir='ltr'>ἔργον</span> <span class='ocrx_word' id='word_1_368' title='bbox 3201 2695 3387 2760; x_wconf 88' lang='grc' dir='ltr'>αὑτοῦ,</span> <span class='ocrx_word' id='word_1_369' title='bbox 3415 2697 3510 2749; x_wconf 64' lang='lat' dir='ltr'><strong>xci</strong></span> <span class='ocrx_word' id='word_1_370' title='bbox 3540 2699 3628 2750; x_wconf 72' lang='grc' dir='ltr'>ἐπὶ</span> <span class='ocrx_word' id='word_1_371' title='bbox 3654 2700 3762 2769; x_wconf 62' lang='grc' dir='ltr'>τὴν</span> 
     </span>
    </p>
   </div>
   <div class='ocr_carea' id='block_1_52' title="bbox 2182 2780 3764 2856">
    <p class='ocr_par' dir='ltr' id='par_1_52' title="bbox 2182 2780 3764 2856">
     <span class='ocr_line' id='line_1_53' title="bbox 2182 2780 3764 2856; baseline 0.004 -19"><span class='ocrx_word' id='word_1_372' title='bbox 2182 2785 2446 2856; x_wconf 81' lang='grc' dir='ltr'>ἐργασίαν</span> <span class='ocrx_word' id='word_1_373' title='bbox 2495 2784 2660 2838; x_wconf 82' lang='grc' dir='ltr'>αὑτοῦ</span> <span class='ocrx_word' id='word_1_374' title='bbox 2705 2784 2809 2847; x_wconf 75' lang='grc' dir='ltr'>ἕως</span> <span class='ocrx_word' id='word_1_375' title='bbox 2845 2784 3103 2856; x_wconf 68' lang='grc' dir='ltr'>ἑσπέρας,</span> <span class='ocrx_word' id='word_1_376' title='bbox 3153 2786 3341 2850; x_wconf 80' lang='grc' dir='ltr'>Οὕτως</span> <span class='ocrx_word' id='word_1_377' title='bbox 3372 2780 3544 2842; x_wconf 85' lang='grc' dir='ltr'>ταῦτα</span> <span class='ocrx_word' id='word_1_378' title='bbox 3584 2790 3764 2844; x_wconf 87' lang='grc' dir='ltr'>είπὼν</span> 
     </span>
    </p>
   </div>
   <div class='ocr_carea' id='block_1_53' title="bbox 2180 2864 3760 2952">
    <p class='ocr_par' dir='ltr' id='par_1_53' title="bbox 2180 2864 3760 2952">
     <span class='ocr_line' id='line_1_54' title="bbox 2180 2864 3760 2952; baseline 0.003 -22"><span class='ocrx_word' id='word_1_379' title='bbox 2180 2876 2278 2946; x_wconf 84' lang='grc' dir='ltr'>τὴν</span> <span class='ocrx_word' id='word_1_380' title='bbox 2304 2864 2399 2929; x_wconf 89' lang='grc' dir='ltr'><strong>τοῦ</strong></span> <span class='ocrx_word' id='word_1_381' title='bbox 2429 2875 2656 2945; x_wconf 79' lang='grc' dir='ltr'>ποιητοῦ</span> <span class='ocrx_word' id='word_1_382' title='bbox 2687 2874 2957 2946; x_wconf 77' lang='grc' dir='ltr'><strong>θαυμάζει</strong></span> <span class='ocrx_word' id='word_1_383' title='bbox 2982 2877 3411 2950; x_wconf 82' lang='grc' dir='ltr'>μεγαλουργίαν,</span> <span class='ocrx_word' id='word_1_384' title='bbox 3445 2882 3539 2934; x_wconf 91' lang='grc' dir='ltr'><strong>καί</strong></span> <span class='ocrx_word' id='word_1_385' title='bbox 3565 2899 3760 2952; x_wconf 85' lang='grc' dir='ltr'>φησιν,</span> 
     </span>
    </p>
   </div>
   <div class='ocr_carea' id='block_1_54' title="bbox 2187 2967 3764 3043">
    <p class='ocr_par' dir='ltr' id='par_1_54' title="bbox 2187 2967 3764 3043">
     <span class='ocr_line' id='line_1_55' title="bbox 2187 2967 3764 3043; baseline 0.004 -22"><span class='ocrx_word' id='word_1_386' title='bbox 2187 2988 2207 3021; x_wconf 79' lang='grc' dir='ltr'>ι</span> <span class='ocrx_word' id='word_1_387' title='bbox 2258 2969 2345 3032; x_wconf 82' lang='grc' dir='ltr'><strong>Ὡς</strong></span> <span class='ocrx_word' id='word_1_388' title='bbox 2393 2967 2738 3038; x_wconf 82' lang='grc' dir='ltr'>ὲμεγαλὺνθη</span> <span class='ocrx_word' id='word_1_389' title='bbox 2791 2968 2859 3021; x_wconf 83' lang='grc' dir='ltr'>τὰ</span> <span class='ocrx_word' id='word_1_390' title='bbox 2906 2968 3041 3039; x_wconf 78' lang='grc' dir='ltr'>ἔργα</span> <span class='ocrx_word' id='word_1_391' title='bbox 3082 2987 3196 3034; x_wconf 92' lang='grc' dir='ltr'>σου,</span> <span class='ocrx_word' id='word_1_392' title='bbox 3238 2970 3434 3043; x_wconf 86' lang='grc' dir='ltr'>Κύριε,</span> <span class='ocrx_word' id='word_1_393' title='bbox 3481 2974 3657 3027; x_wconf 83' lang='grc' dir='ltr'>πάντα</span> <span class='ocrx_word' id='word_1_394' title='bbox 3698 2976 3764 3028; x_wconf 80' lang='grc' dir='ltr'>ὲν</span> 
     </span>
    </p>
   </div>
   <div class='ocr_carea' id='block_1_55' title="bbox 2183 3057 3757 3135">
    <p class='ocr_par' dir='ltr' id='par_1_55' title="bbox 2183 3057 3757 3135">
     <span class='ocr_line' id='line_1_56' title="bbox 2183 3057 3757 3135; baseline 0.004 -20"><span class='ocrx_word' id='word_1_395' title='bbox 2183 3062 2345 3133; x_wconf 75' lang='grc' dir='ltr'>σοφίᾳ</span> <span class='ocrx_word' id='word_1_396' title='bbox 2374 3061 2658 3130; x_wconf 78' lang='grc' dir='ltr'>ἐποίησας.</span> <span class='ocrx_word' id='word_1_397' title='bbox 2690 3079 2708 3111; x_wconf 72' lang='grc' dir='ltr'><strong>ι</strong></span> <span class='ocrx_word' id='word_1_398' title='bbox 2742 3062 2862 3114; x_wconf 81' lang='grc' dir='ltr'>Ὀτι</span> <span class='ocrx_word' id='word_1_399' title='bbox 2897 3061 2994 3131; x_wconf 82' lang='grc' dir='ltr'><strong>μὲν</strong></span> <span class='ocrx_word' id='word_1_400' title='bbox 3015 3057 3108 3115; x_wconf 80' lang='grc' dir='ltr'>οὖν</span> <span class='ocrx_word' id='word_1_401' title='bbox 3135 3064 3433 3131; x_wconf 87' lang='grc' dir='ltr'>ἀναγκαῖον</span> <span class='ocrx_word' id='word_1_402' title='bbox 3458 3067 3520 3119; x_wconf 81' lang='grc' dir='ltr'>τὸ</span> <span class='ocrx_word' id='word_1_403' title='bbox 3542 3068 3757 3135; x_wconf 81' lang='grc' dir='ltr'>σκότος,</span> 
     </span>
    </p>
   </div>
   <div class='ocr_carea' id='block_1_56' title="bbox 2180 3153 3758 3227">
    <p class='ocr_par' dir='ltr' id='par_1_56' title="bbox 2180 3153 3758 3227">
     <span class='ocr_line' id='line_1_57' title="bbox 2180 3153 3758 3227; baseline 0.001 -17"><span class='ocrx_word' id='word_1_404' title='bbox 2180 3154 2426 3227; x_wconf 82' lang='grc' dir='ltr'>ἀκριϐῶς</span> <span class='ocrx_word' id='word_1_405' title='bbox 2460 3153 2883 3225; x_wconf 85' lang='grc' dir='ltr'>μεμαθήκαμεν.</span> <span class='ocrx_word' id='word_1_406' title='bbox 2923 3154 3044 3207; x_wconf 71' lang='grc' dir='ltr'>Ὀτι</span> <span class='ocrx_word' id='word_1_407' title='bbox 3070 3155 3125 3208; x_wconf 82' lang='grc' dir='ltr'>δὲ</span> <span class='ocrx_word' id='word_1_408' title='bbox 3155 3156 3253 3209; x_wconf 85' lang='grc' dir='ltr'><strong>οὑκ</strong></span> <span class='ocrx_word' id='word_1_409' title='bbox 3278 3159 3433 3210; x_wconf 87' lang='grc' dir='ltr'>οὑσία</span> <span class='ocrx_word' id='word_1_410' title='bbox 3462 3158 3546 3222; x_wconf 85' lang='grc' dir='ltr'><strong>τίς</strong></span> <span class='ocrx_word' id='word_1_411' title='bbox 3578 3161 3758 3225; x_wconf 79' lang='grc' dir='ltr'>ἐστιν,</span> 
     </span>
    </p>
   </div>
   <div class='ocr_carea' id='block_1_57' title="bbox 499 3246 2073 3324">
    <p class='ocr_par' dir='ltr' id='par_1_57' title="bbox 499 3246 2073 3320">
     <span class='ocr_line' id='line_1_58' title="bbox 499 3246 2073 3320; baseline 0.003 -19"><span class='ocrx_word' id='word_1_412' title='bbox 499 3246 658 3304; x_wconf 79' lang='lat' dir='ltr'><strong>facile</strong></span> <span class='ocrx_word' id='word_1_413' title='bbox 722 3257 806 3304; x_wconf 92' lang='lat' dir='ltr'><strong>est</strong></span> <span class='ocrx_word' id='word_1_414' title='bbox 869 3248 1210 3320; x_wconf 77' lang='lat' dir='ltr'><strong>intelligere:</strong></span> <span class='ocrx_word' id='word_1_415' title='bbox 1269 3259 1395 3305; x_wconf 89' lang='lat' dir='ltr'><strong>sunt</strong></span> <span class='ocrx_word' id='word_1_416' title='bbox 1447 3249 1595 3303; x_wconf 83' lang='lat' dir='ltr'><strong>enim</strong></span> <span class='ocrx_word' id='word_1_417' title='bbox 1635 3251 1759 3305; x_wconf 68' lang='lat' dir='ltr'><strong>caali</strong></span> <span class='ocrx_word' id='word_1_418' title='bbox 1811 3259 1865 3306; x_wconf 91' lang='lat' dir='ltr'><strong>et</strong></span> <span class='ocrx_word' id='word_1_419' title='bbox 1919 3260 2073 3306; x_wconf 80' lang='lat' dir='ltr'><strong>terrae</strong></span> 
     </span>
    </p>
   </div>
   <div class='ocr_carea' id='block_1_58' title="bbox 2185 3246 3756 3324">
    <p class='ocr_par' dir='ltr' id='par_1_58' title="bbox 2185 3246 3756 3318">
     <span class='ocr_line' id='line_1_59' title="bbox 2185 3246 3756 3318; baseline 0.003 -17"><span class='ocrx_word' id='word_1_420' title='bbox 2185 3248 2317 3302; x_wconf 83' lang='grc' dir='ltr'>ἀλλὰ</span> <span class='ocrx_word' id='word_1_421' title='bbox 2368 3250 2600 3318; x_wconf 85' lang='grc' dir='ltr'>πρᾶγμα</span> <span class='ocrx_word' id='word_1_422' title='bbox 2654 3246 3043 3316; x_wconf 88' lang='grc' dir='ltr'>συμϐεϐηκὸς,</span> <span class='ocrx_word' id='word_1_423' title='bbox 3102 3251 3446 3318; x_wconf 85' lang='grc' dir='ltr'>καταμαθεῖν</span> <span class='ocrx_word' id='word_1_424' title='bbox 3501 3252 3756 3315; x_wconf 81' lang='grc' dir='ltr'>εὐπετές.</span> 
     </span>
    </p>
   </div>
   <div class='ocr_carea' id='block_1_59' title="bbox 500 3341 2075 3409">
    <p class='ocr_par' dir='ltr' id='par_1_59' title="bbox 500 3341 2075 3409">
     <span class='ocr_line' id='line_1_60' title="bbox 500 3341 2075 3409; baseline 0.003 -15"><span class='ocrx_word' id='word_1_425' title='bbox 500 3341 865 3396; x_wconf 89' lang='lat' dir='ltr'><strong>adumbratio.</strong></span> <span class='ocrx_word' id='word_1_426' title='bbox 931 3342 1297 3409; x_wconf 85' lang='lat' dir='ltr'><strong>Quamobrem</strong></span> <span class='ocrx_word' id='word_1_427' title='bbox 1360 3344 1569 3397; x_wconf 89' lang='lat' dir='ltr'><strong>oriente</strong></span> <span class='ocrx_word' id='word_1_428' title='bbox 1614 3343 1818 3398; x_wconf 86' lang='lat' dir='ltr'><strong>lumine</strong></span> <span class='ocrx_word' id='word_1_429' title='bbox 1875 3359 2075 3399; x_wconf 84' lang='lat' dir='ltr'><strong>evane-</strong></span> 
     </span>
    </p>
   </div>
   <div class='ocr_carea' id='block_1_60' title="bbox 499 3433 2079 3503">
    <p class='ocr_par' dir='ltr' id='par_1_60' title="bbox 499 3433 2079 3503">
     <span class='ocr_line' id='line_1_61' title="bbox 499 3433 2079 3503; baseline 0 -14"><span class='ocrx_word' id='word_1_430' title='bbox 499 3442 661 3489; x_wconf 85' lang='lat' dir='ltr'><strong>scunt</strong></span> <span class='ocrx_word' id='word_1_431' title='bbox 694 3433 951 3488; x_wconf 68' lang='lat' dir='ltr'><strong>tenebras.</strong></span> <span class='ocrx_word' id='word_1_432' title='bbox 990 3434 1089 3503; x_wconf 75' lang='lat'><strong>12</strong></span> <span class='ocrx_word' id='word_1_433' title='bbox 1126 3433 1334 3489; x_wconf 84' lang='lat' dir='ltr'><strong>Lumen</strong></span> <span class='ocrx_word' id='word_1_434' title='bbox 1371 3443 1552 3489; x_wconf 92' lang='lat' dir='ltr'><strong>autem</strong></span> <span class='ocrx_word' id='word_1_435' title='bbox 1578 3434 1882 3489; x_wconf 88' lang='lat' dir='ltr'><strong>substantia</strong></span> <span class='ocrx_word' id='word_1_436' title='bbox 1911 3444 1991 3491; x_wconf 86' lang='lat' dir='ltr'><strong>est</strong></span> <span class='ocrx_word' id='word_1_437' title='bbox 2024 3442 2079 3491; x_wconf 91' lang='lat' dir='ltr'><strong>et</strong></span> 
     </span>
    </p>
   </div>
   <div class='ocr_carea' id='block_1_61' title="bbox 501 3524 2076 3590">
    <p class='ocr_par' dir='ltr' id='par_1_61' title="bbox 501 3524 2076 3590">
     <span class='ocr_line' id='line_1_62' title="bbox 501 3524 2076 3590; baseline 0.001 -10"><span class='ocrx_word' id='word_1_438' title='bbox 501 3524 748 3580; x_wconf 86' lang='lat' dir='ltr'><strong>subsistit</strong></span> <span class='ocrx_word' id='word_1_439' title='bbox 774 3543 787 3579; x_wconf 90' lang='lat'>:</span> <span class='ocrx_word' id='word_1_440' title='bbox 817 3536 871 3580; x_wconf 88' lang='lat' dir='ltr'><strong>et</strong></span> <span class='ocrx_word' id='word_1_441' title='bbox 896 3541 1020 3581; x_wconf 89' lang='lat' dir='ltr'><strong>cum</strong></span> <span class='ocrx_word' id='word_1_442' title='bbox 1051 3524 1329 3590; x_wconf 89' lang='lat' dir='ltr'><strong>occiderit,</strong></span> <span class='ocrx_word' id='word_1_443' title='bbox 1380 3540 1598 3579; x_wconf 89' lang='lat' dir='ltr'><strong>rursum</strong></span> <span class='ocrx_word' id='word_1_444' title='bbox 1630 3525 1830 3581; x_wconf 90' lang='lat' dir='ltr'><strong>oritur:</strong></span> <span class='ocrx_word' id='word_1_445' title='bbox 1865 3534 1921 3580; x_wconf 89' lang='lat' dir='ltr'><strong>et</strong></span> <span class='ocrx_word' id='word_1_446' title='bbox 1950 3541 2076 3581; x_wconf 90' lang='lat' dir='ltr'><strong>cum</strong></span> 
     </span>
    </p>
   </div>
   <div class='ocr_carea' id='block_1_62' title="bbox 502 3616 2078 3687">
    <p class='ocr_par' dir='ltr' id='par_1_62' title="bbox 502 3616 2078 3687">
     <span class='ocr_line' id='line_1_63' title="bbox 502 3616 2078 3687; baseline 0.001 -16"><span class='ocrx_word' id='word_1_447' title='bbox 502 3616 712 3683; x_wconf 91' lang='lat' dir='ltr'><strong>abierit,</strong></span> <span class='ocrx_word' id='word_1_448' title='bbox 784 3618 1090 3672; x_wconf 82' lang='lat' dir='ltr'><strong>revertitur.</strong></span> <span class='ocrx_word' id='word_1_449' title='bbox 1166 3616 1636 3683; x_wconf 86' lang='lat' dir='ltr'><strong>Quemadmodum</strong></span> <span class='ocrx_word' id='word_1_450' title='bbox 1687 3618 1831 3671; x_wconf 89' lang='lat' dir='ltr'><strong>enim</strong></span> <span class='ocrx_word' id='word_1_451' title='bbox 1878 3633 2078 3687; x_wconf 91' lang='lat' dir='ltr'><strong>corpus</strong></span> 
     </span>
    </p>
   </div>
   <div class='ocr_carea' id='block_1_63' title="bbox 503 3708 2075 3779">
    <p class='ocr_par' dir='ltr' id='par_1_63' title="bbox 503 3708 2075 3779">
     <span class='ocr_line' id='line_1_64' title="bbox 503 3708 2075 3779; baseline 0.001 -17"><span class='ocrx_word' id='word_1_452' title='bbox 503 3717 750 3764; x_wconf 88' lang='lat' dir='ltr'><strong>nostrum</strong></span> <span class='ocrx_word' id='word_1_453' title='bbox 793 3717 876 3764; x_wconf 90' lang='lat' dir='ltr'><strong>est</strong></span> <span class='ocrx_word' id='word_1_454' title='bbox 920 3709 1246 3776; x_wconf 86' lang='lat' dir='ltr'><strong>substantia,</strong></span> <span class='ocrx_word' id='word_1_455' title='bbox 1301 3708 1495 3763; x_wconf 88' lang='lat' dir='ltr'><strong>umbra</strong></span> <span class='ocrx_word' id='word_1_456' title='bbox 1540 3723 1691 3774; x_wconf 88' lang='lat' dir='ltr'><strong>vero,</strong></span> <span class='ocrx_word' id='word_1_457' title='bbox 1729 3724 1891 3779; x_wconf 89' lang='lat' dir='ltr'><strong>quam</strong></span> <span class='ocrx_word' id='word_1_458' title='bbox 1926 3709 2075 3775; x_wconf 79' lang='lat' dir='ltr'><strong>facit,</strong></span> 
     </span>
    </p>
   </div>
   <div class='ocr_carea' id='block_1_64' title="bbox 502 3801 2075 3866">
    <p class='ocr_par' dir='ltr' id='par_1_64' title="bbox 502 3801 2075 3866">
     <span class='ocr_line' id='line_1_65' title="bbox 502 3801 2075 3866; baseline -0.001 -9"><span class='ocrx_word' id='word_1_459' title='bbox 502 3801 752 3858; x_wconf 89' lang='lat' dir='ltr'><strong>accidens</strong></span> <span class='ocrx_word' id='word_1_460' title='bbox 780 3810 881 3865; x_wconf 91' lang='lat' dir='ltr'><strong>est,</strong></span> <span class='ocrx_word' id='word_1_461' title='bbox 929 3816 1037 3856; x_wconf 93' lang='lat' dir='ltr'><strong>non</strong></span> <span class='ocrx_word' id='word_1_462' title='bbox 1088 3801 1432 3858; x_wconf 87' lang='lat' dir='ltr'><strong>substantia:</strong></span> <span class='ocrx_word' id='word_1_463' title='bbox 1473 3801 1550 3855; x_wconf 88' lang='lat' dir='ltr'><strong>ita</strong></span> <span class='ocrx_word' id='word_1_464' title='bbox 1598 3801 1794 3857; x_wconf 69' lang='lat' dir='ltr'><strong>malum</strong></span> <span class='ocrx_word' id='word_1_465' title='bbox 1824 3809 1879 3855; x_wconf 91' lang='lat' dir='ltr'><strong>et</strong></span> <span class='ocrx_word' id='word_1_466' title='bbox 1908 3811 2075 3866; x_wconf 81' lang='lat' dir='ltr'><strong>terra,</strong></span> 
     </span>
    </p>
   </div>
   <div class='ocr_carea' id='block_1_65' title="bbox 501 3892 2076 3964">
    <p class='ocr_par' dir='ltr' id='par_1_65' title="bbox 501 3892 2076 3964">
     <span class='ocr_line' id='line_1_66' title="bbox 501 3892 2076 3964; baseline -0.001 -15"><span class='ocrx_word' id='word_1_467' title='bbox 501 3910 623 3963; x_wconf 67' lang='lat' dir='ltr'><strong>quae</strong></span> <span class='ocrx_word' id='word_1_468' title='bbox 650 3893 887 3949; x_wconf 85' lang='lat' dir='ltr'><strong>maxima</strong></span> <span class='ocrx_word' id='word_1_469' title='bbox 918 3903 1045 3949; x_wconf 90' lang='lat' dir='ltr'><strong>sunt</strong></span> <span class='ocrx_word' id='word_1_470' title='bbox 1091 3908 1342 3964; x_wconf 82' lang='lat' dir='ltr'><strong>corpora,</strong></span> <span class='ocrx_word' id='word_1_471' title='bbox 1394 3892 1709 3949; x_wconf 65' lang='lat' dir='ltr'><strong>substantiae</strong></span> <span class='ocrx_word' id='word_1_472' title='bbox 1740 3901 1867 3947; x_wconf 92' lang='lat' dir='ltr'><strong>sunt</strong></span> <span class='ocrx_word' id='word_1_473' title='bbox 1896 3894 2076 3949; x_wconf 88' lang='lat' dir='ltr'><strong>diver-</strong></span> 
     </span>
    </p>
   </div>
   <div class='ocr_carea' id='block_1_66' title="bbox 502 3984 2076 4056">
    <p class='ocr_par' dir='ltr' id='par_1_66' title="bbox 502 3984 2076 4056">
     <span class='ocr_line' id='line_1_67' title="bbox 502 3984 2076 4056; baseline -0.001 -15"><span class='ocrx_word' id='word_1_474' title='bbox 502 4000 616 4042; x_wconf 63' lang='lat' dir='ltr'><strong>sae:</strong></span> <span class='ocrx_word' id='word_1_475' title='bbox 663 4001 785 4056; x_wconf 70' lang='lat' dir='ltr'><strong>qua:</strong></span> <span class='ocrx_word' id='word_1_476' title='bbox 815 4000 943 4039; x_wconf 91' lang='lat' dir='ltr'><strong>vero</strong></span> <span class='ocrx_word' id='word_1_477' title='bbox 972 3986 1042 4040; x_wconf 89' lang='lat' dir='ltr'><strong>ab</strong></span> <span class='ocrx_word' id='word_1_478' title='bbox 1083 3985 1169 4040; x_wconf 92' lang='lat' dir='ltr'><strong>his</strong></span> <span class='ocrx_word' id='word_1_479' title='bbox 1220 3993 1405 4039; x_wconf 87' lang='lat' dir='ltr'><strong>manat</strong></span> <span class='ocrx_word' id='word_1_480' title='bbox 1449 3984 1666 4048; x_wconf 91' lang='lat' dir='ltr'><strong>umbra,</strong></span> <span class='ocrx_word' id='word_1_481' title='bbox 1717 3984 1923 4040; x_wconf 89' lang='lat' dir='ltr'><strong>lumine</strong></span> <span class='ocrx_word' id='word_1_482' title='bbox 1967 4000 2076 4040; x_wconf 90' lang='lat' dir='ltr'><strong>non</strong></span> 
     </span>
    </p>
   </div>
   <div class='ocr_carea' id='block_1_67' title="bbox 503 4073 2074 4145">
    <p class='ocr_par' dir='ltr' id='par_1_67' title="bbox 503 4073 2074 4145">
     <span class='ocr_line' id='line_1_68' title="bbox 503 4073 2074 4145; baseline -0.002 -15"><span class='ocrx_word' id='word_1_483' title='bbox 503 4084 813 4145; x_wconf 89' lang='lat' dir='ltr'><strong>apparente,</strong></span> <span class='ocrx_word' id='word_1_484' title='bbox 841 4084 1105 4131; x_wconf 82' lang='lat' dir='ltr'><strong>vocantur</strong></span> <span class='ocrx_word' id='word_1_485' title='bbox 1134 4074 1389 4129; x_wconf 69' lang='lat' dir='ltr'><strong>tenebrae.</strong></span> <span class='ocrx_word' id='word_1_486' title='bbox 1440 4073 1644 4129; x_wconf 88' lang='lat' dir='ltr'><strong>Lumen</strong></span> <span class='ocrx_word' id='word_1_487' title='bbox 1677 4083 1857 4128; x_wconf 91' lang='lat' dir='ltr'><strong>autem</strong></span> <span class='ocrx_word' id='word_1_488' title='bbox 1899 4088 2074 4129; x_wconf 89' lang='lat' dir='ltr'><strong>emer-</strong></span> 
     </span>
    </p>
   </div>
   <div class='ocr_carea' id='block_1_68' title="bbox 504 4165 2072 4239">
    <p class='ocr_par' dir='ltr' id='par_1_68' title="bbox 504 4165 2072 4239">
     <span class='ocr_line' id='line_1_69' title="bbox 504 4165 2072 4239; baseline -0.002 -15"><span class='ocrx_word' id='word_1_489' title='bbox 504 4184 634 4239; x_wconf 76' lang='lat' dir='ltr'><strong>gens</strong></span> <span class='ocrx_word' id='word_1_490' title='bbox 662 4167 913 4224; x_wconf 91' lang='lat' dir='ltr'><strong>tenebras</strong></span> <span class='ocrx_word' id='word_1_491' title='bbox 959 4166 1123 4221; x_wconf 88' lang='lat' dir='ltr'><strong>delet.</strong></span> <span class='ocrx_word' id='word_1_492' title='bbox 1156 4165 1271 4221; x_wconf 86' lang='lat' dir='ltr'><strong>Hoc</strong></span> <span class='ocrx_word' id='word_1_493' title='bbox 1297 4175 1352 4221; x_wconf 90' lang='lat' dir='ltr'><strong>et</strong></span> <span class='ocrx_word' id='word_1_494' title='bbox 1382 4166 1537 4220; x_wconf 89' lang='lat' dir='ltr'><strong>aliter</strong></span> <span class='ocrx_word' id='word_1_495' title='bbox 1565 4180 1897 4235; x_wconf 85' lang='lat' dir='ltr'><strong>cognoscere</strong></span> <span class='ocrx_word' id='word_1_496' title='bbox 1924 4166 2072 4221; x_wconf 89' lang='lat' dir='ltr'><strong>licet.</strong></span> 
     </span>
    </p>
   </div>
   <div class='ocr_carea' id='block_1_69' title="bbox 506 4243 2073 4328">
    <p class='ocr_par' dir='ltr' id='par_1_69' title="bbox 506 4243 2073 4328">
     <span class='ocr_line' id='line_1_70' title="bbox 506 4243 2073 4328; baseline 0.001 -16"><span class='ocrx_word' id='word_1_497' title='bbox 506 4261 708 4313; x_wconf 87' lang='lat' dir='ltr'><strong>Domus</strong></span> <span class='ocrx_word' id='word_1_498' title='bbox 751 4258 895 4313; x_wconf 85' lang='lat' dir='ltr'><strong>enim</strong></span> <span class='ocrx_word' id='word_1_499' title='bbox 944 4243 1196 4312; x_wconf 73' lang='lat' dir='ltr'><strong>fenestris</strong></span> <span class='ocrx_word' id='word_1_500' title='bbox 1238 4271 1429 4312; x_wconf 86' lang='lat' dir='ltr'><strong>carens</strong></span> <span class='ocrx_word' id='word_1_501' title='bbox 1477 4256 1716 4312; x_wconf 88' lang='lat' dir='ltr'><strong>tenebris</strong></span> <span class='ocrx_word' id='word_1_502' title='bbox 1763 4257 1920 4328; x_wconf 90' lang='lat' dir='ltr'><strong>plena</strong></span> <span class='ocrx_word' id='word_1_503' title='bbox 1951 4268 2073 4313; x_wconf 86' lang='lat' dir='ltr'><strong>est:</strong></span> 
     </span>
    </p>
   </div>
   <div class='ocr_carea' id='block_1_70' title="bbox 505 4346 2075 4417">
    <p class='ocr_par' dir='ltr' id='par_1_70' title="bbox 505 4346 2075 4417">
     <span class='ocr_line' id='line_1_71' title="bbox 505 4346 2075 4417; baseline -0.003 -12"><span class='ocrx_word' id='word_1_504' title='bbox 505 4350 712 4416; x_wconf 83' lang='lat' dir='ltr'><strong>eadem,</strong></span> <span class='ocrx_word' id='word_1_505' title='bbox 766 4349 813 4405; x_wconf 91' lang='lat' dir='ltr'><strong>si</strong></span> <span class='ocrx_word' id='word_1_506' title='bbox 858 4347 1005 4403; x_wconf 85' lang='lat' dir='ltr'><strong>illata</strong></span> <span class='ocrx_word' id='word_1_507' title='bbox 1034 4348 1243 4417; x_wconf 89' lang='lat' dir='ltr'><strong>lampas</strong></span> <span class='ocrx_word' id='word_1_508' title='bbox 1273 4346 1455 4413; x_wconf 80' lang='lat' dir='ltr'><strong>fuerit,</strong></span> <span class='ocrx_word' id='word_1_509' title='bbox 1497 4347 1822 4413; x_wconf 89' lang='lat' dir='ltr'><strong>illustratur,</strong></span> <span class='ocrx_word' id='word_1_510' title='bbox 1852 4363 1961 4401; x_wconf 89' lang='lat' dir='ltr'><strong>non</strong></span> <span class='ocrx_word' id='word_1_511' title='bbox 1995 4355 2075 4401; x_wconf 90' lang='lat' dir='ltr'><strong>te-</strong></span> 
     </span>
    </p>
   </div>
   <div class='ocr_carea' id='block_1_71' title="bbox 506 4439 2070 4511">
    <p class='ocr_par' dir='ltr' id='par_1_71' title="bbox 506 4439 2070 4511">
     <span class='ocr_line' id='line_1_72' title="bbox 506 4439 2070 4511; baseline -0.003 -16"><span class='ocrx_word' id='word_1_512' title='bbox 506 4441 687 4495; x_wconf 87' lang='lat' dir='ltr'><strong>nebris</strong></span> <span class='ocrx_word' id='word_1_513' title='bbox 733 4440 841 4495; x_wconf 89' lang='lat' dir='ltr'><strong>alio</strong></span> <span class='ocrx_word' id='word_1_514' title='bbox 888 4439 1249 4511; x_wconf 79' lang='lat' dir='ltr'><strong>migrantibus</strong></span> <span class='ocrx_word' id='word_1_515' title='bbox 1290 4439 1486 4511; x_wconf 90' lang='lat' dir='ltr'><strong>(neque</strong></span> <span class='ocrx_word' id='word_1_516' title='bbox 1532 4439 1679 4494; x_wconf 89' lang='lat' dir='ltr'><strong>enim</strong></span> <span class='ocrx_word' id='word_1_517' title='bbox 1732 4439 2070 4506; x_wconf 91' lang='lat' dir='ltr'><strong>subsistunt,</strong></span> 
     </span>
    </p>
   </div>
   <div class='ocr_carea' id='block_1_72' title="bbox 504 4530 2071 4602">
    <p class='ocr_par' dir='ltr' id='par_1_72' title="bbox 504 4530 2071 4602">
     <span class='ocr_line' id='line_1_73' title="bbox 504 4530 2071 4602; baseline -0.003 -13"><span class='ocrx_word' id='word_1_518' title='bbox 504 4549 628 4589; x_wconf 89' lang='lat' dir='ltr'><strong>cum</strong></span> <span class='ocrx_word' id='word_1_519' title='bbox 659 4532 978 4587; x_wconf 69' lang='lat' dir='ltr'><strong>subSIantite</strong></span> <span class='ocrx_word' id='word_1_520' title='bbox 1005 4531 1114 4586; x_wconf 86' lang='lat' dir='ltr'><strong>sint</strong></span> <span class='ocrx_word' id='word_1_521' title='bbox 1139 4534 1432 4602; x_wconf 86' lang='lat' dir='ltr'><strong>expertes),</strong></span> <span class='ocrx_word' id='word_1_522' title='bbox 1464 4530 1561 4586; x_wconf 91' lang='lat' dir='ltr'><strong>sed</strong></span> <span class='ocrx_word' id='word_1_523' title='bbox 1586 4531 1812 4586; x_wconf 86' lang='lat' dir='ltr'><strong>luminis</strong></span> <span class='ocrx_word' id='word_1_524' title='bbox 1835 4530 2071 4585; x_wconf 87' lang='lat' dir='ltr'><strong>adventu</strong></span> 
     </span>
    </p>
   </div>
   <div class='ocr_carea' id='block_1_73' title="bbox 2179 3338 3757 3412">
    <p class='ocr_par' dir='ltr' id='par_1_73' title="bbox 2179 3338 3757 3412">
     <span class='ocr_line' id='line_1_74' title="bbox 2179 3338 3757 3412; baseline 0.002 -18"><span class='ocrx_word' id='word_1_525' title='bbox 2179 3338 2424 3409; x_wconf 81' lang='grc' dir='ltr'>Οὐρανοῦ</span> <span class='ocrx_word' id='word_1_526' title='bbox 2479 3338 2588 3409; x_wconf 81' lang='grc' dir='ltr'><strong>γὰρ</strong></span> <span class='ocrx_word' id='word_1_527' title='bbox 2619 3339 2714 3390; x_wconf 76' lang='grc' dir='ltr'><strong>καὶ</strong></span> <span class='ocrx_word' id='word_1_528' title='bbox 2759 3340 2864 3409; x_wconf 83' lang='grc' dir='ltr'><strong>γῆς</strong></span> <span class='ocrx_word' id='word_1_529' title='bbox 2895 3341 3043 3391; x_wconf 80' lang='grc' dir='ltr'>ἐστιν</span> <span class='ocrx_word' id='word_1_530' title='bbox 3091 3340 3449 3412; x_wconf 84' lang='grc' dir='ltr'>ἀποσκίασμα</span> <span class='ocrx_word' id='word_1_531' title='bbox 3474 3360 3490 3375; x_wconf 75' lang='grc' dir='ltr'><strong>ο</strong></span> <span class='ocrx_word' id='word_1_532' title='bbox 3542 3343 3628 3397; x_wconf 86' lang='grc' dir='ltr'>διά</span> <span class='ocrx_word' id='word_1_533' title='bbox 3668 3361 3757 3397; x_wconf 77' lang='grc' dir='ltr'><strong>τοι⁹</strong></span> 
     </span>
    </p>
   </div>
   <div class='ocr_carea' id='block_1_74' title="bbox 2177 3430 3757 3505">
    <p class='ocr_par' dir='ltr' id='par_1_74' title="bbox 2177 3430 3757 3505">
     <span class='ocr_line' id='line_1_75' title="bbox 2177 3430 3757 3505; baseline 0.004 -22"><span class='ocrx_word' id='word_1_534' title='bbox 2177 3430 2336 3484; x_wconf 89' lang='grc' dir='ltr'>τοῦτο</span> <span class='ocrx_word' id='word_1_535' title='bbox 2366 3430 2593 3502; x_wconf 80' lang='grc' dir='ltr'>φροῦδον</span> <span class='ocrx_word' id='word_1_536' title='bbox 2632 3434 2841 3500; x_wconf 82' lang='grc' dir='ltr'>γίνεται</span> <span class='ocrx_word' id='word_1_537' title='bbox 2883 3431 2979 3484; x_wconf 86' lang='grc' dir='ltr'><strong>τοῦ</strong></span> <span class='ocrx_word' id='word_1_538' title='bbox 3010 3433 3189 3500; x_wconf 86' lang='grc' dir='ltr'>φωτὸς</span> <span class='ocrx_word' id='word_1_539' title='bbox 3226 3434 3559 3505; x_wconf 85' lang='grc' dir='ltr'>ἀνίσχοντος.</span> <span class='ocrx_word' id='word_1_540' title='bbox 3594 3436 3666 3488; x_wconf 83' lang='grc' dir='ltr'><strong>Τὸ</strong></span> <span class='ocrx_word' id='word_1_541' title='bbox 3698 3436 3757 3489; x_wconf 79' lang='grc' dir='ltr'><strong>δὲ</strong></span> 
     </span>
    </p>
   </div>
   <div class='ocr_carea' id='block_1_75' title="bbox 2180 3521 3755 3598">
    <p class='ocr_par' dir='ltr' id='par_1_75' title="bbox 2180 3521 3755 3598">
     <span class='ocr_line' id='line_1_76' title="bbox 2180 3521 3755 3598; baseline 0.004 -24"><span class='ocrx_word' id='word_1_542' title='bbox 2180 3521 2295 3591; x_wconf 86' lang='grc' dir='ltr'>φῶς</span> <span class='ocrx_word' id='word_1_543' title='bbox 2320 3522 2476 3575; x_wconf 85' lang='grc' dir='ltr'>οὑσία</span> <span class='ocrx_word' id='word_1_544' title='bbox 2504 3522 2622 3574; x_wconf 75' lang='grc' dir='ltr'>ἐστὶ</span> <span class='ocrx_word' id='word_1_545' title='bbox 2648 3524 2744 3574; x_wconf 73' lang='grc' dir='ltr'>καὶ</span> <span class='ocrx_word' id='word_1_546' title='bbox 2774 3523 3050 3593; x_wconf 80' lang='grc' dir='ltr'><strong>ὑφέστηκε</strong></span> <span class='ocrx_word' id='word_1_547' title='bbox 3071 3540 3085 3556; x_wconf 71' lang='grc'><strong><em>⁸</em></strong></span> <span class='ocrx_word' id='word_1_548' title='bbox 3121 3523 3213 3577; x_wconf 76' lang='grc' dir='ltr'><strong>καὶ</strong></span> <span class='ocrx_word' id='word_1_549' title='bbox 3240 3524 3494 3595; x_wconf 86' lang='grc' dir='ltr'>δυόμενον</span> <span class='ocrx_word' id='word_1_550' title='bbox 3518 3526 3755 3598; x_wconf 84' lang='grc' dir='ltr'>ἀνίσχει,</span> 
     </span>
    </p>
   </div>
   <div class='ocr_carea' id='block_1_76' title="bbox 2180 3613 3757 3689">
    <p class='ocr_par' dir='ltr' id='par_1_76' title="bbox 2180 3613 3757 3689">
     <span class='ocr_line' id='line_1_77' title="bbox 2180 3613 3757 3689; baseline 0.004 -23"><span class='ocrx_word' id='word_1_551' title='bbox 2180 3614 2275 3666; x_wconf 81' lang='grc' dir='ltr'>καὶ</span> <span class='ocrx_word' id='word_1_552' title='bbox 2324 3613 2485 3666; x_wconf 86' lang='grc' dir='ltr'>ἀπιὸν</span> <span class='ocrx_word' id='word_1_553' title='bbox 2534 3614 2914 3685; x_wconf 83' lang='grc' dir='ltr'>ἐπανέρχεται.</span> <span class='ocrx_word' id='word_1_554' title='bbox 2974 3615 3183 3685; x_wconf 84' lang='grc' dir='ltr'>’Ὠσπερ</span> <span class='ocrx_word' id='word_1_555' title='bbox 3236 3617 3345 3687; x_wconf 79' lang='grc' dir='ltr'>γὰρ</span> <span class='ocrx_word' id='word_1_556' title='bbox 3391 3619 3452 3671; x_wconf 85' lang='grc' dir='ltr'>τὸ</span> <span class='ocrx_word' id='word_1_557' title='bbox 3498 3618 3657 3689; x_wconf 82' lang='grc' dir='ltr'>σῶμα</span> <span class='ocrx_word' id='word_1_558' title='bbox 3692 3620 3757 3672; x_wconf 84' lang='grc' dir='ltr'>τὸ</span> 
     </span>
    </p>
   </div>
   <div class='ocr_carea' id='block_1_77' title="bbox 2177 3707 3755 3780">
    <p class='ocr_par' dir='ltr' id='par_1_77' title="bbox 2177 3707 3755 3780">
     <span class='ocr_line' id='line_1_78' title="bbox 2177 3707 3755 3780; baseline 0.003 -20"><span class='ocrx_word' id='word_1_559' title='bbox 2177 3708 2447 3780; x_wconf 76' lang='grc' dir='ltr'>ἡμέτερον</span> <span class='ocrx_word' id='word_1_560' title='bbox 2476 3707 2630 3761; x_wconf 82' lang='grc' dir='ltr'>οὐσία</span> <span class='ocrx_word' id='word_1_561' title='bbox 2654 3708 2737 3772; x_wconf 88' lang='grc' dir='ltr'>τίς</span> <span class='ocrx_word' id='word_1_562' title='bbox 2770 3710 2940 3770; x_wconf 75' lang='grc' dir='ltr'>ἐστιν,</span> <span class='ocrx_word' id='word_1_563' title='bbox 2973 3710 3006 3778; x_wconf 87' lang='grc' dir='ltr'>ἡ</span> <span class='ocrx_word' id='word_1_564' title='bbox 3036 3709 3093 3761; x_wconf 83' lang='grc' dir='ltr'>δὲ</span> <span class='ocrx_word' id='word_1_565' title='bbox 3126 3710 3213 3762; x_wconf 80' lang='grc' dir='ltr'>διὰ</span> <span class='ocrx_word' id='word_1_566' title='bbox 3237 3710 3429 3763; x_wconf 78' lang='grc' dir='ltr'>τούτου</span> <span class='ocrx_word' id='word_1_567' title='bbox 3457 3712 3755 3764; x_wconf 83' lang='grc' dir='ltr'>ἀποτελου-</span> 
     </span>
    </p>
   </div>
   <div class='ocr_carea' id='block_1_78' title="bbox 2182 3798 3757 3871">
    <p class='ocr_par' dir='ltr' id='par_1_78' title="bbox 2182 3798 3757 3871">
     <span class='ocr_line' id='line_1_79' title="bbox 2182 3798 3757 3871; baseline 0.003 -18"><span class='ocrx_word' id='word_1_568' title='bbox 2182 3802 2315 3871; x_wconf 85' lang='grc' dir='ltr'>μένη</span> <span class='ocrx_word' id='word_1_569' title='bbox 2371 3798 2499 3853; x_wconf 89' lang='grc' dir='ltr'><strong>σκιά</strong></span> <span class='ocrx_word' id='word_1_570' title='bbox 2554 3800 2900 3870; x_wconf 89' lang='grc' dir='ltr'>συμϐεϐηκός</span> <span class='ocrx_word' id='word_1_571' title='bbox 2955 3802 3121 3867; x_wconf 79' lang='grc' dir='ltr'>ἐστιν,</span> <span class='ocrx_word' id='word_1_572' title='bbox 3157 3802 3258 3855; x_wconf 81' lang='grc' dir='ltr'><strong>οὑκ</strong></span> <span class='ocrx_word' id='word_1_573' title='bbox 3293 3803 3481 3855; x_wconf 82' lang='grc' dir='ltr'>οὐσία·</span> <span class='ocrx_word' id='word_1_574' title='bbox 3511 3803 3685 3867; x_wconf 76' lang='grc' dir='ltr'>οὕτως</span> <span class='ocrx_word' id='word_1_575' title='bbox 3725 3807 3757 3858; x_wconf 89' lang='lat'><strong>6</strong></span> 
     </span>
    </p>
   </div>
   <div class='ocr_carea' id='block_1_79' title="bbox 2178 3892 3755 3965">
    <p class='ocr_par' dir='ltr' id='par_1_79' title="bbox 2178 3892 3755 3965">
     <span class='ocr_line' id='line_1_80' title="bbox 2178 3892 3755 3965; baseline 0 -17"><span class='ocrx_word' id='word_1_576' title='bbox 2178 3892 2405 3965; x_wconf 80' lang='grc' dir='ltr'>οὐρανὸς</span> <span class='ocrx_word' id='word_1_577' title='bbox 2437 3893 2533 3946; x_wconf 72' lang='grc' dir='ltr'>καὶ</span> <span class='ocrx_word' id='word_1_578' title='bbox 2568 3895 2601 3963; x_wconf 83' lang='grc' dir='ltr'>ἡ</span> <span class='ocrx_word' id='word_1_579' title='bbox 2642 3892 2733 3961; x_wconf 83' lang='grc' dir='ltr'><strong>γῆ,</strong></span> <span class='ocrx_word' id='word_1_580' title='bbox 2774 3893 2841 3946; x_wconf 75' lang='grc' dir='ltr'>τὰ</span> <span class='ocrx_word' id='word_1_581' title='bbox 2874 3892 3105 3963; x_wconf 86' lang='grc' dir='ltr'>μέγιστα</span> <span class='ocrx_word' id='word_1_582' title='bbox 3146 3893 3392 3962; x_wconf 79' lang='grc' dir='ltr'>σώματα,</span> <span class='ocrx_word' id='word_1_583' title='bbox 3426 3895 3603 3947; x_wconf 86' lang='grc' dir='ltr'>οὑσίαι</span> <span class='ocrx_word' id='word_1_584' title='bbox 3646 3897 3755 3948; x_wconf 77' lang='grc' dir='ltr'>εἰσὶ</span> 
     </span>
    </p>
   </div>
   <div class='ocr_carea' id='block_1_80' title="bbox 2177 3984 3755 4057">
    <p class='ocr_par' dir='ltr' id='par_1_80' title="bbox 2177 3984 3755 4057">
     <span class='ocr_line' id='line_1_81' title="bbox 2177 3984 3755 4057; baseline 0.001 -17"><span class='ocrx_word' id='word_1_585' title='bbox 2177 3986 2460 4057; x_wconf 80' lang='grc' dir='ltr'>διάφοροι·</span> <span class='ocrx_word' id='word_1_586' title='bbox 2501 3987 2535 4055; x_wconf 82' lang='grc' dir='ltr'><strong>ἡ</strong></span> <span class='ocrx_word' id='word_1_587' title='bbox 2586 3984 2641 4037; x_wconf 82' lang='grc' dir='ltr'>δὲ</span> <span class='ocrx_word' id='word_1_588' title='bbox 2676 3988 2739 4038; x_wconf 81' lang='grc' dir='ltr'>ἑκ</span> <span class='ocrx_word' id='word_1_589' title='bbox 2782 3985 2989 4037; x_wconf 80' lang='grc' dir='ltr'>τούτων</span> <span class='ocrx_word' id='word_1_590' title='bbox 3030 3986 3438 4057; x_wconf 83' lang='grc' dir='ltr'>ἀποτελουμένη</span> <span class='ocrx_word' id='word_1_591' title='bbox 3474 3988 3620 4051; x_wconf 76' lang='grc' dir='ltr'>σκιὰ,</span> <span class='ocrx_word' id='word_1_592' title='bbox 3655 3988 3755 4041; x_wconf 90' lang='grc' dir='ltr'><strong>τοῦ</strong></span> 
     </span>
    </p>
   </div>
   <div class='ocr_carea' id='block_1_81' title="bbox 2180 4075 3753 4147">
    <p class='ocr_par' dir='ltr' id='par_1_81' title="bbox 2180 4075 3753 4147">
     <span class='ocr_line' id='line_1_82' title="bbox 2180 4075 3753 4147; baseline -0.001 -17"><span class='ocrx_word' id='word_1_593' title='bbox 2180 4078 2355 4147; x_wconf 82' lang='grc' dir='ltr'>φωτὸς</span> <span class='ocrx_word' id='word_1_594' title='bbox 2394 4077 2456 4130; x_wconf 87' lang='grc' dir='ltr'><strong>οὑ</strong></span> <span class='ocrx_word' id='word_1_595' title='bbox 2498 4076 2784 4146; x_wconf 81' lang='grc' dir='ltr'>παρόντος,</span> <span class='ocrx_word' id='word_1_596' title='bbox 2816 4075 3137 4145; x_wconf 79' lang='grc' dir='ltr'>ὀνομάζεται</span> <span class='ocrx_word' id='word_1_597' title='bbox 3175 4076 3365 4139; x_wconf 86' lang='grc' dir='ltr'>σκότος</span> <span class='ocrx_word' id='word_1_598' title='bbox 3386 4091 3399 4105; x_wconf 89' lang='grc'><strong>·</strong></span> <span class='ocrx_word' id='word_1_599' title='bbox 3429 4078 3668 4131; x_wconf 78' lang='grc' dir='ltr'>εἰσελθὸν</span> <span class='ocrx_word' id='word_1_600' title='bbox 3694 4078 3753 4129; x_wconf 81' lang='grc' dir='ltr'>δὲ</span> 
     </span>
    </p>
   </div>
   <div class='ocr_carea' id='block_1_82' title="bbox 2177 4166 3753 4240">
    <p class='ocr_par' dir='ltr' id='par_1_82' title="bbox 2177 4166 3753 4240">
     <span class='ocr_line' id='line_1_83' title="bbox 2177 4166 3753 4240; baseline -0.002 -17"><span class='ocrx_word' id='word_1_601' title='bbox 2177 4170 2237 4223; x_wconf 88' lang='grc' dir='ltr'>τδ</span> <span class='ocrx_word' id='word_1_602' title='bbox 2271 4169 2387 4238; x_wconf 83' lang='grc' dir='ltr'><strong>φῶς</strong></span> <span class='ocrx_word' id='word_1_603' title='bbox 2415 4168 2667 4237; x_wconf 80' lang='grc' dir='ltr'>ἀφανίζει</span> <span class='ocrx_word' id='word_1_604' title='bbox 2702 4166 2762 4219; x_wconf 77' lang='grc' dir='ltr'>τὸ</span> <span class='ocrx_word' id='word_1_605' title='bbox 2793 4166 3003 4230; x_wconf 86' lang='grc' dir='ltr'>σκότος.</span> <span class='ocrx_word' id='word_1_606' title='bbox 3038 4166 3208 4220; x_wconf 83' lang='grc' dir='ltr'>Τοῦτο</span> <span class='ocrx_word' id='word_1_607' title='bbox 3237 4167 3348 4240; x_wconf 74' lang='lat'><strong>(&#39;29)</strong></span> <span class='ocrx_word' id='word_1_608' title='bbox 3376 4168 3431 4221; x_wconf 85' lang='grc' dir='ltr'>δὲ</span> <span class='ocrx_word' id='word_1_609' title='bbox 3473 4170 3628 4238; x_wconf 86' lang='grc' dir='ltr'>γνοίη</span> <span class='ocrx_word' id='word_1_610' title='bbox 3666 4187 3753 4232; x_wconf 88' lang='grc' dir='ltr'>τις</span> 
     </span>
    </p>
   </div>
   <div class='ocr_carea' id='block_1_83' title="bbox 2177 4252 3751 4330">
    <p class='ocr_par' dir='ltr' id='par_1_83' title="bbox 2177 4252 3751 4330">
     <span class='ocr_line' id='line_1_84' title="bbox 2177 4252 3751 4330; baseline -0.002 -16"><span class='ocrx_word' id='word_1_611' title='bbox 2177 4261 2244 4315; x_wconf 82' lang='grc' dir='ltr'>ἂν</span> <span class='ocrx_word' id='word_1_612' title='bbox 2288 4262 2381 4314; x_wconf 73' lang='grc' dir='ltr'>καὶ</span> <span class='ocrx_word' id='word_1_613' title='bbox 2418 4259 2704 4330; x_wconf 81' lang='grc' dir='ltr'>ἑτέρωθεν.</span> <span class='ocrx_word' id='word_1_614' title='bbox 2744 4252 2906 4321; x_wconf 78' lang='grc' dir='ltr'>Οἶκος</span> <span class='ocrx_word' id='word_1_615' title='bbox 2933 4259 3041 4327; x_wconf 88' lang='grc' dir='ltr'><strong>γὰρ</strong></span> <span class='ocrx_word' id='word_1_616' title='bbox 3077 4259 3177 4311; x_wconf 82' lang='grc' dir='ltr'><strong>οὐκ</strong></span> <span class='ocrx_word' id='word_1_617' title='bbox 3212 4258 3350 4328; x_wconf 77' lang='grc' dir='ltr'>ἔχων</span> <span class='ocrx_word' id='word_1_618' title='bbox 3380 4259 3751 4328; x_wconf 77' lang='grc' dir='ltr'>φωταγωγοὺς</span> 
     </span>
    </p>
   </div>
   <div class='ocr_carea' id='block_1_84' title="bbox 2180 4350 3751 4421">
    <p class='ocr_par' dir='ltr' id='par_1_84' title="bbox 2180 4350 3751 4421">
     <span class='ocr_line' id='line_1_85' title="bbox 2180 4350 3751 4421; baseline -0.003 -14"><span class='ocrx_word' id='word_1_619' title='bbox 2180 4353 2402 4415; x_wconf 87' lang='grc' dir='ltr'>σκότους</span> <span class='ocrx_word' id='word_1_620' title='bbox 2430 4352 2576 4404; x_wconf 83' lang='grc' dir='ltr'>ὲστίν</span> <span class='ocrx_word' id='word_1_621' title='bbox 2612 4350 2915 4413; x_wconf 81' lang='grc' dir='ltr'>ἀνάπλεως.</span> <span class='ocrx_word' id='word_1_622' title='bbox 2954 4350 3415 4421; x_wconf 80' lang='grc' dir='ltr'>Εξσκομισθείσης</span> <span class='ocrx_word' id='word_1_623' title='bbox 3448 4352 3502 4403; x_wconf 85' lang='grc' dir='ltr'>δὲ</span> <span class='ocrx_word' id='word_1_624' title='bbox 3537 4351 3751 4420; x_wconf 85' lang='grc' dir='ltr'>λαμπά-</span> 
     </span>
    </p>
   </div>
   <div class='ocr_carea' id='block_1_85' title="bbox 2175 4442 3741 4516">
    <p class='ocr_par' dir='ltr' id='par_1_85' title="bbox 2175 4442 3741 4516">
     <span class='ocr_line' id='line_1_86' title="bbox 2175 4442 3741 4516; baseline -0.002 -16"><span class='ocrx_word' id='word_1_625' title='bbox 2175 4448 2264 4509; x_wconf 90' lang='grc' dir='ltr'><strong>δος</strong></span> <span class='ocrx_word' id='word_1_626' title='bbox 2298 4445 2588 4516; x_wconf 76' lang='grc' dir='ltr'>φωτίζεται</span> <span class='ocrx_word' id='word_1_627' title='bbox 2613 4461 2627 4474; x_wconf 85' lang='grc'><strong>·</strong></span> <span class='ocrx_word' id='word_1_628' title='bbox 2678 4446 2737 4496; x_wconf 74' lang='grc' dir='ltr'><strong>οὑ</strong></span> <span class='ocrx_word' id='word_1_629' title='bbox 2783 4442 2878 4496; x_wconf 92' lang='grc' dir='ltr'><strong>τοῦ</strong></span> <span class='ocrx_word' id='word_1_630' title='bbox 2912 4443 3136 4506; x_wconf 82' lang='grc' dir='ltr'>σκότους</span> <span class='ocrx_word' id='word_1_631' title='bbox 3166 4444 3353 4497; x_wconf 83' lang='grc' dir='ltr'>ἄλλοσε</span> <span class='ocrx_word' id='word_1_632' title='bbox 3398 4444 3741 4514; x_wconf 77' lang='grc' dir='ltr'>μεταϐαίνονο</span> 
     </span>
    </p>
   </div>
   <div class='ocr_carea' id='block_1_86' title="bbox 2175 4534 3749 4607">
    <p class='ocr_par' dir='ltr' id='par_1_86' title="bbox 2175 4534 3749 4607">
     <span class='ocr_line' id='line_1_87' title="bbox 2175 4534 3749 4607; baseline -0.004 -14"><span class='ocrx_word' id='word_1_633' title='bbox 2175 4557 2264 4603; x_wconf 86' lang='grc' dir='ltr'>τος</span> <span class='ocrx_word' id='word_1_634' title='bbox 2285 4556 2298 4570; x_wconf 91' lang='grc'><strong>·</strong></span> <span class='ocrx_word' id='word_1_635' title='bbox 2326 4537 2387 4590; x_wconf 85' lang='grc' dir='ltr'><strong>οὑ</strong></span> <span class='ocrx_word' id='word_1_636' title='bbox 2412 4536 2517 4607; x_wconf 88' lang='grc' dir='ltr'>γὰρ</span> <span class='ocrx_word' id='word_1_637' title='bbox 2540 4534 2864 4603; x_wconf 82' lang='grc' dir='ltr'>ὑφέστηκεν,</span> <span class='ocrx_word' id='word_1_638' title='bbox 2891 4536 3270 4588; x_wconf 85' lang='grc' dir='ltr'>ἀνυπόστατον</span> <span class='ocrx_word' id='word_1_639' title='bbox 3289 4535 3345 4588; x_wconf 84' lang='grc' dir='ltr'>δὲ</span> <span class='ocrx_word' id='word_1_640' title='bbox 3366 4535 3557 4606; x_wconf 83' lang='grc' dir='ltr'>χρῆμά</span> <span class='ocrx_word' id='word_1_641' title='bbox 3577 4537 3749 4588; x_wconf 77' lang='grc' dir='ltr'>ἐστιν’</span> 
     </span>
    </p>
   </div>
   <div class='ocr_carea' id='block_1_87' title="bbox 505 4622 2073 4697">
    <p class='ocr_par' dir='ltr' id='par_1_87' title="bbox 505 4622 2073 4694">
     <span class='ocr_line' id='line_1_88' title="bbox 505 4622 2073 4694; baseline 0 -17"><span class='ocrx_word' id='word_1_642' title='bbox 505 4625 876 4694; x_wconf 87' lang='lat' dir='ltr'><strong>pereuntibus.</strong></span> <span class='ocrx_word' id='word_1_643' title='bbox 926 4622 1136 4694; x_wconf 85' lang='lat' dir='ltr'><strong>Quippe</strong></span> <span class='ocrx_word' id='word_1_644' title='bbox 1199 4623 1391 4678; x_wconf 91' lang='lat' dir='ltr'><strong>umbra</strong></span> <span class='ocrx_word' id='word_1_645' title='bbox 1441 4632 1589 4689; x_wconf 91' lang='lat' dir='ltr'><strong>sunt,</strong></span> <span class='ocrx_word' id='word_1_646' title='bbox 1659 4637 1822 4693; x_wconf 92' lang='lat' dir='ltr'><strong>quam</strong></span> <span class='ocrx_word' id='word_1_647' title='bbox 1871 4631 2073 4678; x_wconf 91' lang='lat' dir='ltr'><strong>tectum</strong></span> 
     </span>
    </p>
   </div>
   <div class='ocr_carea' id='block_1_88' title="bbox 2185 4622 3748 4697">
    <p class='ocr_par' dir='ltr' id='par_1_88' title="bbox 2185 4623 3748 4697">
     <span class='ocr_line' id='line_1_89' title="bbox 2185 4623 3748 4697; baseline 0 -16"><span class='ocrx_word' id='word_1_648' title='bbox 2185 4628 2318 4682; x_wconf 84' lang='grc' dir='ltr'>ἀλλὰ</span> <span class='ocrx_word' id='word_1_649' title='bbox 2361 4628 2591 4696; x_wconf 83' lang='grc' dir='ltr'>πάμπαν</span> <span class='ocrx_word' id='word_1_650' title='bbox 2618 4625 2964 4694; x_wconf 87' lang='grc' dir='ltr'>διολλυμένου</span> <span class='ocrx_word' id='word_1_651' title='bbox 3010 4628 3074 4696; x_wconf 84' lang='grc' dir='ltr'>τῇ</span> <span class='ocrx_word' id='word_1_652' title='bbox 3107 4623 3199 4678; x_wconf 91' lang='grc' dir='ltr'><strong>τοῦ</strong></span> <span class='ocrx_word' id='word_1_653' title='bbox 3245 4625 3421 4693; x_wconf 79' lang='grc' dir='ltr'>φωτὸς</span> <span class='ocrx_word' id='word_1_654' title='bbox 3451 4627 3748 4697; x_wconf 78' lang='grc' dir='ltr'>παρουσία.</span> 
     </span>
    </p>
   </div>
   <div class='ocr_carea' id='block_1_89' title="bbox 504 4715 2079 4787">
    <p class='ocr_par' dir='ltr' id='par_1_89' title="bbox 504 4715 2079 4787">
     <span class='ocr_line' id='line_1_90' title="bbox 504 4715 2079 4787; baseline -0.002 -15"><span class='ocrx_word' id='word_1_655' title='bbox 504 4717 792 4787; x_wconf 84' lang='lat' dir='ltr'><strong>solumque</strong></span> <span class='ocrx_word' id='word_1_656' title='bbox 832 4725 886 4771; x_wconf 91' lang='lat' dir='ltr'><strong>et</strong></span> <span class='ocrx_word' id='word_1_657' title='bbox 908 4717 1142 4787; x_wconf 83' lang='lat' dir='ltr'><strong>parietes</strong></span> <span class='ocrx_word' id='word_1_658' title='bbox 1159 4715 1413 4783; x_wconf 89' lang='lat' dir='ltr'><strong>coullant,</strong></span> <span class='ocrx_word' id='word_1_659' title='bbox 1442 4716 1666 4771; x_wconf 88' lang='lat' dir='ltr'><strong>luminis</strong></span> <span class='ocrx_word' id='word_1_660' title='bbox 1686 4717 1877 4771; x_wconf 90' lang='lat' dir='ltr'><strong>deinde</strong></span> <span class='ocrx_word' id='word_1_661' title='bbox 1896 4718 2079 4785; x_wconf 86' lang='lat' dir='ltr'><strong>splen-</strong></span> 
     </span>
    </p>
   </div>
   <div class='ocr_carea' id='block_1_90' title="bbox 506 4807 2076 4878">
    <p class='ocr_par' dir='ltr' id='par_1_90' title="bbox 506 4807 2076 4878">
     <span class='ocr_line' id='line_1_91' title="bbox 506 4807 2076 4878; baseline -0.001 -16"><span class='ocrx_word' id='word_1_662' title='bbox 506 4809 609 4862; x_wconf 89' lang='lat' dir='ltr'><strong>dor</strong></span> <span class='ocrx_word' id='word_1_663' title='bbox 645 4808 912 4863; x_wconf 86' lang='lat' dir='ltr'><strong>dissolvit.</strong></span> <span class='ocrx_word' id='word_1_664' title='bbox 943 4808 1098 4873; x_wconf 89' lang='lat' dir='ltr'><strong>Quod</strong></span> <span class='ocrx_word' id='word_1_665' title='bbox 1129 4808 1305 4878; x_wconf 89' lang='lat' dir='ltr'><strong>ipsum</strong></span> <span class='ocrx_word' id='word_1_666' title='bbox 1338 4807 1454 4863; x_wconf 82' lang='lat' dir='ltr'><strong>ﬁeri</strong></span> <span class='ocrx_word' id='word_1_667' title='bbox 1493 4807 1736 4877; x_wconf 88' lang='lat' dir='ltr'><strong>quotidie</strong></span> <span class='ocrx_word' id='word_1_668' title='bbox 1778 4807 2076 4862; x_wconf 86' lang='lat' dir='ltr'><strong>cernimus.</strong></span> 
     </span>
    </p>
   </div>
   <div class='ocr_carea' id='block_1_91' title="bbox 507 4898 2081 4963">
    <p class='ocr_par' dir='ltr' id='par_1_91' title="bbox 507 4898 2081 4963">
     <span class='ocr_line' id='line_1_92' title="bbox 507 4898 2081 4963; baseline -0.003 -7"><span class='ocrx_word' id='word_1_669' title='bbox 507 4901 642 4956; x_wconf 77' lang='lat' dir='ltr'><strong>Nam</strong></span> <span class='ocrx_word' id='word_1_670' title='bbox 689 4901 974 4956; x_wconf 82' lang='lat' dir='ltr'><strong>recedente</strong></span> <span class='ocrx_word' id='word_1_671' title='bbox 1017 4902 1243 4963; x_wconf 90' lang='lat' dir='ltr'><strong>lumine,</strong></span> <span class='ocrx_word' id='word_1_672' title='bbox 1275 4899 1399 4957; x_wconf 72' lang='lat' dir='ltr'><strong>cmli</strong></span> <span class='ocrx_word' id='word_1_673' title='bbox 1428 4908 1482 4953; x_wconf 87' lang='lat' dir='ltr'><strong>et</strong></span> <span class='ocrx_word' id='word_1_674' title='bbox 1510 4908 1669 4953; x_wconf 83' lang='lat' dir='ltr'><strong>terrae</strong></span> <span class='ocrx_word' id='word_1_675' title='bbox 1707 4898 1897 4952; x_wconf 88' lang='lat' dir='ltr'><strong>umbra</strong></span> <span class='ocrx_word' id='word_1_676' title='bbox 1929 4905 2081 4952; x_wconf 90' lang='lat' dir='ltr'><strong>tene-</strong></span> 
     </span>
    </p>
   </div>
   <div class='ocr_carea' id='block_1_92' title="bbox 509 4991 2077 5065">
    <p class='ocr_par' dir='ltr' id='par_1_92' title="bbox 509 4991 2077 5065">
     <span class='ocr_line' id='line_1_93' title="bbox 509 4991 2077 5065; baseline -0.003 -16"><span class='ocrx_word' id='word_1_677' title='bbox 509 4995 636 5050; x_wconf 88' lang='lat' dir='ltr'><strong>bras</strong></span> <span class='ocrx_word' id='word_1_678' title='bbox 663 4993 915 5065; x_wconf 89' lang='lat' dir='ltr'><strong>producit</strong></span> <span class='ocrx_word' id='word_1_679' title='bbox 944 5012 957 5048; x_wconf 88' lang='lat'><strong>:</strong></span> <span class='ocrx_word' id='word_1_680' title='bbox 1008 5008 1128 5063; x_wconf 72' lang='lat' dir='ltr'><strong>quae</strong></span> <span class='ocrx_word' id='word_1_681' title='bbox 1155 4994 1362 5047; x_wconf 88' lang='lat' dir='ltr'><strong>oriente</strong></span> <span class='ocrx_word' id='word_1_682' title='bbox 1393 4991 1600 5045; x_wconf 89' lang='lat' dir='ltr'><strong>lumine</strong></span> <span class='ocrx_word' id='word_1_683' title='bbox 1630 5006 1847 5046; x_wconf 89' lang='lat' dir='ltr'><strong>rursum</strong></span> <span class='ocrx_word' id='word_1_684' title='bbox 1876 4991 2077 5046; x_wconf 83' lang='lat' dir='ltr'><strong>dissol-</strong></span> 
     </span>
    </p>
   </div>
   <div class='ocr_carea' id='block_1_93' title="bbox 508 5083 2077 5159">
    <p class='ocr_par' dir='ltr' id='par_1_93' title="bbox 508 5083 2077 5159">
     <span class='ocr_line' id='line_1_94' title="bbox 508 5083 2077 5159; baseline -0.003 -17"><span class='ocrx_word' id='word_1_685' title='bbox 508 5096 729 5143; x_wconf 83' lang='lat' dir='ltr'><strong>vuntur.</strong></span> <span class='ocrx_word' id='word_1_686' title='bbox 763 5085 877 5139; x_wconf 86' lang='lat' dir='ltr'><strong>Non</strong></span> <span class='ocrx_word' id='word_1_687' title='bbox 908 5094 1031 5141; x_wconf 85' lang='lat' dir='ltr'><strong>sunt</strong></span> <span class='ocrx_word' id='word_1_688' title='bbox 1059 5084 1222 5155; x_wconf 84' lang='lat' dir='ltr'><strong>igitur</strong></span> <span class='ocrx_word' id='word_1_689' title='bbox 1246 5083 1477 5139; x_wconf 64' lang='lat' dir='ltr'><strong>tenebrae</strong></span> <span class='ocrx_word' id='word_1_690' title='bbox 1504 5084 1806 5159; x_wconf 77' lang='lat' dir='ltr'><strong>substantia</strong></span> <span class='ocrx_word' id='word_1_691' title='bbox 1829 5083 2077 5153; x_wconf 79' lang='lat' dir='ltr'><strong>quaedam</strong></span> 
     </span>
    </p>
   </div>
   <div class='ocr_carea' id='block_1_94' title="bbox 509 5175 2076 5249">
    <p class='ocr_par' dir='ltr' id='par_1_94' title="bbox 509 5175 2076 5249">
     <span class='ocr_line' id='line_1_95' title="bbox 509 5175 2076 5249; baseline -0.002 -15"><span class='ocrx_word' id='word_1_692' title='bbox 509 5181 773 5242; x_wconf 88' lang='lat' dir='ltr'><strong>increata,</strong></span> <span class='ocrx_word' id='word_1_693' title='bbox 804 5194 980 5249; x_wconf 88' lang='lat' dir='ltr'><strong>neque</strong></span> <span class='ocrx_word' id='word_1_694' title='bbox 1008 5177 1171 5232; x_wconf 92' lang='lat' dir='ltr'><strong>etiam</strong></span> <span class='ocrx_word' id='word_1_695' title='bbox 1219 5176 1525 5232; x_wconf 90' lang='lat' dir='ltr'><strong>substantia</strong></span> <span class='ocrx_word' id='word_1_696' title='bbox 1557 5186 1738 5232; x_wconf 87' lang='lat' dir='ltr'><strong>creata</strong></span> <span class='ocrx_word' id='word_1_697' title='bbox 1767 5196 1780 5231; x_wconf 90' lang='lat'><strong>:</strong></span> <span class='ocrx_word' id='word_1_698' title='bbox 1816 5175 1911 5232; x_wconf 91' lang='lat' dir='ltr'><strong>sed</strong></span> <span class='ocrx_word' id='word_1_699' title='bbox 1942 5191 2076 5232; x_wconf 88' lang='lat' dir='ltr'><strong>usus</strong></span> 
     </span>
    </p>
   </div>
   <div class='ocr_carea' id='block_1_95' title="bbox 512 5269 2074 5343">
    <p class='ocr_par' dir='ltr' id='par_1_95' title="bbox 512 5269 2074 5343">
     <span class='ocr_line' id='line_1_96' title="bbox 512 5269 2074 5343; baseline -0.003 -16"><span class='ocrx_word' id='word_1_700' title='bbox 512 5273 729 5343; x_wconf 86' lang='lat' dir='ltr'><strong>quidam</strong></span> <span class='ocrx_word' id='word_1_701' title='bbox 779 5270 1139 5335; x_wconf 88' lang='lat' dir='ltr'><strong>necessarius,</strong></span> <span class='ocrx_word' id='word_1_702' title='bbox 1171 5270 1240 5324; x_wconf 91' lang='lat' dir='ltr'><strong>ab</strong></span> <span class='ocrx_word' id='word_1_703' title='bbox 1270 5269 1356 5324; x_wconf 89' lang='lat' dir='ltr'><strong>his</strong></span> <span class='ocrx_word' id='word_1_704' title='bbox 1382 5285 1504 5340; x_wconf 82' lang='lat' dir='ltr'><strong>quae</strong></span> <span class='ocrx_word' id='word_1_705' title='bbox 1532 5269 1674 5327; x_wconf 79' lang='lat' dir='ltr'><strong>facta</strong></span> <span class='ocrx_word' id='word_1_706' title='bbox 1705 5278 1833 5325; x_wconf 86' lang='lat' dir='ltr'><strong>sunt</strong></span> <span class='ocrx_word' id='word_1_707' title='bbox 1877 5284 2074 5340; x_wconf 84' lang='lat' dir='ltr'><strong>prove-</strong></span> 
     </span>
    </p>
   </div>
   <div class='ocr_carea' id='block_1_96' title="bbox 591 5449 1592 5513">
    <p class='ocr_par' dir='ltr' id='par_1_96' title="bbox 591 5449 1592 5513">
     <span class='ocr_line' id='line_1_97' title="bbox 591 5449 1592 5513; baseline 0 -11"><span class='ocrx_word' id='word_1_708' title='bbox 591 5453 608 5486; x_wconf 69' lang='grc' dir='ltr'>ι</span> <span class='ocrx_word' id='word_1_709' title='bbox 652 5450 792 5504; x_wconf 84' lang='lat' dir='ltr'><strong>Psal.</strong></span> <span class='ocrx_word' id='word_1_710' title='bbox 827 5465 944 5513; x_wconf 87' lang='lat' dir='ltr'><strong>cm,</strong></span> <span class='ocrx_word' id='word_1_711' title='bbox 974 5449 1144 5505; x_wconf 68' lang='lat'><strong>20-23</strong></span> <span class='ocrx_word' id='word_1_712' title='bbox 1259 5460 1285 5487; x_wconf 82' lang='grc' dir='ltr'>υ</span> <span class='ocrx_word' id='word_1_713' title='bbox 1321 5449 1454 5506; x_wconf 83' lang='lat' dir='ltr'><strong>ibid.</strong></span> <span class='ocrx_word' id='word_1_714' title='bbox 1496 5449 1592 5504; x_wconf 61' lang='grc' dir='ltr'><strong>Ἡ.</strong></span> 
     </span>
    </p>
   </div>
   <div class='ocr_carea' id='block_1_97' title="bbox 2177 4714 3746 4789">
    <p class='ocr_par' dir='ltr' id='par_1_97' title="bbox 2177 4714 3746 4789">
     <span class='ocr_line' id='line_1_98' title="bbox 2177 4714 3746 4789; baseline -0.001 -16"><span class='ocrx_word' id='word_1_715' title='bbox 2177 4720 2311 4773; x_wconf 87' lang='grc' dir='ltr'>Σκιά</span> <span class='ocrx_word' id='word_1_716' title='bbox 2342 4719 2450 4789; x_wconf 86' lang='grc' dir='ltr'>γάρ</span> <span class='ocrx_word' id='word_1_717' title='bbox 2478 4717 2593 4770; x_wconf 76' lang='grc' dir='ltr'>ἐστι</span> <span class='ocrx_word' id='word_1_718' title='bbox 2617 4717 2704 4769; x_wconf 82' lang='grc' dir='ltr'><strong>διὰ</strong></span> <span class='ocrx_word' id='word_1_719' title='bbox 2732 4717 2830 4786; x_wconf 82' lang='grc' dir='ltr'>τῆς</span> <span class='ocrx_word' id='word_1_720' title='bbox 2859 4716 3083 4787; x_wconf 73' lang='grc' dir='ltr'>ὀροφῆς,</span> <span class='ocrx_word' id='word_1_721' title='bbox 3117 4720 3212 4769; x_wconf 80' lang='grc' dir='ltr'>καὶ</span> <span class='ocrx_word' id='word_1_722' title='bbox 3240 4714 3334 4769; x_wconf 84' lang='grc' dir='ltr'><strong>τοῦ</strong></span> <span class='ocrx_word' id='word_1_723' title='bbox 3370 4717 3622 4786; x_wconf 80' lang='grc' dir='ltr'>ἐδάφους,</span> <span class='ocrx_word' id='word_1_724' title='bbox 3656 4720 3746 4771; x_wconf 66' lang='grc' dir='ltr'>καὶ</span> 
     </span>
    </p>
   </div>
   <div class='ocr_carea' id='block_1_98' title="bbox 2174 4803 3735 4879">
    <p class='ocr_par' dir='ltr' id='par_1_98' title="bbox 2174 4803 3735 4879">
     <span class='ocr_line' id='line_1_99' title="bbox 2174 4803 3735 4879; baseline -0.002 -14"><span class='ocrx_word' id='word_1_725' title='bbox 2174 4811 2284 4865; x_wconf 84' lang='grc' dir='ltr'><strong>τῶν</strong></span> <span class='ocrx_word' id='word_1_726' title='bbox 2326 4811 2522 4879; x_wconf 88' lang='grc' dir='ltr'>τοίχων</span> <span class='ocrx_word' id='word_1_727' title='bbox 2558 4806 2955 4877; x_wconf 80' lang='grc' dir='ltr'>συνισταμένη,</span> <span class='ocrx_word' id='word_1_728' title='bbox 3001 4803 3122 4860; x_wconf 76' lang='grc' dir='ltr'>εἶτα</span> <span class='ocrx_word' id='word_1_729' title='bbox 3148 4809 3268 4871; x_wconf 87' lang='grc' dir='ltr'>ταῖς</span> <span class='ocrx_word' id='word_1_730' title='bbox 3307 4806 3401 4859; x_wconf 90' lang='grc' dir='ltr'><strong>τοῦ</strong></span> <span class='ocrx_word' id='word_1_731' title='bbox 3434 4808 3611 4878; x_wconf 80' lang='grc' dir='ltr'>φωτὸς</span> <span class='ocrx_word' id='word_1_732' title='bbox 3637 4808 3735 4862; x_wconf 66' lang='grc' dir='ltr'>διαι</span> 
     </span>
    </p>
   </div>
   <div class='ocr_carea' id='block_1_99' title="bbox 2174 4899 3747 4974">
    <p class='ocr_par' dir='ltr' id='par_1_99' title="bbox 2174 4899 3747 4974">
     <span class='ocr_line' id='line_1_100' title="bbox 2174 4899 3747 4974; baseline -0.003 -16"><span class='ocrx_word' id='word_1_733' title='bbox 2174 4903 2411 4974; x_wconf 87' lang='grc' dir='ltr'>λυομένη</span> <span class='ocrx_word' id='word_1_734' title='bbox 2457 4902 2868 4972; x_wconf 86' lang='grc' dir='ltr'>μαρμαρυγαῖς.</span> <span class='ocrx_word' id='word_1_735' title='bbox 2905 4899 3075 4952; x_wconf 87' lang='grc' dir='ltr'>Τοῦτο</span> <span class='ocrx_word' id='word_1_736' title='bbox 3103 4900 3223 4953; x_wconf 82' lang='grc' dir='ltr'>καθ’</span> <span class='ocrx_word' id='word_1_737' title='bbox 3266 4899 3504 4970; x_wconf 79' lang='grc' dir='ltr'>ἑκάστην</span> <span class='ocrx_word' id='word_1_738' title='bbox 3531 4902 3747 4972; x_wconf 79' lang='grc' dir='ltr'>ἡμέραν</span> 
     </span>
    </p>
   </div>
   <div class='ocr_carea' id='block_1_100' title="bbox 2175 4991 3734 5067">
    <p class='ocr_par' dir='ltr' id='par_1_100' title="bbox 2175 4991 3734 5067">
     <span class='ocr_line' id='line_1_101' title="bbox 2175 4991 3734 5067; baseline -0.003 -18"><span class='ocrx_word' id='word_1_739' title='bbox 2175 4996 2391 5067; x_wconf 83' lang='grc' dir='ltr'>ὁρῶμεν</span> <span class='ocrx_word' id='word_1_740' title='bbox 2419 4993 2856 5062; x_wconf 81' lang='grc' dir='ltr'>ὲπιτελούμενον.</span> <span class='ocrx_word' id='word_1_741' title='bbox 2905 4991 3347 5062; x_wconf 87' lang='grc' dir='ltr'>’Υποχωροῦντος</span> <span class='ocrx_word' id='word_1_742' title='bbox 3376 4994 3485 5063; x_wconf 77' lang='grc' dir='ltr'>γὰρ</span> <span class='ocrx_word' id='word_1_743' title='bbox 3515 4993 3608 5045; x_wconf 87' lang='grc' dir='ltr'><strong>τοῦ</strong></span> <span class='ocrx_word' id='word_1_744' title='bbox 3636 5010 3734 5061; x_wconf 77' lang='grc' dir='ltr'>φωο</span> 
     </span>
    </p>
   </div>
   <div class='ocr_carea' id='block_1_101' title="bbox 2183 5082 3744 5157">
    <p class='ocr_par' dir='ltr' id='par_1_101' title="bbox 2183 5082 3744 5157">
     <span class='ocr_line' id='line_1_102' title="bbox 2183 5082 3744 5157; baseline -0.004 -17"><span class='ocrx_word' id='word_1_745' title='bbox 2183 5088 2304 5151; x_wconf 88' lang='grc' dir='ltr'>τὸς,</span> <span class='ocrx_word' id='word_1_746' title='bbox 2339 5083 2566 5157; x_wconf 88' lang='grc' dir='ltr'>οὐρανοῦ</span> <span class='ocrx_word' id='word_1_747' title='bbox 2603 5083 2697 5136; x_wconf 79' lang='grc' dir='ltr'><strong>καὶ</strong></span> <span class='ocrx_word' id='word_1_748' title='bbox 2740 5082 2840 5152; x_wconf 82' lang='grc' dir='ltr'><strong>γῆς</strong></span> <span class='ocrx_word' id='word_1_749' title='bbox 2875 5084 2909 5150; x_wconf 79' lang='grc' dir='ltr'>ἡ</span> <span class='ocrx_word' id='word_1_750' title='bbox 2952 5082 3083 5135; x_wconf 86' lang='grc' dir='ltr'>σκιὰ</span> <span class='ocrx_word' id='word_1_751' title='bbox 3123 5082 3184 5135; x_wconf 88' lang='grc' dir='ltr'>τὸ</span> <span class='ocrx_word' id='word_1_752' title='bbox 3219 5083 3411 5145; x_wconf 85' lang='grc' dir='ltr'>σκότος</span> <span class='ocrx_word' id='word_1_753' title='bbox 3456 5082 3744 5136; x_wconf 83' lang='grc' dir='ltr'>ἀποτελεῖ·</span> 
     </span>
    </p>
   </div>
   <div class='ocr_carea' id='block_1_102' title="bbox 2181 5171 3736 5248">
    <p class='ocr_par' dir='ltr' id='par_1_102' title="bbox 2181 5171 3736 5248">
     <span class='ocr_line' id='line_1_103' title="bbox 2181 5171 3736 5248; baseline -0.003 -17"><span class='ocrx_word' id='word_1_754' title='bbox 2181 5178 2492 5248; x_wconf 84' lang='grc' dir='ltr'>ἀνίσχοντος</span> <span class='ocrx_word' id='word_1_755' title='bbox 2511 5175 2567 5227; x_wconf 81' lang='grc' dir='ltr'>δὲ</span> <span class='ocrx_word' id='word_1_756' title='bbox 2598 5174 2780 5240; x_wconf 82' lang='grc' dir='ltr'>πάλιν,</span> <span class='ocrx_word' id='word_1_757' title='bbox 2811 5171 3082 5227; x_wconf 79' lang='grc' dir='ltr'>διαλύεται</span> <span class='ocrx_word' id='word_1_758' title='bbox 3108 5173 3284 5227; x_wconf 83' lang='grc' dir='ltr'>τοῦτο.</span> <span class='ocrx_word' id='word_1_759' title='bbox 3311 5175 3385 5226; x_wconf 83' lang='grc' dir='ltr'>Οὑ</span> <span class='ocrx_word' id='word_1_760' title='bbox 3415 5175 3596 5228; x_wconf 82' lang='grc' dir='ltr'>τοίνυν</span> <span class='ocrx_word' id='word_1_761' title='bbox 3616 5175 3736 5242; x_wconf 75' lang='grc' dir='ltr'>ἀγέσ</span> 
     </span>
    </p>
   </div>
   <div class='ocr_carea' id='block_1_103' title="bbox 2182 5264 3740 5343">
    <p class='ocr_par' dir='ltr' id='par_1_103' title="bbox 2182 5264 3740 5343">
     <span class='ocr_line' id='line_1_104' title="bbox 2182 5264 3740 5343; baseline -0.003 -17"><span class='ocrx_word' id='word_1_762' title='bbox 2182 5288 2339 5343; x_wconf 81' lang='grc' dir='ltr'>νητος</span> <span class='ocrx_word' id='word_1_763' title='bbox 2369 5268 2528 5323; x_wconf 89' lang='grc' dir='ltr'>οὑσία</span> <span class='ocrx_word' id='word_1_764' title='bbox 2549 5268 2609 5321; x_wconf 77' lang='grc' dir='ltr'>τὸ</span> <span class='ocrx_word' id='word_1_765' title='bbox 2636 5268 2846 5333; x_wconf 87' lang='grc' dir='ltr'>σκότος,</span> <span class='ocrx_word' id='word_1_766' title='bbox 2876 5264 2999 5319; x_wconf 74' lang='grc' dir='ltr'>οὔτε</span> <span class='ocrx_word' id='word_1_767' title='bbox 3036 5266 3141 5336; x_wconf 79' lang='grc' dir='ltr'><strong>μὴν</strong></span> <span class='ocrx_word' id='word_1_768' title='bbox 3164 5266 3368 5337; x_wconf 87' lang='grc' dir='ltr'>γενητή</span> <span class='ocrx_word' id='word_1_769' title='bbox 3393 5283 3478 5331; x_wconf 90' lang='grc' dir='ltr'>τις</span> <span class='ocrx_word' id='word_1_770' title='bbox 3510 5268 3740 5335; x_wconf 86' lang='grc' dir='ltr'>ὑπόστα-</span> 
     </span>
    </p>
   </div>
   <div class='ocr_carea' id='block_1_104' title="bbox 2061 5598 2289 5655">
    <p class='ocr_par' dir='ltr' id='par_1_104' title="bbox 2061 5598 2289 5655">
     <span class='ocr_line' id='line_1_105' title="bbox 2061 5598 2289 5655; baseline 0.004 -3"><span class='ocrx_word' id='word_1_771' title='bbox 2061 5598 2289 5655; x_wconf 62' lang='grc' dir='ltr'><strong>ΝΟΤίΕ.</strong></span> 
     </span>
    </p>
   </div>
   <div class='ocr_carea' id='block_1_105' title="bbox 586 5790 1063 5865">
    <p class='ocr_par' dir='ltr' id='par_1_105' title="bbox 586 5790 1063 5865">
     <span class='ocr_line' id='line_1_106' title="bbox 586 5790 1063 5865; baseline 0.006 -19"><span class='ocrx_word' id='word_1_772' title='bbox 727 5792 838 5865; x_wconf 68' lang='lat' dir='ltr'><strong>Qod</strong></span> <span class='ocrx_word' id='word_1_773' title='bbox 849 5833 861 5848; x_wconf 93' lang='lat'><strong>.</strong></span> <span class='ocrx_word' id='word_1_774' title='bbox 899 5796 1063 5865; x_wconf 60' lang='grc' dir='ltr'>αὑτῷ.</span> 
     </span>
    </p>
   </div>
   <div class='ocr_carea' id='block_1_106' title="bbox 593 5861 1227 5933">
    <p class='ocr_par' dir='ltr' id='par_1_106' title="bbox 593 5861 1227 5933">
     <span class='ocr_line' id='line_1_107' title="bbox 593 5861 1227 5933; baseline 0.011 -19"><span class='ocrx_word' id='word_1_775' title='bbox 593 5861 704 5933; x_wconf 74' lang='lat'><strong>(‘28)</strong></span> <span class='ocrx_word' id='word_1_776' title='bbox 727 5863 857 5920; x_wconf 87' lang='lat' dir='ltr'><strong>Cod.</strong></span> <span class='ocrx_word' id='word_1_777' title='bbox 888 5861 1227 5921; x_wconf 70' lang='grc' dir='ltr'>διαναπαύει,</span> 
     </span>
    </p>
   </div>
   <div class='ocr_carea' id='block_1_107' title="bbox 2255 5790 3744 5865">
    <p class='ocr_par' dir='ltr' id='par_1_107' title="bbox 2255 5790 3744 5865">
     <span class='ocr_line' id='line_1_108' title="bbox 2255 5790 3744 5865; baseline -0.011 -4"><span class='ocrx_word' id='word_1_778' title='bbox 2255 5793 2366 5865; x_wconf 60' lang='grc'>(⁸29)</span> <span class='ocrx_word' id='word_1_779' title='bbox 2398 5792 2568 5847; x_wconf 75' lang='grc' dir='ltr'><strong>τοῦτο</strong></span> <span class='ocrx_word' id='word_1_780' title='bbox 2595 5793 2661 5845; x_wconf 79' lang='grc' dir='ltr'><em>δὲ</em></span> <span class='ocrx_word' id='word_1_781' title='bbox 2694 5795 2860 5865; x_wconf 77' lang='grc' dir='ltr'>γνοιή</span> <span class='ocrx_word' id='word_1_782' title='bbox 2896 5826 2962 5834; x_wconf 83' lang='lat'><strong>———</strong></span> <span class='ocrx_word' id='word_1_783' title='bbox 2987 5794 3439 5864; x_wconf 74' lang='grc' dir='ltr'>ὑποχωροῦντος</span> <span class='ocrx_word' id='word_1_784' title='bbox 3490 5790 3597 5862; x_wconf 76' lang='grc' dir='ltr'><strong>γὰρ</strong></span> <span class='ocrx_word' id='word_1_785' title='bbox 3639 5790 3744 5846; x_wconf 66' lang='grc' dir='ltr'>τοῦ</span> 
     </span>
    </p>
   </div>
   <div class='ocr_carea' id='block_1_108' title="bbox 2187 5864 2649 5934">
    <p class='ocr_par' dir='ltr' id='par_1_108' title="bbox 2187 5864 2649 5934">
     <span class='ocr_line' id='line_1_109' title="bbox 2187 5864 2649 5934; baseline -0.002 -15"><span class='ocrx_word' id='word_1_786' title='bbox 2187 5864 2397 5934; x_wconf 66' lang='grc' dir='ltr'>φωτός.</span> <span class='ocrx_word' id='word_1_787' title='bbox 2430 5865 2649 5920; x_wconf 86' lang='lat' dir='ltr'><strong>Desunt.</strong></span> 
     </span>
    </p>
   </div>
  </div>
