3964 6544
235 380 315 442 89
1412 378 1696 452 QUEST.
1729 377 1812 439 IN
1840 376 2107 440 GENES.
2148 377 2304 438 CAP.
2329 373 2396 436 ‘I.
2426 411 2444 426 ι
3421 369 3487 432 9C
3565 401 3591 428 .ι

243 504 330 550 τις
351 504 364 517 ·
397 485 512 538 ἀλλ’
537 487 606 539 ἐκ
632 487 742 541 τῶν
764 489 1008 559 γενητῶν
1034 487 1402 560 συνισταμένη
1431 489 1627 558 χρῆσις
1649 489 1819 555 ἀναγ-

1936 486 2099 550 aiens,
2149 491 2201 539 et
2244 482 2565 553 sapientiam
2613 480 2703 536 Dei
2769 473 3094 551 praedicans.
3160 478 3301 535 Ecce
3345 478 3489 533 enim

243 582 370 634 ιαξα
388 617 404 639 .
430 580 529 632 καὶ
557 580 653 634 τοῦ
689 581 825 635 Θεοῦ
858 583 955 653 τὴν
985 582 1180 651 σοφίαν
1210 581 1576 650 κηρύττουσα.
1605 579 1815 632 Αὐτίκα.

245 674 370 743 τοῦν
417 675 447 726 ό
487 675 780 744 προφήτης
822 673 914 728 τὸν
950 674 1059 728 τῶν
1105 673 1242 726 ὅλων
1270 673 1405 726 Θεὸν
1433 671 1530 725 καὶ
1565 670 1815 724 ἐντεῦθεν

237 766 423 835 ὕμνεῖ.
476 783 496 818 ι
553 765 614 817 ’0
669 766 905 836 ποιήσας
954 766 1082 836 γὰρ,
1120 764 1276 835 φησὶ,
1325 762 1462 832 φῶς,
1509 764 1604 815 καὶ
1649 779 1816 815 κατα-

242 857 516 920 σκευάσας
545 857 764 920 σκότος.
802 877 822 910 ι
867 855 1169 928 Ἀρμοδίως
1196 857 1254 910 δὲ
1293 856 1433 924 ἄγαν
1461 855 1699 922 ἑκάτερα
1731 852 1818 906 τέ-

245 948 458 1001 θεικενο
483 947 548 1000 τὸ
577 947 680 1018 μὲν
719 951 953 1021 ποιήσας
988 950 1080 1002 ἐπὶ
1106 945 1202 1000 τοῦ
1234 947 1433 1015 φωτὸς,
1463 945 1524 998 τὸ
1554 946 1612 997 δὲ
1649 961 1818 997 κατα-

244 1039 519 1102 σκευάσας
548 1040 647 1092 ὲπὶ
696 1040 792 1093 τοῦ
830 1041 1051 1104 σκότους
1075 1056 1090 1070 ·
1135 1037 1484 1109 συμϐεϐηκὸς
1522 1038 1631 1106 γάρ
1664 1037 1816 1098 ἐστι,

242 1127 643 1196 συνιστάμενον
672 1129 768 1182 καὶ
802 1129 1172 1200 διαλυόμενον.
1209 1128 1320 1180 Καὶ
1351 1130 1402 1179 οἱ
1428 1128 1578 1197 τρεῖς
1614 1123 1726 1192 (50)
1764 1123 1820 1175 δὲ

239 1217 513 1287 μακάριοι
573 1221 768 1285 παῖδες
826 1221 1008 1274 πᾶσαν
1064 1221 1161 1288 τὴν
1210 1217 1387 1272 κτίσιν
1419 1218 1500 1280 είς
1545 1215 1820 1288 ὑμνῳδίαν

239 1309 602 1374 καλέσαντες,
627 1316 693 1384 τῇ
715 1313 900 1384 ἡμέρᾳ
925 1313 1023 1382 τὴν
1054 1311 1223 1365 νύκτα
1247 1309 1590 1374 συνέζευξαν,
1621 1310 1716 1362 καὶ
1744 1306 1821 1378 τῷ

237 1401 384 1468 φωτὶ
414 1402 478 1455 τὸ
504 1404 700 1467 σκότος
721 1407 1086 1475 συνήρμοσαν.
1106 1404 1232 1458 Ἐπὶ
1258 1403 1369 1475 (51)
1391 1403 1448 1456 δὲ
1470 1404 1591 1466 ταῖς
1616 1401 1822 1457 τούτων

236 1495 542 1565 διαδοχαῖς,
572 1498 666 1550 καὶ
696 1501 725 1552 ό
750 1498 938 1569 χρόνος
973 1499 1274 1569 μετρεῖται.
1305 1499 1400 1551 καὶ
1429 1499 1458 1551 ό
1479 1497 1586 1552 τῶν
1618 1496 1824 1568 ἀνθρὼ-

237 1605 357 1639 πων
396 1589 721 1644 συνίσταται
751 1591 882 1660 βίος.

890 1705 1086 1759 ΕΡΩΤ.
1125 1707 1206 1760 H’.

242 1815 430 1871 Ποῖον
482 1817 724 1888 πνεῦμα
779 1818 1097 1888 ἐπεφέρετο
1160 1819 1360 1874 ἐπάνω
1411 1817 1520 1874 τοῦ
1569 1817 1824 1885 ὓδατος;
1859 1831 1901 1886 Β

311 1911 444 1964 Τισὶ
492 1911 646 1966 δοκεῖ
695 1913 756 1965 τὸ
803 1914 1069 1982 πανάγιον
1096 1913 1207 1983 (32)
1252 1913 1481 1984 Πνεῦμα
1525 1911 1826 1982 ζωογονοῦν

244 2003 354 2056 τῶν
386 2002 607 2058 ὑδάτων
636 2005 735 2076 τὴν
768 2004 950 2075 φύσιν,
999 2005 1094 2058 καὶ¹
1128 2004 1433 2076 διαγράφον
1465 2005 1564 2075 τὴν
1593 2003 1688 2057 τοῦ
1737 2003 1829 2075 βα-

245 2097 562 2167 πτίσματος
593 2098 777 2169 χάριν.
811 2097 1200 2168 Ἀληθέστερον
1229 2099 1413 2169 μέντοι
1445 2096 1650 2151 ἐκεῖνον
1675 2093 1827 2168 οἶμαι

245 2191 338 2242 τὺν
366 2189 553 2257 λόγον,
605 2190 686 2242 ὅτι
715 2189 777 2242 τὸ
810 2188 1031 2258 πνεῦμα
1076 2188 1310 2244 ἐνταῦθα
1356 2189 1447 2243 τὸν
1481 2188 1619 2259 ἀέρα
1651 2188 1826 2245 καλεῖ.

247 2279 438 2333 Εἰπὼν
459 2279 594 2349 γάρ,
620 2280 703 2333 ὅτι
724 2281 816 2334 τὸν
840 2280 1064 2352 οὐρανὸν
1092 2283 1187 2335 καὶ
1206 2282 1304 2351 τὴν
1331 2283 1435 2352 γῆν
1463 2281 1709 2350 ἐποίησε,
1735 2281 1830 2334 καὶ

247 2371 356 2423 τῶν
387 2370 606 2424 ὑδάτων
634 2371 721 2424 διά
770 2373 872 2441 τῆς
909 2373 1147 2426 ἀϐύσσου
1195 2373 1477 2443 μνησθεὶς,
1516 2373 1830 2442 ἀναγκαίως

248 2461 344 2515 καὶ
386 2460 488 2514 τοῦ
545 2463 713 2533 ἀέρος
760 2463 1031 2535 ἐμνήσθη,
1079 2465 1144 2517 ὲκ
1188 2464 1289 2534 τῆς
1338 2463 1433 2517 τοῦ
1483 2462 1672 2527 ὕδατος
1709 2466 1830 2516 ἐπι-

249 2553 486 2620 φανείας
535 2554 701 2624 μέχρι
739 2555 833 2607 τοῦ
873 2555 1103 2626 ούρανοῦ
1148 2556 1451 2626 διήκοντος.
1494 2557 1684 2627 Ἀέρος
1721 2557 1830 2628 γὰρ

250 2643 437 2712 ᾳύσις,
474 2645 536 2699 τὸ
567 2649 677 2708 τοῖς
708 2647 860 2700 κάτω
889 2648 1165 2717 κειμένοις
1193 2648 1554 2719 ἐπιφέρεσθαι
1594 2648 1829 2718 σώμασι.

250 2737 414 2788 Μάλα
445 2737 504 2790 δὲ
531 2738 810 2808 ἁρμοδίως
839 2739 900 2792 τὸ
928 2738 1264 2808 ἐπεφέρετο,
1311 2741 1407 2795 καὶ
1437 2742 1538 2794 οὐκ
1568 2741 1679 2810 (⁵53)
1725 2742 1832 2795 ἑπ-

252 2826 448 2880 ἐκειτο
471 2828 663 2898 εἴρηκε
683 2846 699 2862 ο
728 2830 791 2882 τὸ
819 2830 929 2900 γὰρ
951 2830 1268 2901 ἐπεφέρετο
1295 2833 1391 2905 τὴν
1420 2833 1708 2904 κινητικὴν
1737 2833 1832 2887 τοῦ

255 2920 420 2991 ἀέρος
445 2921 642 2975 οὐσίαν
676 2922 1009 2994 παρεδήλου.
1061 2925 1122 2976 Ei
1151 2923 1208 2976 δέ
1239 2942 1322 2989 τις
1354 2927 1543 2980 τοῦτον
1571 2928 1631 2980 οὐ
1667 2945 1834 2997 προσ-

259 3011 401 3064 ίεται
431 3011 526 3064 τὸν
555 3011 736 3080 λόγον,
774 3013 963 3083 ἐπειδὴ
992 3012 1299 3084 γέγραπται
1324 3029 1338 3042 ·
1393 3033 1411 3066 ι
1435 3017 1664 3086 Πνεῦμα
1697 3015 1833 3069 Θεοῦ

258 3106 563 3176 ἐπεφέρετο
590 3104 778 3158 ἐπάνω
808 3104 898 3157 τοῦ
929 3105 1140 3170 ὓδατος,
1179 3124 1197 3156 ι
1250 3106 1496 3161 ἀκουέτω
1525 3108 1618 3162 τοῦ
1653 3126 1832 3178 μακα-

259 3196 376 3262 ρίου
432 3197 603 3250 Δαδὶδ
651 3198 900 3267 λέγοντος
965 3200 1094 3269 περὶ
1150 3201 1244 3252 τοῦ
1310 3199 1444 3253 Θεοῦ
1502 3200 1610 3253 τῶν
1657 3201 1832 3255 ὅλων·

263 3305 280 3336 ι
312 3286 548 3338 Πνεύσει
585 3286 646 3339 τὸ
671 3287 891 3356 πνεῦμα
917 3289 1102 3355 αὐτοῦ,
1154 3290 1246 3344 καὶ
1288 3292 1548 3360 ῥυήσεται
1582 3291 1767 3348 ὕδατα.
1812 3312 1830 3346 ι

259 3375 382 3428 Ὀτι
430 3377 491 3430 δὲ
523 3377 618 3430 τὸν
657 3378 858 3450 ἄνεμον
897 3378 1068 3444 οὕτως
1104 3382 1353 3447 ἐκάλεσε,
1399 3385 1556 3456 δῆλόν
1589 3387 1705 3440 ἐστι
1735 3385 1837 3440 κᾶν

262 3467 336 3538 μὴ
361 3468 546 3536 λέγωο
589 3467 766 3541 Εὖρου
801 3470 910 3540 γὰρ
937 3470 971 3542 ἣ
998 3471 1171 3525 Νότου
1205 3474 1474 3541 πνέοντος,
1502 3477 1560 3529 τὸ
1588 3477 1837 3549 πεπηγὸς

263 3559 404 3632 ὕδωρ
435 3559 752 3615 διαλύεσθαι
785 3562 1046 3633 πέφυκεν.

907 3657 1101 3710 ΕΡΩΤ.
1140 3657 1217 3712 6'.

268 3767 384 3822 Τίνι
404 3769 576 3822 levet
600 3771 634 3822 ό
665 3771 845 3853 Θεόςς
887 3791 905 3821 ‹
930 3771 1247 3853 Γενηθῄτω
1272 3771 1416 3841 φῶς,
1444 3792 1462 3823 ι
1489 3772 1640 3840 καὶ,›
1665 3790 1841 3844 γενησ-

753 3841 909 3906 θήτω
971 3841 1274 3911 στερέωμα
1300 3859 1322 3908 ;
1351 3863 1368 3892 ι

332 3931 452 3983 υύκ
477 3931 627 4001 ἄλλῳ
666 3932 771 3985 τινὶ
822 3931 1032 3985 κελεύει
1065 3933 1438 4004 δημιουργεῖν,
1488 3934 1624 3988 ἀλλά
1657 3933 1725 3988 τὰ
1765 3934 1840 4006 μὴ

267 4022 394 4074 εντα
447 4023 646 4074 καλεῖ*
697 4023 930 4077 ἐνταῦθα
981 4024 1037 4076 δὲ
1084 4025 1412 4094 πρόσταγμα
1458 4027 1519 4078 τὸ
1570 4026 1837 4097 βούλημα.

277 4136 293 4165 ι
320 4115 501 4168 Πάντα
525 4115 658 4188 γὰρ,
681 4116 865 4188 φησὶν,
897 4117 996 4171 ὅσα
1014 4117 1295 4188 ἠθέλησεν,
1321 4118 1348 4169 ὁ
1370 4117 1499 4180 Θεὸς
1522 4117 1796 4188 ἐποίησεν.
1817 4135 1834 4168 ι

271 4207 330 4259 ΕΞ
360 4208 415 4260 δὲ
451 4209 551 4261 καὶ
585 4212 734 4280 φωνῇ
771 4227 880 4262 τινι
924 4211 1274 4280 ἐχρήσατο¹³,
1314 4209 1473 4278 δῆλον
1507 4209 1582 4274 ὡς
1623 4211 1681 4262 ού
1729 4209 1840 4262 τῶν

267 4300 491 4370 ἀψύχων
521 4300 690 4354 ἕνεκα
731 4302 1030 4372 στοιχείων,
1077 4302 1214 4355 ἀλλά
1254 4301 1362 4356 τῶν
1395 4302 1638 4374 ἀοράτων
1681 4302 1842 4374 χάριν

268 4392 587 4462 δυνάμεωνο
635 4393 723 4446 ἵνα
749 4395 973 4462 γνῶσιν,
1004 4395 1079 4457 ὡς
1113 4395 1278 4448 αὐτοῦ
1320 4394 1632 4458 κελεύοντος
1659 4395 1729 4448 τά
1767 4395 1841 4466 μὴ

267 4485 395 4537 ὄντα
427 4485 765 4540 συνίσταται.

911 4687 1103 4741 ΕΡΩΤ.
1147 4691 1202 4741 l'.

271 4776 436 4832 Διατί
476 4777 737 4832 τέθεικεν
764 4781 796 4833 ό
837 4781 1218 4849 συγγραφεὺς
1245 4779 1312 4832 τὸ
1360 4798 1378 4831 ι
1425 4776 1600 4834 Εἷδεν
1625 4782 1658 4834 ὁ
1697 4780 1842 4846 Θεὸς

856 4849 942 4902 ὅτι
973 4852 1206 4913 καλόν;
1247 4870 1264 4902 ›

341 4940 462 4992 Ἵνα
510 4940 673 5013 πείσῃ
721 4944 848 5005 τοὺς
900 4942 1226 5013 ἀχαρίστους
1281 4942 1354 5012 μὴ
1391 4941 1580 5010 ψέγειν
1625 4942 1769 5014 ἅπερ
1808 4941 1841 5012 ἢ

279 5031 394 5085 θεία
421 5033 602 5102 ψῆφος
635 5034 887 5104 ὀνομάζει
920 5033 1078 5086 καλά.

369 5216 399 5246 ν
436 5209 538 5263 Isa.
571 5227 691 5275 ην,
727 5209 778 5264 7.
882 5218 909 5246 ι
942 5213 1075 5267 Gen.
1107 5229 1146 5274 ι,
1175 5214 1228 5264 ‘2.
1307 5221 1333 5260 γ
1359 5213 1502 5268 Psal.
1533 5227 1734 5276 cnvtt,
1771 5212 1824 5266 7.

1915 577 2176 647 propheta
2220 575 2389 631 Deum
2444 575 2822 630 universorum
2858 572 3022 627 etiam
3053 572 3121 628 ab
3153 573 3237 628 his
3267 572 3454 628 laudat

1922 688 1943 722 ι
1977 669 2080 736 Qui
2128 669 2289 735 facio,
2333 667 2428 732 ait,
2470 667 2676 730 lumen,
2707 675 2761 721 et
2801 679 3049 735 praeparo
3097 664 3351 718 tenebras
3377 671 3430 717 ν.
3469 681 3491 714 ι

1917 761 2419 832 Aptissimeautem
2449 768 2740 828 utrumque
2771 757 2974 828 posuit,
3005 755 3239 811 faciendi
3268 756 3494 810 verbum

1918 855 2182 924 adaptans
2210 853 2426 919 lumini,
2457 861 2512 907 et
2537 851 2776 906 dietioue
2824 847 3164 920 praeparandi
3195 855 3358 902 utens
3386 847 3484 901 cir-

1919 960 1981 999 ca
2012 945 2284 1001 tenebras.
2319 944 2458 1000 Sunt
2483 943 2626 998 enim
2659 942 2912 998 accidens
2942 940 3240 1011 quoddam,
3271 940 3415 1009 quod
3443 947 3492 992 et

1919 1037 2168 1092 consistit
2191 1045 2246 1092 et
2273 1036 2610 1092 dissolvitur.
2641 1033 2878 1088 Proinde
2907 1043 3018 1088 tres
3063 1031 3205 1086 beati
3236 1029 3313 1084 illi
3342 1031 3496 1100 pueri

1919 1141 2227 1184 creaturam
2284 1143 2500 1183 omnem
2541 1134 2900 1197 provocantes
2929 1125 2995 1178 ad
3027 1123 3216 1179 laudes
3263 1122 3496 1186 divinas,

1920 1221 2028 1274 diei
2057 1229 2267 1275 noctem
2298 1219 2721 1290 coniunxerunt,
2751 1227 2805 1273 et
2831 1217 3025 1272 lumini
3057 1216 3312 1274 tenebras
3335 1215 3491 1271 addi-

1921 1314 2139 1369 derunt.
2192 1312 2326 1368 Nam
2392 1314 2589 1368 horum
2640 1311 3082 1368 successionibtm
3133 1311 3236 1382 13
3289 1319 3499 1382 tempus

1921 1413 2290 1468 mensuratur,
2334 1412 2386 1460 et
2423 1403 2706 1458 hominum
2736 1405 2844 1456 vlta
2873 1401 3141 1457 subsistit.

2490 1687 2768 1743 INTERR.
2797 1687 2938 1744 Vlll.

2036 1803 2350 1870 Qualisnam
2405 1803 2625 1870 spiritus
2673 1801 2941 1871 ferebatur
2973 1817 3134 1872 super
3168 1801 3398 1872 aquam?

1995 1897 2332 1964 Quibusdam
2366 1895 2577 1950 videtur
2601 1895 2774 1949 fuisse
2815 1894 3055 1964 Spiritus
3110 1904 3354 1960 saueius,
3411 1894 3500 1963 qui

1927 1989 2235 2045 viviﬁcabat
2269 1997 2324 2044 et
2361 1989 2687 2044 fecundabat
2728 2003 2992 2058 aquarum
3025 1983 3304 2051 naturam,
3358 1987 3487 2041 desi-

1929 2097 2100 2148 gnans
2139 2081 2375 2150 quodam
2412 2080 2577 2134 modo
2608 2079 2841 2150 gratiam
2874 2079 3154 2149 baptismi.
3185 2077 3378 2134 Verius
3414 2093 3484 2131 au

1930 2181 2034 2225 tem
2061 2171 2386 2242 putaverim,
2430 2171 2574 2240 quod
2635 2171 2723 2226 hic
2781 2185 2963 2224 aerem
3015 2179 3176 2225 vocet
3234 2170 3503 2240 spiritum.

1928 2261 2063 2315 Nam
2091 2276 2213 2316 cum
2246 2260 2474 2316 dixisset
2506 2261 2676 2314 Deum
2729 2276 2946 2315 creasse
2976 2261 3172 2315 caelum
3198 2270 3251 2314 et
3281 2271 3504 2326 terram,

1928 2362 1982 2406 et
2004 2367 2270 2422 aquarum
2314 2351 2659 2405 meminisset
2694 2351 2795 2405 sub
2824 2349 3044 2404 nomine
3073 2350 3277 2422 abyssi,
3321 2366 3499 2404 neces-

1932 2446 2077 2501 sario
2110 2456 2164 2500 et
2206 2444 2350 2500 aeris
2381 2445 2713 2498 mentionem
2751 2441 2900 2508 fecit,
2935 2456 2964 2494 a
3007 2442 3298 2512 superﬁcie
3355 2457 3506 2511 aqum

1932 2537 1997 2591 ad
2038 2537 2238 2592 caelum
2276 2551 2456 2604 usque
2486 2535 2856 2604 permeantis.
2897 2533 3055 2587 Aeris
3108 2533 3252 2587 enim
3315 2541 3506 2584 natura

1932 2637 2033 2690 est,
2088 2637 2148 2681 ut
2181 2628 2325 2681 circa
2367 2625 2622 2679 inferiora
2671 2639 2900 2692 corpora
2936 2622 3142 2678 feratur
3171 2633 3225 2679 et
3254 2625 3507 2694 agitetur.

1934 2718 2228 2788 Aptissime
2249 2727 2430 2772 autem
2463 2732 2569 2770 non
2597 2716 2733 2769 dixit
2761 2714 3119 2780 incumbebat,
3170 2716 3262 2770 sed
3302 2714 3509 2783 fereba-

1938 2819 2042 2872 tur,
2085 2808 2215 2878 quia
2255 2807 2480 2860 verbum
2509 2805 2652 2858 istud
2681 2803 2950 2874 ferebatur
2977 2803 3337 2858 substantiam
3370 2803 3510 2858 aeris

1935 2901 2193 2956 mobilem
2247 2898 2470 2952 indicat.
2515 2897 2667 2963 Quod
2704 2897 2748 2951 si
2780 2897 2903 2966 quis
2945 2896 3074 2950 huic
3115 2895 3347 2949 orationi
3404 2911 3509 2948 non

1937 2990 2259 3054 assentitur,
2291 2997 2576 3058 pmpterea
2613 2985 2760 3056 quod
2809 2986 3071 3055 scriptum
3111 2993 3233 3040 est:
3279 3003 3298 3035 ι
3341 2981 3500 3053 Spiri~

1939 3094 2024 3139 tus
2056 3083 2148 3136 Dei
2185 3081 2458 3137 ferebatur
2487 3096 2651 3150 super
2677 3095 2876 3149 aquam

1939 3266 2018 3320 bit
2050 3265 2274 3335 spiritus
2312 3264 2450 3330 ejus,
2508 3272 2566 3318 et
2619 3263 2789 3318 ﬂuent
2838 3277 2992 3330 aquae
3021 3269 3071 3315 1.
3106 3277 3124 3312 δ
3172 3259 3326 3326 Quod
3386 3275 3514 3313 vero

1936 3369 2158 3413 ventum
2195 3358 2268 3413 ita
2289 3357 2587 3422 vocaverit,
2619 3357 2782 3410 etiam
2817 3371 2904 3408 me
2931 3361 3140 3407 tacente
3164 3351 3514 3406 manifestum

1938 3464 2043 3510 est.
2081 3451 2359 3522 Siquidem
2396 3449 2540 3503 Euro
2573 3459 2661 3502 aut
2681 3447 2821 3502 Noto
2852 3446 3036 3509 ﬂante,
3067 3461 3206 3515 aqua
3237 3444 3514 3516 congelata

1940 3547 2162 3603 dissolvi
2195 3546 2330 3600 solet
2354 3552 2406 3600 et
2428 3542 2708 3611 liqueﬁeri.

2546 3646 2823 3704 INTER“.
2855 3645 2948 3700 lX.

1941 3770 2168 3826 Cuinam
2204 3767 2342 3820 dixit
2372 3764 2552 3819 Deus:
2587 3783 2604 3815 ι
2637 3762 2760 3816 Fiat
2787 3761 2913 3870 μσς,
2947 3779 2965 3812 ›
2998 3770 3048 3814 et
3105 3778 3124 3811 ε
3160 3757 3286 3813 Fiat
3339 3760 3508 3826 firma-

2531 3847 2759 3870 ...οηηιηι
2858 3851 2876 3870 ι

2531 3847 2761 3888 mentum
2785 3847 2810 3886 ἵ
2858 3851 2876 3880 ι

2013 3929 2133 3984 Non
2174 3929 2427 3999 prmeepit
2476 3926 2619 3980 Deus
2674 3925 2828 3977 alteri
2876 3923 3093 3977 cuidam
3140 3937 3367 3978 creare:
3423 3924 3516 3977 sed

1944 4038 2066 4093 quae
2092 4036 2200 4074 non
2248 4029 2377 4075 sunt
2403 4027 2584 4078 vocat,
2621 4003 2696 4068 ita
2728 4024 2788 4068 ut
2819 4016 2908 4070 hic
2948 4021 3276 4084 praceptum
3304 4015 3375 4068 sit
3404 4013 3518 4081 ipsa

1945 4113 2218 4167 voluntas.
2270 4129 2287 4161 ι
2323 4107 2518 4163 Omnia
2545 4105 2714 4168 enim,
2774 4105 2872 4170 ait,
2927 4117 3268 4173 quaecunque
3326 4102 3514 4168 voluit,

1946 4205 2087 4259 Deus
2106 4196 2234 4257 fecit
2264 4211 2310 4255 κ.
2347 4219 2363 4250 ι
2392 4197 2544 4265 Quod
2575 4197 2620 4252 si
2655 4196 2891 4252 creando
2922 4210 3055 4249 voce
3116 4194 3348 4263 quadam
3389 4209 3520 4249 usus

1947 4304 2047 4362 est,
2097 4303 2307 4349 eertum
2339 4300 2441 4356 est,
2471 4290 2575 4344 hoc
2608 4303 2716 4343 non
2745 4288 3143 4344 elementorum
3182 4285 3512 4340 inanimato-

1946 4404 2068 4442 rum
2102 4384 2208 4458 14.
2239 4399 2427 4449 causa,
2465 4381 2559 4437 sed
2607 4380 2961 4436 invisibilium
3018 4380 3280 4434 virtutum
3345 4377 3519 4448 gratia

1867 4501 1918 4560 ι)
1945 4480 2148 4535 factum
2184 4493 2345 4532 esse:
2379 4484 2440 4528 ut
2468 4475 2646 4530 sciant
2673 4474 2844 4544 quod,
2882 4475 2998 4542 ipso
3022 4471 3270 4542 jubeute,
3312 4484 3372 4523 ea
3400 4485 3522 4538 qua:

1947 4590 2056 4628 non
2086 4581 2210 4626 sunt
2239 4569 2562 4625 subsistunt.

2538 4679 2814 4734 lNTEllR.
2847 4678 2912 4733 Χ.

1947 4773 2301 4845 Quamobrem
2326 4774 2634 4845 auctor/ioc
2664 4771 2895 4845 addidit,
2927 4790 2946 4822 ι
2985 4769 3049 4823 Et
3066 4770 3191 4824 vidit
3228 4767 3367 4823 Deus
3387 4767 3522 4838 quod

2515 4841 2706 4895 bonum
2736 4853 2849 4895 erat
2873 4843 2898 4895 ?
2938 4860 2956 4892 ι

2018 4938 2090 4994 Ut
2153 4938 2470 5007 persuadeat
2494 4935 2740 5006 ingratis,
2791 4950 2897 4989 non
2934 4934 3195 4990 damnare
3239 4947 3357 5002 qua:
3383 4946 3519 4987 sen-

1953 5032 2120 5087 tentia
2143 5030 2328 5086 divina
2350 5037 2508 5084 vocat
2536 5031 2699 5084 bona.

1905 5220 1927 5247 κ
1958 5209 2101 5266 Psal.
2123 5227 2252 5265 cxm
2304 5212 2392 5266 Η.

1161 5367 1396 5423 VARl/E
1421 5367 1802 5425 LECTIONES
1835 5367 1927 5423 EX
1967 5366 2244 5422 CATENA
2284 5365 2635 5421 LlPSlENSl.

354 5508 398 5541 "
435 5507 554 5563 Cat.
592 5522 648 5561 0.
689 5505 776 5560 l8.
817 5503 1168 5574 δημιουργῶν
1200 5503 1490 5573 ἐχρήσατο.

1834 5605 2069 5661 ΝΟΤΧΕ.

356 5737 466 5804 (50)
491 5736 623 5788 Cod.
661 5738 710 5787 oi
745 5733 1131 5804 τρισμακάριοι
1163 5729 1237 5782 δέ.

361 5800 472 5876 (δι’)
500 5807 635 5862 Cod.
667 5800 855 5873 ἐπειδὴ
878 5800 988 5872 γὰρ
1010 5800 1128 5864 ταῖς
1161 5800 1383 5854 τούτων.

1029 6103 1058 6118 κ

2017 5720 2128 5790 (όὲ)
2156 5717 2288 5790 Cod.
2325 5720 2497 5787 ἅγιον.

2032 5790 2140 5859 (55)
2171 5789 2276 5846 Καὶ
2307 5791 2417 5844 οὐκ
2443 5821 2501 5834 -
2531 5788 2846 5860 ἐπεφέρετο
2884 5789 3102 5845 desunt.

2918 3092 2966 3146 ι,
3011 3098 3030 3130 ι
3072 3079 3259 3133 audiat
3291 3078 3508 3133 beatum
3617 3113 3624 3119 ι

1861 3164 1904 3222 C
1938 3174 2105 3229 David
2161 3174 2426 3228 dicentem
2457 3172 2523 3227 de
2564 3171 2680 3226 Deo
2702 3171 2945 3226 omnium
2975 3170 3290 3225 conditore:
3339 3187 3356 3221 ι
3391 3167 3504 3223 Fla-
