3964 6570
446 376 511 437 91
1438 375 1924 439 THEODORETI
1957 377 2011 436 ’ἦ

2157 376 2295 436 10m
2326 376 2689 437 CYRENSIS
3600 360 3722 431 92

1008 487 1285 543 INTEBR.
1334 489 1423 544 XI.
2038 496 2083 550 Δ

2038 496 2083 550 Α
2730 485 2919 538 EPOT.
2958 482 3066 539 iA’.

798 597 959 654 Estne
988 616 1149 654 unum
1175 602 1382 670 caelum,
1412 622 1482 658 an
1506 605 1610 659 duo
1635 609 1661 660 Ρ

2482 597 2589 666 Εἷς
2611 598 2884 668 οὐρανὸς,
2916 597 2953 667 ἢ
2987 597 3096 651 δύο
3120 593 3319 657 είσίν;

516 689 653 745 Cum
696 692 975 761 Scriptura
998 696 1181 750 divina
1227 697 1438 761 doceat,
1466 699 1519 752 in
1553 700 1820 770 principio
1846 702 2011 756 Deum

2190 694 2301 765 Τῆς
2359 693 2507 755 θείας
2570 688 2924 760 διδασκούσης
2976 689 3231 760 Γραφῆς,
3286 686 3362 747 ὡς
3421 685 3481 738 ἂν
3532 680 3708 755 ἀρχῇ

448 797 664 837 creasse
691 784 886 837 coelum
913 794 967 839 et
995 796 1214 852 terram,
1246 788 1440 843 deinde
1469 799 1593 859 post
1620 791 1756 847 lucis
1788 796 2013 849 creatio-

2151 786 2368 857 ποίησεν
2393 787 2420 837 6
2444 785 2575 848 Θεὸς
2599 783 2691 837 τὸν
2716 782 2961 854 οὐρανὸν,
2993 780 3087 834 καὶ
3109 780 3210 848 τὴν
3234 777 3360 847 γῆν,
3392 771 3507 828 εῐτα
3540 774 3716 844 μετὰ

453 886 576 925 nem
627 873 865 927 secunda
918 874 1007 929 die
1035 876 1180 930 dicat
1206 876 1604 933 ﬁrmamentum
1638 880 1835 934 factum
1870 896 2012 948 esse,

2150 881 2213 949 ὴν
2236 876 2331 930 τοῦ
2362 876 2537 944 φωτὸς
2565 874 2925 946 δημιουργίαν
2965 874 3023 924 ὲν
3055 875 3121 941 τῇ
3150 870 3379 941 δευτέρᾳ
3410 866 3715 936 λεγούσης

450 964 686 1019 inscitiae
738 966 896 1035 plena
957 968 1169 1022 videtur
1215 983 1335 1024 esse
1387 969 1699 1039 hujusmodi
1762 973 2013 1042 quaestio.

2158 969 2298 1040 μέρα
2329 967 2389 1021 τὸ
2421 965 2705 1037 στερέωμα
2738 963 3088 1034 γεγενῆσθαι,
3120 961 3323 1032 πολλὴν
3351 962 3383 1031 ἡ
3416 958 3715 1030 ἐρώτησις

453 1050 753 1122 Oportebat
784 1057 929 1109 enim
953 1071 1018 1110 ex
1051 1058 1315 1127 temporis
1346 1062 1577 1125 ratione,
1617 1070 1673 1116 et
1712 1061 1831 1131 ipso
1861 1078 2017 1117 crea-

2150 1061 2224 1114 ῶν
2262 1057 2680 1128 πυνθανομένων
2714 1056 2968 1126 ἐμφαίνει
3004 1055 3105 1127 τὴν
3141 1054 3343 1109 ἄνοιαν.
3383 1050 3530 1103 Ἔδει
3575 1048 3712 1119 γὰρ

453 1147 621 1202 tionis
650 1147 831 1209 modo,
861 1148 1123 1206 caalorum
1153 1151 1526 1206 diversitatem
1555 1168 1736 1220 nosse,
1772 1165 1825 1209 et
1847 1170 2016 1209 unum

2148 1154 2212 1208 :al.
2244 1155 2307 1207 ὲκ
2338 1152 2431 1207 τοῦ
2463 1149 2677 1222 καιροῦ,
2703 1152 2799 1204 καὶ
2830 1151 3008 1221 μέντοι
3040 1149 3132 1203 καὶ
3159 1149 3223 1201 ἐκ
3247 1146 3339 1200 τοῦ
3362 1146 3561 1216 τρόπου
3584 1143 3713 1212 τῆς

456 1240 572 1294 luce
608 1241 782 1308 prius,
815 1241 1048 1294 alterum
1088 1258 1216 1297 vero
1239 1253 1362 1312 post
1386 1245 1588 1308 lucem,
1612 1255 1668 1300 et
1716 1247 1843 1301 illud
1893 1248 2019 1318 qui-

2149 1246 2494 1319 ημιουργίας,
2522 1245 2578 1299 τὸ
2602 1244 2855 1316 διάφορον
2875 1242 3096 1312 γνῶναι.
3132 1240 3190 1294 '0
3216 1239 3314 1309 μὲν
3333 1237 3441 1308 γὰρ
3464 1235 3571 1304 πρὸ
3592 1230 3711 1287 τοῦ

455 1330 577 1382 dem
609 1344 713 1382 non
747 1344 812 1383 ex
843 1330 1023 1400 aliqua
1080 1332 1184 1386 alia
1238 1335 1485 1400 materia,
1550 1336 1654 1391 hoc
1712 1345 1893 1391 autem
1953 1354 2020 1392 ex

2144 1336 2323 1403 ρωτὺς,
2353 1339 2381 1390 6
2411 1337 2469 1389 δὲ
2504 1337 2641 1406 μετὰ
2669 1336 2731 1388 τὸ
2762 1334 2895 1404 φῶς.
2938 1334 3048 1386 Καὶ
3086 1332 3115 1384 ὁ
3154 1330 3253 1401 μὲν
3282 1330 3383 1383 οὑκ
3411 1326 3474 1379 ἐκ
3498 1340 3648 1384 τινος
3685 1338 3709 1352 ο

456 1419 613 1489 aquis
638 1430 883 1475 creatum
913 1437 1051 1478 esse.
1094 1422 1230 1476 Nam
1258 1425 1472 1494 inquit:
1510 1446 1526 1477 ι
1558 1426 1679 1480 Fiat
1709 1426 2021 1482 ﬁrmamen-

2143 1453 2149 1479 ν
2188 1429 2244 1481 δὲ
2284 1426 2343 1493 ἐξ
2375 1427 2602 1482 ὑδάτων.
2661 1446 2680 1479 ι
2710 1424 3003 1495 Γενηθήτω
3034 1422 3164 1492 γὰρ,
3210 1422 3363 1491 φησὶ,
3400 1415 3708 1485 στερέωμα

457 1524 571 1568 tum
605 1514 660 1568 in
693 1514 870 1569 medio
908 1531 1083 1585 aquae,
1114 1525 1169 1571 et
1194 1519 1265 1572 sit
1294 1517 1611 1574 discernens
1642 1519 1781 1573 inter
1822 1536 2022 1590 aquam

2142 1537 2181 1572 ιν
2216 1518 2369 1590 μέσῳ
2393 1517 2489 1572 τοῦ
2517 1517 2727 1582 ὓδατος,
2757 1516 2853 1570 καί
2885 1515 3025 1569 ἐστω
3052 1510 3373 1583 διαχωρίζον
3401 1508 3505 1564 ἀνὰ
3526 1506 3707 1578 μέσον

455 1617 511 1659 et
560 1621 758 1675 aquam
790 1618 839 1659 ι.
888 1625 906 1658 ι
947 1605 1150 1662 Deinde
1172 1624 1298 1663 cum
1330 1610 1557 1665 dixisset
1588 1612 1733 1681 quod
1794 1612 2020 1667 verbum

2144 1610 2314 1674 35am;
2340 1610 2437 1665 καὶ
2455 1609 2663 1673 ὓδατος.
2690 1627 2708 1661 ι
2736 1604 2870 1662 Εἶτα
2895 1606 3063 1661 είπὼν
3087 1606 3199 1676 (54)
3217 1604 3291 1668 ὼς
3314 1602 3342 1656 ὁ
3359 1603 3515 1670 λόγος
3530 1600 3709 1671 ἔργον

459 1714 548 1754 ηε
590 1708 773 1754 secuta
815 1708 916 1765 est,
950 1700 1055 1754 hoc
1098 1702 1242 1755 enim
1288 1702 1379 1757 illa
1416 1703 1759 1772 signiﬁcant:
1809 1723 1827 1756 ι
1860 1703 1928 1759 Et
1952 1704 2024 1759 fa-

2132 1702 2339 1772 ἐγένετο
2362 1718 2376 1735 ο
2416 1702 2571 1756 τοῦτο
2598 1700 2707 1773 γὰρ
2730 1700 2880 1770 δηλοί
2905 1699 2968 1752 τὸ
3000 1717 3017 1749 t
3050 1698 3161 1752 Καὶ
3192 1696 3407 1765 ἐγένετο
3431 1693 3603 1754 οὕτως
3623 1709 3634 1719 ·
3671 1710 3697 1742 ι

458 1800 602 1841 ctum
635 1798 719 1841 est
749 1789 845 1853 ita,
881 1807 899 1840 ι
935 1799 1047 1843 tum
1082 1799 1265 1859 postea
1292 1791 1449 1846 docet
1475 1793 1747 1864 quomodo
1771 1793 1908 1848 facta
1930 1794 2020 1850 sit.

2139 1795 2363 1850 Ξιδάσκει
2400 1796 2494 1849 καὶ
2537 1794 2654 1857 πῶς
2687 1792 2923 1860 ἐγένετο.
2967 1810 2985 1843 ι
3015 1788 3274 1890 Ἐποίησε
3296 1786 3425 1890 γὰρ,
3454 1785 3641 1890 φησιν,
3667 1784 3704 1834 ὀ

465 1896 484 1927 ‹
526 1878 588 1932 [ι
617 1878 761 1943 fecit,
819 1879 1013 1949 inquit,
1057 1879 1198 1935 Deus
1248 1881 1673 1950 ﬁrmamentum,
1732 1884 2024 1955 divisitque

2139 1889 2255 1953 θεὸς
2282 1890 2344 1942 τὸ
2374 1888 2658 1959 στερέωμα
2678 1902 2691 1915 ·
2725 1885 2822 1940 καὶ⁸
2848 1882 3165 1954 διεχώρισεν
3193 1883 3221 1935 6
3239 1879 3369 1944 Θεὸς
3397 1878 3500 1933 άνὰ
3528 1877 3704 1947 μέσον

459 1984 630 2037 aquas
658 1985 780 2039 quae
812 1979 968 2024 erant
989 1972 1090 2026 sub
1117 1973 1477 2041 ﬁrmamento,
1507 1976 1575 2029 ab
1611 1976 1694 2031 his
1726 1993 1848 2047 quae
1870 1988 2024 2033 erant

2137 1981 2215 2033 τοῦ
2243 1979 2433 2041 ὓδατος
2460 1977 2489 2030 ὃ
2515 1973 2582 2048 ἦν
2620 1975 2879 2029 ὑποκάτω
2905 1973 2999 2027 τοῦ
3030 1969 3429 2043 στερεώματος,
3464 1969 3558 2021 καὶ
3587 1965 3702 2018 ἀνὰ

460 2072 624 2126 super
652 2058 1075 2115 ﬁrmamentum.
1106 2060 1439 2132 Vocavitque
1458 2064 1599 2119 Deus
1623 2065 2023 2122 ﬁrmamentum

2139 2071 2289 2126 αέσον
2315 2070 2410 2123 τοῦ
2442 2067 2632 2131 ὓδατος
2662 2065 2756 2119 τοῦ
2799 2065 2983 2118 ὲπὰνω
3016 2061 3110 2115 τοῦ
3144 2058 3540 2131 στερεώματος.
3584 2054 3704 2109 Καὶ

461 2149 660 2203 malum
692 2149 741 2204 ι’.
782 2151 891 2205 »Αι
915 2152 1069 2221 prius
1091 2154 1288 2208 caelum
1321 2170 1431 2208 non
1465 2166 1548 2210 est
1576 2158 1903 2226 appellatum
1936 2158 2026 2213 lir-

2128 2164 2385 2219 ὲκάλεσεν
2414 2162 2443 2215 6
2466 2159 2599 2222 Θεὸς
2626 2158 2688 2211 τὸ
2720 2156 3006 2227 στερέωμα
3035 2152 3283 2225 οὐρανόν.
3320 2173 3339 2203 ο
3395 2150 3452 2203 '0
3477 2147 3533 2200 δὲ
3564 2146 3693 2217 πρό-

462 2250 818 2307 mamentum,
850 2244 942 2297 sed
973 2244 1169 2299 cmlum
1202 2247 1270 2300 ab
1296 2247 1455 2303 initio
1489 2258 1741 2304 vocatum
1775 2261 1879 2306 est.
1917 2251 2027 2307 lloc

2135 2273 2283 2327 τερος
2325 2252 2552 2325 οὐρανὸς
2584 2252 2686 2319 οὑκ
2728 2248 2929 2318 ἐκλήθη
2974 2245 3282 2319 στερέωμα,
3325 2242 3441 2294 ἀλλ’
3468 2238 3700 2311 οὐρανὸς

458 2332 604 2385 enim
652 2333 721 2386 ab
743 2332 859 2402 ipsa
894 2349 949 2389 re
978 2336 1233 2391 sortitum
1263 2346 1345 2392 est
1370 2339 1812 2409 appellationem.
1846 2340 2023 2412 Siqui-

2134 2352 2186 2416 ἐξ
2217 2347 2391 2419 ἀρχῆς
2429 2342 2746 2414 ὠνομάσθη.
2788 2336 2953 2403 υὺτος
2981 2339 3091 2409 γὰρ
3125 2336 3182 2404 ἐξ
3224 2333 3387 2391 αὑτοῦ
3428 2331 3524 2386 τοῦ
3556 2332 3699 2402 πρά-

459 2422 582 2476 dem
618 2437 740 2476 cum
768 2439 832 2478 ex
866 2438 1137 2494 aquarum
1193 2428 1357 2483 liuida
1394 2432 1701 2485 substantia
1755 2434 2024 2502 composi-

2137 2456 2335 2509 γματος
2368 2441 2469 2509 τὴν
2515 2433 2886 2507 προσηγορίαν
2936 2431 3174 2497 ἐδέξατο.
3225 2425 3447 2496 Ἐπειδὴ
3483 2424 3591 2494 γὰρ
3632 2423 3702 2473 ἐκ

463 2520 576 2566 tum
608 2514 701 2581 sit,
729 2524 783 2569 et
804 2525 996 2570 natura
1028 2516 1196 2573 ﬁuida
1249 2521 1582 2578 condensata
1612 2533 1666 2578 et
1693 2526 2028 2580 consolidata

2138 2533 2228 2602 τῆς
2255 2530 2487 2601 ροώδους
2508 2528 2617 2581 τῶν
2647 2526 2854 2580 ὑδάτων
2881 2523 3067 2586 οὐσίας
3104 2520 3356 2589 συνέστη,
3377 2517 3473 2571 καὶ
3498 2517 3534 2588 ὴ
3561 2513 3703 2586 ρυτὴ

460 2606 643 2672 fuerit,
692 2608 1107 2671 ﬁrmamentum.
1126 2615 1463 2670 nominatum
1487 2624 1591 2671 est.
1642 2617 1845 2672 Deinde
1902 2618 2025 2687 quia

2143 2623 2293 2694 ρῦσις
2317 2620 2692 2690 πεγανωτάτη
2719 2619 2907 2687 γέγονε
2941 2617 3032 2670 καὶ
3064 2613 3400 2685 στερέμνιος,
3429 2624 3708 2681 προσηγο-

462 2713 683 2753 sursum
744 2699 846 2770 15
912 2703 1237 2758 Collocatum
1270 2714 1371 2773 est,
1428 2707 1630 2777 prioris
1679 2707 1804 2764 cwli
1873 2725 2027 2764 usum

2135 2715 2300 2787 ρεύθη
2336 2712 2642 2786 στερέωμα.
2690 2706 2821 2764 Εἶτα
2847 2709 2921 2772 ὼς
2961 2707 3170 2763 ἄνωθεν
3206 2703 3568 2773 ἐπικείμενος,
3601 2699 3700 2752 καὶ

462 2791 752 2844 commodo
782 2800 972 2848 nostro
996 2794 1307 2863 perﬁciens,
1360 2798 1484 2853 caeli
1532 2815 1727 2854 nomen
1780 2802 2027 2857 sortitum

2139 2807 2397 2880 προτέρου
2426 2803 2655 2874 οὐρανοῦ
2692 2801 2790 2873 τὴν
2816 2802 3004 2872 χρείαν
3033 2801 3164 2870 ἡμῖν
3194 2796 3440 2867 πληρῶν,
3474 2792 3704 2863 οὐρανὸς

462 2890 566 2935 εει.
596 2880 855 2937 Bil'ariam
880 2894 1059 2940 autem
1099 2886 1242 2944 Deus
1274 2891 1520 2945 omnium
1551 2892 1738 2947 divisit
1766 2908 2027 2963 aquarum

2144 2897 2589 2972 προσωνομάσθη.
2619 2895 2752 2965 Διχῆ
2776 2893 2832 2947 δὲ
2863 2892 3022 2945 διεῖλε
3055 2889 3162 2943 τῶν
3184 2888 3391 2941 ὑδάτων
3416 2884 3513 2956 τὴν
3540 2882 3709 2952 φύσιν

465 2984 715 3027 naturam
746 2992 760 3028 :
804 2984 857 3030 et
894 2979 1158 3045 quasdam
1188 2996 1409 3036 sursum
1443 2998 1606 3051 supra
1634 2986 2030 3041 ﬁrmamentum

2141 2994 2164 3045 6
2189 2990 2296 3043 τῶν
2328 2988 2467 3041 ὅλων
2496 2986 2629 3048 Θεός
2652 3001 2664 3014 ’
2704 2985 2796 3039 καὶ
2827 2982 2898 3036 τὰ
2930 2982 3029 3053 μὲν
3058 2978 3266 3034 ἄνωθεν
3298 2975 3599 3031 έπιτέθεικε
3619 2975 3706 3046 τῷ

466 3064 773 3131 collocavit,
803 3069 1070 3138 quasdam
1101 3073 1358 3127 deorsum
1391 3074 1646 3144 reliquit:
1685 3088 1743 3131 ut
1782 3080 2031 3148 superio-

2141 3079 2497 3152 στερεώματι,
2531 3076 2601 3129 τὰ
2642 3074 2698 3129 δὲ
2730 3075 2880 3129 κάτω
2912 3071 3302 3127 καταλέλοιπεν
3322 3085 3336 3099 ·
3374 3068 3459 3121 ἵνα
3491 3065 3561 3119 τὰ
3602 3066 3706 3135 μὲν

468 3174 558 3215 res
581 3160 683 3217 illae
744 3178 844 3217 sua
870 3164 1193 3219 ltumiditate
1226 3176 1390 3238 atque
1429 3167 1731 3239 {rigiditate
1792 3188 1899 3226 non
1962 3175 2033 3229 si-

2138 3171 2339 3225 ἄνωθεν
2367 3167 2688 3237 ἐπικείμενα
2712 3168 2779 3237 τῇ
2804 3183 2863 3218 τε
2896 3164 3152 3234 ὑγρότητι
3179 3161 3272 3215 καὶ
3297 3160 3593 3230 ψυχρότητι
3627 3157 3703 3226 μὴ

470 3262 660 3307 nerent
686 3256 960 3325 corrumpi
995 3256 1392 3314 ﬁrmamentum
1428 3261 1498 3316 ab
1517 3262 1640 3332 igne
1666 3263 2033 3331 luntinarium,

2148 3264 2393 3332 συγχωρῇ
2423 3258 2501 3331 τῷ
2533 3259 2666 3329 πυρὶ
2698 3258 2805 3311 τῶν
2837 3257 3136 3327 φωστήρων
3180 3252 3455 3307 λωὸἄσθαι
3487 3249 3546 3302 τὸ
3583 3265 3713 3305 στε-

476 3342 699 3411 reliqua:
735 3358 864 3399 vero
909 3360 1031 3415 qua:
1076 3347 1334 3403 deorsum
1368 3363 1768 3417 remanserunt,
1808 3355 1924 3410 suis
1945 3372 2038 3409 va-

2139 3355 2360 3426 ρέωμαο
2404 3351 2475 3404 τά
2501 3350 2557 3403 δὲ
2586 3348 2737 3402 κάτω
2773 3347 3117 3419 μεμενηκότα
3157 3344 3421 3416 διατρέφῃ
3458 3345 3570 3405 τοῖς
3605 3344 3696 3395 ἁτσ

471 3429 696 3498 poribus
745 3445 925 3487 aerem
963 3434 1179 3490 foveant
1229 3448 1481 3495 exustum
1512 3451 1565 3497 et
1609 3443 1940 3499 exsiccatum
1970 3446 2036 3501 ab

2142 3447 2259 3515 μοῖς
2296 3443 2384 3497 τὸν
2421 3442 2558 3514 ἀέρα
2597 3440 3022 3510 διαυαινόμενον,
3060 3438 3154 3492 καὶ
3184 3435 3567 3508 ξηραινόμενον
3602 3432 3707 3484 ὑπὸ

471 3521 596 3590 igne
631 3524 929 3591 superiore.
994 3525 1098 3593 Qui
1143 3529 1309 3601 igitur
1353 3548 1463 3588 non
1515 3536 1685 3591 credit
1738 3539 2035 3595 secundum

2142 3535 2228 3591 τοῦ
2262 3535 2469 3591 ἄνωθεν
2501 3532 2855 3604 ἐπικειμένου
2884 3530 3078 3600 πυρός.
3114 3526 3416 3598 Τοιγαροῦν
3445 3524 3540 3578 καὶ
3571 3525 3599 3575 6
3627 3521 3707 3590 τῷ

470 3628 594 3667 esse
624 3616 845 3681 cmlutn,
877 3627 1031 3674 extra
1083 3622 1332 3678 semitam
1397 3634 1601 3682 rectam
1661 3628 1892 3685 incedit:
1944 3633 2035 3702 qui

2145 3631 2375 3701 δευτέρῳ
2420 3625 2718 3682 διαπιστῶν
2748 3621 2963 3695 οὐρανῷ
2991 3620 3095 3688 ἔξω
3141 3619 3313 3690 βαίνει
3349 3617 3448 3687 τῆς
3491 3614 3710 3676 εὐθείας

473 3720 602 3760 vero
647 3708 829 3776 plures
878 3727 1171 3769 numerare
1220 3725 1471 3784 conatur,
1528 3720 1768 3777 adhaeret
1818 3723 2036 3789 fabulis,

2141 3722 2291 3775 ὁδοῦ·
2345 3720 2440 3774 καί⁵
2488 3721 2516 3771 6
2560 3717 2778 3779 πλείους
2830 3712 3169 3784 πειρώμενος
3211 3710 3465 3782 ἀριθμεῖν
3515 3707 3706 3777 μύθοις

473 3799 775 3866 postposita
804 3800 975 3855 divini
999 3802 1234 3873 Spiritus
1260 3807 1527 3864 doctrina.
1548 3809 1835 3868 Pluraliter
1860 3826 2037 3869 autem

2147 3812 2349 3874 ἕπεται,
2380 3813 2478 3881 τῆς
2506 3808 2600 3863 τοῦ
2629 3808 2773 3860 θείου
2806 3803 3124 3874 Πνεῦματος
3159 3797 3509 3859 διδασκαλίας
3537 3809 3712 3848 κατα-

472 3887 656 3940 divina
703 3887 990 3960 Scriptura
1017 3895 1186 3950 ccelos
1225 3908 1525 3967 nuncupat,
1576 3899 1798 3957 dicens:
1846 3921 1862 3954 ι
1903 3904 2037 3958 (Σωιί

2142 3903 2373 3975 φρονῶν.
2395 3899 2775 3971 Πληθυντικῶς
2800 3898 2857 3951 δὲ
2883 3898 2916 3967 ἡ
2944 3895 3061 3949 θεία
3086 3891 3278 3963 Γραφὴ
3299 3891 3421 3953 τοὺς
3446 3888 3707 3959 οὐρανοὺς

473 3978 774 4034 caelorum:
807 4000 825 4031 ι
865 3985 1124 4052 quoniam
1156 3985 1422 4044 Hebraica
1464 3991 1643 4061 lingua
1702 4010 1880 4064 neque
1926 4011 2038 4051 ca:-

2137 3991 2411 4065 ὀνομάζει,
2451 3990 2717 4058 λέγουσα⁵
2776 4006 2795 4040 t
2832 3989 2894 4042 Οί
2929 3984 3149 4055 οὐρανοὶ
3198 3983 3305 4035 τῶν
3357 3979 3633 4050 οὐρανῶν·
3685 3996 3702 4028 ι

474 4068 609 4134 Ιυω,
643 4086 816 4141 neque
845 4088 1042 4145 aquam
1074 4078 1333 4148 singulari
1374 4096 1605 4137 numero
1650 4086 1798 4139 novit
1856 4088 2039 4156 appel-

2140 4084 2323 4156 ἐπειδὴ
2376 4083 2484 4137 τῶν
2522 4080 2787 4152 Ἐϐραίων
2817 4081 2851 4150 ἡ
2885 4078 3100 4147 γλῶττα
3151 4072 3272 4127 οὔτε
3315 4072 3407 4125 τὸν
3458 4067 3705 4139 οὐρανὸν,

474 4160 612 4215 lare.
666 4161 925 4233 Reperire
959 4178 1141 4222 autem
1171 4180 1256 4225 est
1319 4172 1517 4227 similia
1562 4179 1731 4230 multa
1759 4177 1900 4231 inter
1960 4180 2039 4233 di-

2141 4176 2260 4230 οὕτε
2292 4175 2354 4229 τὸ
2380 4173 2527 4244 ὕδωρ
2557 4169 2697 4226 οἶδεν
2728 4171 2919 4233 ἑνικῶς
2949 4168 3233 4239 ὀνομάσαι.
3264 4163 3429 4238 Εὖροι
3452 4163 3499 4216 δ’
3532 4162 3597 4217 ἄν
3622 4177 3706 4225 τις

471 4253 681 4310 ctiones
726 4254 962 4314 Graecas.
1005 4258 1201 4317 Nullus
1251 4265 1398 4319 enim
1455 4266 1724 4321 civitatem
1773 4268 2036 4325 Athenam

2143 4266 2360 4321 τοιαῦτα
2388 4264 2558 4318 πολλὰ
2601 4265 2693 4317 καὶ
2723 4263 2875 4331 παρὰ
2900 4265 2967 4333 τῇ
3013 4261 3223 4314 Ἐλλάδι
3253 4260 3424 4330 φωνῇ.
3477 4255 3708 4325 Ἀθήναν

475 4347 739 4418 singulari
822 4366 1047 4407 numero
1103 4338 1344 4412 vocitare
1395 4359 1553 4422 solet,
1614 4360 1708 4415 sed
1763 4362 2040 4432 pluraliter

2139 4361 2246 4430 γὰρ
2274 4358 2373 4429 τὴν
2402 4357 2556 4409 πόλιν
2589 4355 2765 4418 οὐδεὶς
2797 4353 2990 4415 ἑνικῶς
3018 4350 3292 4421 ὀνομάζει,
3326 4348 3443 4401 ἀλλ’
3478 4346 3704 4417 Ἀθήνας

474 4441 739 4495 Athenas.
806 4439 1068 4500 Similiter
1115 4456 1169 4501 et
1228 4446 1491 4518 Delphum
1544 4451 1816 4506 civitatem
1882 4470 2039 4511 nemo

2143 4446 2540 4521 πληθυντικῶς.
2586 4448 2694 4500 Καὶ
2739 4444 2956 4513 Δελφῶν
3001 4442 3162 4495 πάλιν
3200 4440 3299 4510 τὴν
3340 4439 3495 4491 πόλιν
3535 4437 3706 4499 οὐδεὶς

476 4542 655 4595 vocat,
696 4535 813 4598 sed,
845 4551 1074 4590 numero
1102 4538 1319 4604 plurali,
1349 4540 1601 4610 Delphos.
1624 4542 1744 4597 Non
1772 4559 1901 4615 ergo
1926 4555 2041 4601 tan-

2144 4542 2365 4612 Δελφὸν,
2398 4539 2535 4593 ἀλλὰ
2575 4538 2807 4607 Δελφοὺς
2846 4532 3241 4605 πληθυντικῶς.
3296 4531 3371 4585 Οὐ
3411 4529 3592 4582 τοίνυν
3632 4528 3708 4590 ώς

474 4641 640 4695 quam
695 4627 878 4696 plures
912 4630 1023 4683 sint
1058 4630 1205 4696 εαξη,
1239 4632 1433 4701 plurali
1477 4649 1707 4692 numero
1751 4636 1930 4692 locuta
1957 4648 2039 4693 est

2143 4633 2352 4688 πολλῶν
2381 4631 2547 4685 ὄντων
2571 4628 2815 4701 οὐρανῶν
2840 4630 2873 4696 ἡ
2902 4626 3021 4679 θεία
3046 4623 3425 4696 πληθυντικῶς
3446 4621 3557 4693 ('55)
3589 4618 3708 4673 εἷπε

475 4717 790 4787 Scriptura:
825 4722 919 4775 sed
949 4720 1228 4777 Hebraicae
1276 4725 1470 4795 lingua:
1518 4738 1731 4783 servato
1762 4729 2037 4786 idiomate.

2142 4725 2364 4797 Γραφή·
2411 4722 2548 4777 ἀλλὰ
2590 4721 2652 4774 τὸ
2705 4720 2899 4791 ἰδίωμα
2951 4717 3232 4788 φυλάξασα
3278 4716 3376 4785 τῆς
3433 4711 3707 4782 Ἐὕραΐδος

475 4808 630 4872 Quod
671 4808 894 4878 quidem
954 4812 1011 4868 in
1043 4814 1152 4868 alio
1193 4814 1401 4885 psalmo
1428 4816 1766 4874 manifestius
1800 4836 1902 4876 nos
1953 4822 2040 4876 do-

2143 4820 2344 4888 φωνῆς.
2399 4816 2550 4869 Ἐπεὶ
2599 4816 2658 4867 ὲν
2712 4814 2883 4884 ἑτέρῳ
2929 4809 3129 4881 ψαλμῷ
3184 4808 3517 4877 σαφέστερον
3564 4804 3708 4873 ἡμᾶς

476 4906 579 4964 εει,
609 4899 757 4957 illius
788 4901 984 4972 lingua:
1012 4908 1382 4975 prastermisso
1430 4909 1709 4973 idiomate,
1762 4912 1892 4967 dum
1958 4913 2040 4968 iu-

2144 4909 2297 4963 τοῦτο
2323 4908 2673 4969 διδάσκουσα,
2715 4907 2808 4959 καὶ
2837 4902 3222 4975 παραλιποῦσα
3251 4902 3310 4955 τὸ
3336 4899 3437 4970 τῆς
3466 4896 3709 4965 γλώττης

475 4991 592 5059 quit
627 5007 641 5044 :
680 5010 699 5043 ι
747 4990 957 5049 Caelum
985 4996 1107 5052 caeli
1140 4996 1373 5051 Domino
1405 5009 1452 5051 ι.
1492 5018 1511 5051 ι
1542 4999 1617 5055 lta
1646 5010 1704 5055 ut
1738 5004 1871 5058 satis
1905 5018 2037 5059 con-

2143 5003 2355 5073 ἐκείνης
2386 5003 2606 5072 ἰδίωμα,
2636 4999 2809 5062 οὕτως
2835 4998 2939 5067 ἔφη
2959 5013 2972 5027 ·
3025 5015 3042 5046 ι
3079 4997 3135 5049 Ὀ
3163 4995 3387 5065 οὐρανὸς
3422 4990 3514 5046 τοῦ
3550 4990 3708 5060 οὐρα-

476 5091 581 5137 stet
618 5086 786 5154 quod,
826 5089 1284 5156 quemadmodum
1314 5091 1513 5146 cmlum
1554 5094 1697 5151 istud
1752 5096 1908 5151 nobis
1956 5105 2041 5151 est

2143 5093 2235 5147 νοῦ
2264 5092 2342 5163 τῷ
2369 5091 2576 5162 Κυρίῳ.
2604 5110 2622 5141 ι
2676 5092 2761 5153 Ὠς
2792 5084 2929 5142 εἶναι
2958 5087 3136 5158 δῆλον,
3168 5087 3247 5139 ὅτι
3278 5085 3527 5154 καθάπερ
3555 5075 3708 5141 οὗτος

476 5192 576 5247 pro
613 5187 778 5242 tecto,
812 5188 954 5235 terra
979 5197 1109 5238 vero
1168 5199 1268 5254 pro
1304 5186 1651 5255 pavimento:
1708 5189 1783 5244 ita
1840 5191 2036 5245 coelum

2142 5189 2171 5241 6
2194 5185 2423 5258 οὐρανὸς
2451 5185 2584 5256 ἡμῖν
2616 5186 2760 5236 ἐστιν
2790 5182 3006 5252 ὄροφος,
3040 5183 3073 5250 ἡ
3105 5179 3162 5232 δὲ
3197 5179 3268 5247 γῆ
3296 5178 3512 5245 ἔδαφος,
3538 5172 3706 5233 οὕτως

475 5273 622 5343 quod
684 5274 952 5340 videmus,
1016 5292 1115 5347 pro
1180 5287 1322 5334 tecto
1382 5281 1791 5351 superpositum
1840 5283 2035 5337 coelum

2143 5279 2172 5330 6
2201 5276 2476 5349 ὁρώμενος
2526 5275 2750 5347 οὐρανὸς
2783 5274 2977 5345 ὄροφον
3022 5272 3131 5343 ἔχει
3175 5272 3266 5325 τὸν
3315 5266 3708 5338 ὑπερκείμενον

476 5364 660 5421 liabet.

2142 5371 2203 5423 οὐ
2213 5371 2386 5440 ρανόν.

550 5534 576 5562 ι
612 5520 747 5577 Gen.
782 5541 820 5588 ι,
848 5527 901 5580 6.
977 5526 1004 5567 ιι
1032 5526 1167 5583 ibid.
1203 5527 1253 5595 7,
1304 5528 1357 5583 8.
1428 5540 1447 5567 ε
1484 5528 1627 5585 Psal.
1672 5545 1824 5596 exin,
1878 5529 1966 5584 24.

1968 5671 2205 5727 NOTAE.

556 5802 820 5909 (3'95th
843 5808 1023 5864 εἰπὼν
1049 5840 1115 5852 --
1147 5811 1484 5880 ὠνομάσθη.
1510 5809 1734 5866 Desunt.

1618 5820 1734 5866 unt.
2220 5806 2328 5879 (35)
2362 5805 2785 5875 Πληθυντικῶς
2812 5801 2962 5860 εἶπε.
2998 5799 3180 5859 Desid.
