3964 6572
473 348 544 414 95
1478 342 1978 405 THEODORETI
2022 340 2366 402 EPISCOPI
2393 335 2758 399 CYRENSIS

3673 321 3767 383 96

476 469 564 512 tur
624 465 678 512 ct
727 456 900 512 lucem
947 456 1174 519 creavit,
1236 455 1700 526 quemadmodum
1757 457 1804 510 ei
1875 455 2052 510 libuit.

2177 453 2460 522 Ξλαστῆσαι
2487 446 2840 522 προσέταξεν.
2871 443 2982 496 Καὶ
3009 443 3068 494 τὸ
3098 441 3214 510 φῶς
3243 438 3422 492 τοίνυν
3451 434 3764 526 ἐδημιούρ-

479 552 651 605 Sicuti
689 565 816 604 vero
845 550 1186 606 ﬁrmamento
1207 549 1744 620 distinxitaquarum
1777 558 2052 612 naturam,

476 654 530 697 et
557 644 822 714 quasdam
874 659 1096 699 sursum
1144 645 1462 708 collocavit,
1523 644 1765 714 reliquas
1793 644 2056 697 deorsum

480 737 735 806 reliquit:
795 736 876 791 sic
913 737 1087 791 lucem
1111 737 1264 790 illam
1291 736 1636 807 distinguens
1688 751 1785 806 pro
1834 735 2060 790 arbitrio

481 843 606 893 suo,
639 827 932 881 luminaria
981 844 1175 894 magna
1207 838 1261 883 et
1311 844 1481 899 parva
1528 827 1797 882 condidit.

1025 1045 1304 1101 lNTrIRB.
1331 1045 1446 1100 XV.

486 1181 624 1248 Quid
650 1183 743 1238 hoc
777 1193 853 1238 est
893 1203 912 1238 :
953 1203 971 1236 ι
1015 1183 1080 1236 1η
1121 1185 1292 1252 signa,
1326 1193 1376 1235 et
1412 1183 1468 1235 in
1499 1192 1757 1251 tempora,
1789 1190 1840 1235 et
1875 1181 1930 1234 in
1963 1195 2063 1233 an-

991 1271 1105 1316 nos,
1138 1265 1186 1306 et
1211 1255 1263 1306 in
1287 1253 1396 1306 dies
1427 1252 1490 1306 ‘?
1519 1270 1542 1305 ι

556 1365 648 1419 Sol
679 1376 802 1421 ortu
836 1383 936 1423 suo
968 1377 1136 1436 alque
1165 1381 1368 1422 occasu
1410 1366 1527 1422 dies
1581 1364 1754 1420 facit:
1788 1379 1913 1420 cum
1968 1379 2063 1418 au-

487 1465 592 1511 tem
622 1458 952 1527 percurrerit
974 1458 1248 1513 australes
1275 1467 1440 1528 atque
1475 1458 1828 1528 aquilonares
1857 1466 2062 1526 partes,

488 1541 1027 1604 annalent‘circulum
1057 1551 1285 1619 perlicit.
1339 1549 1596 1620 Idemque
1623 1549 1855 1605 solstitia
1881 1548 2061 1614 eilicit,

489 1657 612 1709 qua:
641 1649 880 1710 tempora
915 1641 1200 1712 Scriptura
1230 1642 1415 1696 divina
1447 1642 1718 1696 nominat.
1769 1640 2066 1696 Transiens

491 1733 636 1787 enim
669 1734 1089 1802 abaequinoctio
1123 1735 1230 1805 18
1278 1733 1342 1788 ad
1378 1735 1716 1804 aquilonem,
1768 1749 1865 1788 ver
1897 1731 2062 1788 facit:

2161 561 2332 614 γησεν
2352 543 2428 606 ὡς
2456 540 2740 610 ἠθέλησεν.
2766 537 2978 605 ’Ὠσπερ
3007 533 3066 586 δὲ
3095 531 3173 602 τῷ
3205 526 3550 599 στερεώματι
3579 525 3762 578 διεῖλε

2160 635 2268 688 τῶν
2298 633 2508 688 ύδάτων
2541 628 2637 699 τὴν
2671 627 2856 698 φύσιν,
2895 625 2987 677 καὶ
3027 623 3096 677 τὰ
3133 623 3231 692 μὲν
3271 618 3613 674 ἐπιτέθεικεν
3642 615 3763 668 ἄν·-

2160 726 2318 788 ωθεν,
2349 723 2415 776 τά
2444 722 2502 775 δὲ
2533 719 2782 774 κάτωθεν
2815 715 3236 770 καταλέλοιπενο
3273 710 3447 774 οὕτως
3475 709 3652 761 ἐκεῖνο
3682 705 3766 758 τὸ

2163 817 2278 888 φῶς
2304 813 2493 868 διελὼν
2518 813 2595 876 ὡς
2619 811 2909 882 ἠθέλησεν,
2940 809 3066 872 τοὺς
3095 803 3393 877 φωστῆρας
3417 804 3544 866 τοὺς
3569 801 3761 872 μεγά-

2161 908 2288 972 λους
2322 906 2418 962 καὶ
2447 906 2574 968 τοὺς
2609 903 2840 975 μικροὺς
2870 898 3291 954 κατεσκεύασεν.

2779 1037 2978 1091 ΕΡΩΤ.
3016 1031 3082 1084 IE
3102 1062 3129 1081 .

2171 1181 2232 1236 Τί
2262 1181 2392 1235 ἐστι
2418 1177 2486 1232 τὸ
2526 1196 2544 1229 ι
2579 1179 2683 1244 Εἰς
2709 1175 2949 1245 σημεῖα,
2980 1172 3080 1226 καὶ
3112 1170 3490 1245 εις-καιροὺς,
3520 1170 3617 1224 καὶ
3657 1172 3765 1236 εὶς

2493 1244 2828 1312 ἐνιαυτοὺς,
2859 1244 2958 1299 καὶ
2990 1246 3078 1308 εἰς
3105 1244 3329 1312 ἡμέρας
3352 1257 3364 1270 ’
3395 1261 3420 1299 )

2245 1364 2304 1419 Ὀ
2336 1364 2487 1434 ἣλιος
2531 1361 2769 1432 ἀνίσχων
2822 1359 2920 1431 μὲν
2955 1359 3051 1412 καὶ
3100 1357 3360 1426 δυόμενος
3403 1355 3502 1419 τὰς
3531 1355 3761 1427 ἡμέρας

2167 1463 2344 1514 ποιεῖ·
2391 1461 2470 1524 εἰς
2514 1458 2570 1512 δὲ
2598 1458 2668 1510 τὰ
2698 1455 2849 1509 νότια
2893 1455 2989 1509 καὶ
3036 1455 3107 1508 τά
3138 1453 3322 1524 βόρεια
3358 1452 3498 1522 μέρη
3529 1452 3761 1522 διοιτρὲξ⁹

2165 1569 2300 1624 χων,
2346 1552 2439 1605 τὸν
2469 1551 2739 1604 ἐνιαύσιον
2768 1551 2970 1604 κύκλον
3000 1546 3276 1603 ἀποτελεῖ.
3326 1537 3494 1608 Οὗτος
3524 1545 3619 1596 καί
3647 1545 3762 1605 τὰς

2165 1643 2375 1714 τροπὰς
2427 1641 2759 1710 ἐργάζεται,
2814 1639 2883 1704 ἃς
2931 1638 3158 1708 καιροὺς
3208 1635 3492 1706 ὠνόμασεν
3545 1635 3578 1703 ἡ
3625 1632 3763 1685 θεία

2169 1735 2382 1808 Γραφή.
2417 1734 2552 1786 Ἀπὸ
2579 1732 2686 1805 γὰρ
2717 1731 2810 1785 τοῦ
2848 1729 3166 1802 ίσημερινοῢ
3197 1728 3363 1781 τόπου
3396 1725 3534 1796 πρὸς
3561 1725 3630 1778 τὰ
3663 1724 3764 1794 βό-

490 1833 545 1878 ct
581 1823 706 1880 inde
737 1826 952 1882 rediens
983 1827 1049 1881 ad
1081 1827 1300 1882 eosdem
1357 1827 1636 1891 terminos,
1671 1825 1910 1881 aestivale
1957 1825 2067 1879 sol-

2177 1845 2291 1898 ρεια
2333 1824 2693 1898 μεταϐαίνων,
2741 1824 2802 1878 τὸ
2854 1824 2952 1894 ἔαρ
2985 1824 3160 1874 ποιεῖ·
3213 1815 3336 1872 εἶτα
3369 1817 3577 1871 ἐκεῖθεν
3606 1818 3760 1869 ἐπαο

492 1915 702 1968 stitium
733 1917 984 1985 producit
1029 1935 1042 1970 :
1098 1915 1424 1986 procedente
1477 1925 1658 1970 autem
1688 1930 1752 1970 eo
1823 1916 1948 1970 inde
1997 1917 2063 1969 ad

493 2003 795 2066 meridiem,
831 2015 1128 2059 autumnus
1155 2004 1402 2059 nascitur
1447 2021 1460 2056 :
1500 2013 1552 2059 et
1580 2005 1707 2061 inde
1753 2019 2058 2072 revertens,

493 2095 731 2148 hiemem
757 2097 1024 2157 producit.
1057 2097 1133 2152 Ex
1163 2113 1326 2153 cursu
1363 2108 1544 2153 autem
1595 2100 1736 2154 lunae
1769 2099 2043 2154 mensium

472 2202 779 2240 numerum
811 2187 1094 2244 discimus.
1150 2188 1286 2244 Nam
1321 2205 1486 2245 cursu
1546 2191 1766 2261 triginta
1829 2192 2066 2258 dierum,

492 2276 727 2346 demptis
755 2292 850 2332 sex
908 2278 1081 2344 boris,
1115 2295 1274 2335 suum
1328 2296 1552 2336 cursum
1597 2282 1854 2337 absolvit.
1888 2281 2066 2348 Quam

494 2383 690 2438 nempe
723 2370 794 2424 ob
826 2385 1047 2425 causam
1093 2381 1175 2426 tot
1212 2373 1424 2428 dierum
1485 2389 1774 2428 numerum
1824 2390 2067 2430 mensem

495 2458 858 2527 appellamus:
877 2461 1145 2531 siquidem
1162 2472 1216 2516 et
1233 2463 1416 2518 lunam
1434 2474 1626 2520 vocant
1648 2465 1845 2535 μήνην,
1867 2483 2069 2522 mene».

495 2549 650 2616 Quod
675 2560 856 2606 autem
887 2553 1110 2622 dicitur,
1143 2555 1197 2608 in
1225 2555 1398 2626 signa,
1431 2571 1538 2610 non
1571 2557 1928 2628 intelligimus
1981 2573 2069 2613 se-

495 2644 733 2698 cundum
769 2646 1081 2716 opinionem
1125 2650 1485 2717 quorumdam
1520 2651 1841 2704 stultorum.
1877 2636 2068 2718 Siqui;

495 2735 615 2788 dem
648 2750 842 2790 vanam
879 2736 1026 2791 illam
1050 2738 1116 2792 de
1150 2737 1416 2808 cujusque
1446 2740 1726 2794 nativitate
1789 2741 2069 2810 discepta-

494 2828 718 2893 tionem,
770 2845 870 2884 nec
903 2828 1260 2902 Pythagoras,
1296 2847 1398 2885 nec
1433 2833 1711 2897 Socrates,
1745 2847 1845 2887 nec
1891 2834 2068 2896 Plato,

494 2923 595 2973 nec
631 2919 802 2974 Stoici
839 2932 1174 2991 receperunt.
1203 2922 1359 2988 Quod
1385 2924 1430 2978 si
1460 2924 1634 2994 quiin
1681 2925 1882 2984 fabulis
1927 2930 2066 2984 edu-

495 3013 600 3065 cati
643 3023 790 3079 sunt,
857 3015 1018 3084 huius
1073 3015 1270 3070 fabulae
1319 3017 1651 3085 impietatem
1691 3033 2068 3089 exsecrantur,

495 3105 621 3172 quis
672 3105 872 3158 divinis
921 3108 1272 3162 sermonibus
1325 3109 1554 3162 credens
1594 3109 1710 3165 hac
1761 3126 1870 3166 non
1904 3118 2068 3170 modo

2166 1919 2295 1974 νιὼν
2328 1918 2488 1990 μέχρι
2537 1915 2740 1970 τούτων
2783 1915 2893 1969 τῶν
2943 1916 3104 1984 ὅρων,
3155 1911 3254 1982 τὴν
3303 1908 3522 1982 θερινὴν
3578 1925 3762 1961 κατα-

2168 2013 2424 2076 σκευάζει
2450 2011 2660 2082 τροπήν
2688 2026 2703 2040 °
2753 2011 3038 2080 προϊόντος
3083 2007 3141 2060 δὲ
3174 2005 3340 2059 αὑτοῦ
3370 2003 3619 2057 ἐντεῦθεν
3655 2004 3761 2056 ἐπὶ

2165 2104 2234 2158 τά
2263 2103 2432 2166 νότια,
2464 2101 2526 2154 τὺ
2557 2100 2874 2172 μετόπωρον
2910 2100 3121 2168 γίνεται
3149 2115 3161 2128 ·
3206 2097 3444 2152 ἐπανιὼν
3476 2097 3533 2151 δὲ
3567 2093 3760 2160 αὖθις.

2165 2195 2258 2248 τὸν
2292 2192 2535 2264 χειμῶνα
2565 2195 2734 2246 ποιεῖ.
2793 2193 2889 2245 Ἐκ
2921 2191 2978 2245 δὲ
3019 2190 3110 2244 τοῦ
3145 2190 3346 2262 δρόμου
3389 2189 3489 2259 τῆς
3520 2190 3762 2261 σελήνης

2167 2287 2260 2340 τὸν
2289 2287 2396 2339 τῶν
2429 2285 2617 2356 μηνῶν
2649 2284 2994 2355 μανθάνομεν
3024 2282 3279 2352 ἀριθμόν.
3326 2281 3425 2335 Διά
3453 2281 3761 2353 τριάκοντα.

2167 2376 2278 2448 γὰρ
2305 2375 2548 2447 ἡμερῶν,
2586 2373 2646 2440 ἓξ
2673 2374 2785 2444 (40)
2818 2373 2980 2444 ὡρῶν
3005 2372 3260 2438 δεουσῶν,
3284 2372 3376 2426 τὸν
3406 2373 3604 2425 οίκεῖον
3626 2372 3758 2442 δρό-

2174 2487 2274 2541 μον
2304 2469 2520 2541 πληροῖ.
2556 2463 2632 2522 Οὗ
2671 2467 2734 2536 δὴ
2769 2468 2929 2538 χάριν
2968 2466 3061 2519 τὸν
3092 2465 3202 2518 τῶν
3231 2465 3498 2519 τοσούτων
3527 2465 3763 2537 ἡμερῶν

2172 2561 2404 2634 ἀριθμὸν
2441 2561 2586 2632 μῆνα
2621 2555 3122 2629 προσαγορεύομεν.
3165 2555 3386 2626 Ἐπειδὴ
3416 2556 3513 2608 καὶ
3531 2556 3629 2626 τὴν
3659 2572 3762 2607 σε-

2169 2656 2338 2727 λήνην
2364 2653 2689 2724 ὀνομάζουσι
2724 2653 2922 2724 μήνην.
2956 2651 3030 2704 Τὸ
3059 2650 3115 2704 δὲ
3143 2653 3230 2716 εἰς
3251 2648 3491 2719 σημεῖα,
3516 2647 3578 2700 ού
3608 2647 3762 2700 κατὰ

2171 2751 2294 2812 τοὺς
2325 2748 2586 2818 ἀνοήτους
2614 2744 2844 2816 νοοῦμεν
2871 2744 3054 2814 ἡμεῖς.
3103 2741 3218 2810 Τῆς
3255 2741 3364 2811 γὰρ
3405 2738 3759 2809 γενεθλιαλοο

2171 2837 2298 2905 γίας
2336 2836 2437 2906 τὴν
2483 2833 2892 2905 ματαιολογίαν,
2929 2832 3052 2885 οὐδὲ
3096 2829 3443 2901 Πυθαγόρας,
3485 2829 3604 2882 οὐδὲ
3637 2829 3763 2881 Σω-
3805 2826 3813 2831 ’

2173 2927 2404 2998 κράτης,
2435 2925 2553 2978 οὐδὲ
2579 2923 2825 2989 Πλάτων,
2855 2921 2974 2975 οὐδὲ
3003 2921 3054 2974 οἱ
3082 2921 3311 2974 Στωϊκοὶ
3334 2918 3757 2990 προσεδέξαντο.

2174 3018 2238 3069 Εἰ
2263 3016 2320 3070 δὲ
2347 3017 2398 3070 οἱ
2430 3019 2543 3090 τοῖς
2572 3015 2762 3086 μύθοις
2789 3013 3222 3086 ὲντεθραμμένοι
3269 3012 3420 3066 τοῦδε
3449 3011 3545 3066 τοῦ
3579 3012 3760 3080 μύθου

2172 3109 2234 3162 τδ
2263 3109 2456 3172 ἀσεϐὲς
2483 3106 2863 3172 ὲϐδελύξαντο·
2909 3107 2993 3170 τίς
3037 3107 3104 3160 ἂν
3133 3109 3251 3170 τοῖς
3281 3105 3447 3170 θείοις
3482 3107 3762 3161 πιστεύων

498 3195 684 3264 impia,
719 3197 811 3250 sed
841 3197 996 3253 valde
1036 3199 1200 3253 etiam
1231 3199 1379 3254 fatua
1405 3201 1672 3286 recipiat?
1701 3200 1867 3274 Signa
1905 3205 2067 3274 igitur

2177 3200 2394 3270 λογίοις,
2427 3200 2536 3254 τῶν
2565 3200 2625 3253 ού
2646 3197 2930 3252 δυσσεϐὦν
2959 3199 3139 3270 μόνον,
3166 3198 3304 3252 ἀλλά
3330 3201 3426 3253 καὶ
3453 3199 3572 3253 λίαν
3592 3200 3763 3270 ἀνοή-

495 3299 655 3343 vocat
686 3287 965 3358 Scriptura
1013 3290 1217 3357 divina,
1271 3292 1471 3362 quibus
1519 3307 1914 3364 cognoscamus
1935 3307 2067 3353 tem<

2177 3311 2284 3348 των
2313 3293 2600 3364 ἀνάσχοιτο
2643 3292 2848 3360 λόγων;
2897 3291 3121 3361 Σημεῖα
3165 3290 3344 3346 τοίνυν
3382 3293 3416 3362 ἡ
3447 3291 3569 3345 θεία
3598 3292 3764 3354 καλεῖ

497 3397 600 3450 pus
634 3392 1004 3451 opportunum
1049 3385 1380 3452 seminandi,
1415 3387 1746 3456 .plantandi,
1784 3395 2071 3460 purgandi,

498 3483 552 3527 et
583 3473 722 3543 ligna
769 3475 1012 3530 credendi
1038 3478 1106 3532 ad
1160 3479 1374 3533 navium
1403 3489 1457 3534 et
1503 3482 1765 3537 domuum
1821 3496 2075 3544 constru-

497 3565 732 3618 ctionem
805 3567 1019 3622 idonea.
1081 3567 1216 3624 lude
1261 3571 1425 3625 etiam
1493 3583 1674 3629 nauta:
1728 3576 2071 3644 didicerunt,

486 3657 721 3730 quando
749 3672 1052 3728 opportune
1099 3677 1290 3717 navem
1337 3665 1644 3722 subducere
1672 3669 1758 3723 vel
1793 3669 2074 3740 impellere

503 3749 816 3810 conveniat,
848 3761 902 3804 ct
936 3753 1158 3818 quando
1203 3754 1322 3808 vela
1361 3757 1597 3824 pandere
1627 3769 1724 3813 aut
1752 3761 2075 3817 contrahere

502 3849 770 3904 oporteat.
809 3840 1156 3910 Experientia
1182 3845 1329 3900 enim
1364 3848 1532 3916 ipsos'
1559 3849 1749 3905 docuit
1798 3861 2071 3907 astrorum

503 3941 656 3986 ortus
688 3943 741 3987 et
773 3951 1020 3990 occasus.
1082 3936 1236 4007 Saepe
1263 3941 1428 3994 etiam
1457 3958 1557 3997 nos
1588 3959 1807 4013 quoque
1835 3946 1935 4000 hac
1986 3963 2075 3999 ra-

504 4024 653 4078 tione
695 4037 985 4090 cometam,
1037 4037 1133 4082 aut
1177 4030 1456 4086 barbatum
1486 4034 1718 4096 stellam,
1747 4045 1842 4088 aut
1869 4038 2075 4090 trabem

503 4115 767 4179 videntes,
802 4119 1053 4172 incursus
1084 4119 1323 4174 hostium
1376 4123 1652 4188 novimus,
1707 4132 1801 4177 aut
1855 4125 2077 4179 locustae

512 4207 888 4274 irruptionem,
921 4219 1014 4262 aut
1035 4210 1409 4279 jumentorum
1441 4215 1526 4269 vel
1559 4216 1840 4270 hominum
1867 4217 2075 4272 cladem

507 4299 769 4354 futuram.
803 4299 928 4354 Haec
957 4303 1120 4372 igitur
1146 4305 1297 4373 signa
1348 4307 1565 4360 vocavit
1601 4308 1909 4378 Scriptura,
1969 4325 2076 4363 non

507 4390 596 4443 illa
631 4391 785 4458 plane
810 4391 1093 4445 dementiae
1123 4404 1287 4463 atque
1331 4395 1622 4464 impietatis
1650 4399 1827 4467 plena.

1016 4526 1120 4597 19
1146 4525 1423 4582 lNTERR.
1441 4528 1580 4586 xw.

511 4658 686 4724 Quare
721 4659 858 4715 Deus
894 4663 1084 4716 creavit
1113 4662 1324 4732 plantas
1354 4674 1476 4718 ante
1496 4665 1807 4731 luminaria,
1839 4675 1953 4734 post
1978 4666 2074 4720 illa

942 4750 1057 4786 vero
1097 4735 1332 4787 condidit
1356 4735 1647 4791 animalia?

581 4842 783 4901 Oculos
801 4846 1000 4902 habent
1032 4848 1310 4915 animalia,
1336 4863 1432 4903 nec
1458 4848 1597 4904 lucis
1626 4862 1914 4906 excessum
1937 4847 2080 4905 ferre

511 4937 839 5006 potuissent.
874 4939 987 4994 Lux
1014 4957 1142 4995 vero
1165 4941 1451 4997 distributa
1493 4943 1548 4996 in
1595 4957 1763 5012 parva
1797 4951 1852 4998 et
1883 4958 2080 5013 magna

515 5031 801 5086 luminaria
858 5035 1266 5090 convenientem
1320 5036 1495 5091 oculis
1531 5036 1847 5091 animalium
1891 5037 2076 5107 splen-

514 5123 701 5180 dorem
754 5126 946 5180 reddit.
1002 5126 1316 5183 Plantarum
1375 5138 1556 5184 autem
1613 5139 1806 5184 natura
1876 5145 2073 5186 sensus

516 5233 740 5287 ιιτοτευε
771 5228 852 5274 est
883 5234 1093 5289 expers.

593 5375 611 5412 ί
649 5376 781 5432 Gen.
823 5393 860 5440 t,
902 5377 989 5432 M.

2175 3385 2388 3459 Γραφὴ,
2417 3386 2479 3439 τὸ
2497 3385 2700 3439 εἰδέναι
2734 3384 2937 3454 σπόρου
2969 3383 3182 3452 καιρὸν,
3217 3381 3312 3436 τοῦ
3349 3383 3634 3453 φυτεῦσαι,
3657 3386 3758 3438 τοῦ

2174 3480 2433 3551 καθᾶραι,
2471 3477 2567 3532 τοῦ
2599 3476 2732 3541 ξύλα
2761 3478 2950 3546 τεμεῖν
2975 3477 3055 3538 εἰς
3085 3474 3396 3545 ναυπηγίαν
3426 3477 3520 3528 καὶ
3547 3477 3757 3530 οἰκοδο-

2135 3596 2138 3597 ν
2181 3571 2309 3641 μίαν
2341 3568 2644 3639 ἐπιτήδεια.
2690 3565 2967 3620 Ἐντεῦθεν
2994 3565 3105 3637 (di)
3134 3565 3228 3618 καὶ
3257 3565 3306 3618 οί
3338 3565 3585 3638 ναυτιλίᾳ
3606 3566 3758 3636 χρώ-

2181 3678 2329 3730 μενοι
2363 3657 2738 3730 μεμαθήκασι,
2769 3657 2899 3712 πότε
2927 3657 3025 3726 μὲν
3055 3657 3290 3730 ἀπᾶραι,
3313 3657 3444 3710 πότε
3472 3657 3527 3710 δὲ
3559 3659 3765 3729 καθορ⁴

2180 3753 2333 3822 μίσαι
2363 3753 2423 3804 τὸ
2459 3751 2664 3820 σκάφος
2693 3751 2964 3820 προσήκει
2987 3767 2998 3778 ’
3055 3751 3149 3803 καὶ
3199 3751 3330 3804 πότε
3383 3750 3480 3820 μὲν
3523 3750 3763 3802 πετάσαι

2173 3843 2255 3896 δεῖ
2284 3842 2345 3896 τὸ
2375 3842 2563 3907 ἱστίον,
2597 3842 2727 3895 πότε
2754 3841 2811 3894 δὲ
2839 3841 3109 3895 καθελεῖν.
3152 3841 3217 3894 Ἡ
3245 3845 3407 3910 πεῖρα
3428 3842 3538 3912 γὰρ
3559 3841 3764 3905 αὐτοὺς

2175 3934 2520 3999 ἐξεπαίδευσε
2597 3934 2692 3996 τάς
2748 3934 2855 3986 τῶν
2916 3935 3166 4005 ἀστέρων
3223 3933 3489 3997 ἀνατολάς
3538 3950 3598 3985 τε
3662 3935 3763 3986 καὶ

2177 4027 2357 4090 δύσεις
2377 4043 2390 4057 ·
2444 4022 2703 4088 πολλάκις
2732 4024 2790 4076 δὲ
2827 4025 2922 4077 καὶ
2951 4027 3114 4094 ἡμεῖς
3144 4026 3411 4095 κομήτην,
3445 4025 3476 4096 ἢ
3512 4024 3762 4093 πωγωνί-

2176 4137 2294 4190 την,
2340 4119 2373 4188 ἢ
2422 4119 2638 4188 δοκίδην
2678 4117 2788 4187 (42)
2843 4117 3067 4181 ἰδόντες,
3108 4119 3140 4188 ἢ
3187 4118 3460 4188 πολεμίων
3511 4117 3764 4187 ἔγνωμεν

2179 4209 2506 4280 προσϐολὴν,
2541 4208 2573 4280 ἢ
2610 4207 3112 4280 ἀκρίδας-ἐμϐολὴν,
3163 4209 3195 4278 ἢ
3243 4209 3454 4280 κτηνῶν
3484 4209 3516 4279 ἢ
3551 4209 3766 4280 ἀνθρώ-

2186 4321 2302 4355 πων
2341 4301 2568 4372 φθοράν.
2608 4301 2793 4354 Ταῦτα
2837 4301 3016 4354 τοίνυν
3055 4301 3274 4371 σημεῖα
3320 4303 3608 4363 ἐκάλεσεν,
3657 4303 3764 4356 οὐκ

2179 4395 2360 4446 ἐκεῖνα
2395 4393 2464 4446 τὰ
2498 4392 2674 4462 πάσης
2711 4391 2896 4455 ἀνοίας
2931 4393 3026 4445 καὶ
3058 4392 3384 4458 δυσσεϐείας
3413 4399 3607 4465 μεστά.

2794 4530 2987 4585 EPnT.
3030 4532 3150 4597 ις’.

2261 4668 2319 4723 Τί
2352 4666 2426 4732 δή
2459 4681 2601 4720 ποτε
2628 4666 2701 4718 τὰ
2729 4665 2846 4737 μὲν
2871 4668 3029 4737 φυτὰ
3069 4668 3180 4734 πρὸ
3212 4666 3328 4720 τῶν
3354 4669 3685 4737 φωστήρωι·

2429 4737 2698 4804 ἐποίησε,
2723 4736 2880 4789 τὰδὲ
2903 4735 3015 4796 ζῶα
3039 4738 3190 4807 μετὰ
3215 4735 3470 4805 τούτους
3489 4757 3507 4804 ;

2266 4852 2607 4922 Ὀφθαλμοὺς
2637 4851 2749 4922 ἔχει
2781 4852 2848 4905 τά
2869 4851 3005 4915 ζῶα,
3027 4854 3121 4906 καὶ
3147 4853 3241 4906 τοῦ
3274 4855 3449 4924 φωτὸς
3471 4856 3569 4925 τὴν
3592 4857 3758 4928 ὑπερ-

2189 4945 2348 5017 ϐολὴν
2376 4946 2477 4998 οὐκ
2505 4943 2572 4997 ἂν
2600 4945 2816 5015 ἤνεγκε.
2855 4945 3026 4997 Τοῦτο
3066 4945 3122 4997 δὲ
3165 4947 3492 5017 διανεμηθὲν
3522 4951 3601 5012 εἰς
3633 4952 3758 5011 τοὺς

2189 5043 2417 5112 μικροὺς
2449 5040 2542 5093 καὶ
2579 5039 2848 5109 μεγάλους
2874 5044 3169 5110 φωστῆρας
3200 5041 3514 5114 σύμμετρον
3544 5046 3608 5114 τῇ
3640 5043 3758 5112 ὄψει

2179 5130 2289 5184 τῶν
2319 5129 2472 5192 ζώων
2500 5130 2724 5201 ἀφίησιν
2753 5129 2967 5200 αἴγλην.
3019 5132 3139 5185 Τῶν
3184 5132 3243 5185 δὲ
3297 5133 3482 5203 φυτῶν
3521 5136 3554 5204 ή
3599 5133 3758 5204 φύσις

2187 5220 2488 5291 αἰσθήσεως
2526 5221 2774 5290 ἄμοιρος.

2026 5528 2261 5606 NOTAE;

597 5709 612 5770 (
627 5702 708 5766 50)
743 5705 848 5769 ’Ἐξ
867 5706 1034 5774 ὡρῶν
1058 5735 1125 5745 -—
1147 5705 1390 5774 ἀριθμὸν
1421 5705 1616 5763 desunt

599 5777 709 5843 (il)
741 5776 872 5830 Cod.
903 5777 1090 5844 etPic.
1127 5776 1379 5832 ἐνταῦθα.

2262 5704 2375 5774 (εισι)
2403 5703 2537 5759 Cod.
2571 5715 2623 5758 ct
2661 5701 2772 5757 Pic.
2815 5704 2970 5775 proi‘;
3010 5705 3224 5772 δοκίδην
3262 5705 3483 5770 ἰδόντες.
3538 5704 3758 5774 habent,
3842 5755 3844 5760 ,

2194 5777 2244 5829 εί
2277 5777 2423 5830 δοκεῖ
2452 5775 2508 5828 δὲ
2548 5777 2640 5829 καὶ
2673 5777 2851 5838 ἡμεῖς.
2885 5776 2989 5832 Sed
3033 5778 3212 5831 minus
3233 5777 3387 5832 bene.
