3964 6528
175 357 235 421 97
1291 349 1576 420 Quesr.
1622 349 1701 409 IN
1735 349 1999 409 GENES.
2044 349 2201 407 CAP.
2237 350 2284 406 ι.
2720 330 2723 333 “
3345 354 3414 417 93

774 463 967 515 ΕΡΩΤ.
1011 464 1108 516 lZ'.
1760 468 1809 525 Α

1760 468 1809 525 Α
2380 456 2850 513 INTEHR.XVH.

170 580 322 640 Τίνος
351 576 532 643 χάριν
566 575 639 627 τὰ
667 590 784 641 μεν
815 573 974 641 φυτὰ
1007 575 1117 626 οὐκ
1142 572 1640 643 ηὑλόγησεητοῐς
1666 570 1735 624 δὲ

1846 572 1946 626 Cur
1975 572 2112 627 Deus
2153 588 2253 643 nou
2294 571 2560 625 benedixit
2607 573 2826 642 plantis,
2884 576 3205 629 animalibus
3243 588 3411 631 autem

500 646 620 713 ἔφη
646 640 707 695 -ίι
730 640 1102 707 Αὑξάνεσθε,
1131 662 1158 725 ι¹
1186 642 1282 711 καὶ
1305 644 1378 695 τὰ
1400 640 1582 710 ἐξῆς;

1903 644 2041 697 dixit
2079 659 2097 697 :
2150 662 2168 694 ι
2209 642 2456 705 Crescite,
2503 652 2553 696 et
2609 640 3114 713 inultiplicaminis,
3145 665 3163 696 ι
3216 658 3263 699 ει
3300 665 3417 717 qua:

1906 714 2235 767 sequuntur?

1961 730 2221 783 quuntur:

219 827 338 879 Τῶν
369 825 680 895 λειμώνιον,
736 827 829 879 καὶ
859 825 965 878 τῶν
1007 826 1195 894 ληῒων,
1242 825 1335 877 καὶ
1372 823 1732 876 παντοδαπῶν

1906 824 2046 880 Deus
2078 840 2176 895 pro
2204 836 2335 878 nutu
2379 841 2478 880 suo
2508 827 2691 881 statim
2726 827 3036 881 universam
3097 837 3292 881 terram
3330 844 3417 881 re-

154 919 385 989 gemq”
415 919 513 970 και
540 918 778 989 δένδρων
805 918 965 980 εὐθὺς
992 917 1257 987 ιθελήσας
1291 917 1391 982 τὴν
1420 916 1523 984 γῆν
1557 916 1719 983 ὲπλήί

1951 916 1997 970 it
2026 917 2220 985 pratis,
2249 918 2583 983 segetibus’,
2617 928 2672 972 et
2696 919 2818 974 aliis
2840 920 3020 973 omnis
3052 921 3267 987 generis
3294 922 3419 974 her-
3502 904 3516 920 ’

154 1027 323 1081 ρωσεν
348 1009 567 1062 ἃπασαν
596 1024 610 1038 ·
659 1008 728 1061 τὰ
776 1007 832 1061 δέ
880 1025 946 1075 γε
994 1006 1164 1073 ἄλογα
1194 1007 1307 1073 (45)
1359 1005 1474 1066 ζῶα
1511 1004 1613 1057 ἀνὰ
1640 1004 1719 1056 δύ(

1842 1006 1916 1061 bis
1937 1017 1990 1061 et
2022 1008 2310 1065 arboribus
2341 1029 2354 1065 :
2386 1012 2542 1066 bruta
2572 1027 2701 1066 vero
2731 1011 2988 1064 animalia
3027 1012 3150 1065 bina
3182 1014 3407 1066 creavit.

152 1104 488 1173 παρήγαγεν.
558 1100 805 1160 Εἰκότως
851 1098 1032 1150 τοίνυν
1085 1098 1272 1157 αὐτοῖς
1323 1094 1423 1166 τὴν
1481 1095 1717 1162 εὐλογίαι

1850 1098 1989 1154 Unde
2024 1102 2220 1155 merito
2254 1102 2692 1158 benedictionem
2716 1104 2799 1157 eis
2830 1104 3055 1174 largitus
3084 1114 3186 1165 est,
3221 1114 3283 1157 ut
3320 1119 3415 1172 per

152 1197 523 1266 προσήνεγκεν
552 1208 565 1220 ο
620 1192 709 1243 ἵνα
757 1189 845 1242 διὰ
874 1191 975 1258 τῆς
1022 1186 1347 1254 πολυγονίας
1379 1185 1449 1238 τὰ
1486 1185 1583 1254 μὲν
1632 1202 1717 1238 πε-

1852 1192 2335 1260 nultiplicationem
2356 1195 2604 1265 quaedam
2639 1196 2910 1263 replerent
2943 1196 3136 1258 maria,
3173 1195 3328 1248 lacus
3362 1202 3416 1248 et

149 1291 300 1357 um.
336 1286 434 1339 καὶ
465 1286 686 1354 λίμνας,
724 1282 821 1335 καὶ
851 1282 1149 1350 ποταμοὺς,
1177 1280 1247 1333 τὰ
1275 1278 1332 1331 δὲ
1360 1278 1449 1330 τὸν
1484 1277 1641 1348 ἀέρα,
1665 1277 1714 1329 τέ

1725 1295 1731 1329 ι
1831 1286 2047 1350 ﬂuvios,
2078 1286 2327 1354 quaedam
2357 1302 2560 1350 aerem,
2599 1287 2857 1341 nonnulla
2888 1302 3019 1339 vero
3066 1294 3290 1339 terram.

151 1384 199 1437 δὲ
223 1377 494 1449 ritabat:
530 1377 633 1446 τὴν
661 1375 785 1444 τῆνο
1140 1438 1141 1441 χ

774 1486 969 1540 ΕΡΩΤ.
1010 1484 1117 1538 IH'.

2404 1479 2687 1533 INTER“.
2716 1480 2902 1534 XVII].

155 1604 239 1658 Δίὰ
283 1604 341 1655 τί
395 1605 477 1656 τὰ
522 1602 728 1669 θηρία,
774 1600 894 1723 σίαέ
928 1600 1002 1722 ἑὰ
1056 1600 1274 1667 ἑρπετὰ
1320 1596 1651 1662 πεποίηκεν
1697 1600 1720 1649 ὀ

897 1687 926 1722 ε
964 1687 1032 1723 c:

1697 1597 1731 1649 δ
1999 1596 2079 1647 Ad
2110 1596 2235 1665 quid
2270 1595 2405 1648 Deus
2441 1596 2635 1648 creavit
2678 1596 2868 1647 bestias
2909 1604 2955 1646 et
2988 1594 3202 1661 reptilia
3226 1596 3249 1646 Σ)

897 1687 996 1734 εος
1014 1687 1032 1733 ;

212 1793 390 1842 Δεῖται
424 1788 497 1841 τὰ
532 1787 722 1840 παιδία
752 1786 844 1837 καὶ
879 1784 1312 1853 μορμολυκείων,
1346 1781 1436 1834 καὶ
1465 1779 1726 1849 ἱμάντων,
1765 1805 1777 1858 1

1904 1774 2064 1830 Pueri
2120 1787 2232 1829 tum
2282 1776 2744 1829 terriculamentis
2822 1785 2934 1828 tum
2995 1776 3157 1829 etiam
3203 1776 3334 1829 loris
3363 1786 3417 1831 et

156 1884 237 1935 καὶ
267 1880 489 1952 ῥάϐδων
508 1896 523 1908 ·
576 1880 671 1930 καὶ
698 1881 812 1939 τοῖς
844 1877 941 1946 μὲν
971 1874 1111 1927 αὐτὰ
1141 1872 1508 1941 δεδιττόμεθα,
1537 1873 1649 1933 τοῖς
1678 1870 1721 1921 δί

1848 1870 2004 1939 virgis
2035 1868 2297 1938 indigent.
2343 1868 2408 1921 Et
2438 1885 2531 1937 per
2564 1869 2653 1921 illa
2685 1868 2902 1936 quidem
2936 1869 3086 1937 ipsos
3122 1878 3413 1937 terremus,

156 1975 237 2026 καὶ
289 1972 667 2040 παιδεύομεν
727 1967 1117 2038 ἐκάτερα¹<44)
1163 1967 1219 2019 δὲ
1264 1965 1503 2036 δρῶμεν,
1554 1965 1721 2016 πᾶσαι

1847 1978 1933 2030 per
1983 1962 2098 2015 haec
2156 1971 2334 2014 autem
2389 1960 2693 2025 erudimus,
2734 1971 2965 2029 utraque
3001 1977 3131 2015 vero
3164 1962 3412 2028 facimus,

156 2068 326 2127 αὐτοῖς
377 2063 645 2127 εὐταξίαν
703 2058 1236 2131 πραγματευόμενοι.
1295 2054 1516 2125 Ἐπειδὴ
1560 2054 1721 2107 τοίνυη

1844 2053 2182 2109 honestatem
2235 2067 2453 2107 onmem
2500 2054 2578 2106 eis
2614 2064 2992 2122 procurantes.
3049 2054 3189 2108 Cum
3242 2056 3409 2125 igitur

156 2155 366 2225 πήξει
416 2155 573 2223 ἡμᾶς
623 2154 651 2204 ὁ
696 2151 993 2220 Δεσπότηςξ
1023 2148 1154 2210 Θεὸς
1196 2149 1274 2210 είς
1326 2146 1598 2216 ρᾳθυμίαν
1648 2148 1721 2199 ὲκ-

1847 2145 2105 2200 Dominus
2158 2145 2303 2199 Deus
2352 2144 2831 2198 animadvertisset
2892 2161 2992 2200 nos
3025 2146 3089 2199 ad
3145 2147 3412 2212 ignaviam

156 2247 499 2307 κὶ.ινοῦντας,
575 2238 687 2297 οἷον
774 2242 1006 2312 ἱμάντας
1082 2239 1237 2302 τινὰς
1272 2257 1275 2259 ·
1307 2241 1396 2292 καὶ
1471 2238 1721 2308 μορμολυι

1849 2236 2124 2305 proclives,
2157 2235 2360 2289 bestias
2390 2244 2443 2287 et
2472 2236 2682 2303 reptilia
2743 2235 2894 2303 prius
2938 2236 3200 2301 condidit,
3249 2239 3414 2292 veluti

155 2342 263 2391 κεῖα
308 2334 801 2406 προκατεσκεύασε
839 2333 909 2386 τὰ
955 2330 1160 2403 θηρία·
1217 2330 1303 2382 ἵνα
1347 2329 1557 2390 τούτοις
1590 2329 1720 2397 ἡμᾶς

1851 2332 1954 2384 lora
1982 2330 2232 2400 quaedam
2265 2338 2319 2384 et
2348 2330 2791 2385 terriculamenta
2818 2349 2832 2385 :
2868 2342 2925 2384 ut
2957 2347 3050 2400 per
3082 2347 3144 2385 ea
3179 2348 3279 2387 nos
3312 2344 3416 2387 ter-

156 2431 542 2499 ὃεδιττόμενος,
577 2428 715 2499 πρὸς
748 2424 939 2478 ἑαυτὸν
968 2424 1124 2494 ἕλκῃ,
1157 2422 1253 2475 καὶ
1278 2421 1462 2473 καλεῖν
1497 2421 1576 2479 εἰς
1608 2434 1721 2485 συμ

1849 2439 1968 2477 rens
1999 2422 2067 2477 ad
2101 2438 2159 2477 se
2198 2422 2463 2489 traheret,
2518 2438 2749 2491 nosque,
2782 2431 2843 2477 ut
2870 2424 2989 2492 ejus
3017 2425 3275 2479 auxilium
3310 2427 3414 2479 im-

161 2524 348 2593 μαχίαν
370 2518 804 2589 παρασκευάζῃ.
842 2515 985 2570 Ἀλλ’
1006 2515 1193 2585 ὥσπερ
1213 2515 1262 2566 οἱ
1291 2512 1485 2564 τέλειοι
1514 2510 1609 2562 καὶ
1629 2508 1726 2561 τῶι

1851 2517 2202 2585 ploraremus,
2248 2517 2561 2572 adduceret.
2591 2519 2659 2571 At
2689 2514 3144 2586 quemadmodum
3173 2521 3263 2588 qui
3292 2535 3416 2589 per-

161 2612 596 2685 μορμολυκείων,
630 2611 727 2663 καὶ
753 2609 864 2662 τῶν
900 2607 1137 2678 ἱμάντων
1164 2602 1617 2674 καταφρονοῦσιν,
1645 2600 1726 2653 οὖ-

1851 2609 2036 2663 l‘eclam
2059 2618 2270 2663 aetatem
2296 2608 2610 2679 attigerunt,
2632 2608 3075 2662 terriculamenta
3102 2610 3416 2679 hujusmodi

159 2724 250 2768 τως
273 2708 323 2757 οἱ
353 2706 458 2775 τῆς
495 2704 700 2774 ἀρετῆς
750 2701 1005 2772 τρόφιμοι
1033 2698 1131 2762 τὰς
1167 2697 1278 2750 τῶν
1310 2695 1509 2767 Θηρίων
1536 2694 1595 2746 οὐ
1629 2693 1724 2745 δει-

1847 2710 1890 2754 et
1914 2700 2025 2753 lora
2059 2707 2451 2754 contemnunt:
2485 2698 2564 2752 sic
2597 2699 2688 2767 qui
2719 2700 2769 2751 in
2796 2700 2999 2752 virtute
3024 2700 3238 2754 educati
3267 2712 3412 2767 sunt,

162 2800 398 2866 μαίνουσι
430 2795 769 2864 προσϐολάς.
824 2794 937 2846 Καὶ
980 2791 1088 2863 γὰρ
1134 2790 1215 2861 τῷ
1270 2790 1439 2859 Ἀδὰμ
1486 2788 1592 2859 πρὸ
1640 2787 1727 2856 τῆς

1851 2793 2134 2847 bestiarum
2214 2791 2469 2845 incursus
2539 2791 2684 2844 haud
2748 2790 3061 2847 formidant.
3139 2793 3416 2861 Siquidem

160 2889 415 2957 ἁμαρτίας
464 2887 813 2956 παρεστήκει
845 2884 914 2937 τὰ
952 2884 1112 2955 θηρία
1140 2883 1239 2951 τὴν
1278 2881 1520 2935 δουλείαν
1548 2878 1725 2950 ὁμολο-

1853 2885 2067 2947 Mlamo,
2118 2884 2228 2953 20
2275 2884 2428 2950 prius
2490 2897 2653 2951 quam
2730 2892 3027 2951 peccasset,
3086 2884 3418 2938 aSsistehant

159 2978 364 3045 γοῦντα,
401 2978 508 3030 καὶ
533 2976 618 3047 τῷ
648 2976 772 3029 Νῶε
806 2974 967 3029 πάλιν
996 2976 1076 3038 εἰς
1108 2974 1205 3044 τὴν
1234 2972 1463 3027 κιϐωτὸν
1496 2971 1724 3024 εἰσιόντι

1853 2982 2026 3031 bestiae
2048 2976 2370 3045 obsequium
2393 2974 2717 3029 defer-entes.
2744 2974 2806 3027 Et
2829 2991 3070 3039 rursum,
3106 2977 3283 3044 ipsum
3306 2974 3418 3031 Noe

160 3071 301 3138 δίκην
330 3069 638 3140 προϐάτων
672 3069 769 3121 καὶ
799 3067 939 3120 λέων
983 3065 1290 3137 ἠκολούθει,
1328 3064 1421 3116 καὶ
1449 3062 1725 3133 πάρδαλις,

1849 3070 2229 3138 ingredientem
2265 3082 2469 3133 arcam,
2497 3067 2601 3126 leo.
2622 3067 2846 3135 pardus,
2875 3073 2927 3119 et
2961 3066 3237 3134 reptilium
3262 3077 3414 3121 atro.

162 3164 246 3214 καὶ
286 3162 395 3213 τῶν
442 3159 703 3231 ἑρπετῶν
752 3159 822 3212 τὰ
877 3159 1223 3230 πικρόταταο
1281 3156 1375 3211 καὶ
1416 3155 1494 3226 τῷ
1544 3154 1727 3225 Δανιὴλ

1853 3160 2067 3214 cissima
2100 3174 2329 3228 qumque
2388 3158 2568 3211 ovium
2604 3171 2755 3209 more
2811 3156 3198 3224 sequebantur.
3233 3158 3296 3209 Et
3320 3158 3418 3211 Da-

163 3256 610 3324 παρεστήκεισαν
642 3254 693 3305 οἱ
727 3251 959 3317 λέοντες,
1010 3251 1325 3321 ὀρεγόμενοι
1362 3250 1461 3320 μὲν
1506 3250 1728 3320 τροφῆς1

1852 3253 1968 3307 nieli
2002 3251 2230 3307 aderant
2256 3251 2465 3316 leones,
2502 3249 2596 3319 qui
2628 3248 2833 3318 alioqui
2876 3247 3111 3301 famelici
3156 3249 3417 3304 accedere

165 3348 381 3399 πελάσαι
429 3346 496 3398 δὲ
547 3346 627 3416 μὴ
672 3345 999 3415 τολμῶντες.
1046 3346 1185 3408 Τοὺς
1224 3344 1332 3416 γὰρ
1359 3344 1610 3407 θεοειδεῖς
1638 3344 1730 3412 τῆς

1854 3357 2020 3398 tamen
2052 3343 2117 3397 ad
2148 3357 2272 3396 eum
2302 3356 2410 3394 non
2467 3340 2761 3401 audebant,
2802 3354 2868 3394 eo
2900 3340 3044 3409 quod
3083 3339 3136 3391 in
3168 3339 3260 3392 illo
3304 3356 3419 3409 spe-

164 3438 301 3500 65’4;
329 3438 550 3500 εἰκόνος
586 3436 776 3505 ἐώρων
800 3436 860 3487 ὲν
911 3434 1060 3505 αὐτῷ
1113 3435 1467 3505 χαρακτῆρας
1501 3451 1515 3465 ·
1567 3432 1729 3497 οὕτως

1850 3438 2016 3493 cimen
2042 3435 2318 3506 quoddam
2352 3434 2593 3489 divinant
2645 3432 2943 3502 imaginem
2980 3447 3090 3501 prm
3125 3447 3184 3486 se
3231 3430 3415 3487 ferens

165 3528 266 3596 ἔχις
296 3532 366 3599 τῇ
408 3527 514 3580 τοῦ
558 3527 885 3580 Ἀποστόλου
918 3528 1064 3597 χειρὶ
1106 3526 1228 3588 τοὺς
1257 3525 1534 3588 ὀδόντας¹⁸
1565 3524 1730 3595 ἐμϐα-

1854 3529 2239 3598 :onspicerent.
2276 3526 2462 3581 ltidetn
2510 3526 2715 3593 vipera,
2758 3541 2879 3595 qua:
2909 3525 3099 3581 dentes
3155 3525 3419 3594 injecerat

165 3621 340 3680 λοῦσα,
372 3621 475 3673 καὶ
509 3622 612 3689 τῆς
646 3618 920 3689 ἁμαρτίας
946 3617 1006 3669 τὸ
1034 3616 1230 3687 χαῦνον
1265 3617 1358 3670 καὶ
1384 3616 1620 3687 χαλαρὸν
1644 3617 1730 3686 οὐχ

1851 3620 1893 3673 in
1924 3634 2144 3673 manum
2179 3615 2490 3687 Apostolih,
2519 3631 2639 3670 eum
2692 3616 2897 3685 peccati
2950 3616 3087 3669 nihil
3139 3616 3416 3669 inlirmum

165 3709 414 3777 εὑροῦσα,
459 3710 785 3779 ἀπεπήδησε
824 3709 1159 3779 παραυτίκα,
1195 3709 1292 3763 καὶ
1323 3708 1464 3762 κατὰ
1497 3710 1595 3777 τῆς
1636 3726 1730 3760 πυ-

1855 3719 1935 3764 ιυι
1958 3710 2120 3765 molle
2145 3710 2199 3763 in
2226 3725 2290 3763 eo
2315 3708 2626 3777 reperisset,
2662 3722 2785 3762 mox
2816 3707 3030 3774 resiliit,
3063 3715 3117 3761 et
3148 3707 3204 3762 in
3238 3708 3420 3778 ignem

165 3803 257 3868 ρᾶς
285 3801 478 3869 ἧλατο,
523 3800 717 3871 ῶσπερ
747 3800 903 3864 δίκας
931 3801 1129 3873 ἑαυτὴν
1156 3800 1612 3871 είσπραττομένη,
1658 3801 1730 3853 ὅτι

1853 3816 1900 3855 se
1934 3800 2186 3870 coniecit,
2245 3798 2574 3869 supplicium
2631 3798 3037 3867 quodammodo
3094 3798 3159 3851 de
3191 3812 3249 3851 se
3300 3799 3418 3868 ipsa

161 3890 234 3957 τῷ
290 3888 612 3957 μηδαμόθεν
679 3891 1012 3959 προσήκοντι
1082 3889 1452 3961 προσεϐάλετο
1510 3888 1726 3960 σώματι.

1854 3909 2088 3958 sumens,
2129 3892 2275 3962 quod
2328 3906 2528 3961 corpus
2589 3890 2691 3945 sibi
2740 3889 3050 3944 nullatenus
3092 3890 3419 3945 conveniens

173 3980 361 4048 Ἡμεῖς
387 3982 447 4033 δὲ
474 3982 546 4033 τα
581 3981 747 4051 θηρία
788 3981 1125 4052 δεδοίκαμεν,
1168 3982 1354 4051 ἐπειδὴ
1399 3983 1497 4053 τῆς
1540 3982 1738 4053 ἀρετῆς

1850 3983 2034 4037 adorta
2063 3993 2225 4037 esset.
2274 3980 2384 4036 Nos
2418 3991 2598 4041 autem
2640 3981 2761 4034 ideo
2800 3981 3001 4034 bestias
3036 3979 3415 4043 formidamus,

164 4073 263 4142 τὴν
286 4074 563 4128 πολιτείαν
590 4075 692 4127 οὐκ
722 4073 937 4144 ἔχομεν.
969 4075 1079 4127 Καὶ
1106 4073 1248 4128 οὕτω
1267 4075 1323 4128 δὲ
1354 4074 1729 4146 ῥᾳθυμούντωι

1855 4074 1970 4143 quia
1998 4073 2198 4128 virtute
2238 4072 2479 4142 praeditis
2505 4072 2749 4126 moribus
2787 4086 2896 4125 non
2926 4088 3135 4128 sumus.
3165 4071 3231 4126 Et
3254 4072 3326 4126 ob
3364 4071 3420 4125 id

165 4163 459 4233 κηδόμενος
492 4167 521 4218 ὁ
566 4165 725 4228 Θεὸς,
775 4166 901 4228 τοὺς
943 4165 1315 4237 ἐρημοτέρους
1360 4167 1590 4228 ἐκείνοις
1634 4167 1730 4217 απ-

1855 4167 1987 4221 Deus
2028 4164 2339 4220 socordium
2367 4165 2532 4219 etiam
2566 4164 2852 4219 hominum
2882 4181 3068 4220 curam
3115 4180 3300 4235 agens,
3325 4179 3420 4219 eas

162 4254 443 4323 εκλὴρωσε
471 4254 699 4319 τόπους,
738 4257 832 4308 καὶ
865 4256 956 4309 τὸν
983 4259 1083 4326 τῆς
1113 4257 1306 4319 νυκτὸς
1339 4257 1520 4320 αὐτοῖς
1550 4256 1727 4327 καιρὸι

1856 4263 1899 4312 in
1924 4259 2215 4316 remotiora
2251 4258 2370 4313 loca
2429 4258 2705 4327 relegavit,
2738 4268 2792 4312 et
2821 4258 2889 4313 iis
2931 4267 3259 4311 nocturnum
3291 4265 3421 4311 tem-

160 4344 456 4413 ἁάνειμεν
504 4347 585 4409 είς
632 4345 963 4417 διατροφήνο
1023 4366 1041 4399 ι
1080 4348 1167 4401 Ἐν
1213 4348 1351 4419 αὐτῇ
1400 4348 1529 4419 γὰρ,
1584 4348 1719 4418 φησι

1853 4368 1947 4421 pus
1984 4352 2051 4406 ad
2074 4366 2257 4406 escam
2309 4352 2657 4420 quierendam
2716 4351 2940 4422 largitus
2993 4359 3100 4405 est.
3136 4368 3154 4400 ι
3190 4351 3246 4403 1η
3301 4350 3418 4419 ipsa

160 4434 537 4489 διελεύσονται
584 4436 764 4490 πάντα
813 4437 882 4490 τὰ
931 4436 1095 4508 θηρία
1136 4436 1228 4490 τοῦ
1271 4437 1498 4509 δρυμοῦ.
1541 4456 1559 4488 ι
1617 4439 1725 4499 Τοῖς

1849 4446 1991 4500 enim
2023 4446 2224 4514 (nocte)
2252 4443 2347 4507 ait,
2378 4443 2689 4498 transibunt
2732 4457 2923 4497 omnes
2956 4442 3143 4497 bestia:
3167 4442 3414 4511 silvaaliJ

164 4526 413 4592 ἑρπετοῖς
441 4525 525 4589 δὲ,
554 4527 681 4587 τοὺς
722 4528 832 4595 (45)
876 4529 933 4581 ὲν
970 4530 1037 4599 τῇ
1084 4531 1154 4600 γῇ
1189 4528 1397 4582 δέδωκε
1440 4531 1729 4601 χηραμοὺς.

1855 4534 2153 4606 Reptilibus
2178 4550 2306 4590 vero
2340 4542 2497 4589 antra
2543 4543 2703 4588 terrae
2741 4533 2991 4602 praebuit,
3035 4542 3094 4587 ut
3142 4533 3195 4586 in
3229 4533 3309 4587 eis
3340 4533 3420 4586 la-

163 4616 305 4677 ἰπως
350 4616 410 4666 ἐν
446 4614 683 4678 ἐκείνοις
714 4618 1128 4689 ὲγκρυπτόμενα
1162 4618 1237 4689 μὴ
1286 4619 1590 4689 λυμαίνωσι
1635 4621 1728 4673 τῶι

1852 4630 2019 4683 tentia
2053 4628 2290 4682 humano
2337 4627 2520 4697 generi
2552 4640 2659 4680 non
2699 4634 2950 4681 noceant.
2992 4626 3059 4678 At
3094 4640 3163 4678 ue
3193 4624 3416 4689 bestias,

164 4706 469 4778 ἀνθρώπων
494 4707 557 4760 τὸ
576 4708 754 4776 γένος.
783 4708 897 4762 Ἵνα
920 4710 977 4762 δὲ
1001 4710 1077 4781 μὴ
1108 4712 1449 4765 παντάπασιν
1476 4712 1729 4785 ἀλώϐητοι

1853 4722 1997 4777 velut
2023 4722 2092 4776 ab
2147 4720 2232 4775 his
2284 4734 2510 4790 prorsus
2565 4717 2741 4780 illaesi,
2791 4726 3225 4783 contemnamus,
3260 4717 3418 4786 quasi

163 4797 519 4867 διαμένοντες
580 4800 1012 4870 καταφρονῶμεν
1063 4801 1276 4866 αὐτῶν,
1346 4803 1423 4866 ὡς
1486 4804 1728 4873 βλᾶπτειη

1853 4814 2010 4869 nobis
2061 4812 2286 4867 minime
2332 4825 2532 4867 nocere
2570 4810 2802 4880 possint,
2848 4822 3238 4878 nonnunquam
3280 4807 3418 4863 duos

162 4888 366 4954 ἥκιστα
398 4888 720 4958 δυναμένων
746 4906 759 4919 ο
812 4890 959 4944 ἔστιν
989 4892 1078 4945 ὅτε
1114 4897 1388 4964 συγχωρεῖ
1414 4894 1507 4947 δύο
1534 4894 1683 4959 τινὰς
1707 4897 1727 4949 ί

1857 4913 1954 4958 aut
1981 4913 2093 4958 tres
2123 4917 2154 4956 e
2180 4902 2370 4956 multis
2411 4899 2652 4955 millibus
2685 4899 2773 4953 vel
2801 4913 2833 4953 a
2864 4897 3245 4968 scorpionibus
3275 4909 3416 4964 pun-

161 4985 308 5050 τρεῖς
364 4984 433 5035 ὲκ
486 4983 701 5036 πολλῶν
748 4986 1049 5055 μυριάδων,
1088 4989 1117 5040 ό
1148 4988 1258 5059 (46)
1306 4990 1505 5059 σοφῶς,
1523 4990 1592 5042 τὰ
1628 4990 1726 5044 καθ

1858 4994 1931 5065 gi,
1953 5002 2049 5048 aut
2078 5008 2109 5047 a
2140 4991 2483 5060 serpentibus
2530 4990 2766 5045 morderi
2797 4988 3064 5060 permittit
3096 4987 3141 5043 is
3189 4986 3279 5057 qui
3326 4998 3416 5040 sa-

164 5074 306 5141 ἠμςίς
365 5075 752 5144 πρυτανεύων,
807 5077 980 5147 ἢὺπὸ
1028 5080 1306 5150 σκορπίων
1354 5081 1666 5148 κεντᾶσθαι,
1711 5084 1729 5133 ἱ

1855 5088 2067 5158 pienter
2095 5100 2182 5140 res
2210 5093 2427 5140 nostras
2455 5084 2755 5154 gubernat;
2789 5094 2849 5139 ut
2877 5097 2975 5138 uos
2996 5079 3173 5147 veriti,
3200 5092 3268 5134 ne
3289 5074 3416 5147 quid

237 5257 263 5294 ⁸
296 5254 441 5309 Gen.
482 5270 523 5317 ι,
545 5252 637 5307 22.
715 5255 742 5294 ιι
775 5253 897 5309 Act.
932 5270 1124 5322 xxvm,
1154 5260 1207 5311 ἒ).
1292 5260 1305 5298 i
1333 5257 1478 5315 Psal.
1508 5276 1624 5329 CIII,
1651 5260 1741 5317 20.

1037 5367 1272 5426 ἾΛΒΙᾸΞ
1299 5371 1685 5429 LECTIONES
1722 5372 1813 5427 EX
1853 5369 2127 5429 CATENA
2165 5368 2525 5425 LlPSlENSI.

263 5488 310 5518 "
342 5485 468 5541 Cat.
509 5499 563 5554 p.
594 5484 663 5538 58
683 5484 811 5546 τοὺς
836 5486 1055 5548 ὀδόντας
1083 5501 1196 5542 om.
1808 5484 1811 5485 ⁷

1648 5601 1875 5659 NOTAE.

267 5721 365 5790 ιδ)
402 5722 644 5790 Ἀλογα.
677 5720 906 5790 Comet
939 5718 1053 5775 Pie.
1076 5719 1233 5775 ἄλλα.
1309 5740 1315 5753 “

801 5728 906 5790 .et
939 5718 1053 5775 Pic.
1076 5719 1233 5775 ἄλλα.
1309 5740 1315 5753 ε
1926 5720 2035 5790 (45)
2064 5721 2196 5776 Cod.
2230 5723 2362 5783 τοῖς.

274 5786 367 5861 44)
413 5786 684 5860 Ἐκὰὲερα
708 5791 778 5844 δὲ
806 5789 1035 5858 δρῶμεν
1068 5794 1280 5846 desunt.

1068 5794 1280 5846 desunt.
1929 5786 2041 5863 (alii
2081 5793 2144 5845 '0
2160 5790 2293 5847 Cod.
2323 5799 2375 5846 et
2402 5789 2512 5845 Pie.
2538 5786 2633 5851 ὡς.
