3964 6538
529 366 601 432 9)
1516 350 2010 418 THEODORETI
2057 346 2396 411 EPISCOPl
2435 343 2811 406 CYRENSIS

3570 325 3795 400 ,ιοῡ

533 476 712 536 simile
740 470 1034 546 patiamur,
1066 468 1236 524 Deum
1265 474 1567 523 creatorem
1601 468 1619 486 θ
1654 464 1708 517 in
1740 459 2005 514 auxilium
2026 458 2112 511 in-

2231 457 2321 512 ίπὺ
2349 456 2526 524 δφεων
2558 450 2850 506 δάκνεσθαι
2877 463 2892 480 ·
2927 445 2992 499 ἵν’
3027 444 3211 517 ἡμεῖς,
3248 443 3322 505 ὡς
3353 441 3585 501 δεδιότες
3624 456 3700 509 μη
3733 455 3794 489 τι

533 584 815 634 vocemus,
844 567 1199 622 obsecrantes
1230 571 1291 617 ut
1315 561 1407 616 ille
1427 560 1674 615 omnium
1714 554 1987 611 malorum
2008 553 2105 606 de-

533 664 765 737 pultrice
785 658 1125 731 providentia
1152 671 1252 711 nos
1271 663 1511 710 tueatur.
1538 651 1805 707 Praeterea
1831 656 1886 700 et
1911 646 1979 699 ad
2002 644 2106 698 alia

536 733 722 811 bestiae
751 767 860 807 non
893 759 1021 807 sunt
1050 747 1210 802 nobis
1237 745 1491 799 inutiles.
1533 740 1668 795 Nam
1700 753 1769 794 ex
1800 736 1882 792 eis
1912 733 2109 789 medici

537 848 833 919 pharmaca
889 856 998 897 non
1052 854 1220 910 pauca
1288 841 1624 905 componunt
1654 830 1721 886 ad
1752 829 1856 898 21
1889 826 2110 882 morbos

538 918 955 1010 propulsandos.
986 930 1158 986 Nemo
1209 929 1378 1001 igitur
1418 925 1613 982 bestiis
1650 937 1746 992 per
1775 936 1834 976 se
1862 918 2112 974 conside-

539 1004 673 1083 ratis
703 1027 769 1081 de
801 1025 1063 1080 Creatore
1091 1024 1481 1088 conqueratur,
1518 1010 1615 1069 sed
1646 1008 1935 1064 utilitatem
1961 1004 2112 1060 inve-

542 1119 720 1191 stiget.
775 1114 1053 1185 Siquidem
1114 1112 1293 1181 ipsum
1340 1107 1502 1161 etiam
1554 1114 1757 1173 corpus
1786 1098 2110 1161 humanum,

541 1188 792 1284 quamvis
833 1209 1159 1268 formosum,
1184 1207 1571 1271 temperatum,
1603 1204 1659 1251 et
1695 1192 1849 1248 varia
1878 1188 2112 1261 partium

542 1281 773 1361 utilitate
798 1299 1105 1371 praeditum,
1131 1308 1328 1350 mucco
1352 1301 1560 1357 tamen,
1582 1297 1637 1343 et
1656 1295 1838 1357 sputo,
1863 1299 1925 1338 ac
1947 1281 2115 1337 fetido

542 1409 801 1459 stercore,
831 1390 978 1464 quod
1009 1387 1253 1445 excernit
1280 1427 1296 1453 ,
1350 1399 1459 1439 non
1493 1390 1664 1438 caret.
1712 1376 1905 1432 Nullus
1935 1385 2117 1430 tamen

542 1504 691 1543 sanae
730 1485 931 1541 mentis
980 1498 1050 1537 ex
1084 1480 1171 1535 his
1197 1476 1400 1533 animal
1435 1475 1730 1543 vituperat.
1755 1469 1944 1539 Neque
1966 1467 2116 1521 enim

543 1582 745 1651 absque
776 1578 861 1633 his
888 1590 1049 1647 agere
1080 1573 1244 1627 vitam
1274 1577 1472 1641 potest,
1504 1565 1597 1621 sed
1628 1578 1723 1635 per
1755 1564 1870 1617 haec
1898 1561 2117 1615 ﬁrmum

543 1682 628 1728 est
663 1680 718 1727 et
747 1676 1019 1741 vegetum.
1075 1662 1356 1733 Siquidem
1405 1668 1527 1730 eget
1581 1655 1798 1726 pituita,
1827 1651 2115 1722 sanguine,

543 1775 599 1821 et
641 1772 871 1830 utraque
905 1758 1031 1814 bile.
1065 1756 1137 1810 At
1187 1750 1649 1824 quemadmodum
1691 1761 1788 1816 per
1834 1745 1952 1799 haec
1987 1757 2122 1798 con-

546 1857 714 1921 sistit,
749 1854 829 1909 sic
868 1866 963 1922 per
1004 1848 1193 1904 eadem
1223 1843 1501 1900 dilabitur.
1538 1838 1713 1895 Unius
1746 1837 1892 1894 enim
1922 1836 2117 1890 horum

544 1962 772 2004 excessu
801 1952 897 2000 aut
921 1940 1139 1996 defectu
1194 1944 1458 1993 enecatur
1514 1931 1737 1987 animal.
1775 1928 1868 1984 Sic
1928 1942 2121 1982 rursus

545 2040 843 2111 digitorum
867 2033 1157 2091 articulum
1181 2044 1353 2084 unum
1397 2026 1444 2083 si
1476 2027 1602 2096 quis
1626 2022 1932 2086 abscindat,
1968 2020 2120 2075 illum

546 2146 776 2202 prorsus
815 2125 1059 2181 inutilem
1108 2137 1231 2178 esse
1279 2115 1667 2190 deprehendet.
1698 2114 1769 2168 At
1798 2112 2123 2182 conjunctus

548 2225 843 2280 maximam
879 2216 1096 2288 corpori
1145 2213 1429 2269 utilitatem
1485 2209 1711 2281 praebet.
1749 2206 1841 2262 Sic
1879 2205 2043 2275 igitur
2070 2212 2126 2258 et

547 2331 650 2372 nos
673 2326 835 2383 agere
884 2306 1158 2374 convenit,
1181 2313 1243 2360 ut
1282 2318 1391 2359 non
1430 2299 1676 2371 singulas
1712 2313 1808 2368 per
1837 2312 1895 2353 se
1918 2305 2126 2350 natura;

548 2416 731 2480 partes
762 2402 1191 2467 consideremus,
1211 2397 1305 2454 sed
1325 2410 1515 2452 earum
1542 2394 1598 2448 in
1631 2392 1886 2447 universo
1916 2388 2126 2443 utilita»

550 2510 661 2557 tem
684 2506 1009 2571 spectemus.
1040 2492 1175 2548 Nam
1209 2499 1264 2546 et
1286 2489 1428 2562 ignis
1473 2485 1743 2543 adurendi
1777 2483 1889 2537 vim
1942 2480 2125 2545 habet,

552 2610 654 2651 nec
686 2602 897 2648 tantum
958 2601 1190 2659 corpora
1245 2582 1541 2647 consumit,
1598 2579 1694 2635 sed
1728 2576 1920 2633 domos
1963 2574 2126 2629 etiam

553 2685 813 2750 incendit,
852 2690 907 2737 et
937 2695 1123 2745 naves,
1164 2686 1220 2732 et
1252 2684 1480 2746 segetes.
1522 2672 1590 2728 Et
1632 2681 1811 2726 tamen
1841 2682 2011 2723 unum
2045 2672 2131 2721 est

553 2795 622 2834 ex
649 2787 886 2846 quatuor
937 2768 1240 2833 elementis,
1277 2780 1344 2820 ex
1396 2763 1598 2835 quibus
1626 2758 1811 2815 omnia
1850 2762 2127 2821 constant,

554 2872 752 2935 etsiue
808 2868 913 2922 hoc
950 2866 1132 2918 vivere
1193 2856 1504 2914 mortalium
1545 2861 1742 2908 natura
1790 2865 1898 2906 non
1930 2856 2127 2920 potest.

556 2956 624 3011 Et
650 2970 793 3026 aqua
814 2950 1066 3009 similiter
1100 2957 1305 3004 terram
1355 2944 1608 3008 inundat,
1652 2942 1847 2997 domos
1877 2937 2128 3002 destruit,

559 3046 929 3119 navigantium
997 3041 1262 3113 plurimos
1313 3034 1588 3101 exhaurit,
1648 3038 1809 3088 nocet
1867 3031 2028 3086 etiam
2063 3028 2130 3082 iis

2207 546 2589 619 παραπλήσιον
2616 541 2908 612 πάθοιμεν,
2940 541 3021 599 εἰς
3052 535 3373 609 ἐπικουρίαν
3410 531 3662 600 καλῶμεν
3692 529 3798 581 τὸν

2211 636 2546 706 πεποιηκότα
2587 634 2741 703 Θεὸν,
2790 632 2887 687 καὶ
2932 630 3039 685 ὑπὸ
3081 629 3179 699 τῆς
3215 624 3526 686 παναλκοῦς
3570 622 3801 691 ἐκείνης

2210 728 2554 802 προμηθείας
2598 723 2951 797 φρουρεῖσθαι
3004 718 3435 791 παρακαλῶμεν.
3474 715 3686 776 Ἀλλως
3726 728 3797 764 τε

2210 823 2331 878 οὐδὲ
2373 824 2430 875 ἐν
2464 821 2578 883 τοῖς
2606 817 2787 881 ἄλλοις
2814 816 2948 887 ἡμῖν
2976 814 3223 885 ἄχρηστα
3259 812 3330 867 τὰ
3373 810 3558 881 θηρία.
3608 804 3801 859 Πολλὰ

2212 918 2321 986 γὰρ
2350 915 2443 968 καὶ
2485 914 2549 965 ἐκ
2576 910 2782 964 τούτων
2823 907 3123 971 ἁλεξίκακα
3159 905 3359 976 ἰατρῶν
3395 900 3585 963 παῖδες
3619 915 3799 952 κατα-

2215 1004 2540 1072 σκευάζουσι
2570 1004 2859 1075 φάρμακα.
2884 1000 3090 1069 Μηδεὶς
3113 999 3293 1052 τοίνυν
3317 995 3447 1050 αὐτὸ
3477 993 3597 1048 καθ’
3626 989 3797 1046 ἐαυτὺ

2213 1101 2273 1154 τὸ
2301 1098 2488 1170 θηρίον
2516 1095 2785 1161 ἐξετάζων
2833 1090 3230 1163 ἐπιμεμφέσθω
3260 1088 3339 1160 τῷ
3384 1088 3606 1157 ποιητῇ,
3652 1082 3799 1137 ἀλλὰ

2213 1191 2315 1264 τὴν
2343 1190 2534 1262 χρείαν
2563 1185 2915 1258 ἐπιζητείτω.
2968 1184 3125 1238 Ἐπεὶ
3164 1182 3262 1237 καὶ
3290 1179 3354 1233 τὸ
3404 1179 3564 1250 σῶμα
3594 1177 3656 1231 τὸ
3693 1176 3798 1230 ἀν-

2216 1284 2487 1357 θρώπινον
2532 1282 2735 1353 πολλὴν
2763 1280 2876 1353 ἔχει
2910 1279 3005 1334 καὶ
3032 1278 3205 1350 ὤραν,
3240 1277 3335 1330 καὶ
3365 1273 3653 1346 ἁρμονίαν,
3696 1269 3801 1324 καὶ

2214 1377 2326 1432 τῶν
2356 1374 2559 1448 μορίων
2582 1374 2682 1446 τὴν
2713 1375 2901 1447 χρείαν
2920 1388 2936 1403 ’
2980 1370 3096 1425 ἀλλ’
3119 1370 3233 1441 ἐχει
3261 1368 3357 1422 καὶ
3382 1364 3616 1438 κόρυζαν
3655 1364 3794 1436 (47),

2218 1471 2311 1524 καὶ
2341 1468 2592 1534 πτύελον,
2622 1468 2716 1522 καὶ
2735 1466 2947 1537 δυσώδη
2969 1465 3173 1540 κόπρον
3197 1461 3614 1534 ἐκκρινομένην.
3651 1457 3797 1512 Ἀλλ’

2217 1562 2391 1627 οὐδεὶς
2441 1556 2502 1615 εὖ
2551 1559 2764 1633 φρονῶν
2811 1559 2919 1614 ἀπὸ
2961 1557 3166 1612 τούτων
3211 1554 3488 1609 διαόάλλει
3530 1551 3590 1605 τὸ
3633 1550 3796 1616 ζῶον.

2220 1655 2353 1728 Δίχα
2374 1654 2483 1726 γὰρ
2510 1655 2714 1709 τούτων
2736 1653 2926 1725 βιῶναι
2953 1653 3064 1706 τῶν
3089 1649 3363 1708 ἀδυνάτων
3384 1669 3400 1683 ·
3426 1648 3515 1703 διὰ
3537 1645 3646 1717 γὰρ
3669 1646 3797 1710 τούέ

2219 1766 2328 1804 των
2354 1746 2712 1829 ἀρδευόμενον
2742 1746 2987 1819 τέθηλεν.
3050 1744 3256 1817 Χρῄζει
3281 1741 3388 1812 γὰρ
3416 1741 3511 1795 καὶ
3551 1740 3798 1810 φλέγμα-

2222 1857 2336 1904 τος,
2365 1840 2460 1894 καὶ
2484 1840 2717 1911 αἵματος
2736 1838 2832 1891 καὶ
2876 1836 3039 1908 χολῆς
3082 1834 3366 1907 ἑκατέρας.
3420 1831 3560 1885 Ἀλλ’
3608 1831 3799 1903 ῶσπερ

2221 1932 2310 1986 διὰ
2338 1932 2544 1985 τούτων
2578 1931 2926 1999 συνέστηκεν,
2973 1928 3147 1992 οὕτως
3186 1928 3281 1981 καὶ
3308 1926 3397 1981 διὰ
3424 1924 3626 1980 τούτων
3655 1924 3801 1978 διόλ-

2222 2026 2399 2082 λυται.
2452 2024 2601 2086 Ἐνδς
2632 2024 2743 2094 γάρ
2784 2023 2895 2077 τῶν
2926 2022 3233 2094 εἰρημένων
3265 2021 3299 2093 ἦ
3354 2018 3709 2089 πλεονασμὸς.
3763 2016 3799 2081 ἢ

2222 2117 2419 2183 ἔνδεια,
2440 2116 2675 2171 διόλλυσι
2695 2116 2757 2169 τὸ
2778 2115 2935 2181 ζῶον.
2967 2114 3124 2169 Οὕτω
3147 2112 3260 2183 (48)
3290 2112 3454 2166 πάλιν
3480 2112 3532 2165 εῖ
3554 2128 3637 2174 τις
3667 2111 3804 2179 μίαν

2223 2212 2334 2267 τῶν
2361 2212 2644 2266 δακτύλων
2676 2212 2885 2282 ἐκτέμῃ
2919 2209 3238 2274 σκυταλίδα,
3284 2207 3471 2278 ὄψεται
3522 2202 3802 2265 παντελῶς

2225 2301 2397 2370 αὐτὴν
2425 2300 2699 2371 ἄχρηστον
2725 2315 2741 2330 ο
2772 2299 2910 2354 ἀλλὰ
2931 2298 3255 2370 συνημμένη
3286 2297 3544 2368 πλείστην
3566 2295 3801 2367 παρέχει

2223 2391 2302 2463 τῷ
2330 2389 2539 2460 σώματι
2567 2390 2666 2461 τὴν
2698 2390 2909 2460 χρείαν.
2946 2389 3104 2444 Οὕτω
3126 2387 3303 2442 τοίνυν
3336 2386 3433 2441 καί
3464 2387 3610 2459 ἡμᾶς
3634 2401 3805 2454 προσ-

2227 2487 2350 2558 ήκει
2380 2488 2554 2541 ποιεῖν
2573 2503 2586 2517 ·
2636 2487 2711 2557 μὴ
2749 2483 2883 2538 αὐτὸ
2912 2483 3032 2536 καθ’
3065 2481 3227 2535 ἐαυτὸ
3254 2480 3483 2534 ἕκαστον
3520 2478 3683 2549 μέρος
3715 2476 3805 2542 ἐξ·-

2227 2577 2410 2643 ετάζει
2443 2578 2544 2648 τῆς
2578 2578 2808 2640 κτίσεως
2829 2591 2845 2607 ·
2898 2575 3035 2628 ἀλλὰ
3063 2574 3248 2644 ζητεῖν
3276 2575 3325 2625 εἰ
3353 2571 3431 2641 τῷ
3466 2570 3631 2625 παντί
3665 2570 3806 2643 χρή-

2230 2686 2408 2740 σιμον.
2455 2670 2611 2723 Ἐπεί
2641 2668 2737 2722 καί⁹
2781 2666 2842 2720 τὸ
2896 2666 3008 2736 πῦρ
3055 2664 3351 2718 καυστικόν
3385 2666 3539 2715 ἐστι’
3601 2663 3695 2715 καὶ
3739 2660 3804 2713 ού

2233 2762 2392 2834 μόνον
2440 2761 2668 2832 σώματα
2714 2758 3050 2829 διαφθείρει,
3099 2757 3234 2811 ἀλλὰ
3279 2757 3374 2810 καὶ
3405 2755 3587 2819 οἴκους
3633 2753 3803 2826 ἐμπί-

2230 2871 2423 2925 πρησι,
2451 2854 2545 2906 καὶ
2579 2852 2764 2914 πλοῖα,
2796 2850 2892 2903 καὶ
2926 2849 3073 2919 λήῖα.
3108 2847 3250 2901 ῗΑλλ’
3275 2848 3426 2917 ὅμως
3456 2847 3516 2901 ἓν
3549 2848 3665 2900 ἐστι
3692 2845 3830 2898 τῶν.

2229 2942 2510 3014 τεσσάρων
2539 2940 2839 3014 στοιχείων,
2878 2939 2945 2994 δι’
2973 2932 3049 2993 ὧν
3086 2938 3156 2993 τὰ
3182 2938 3363 2992 πάντα
3392 2940 3762 3008 συνήρμοσται
3785 2951 3802 2969 ο

2231 3036 2325 3090 καὶ
2368 3036 2494 3107 δίχα
2541 3035 2731 3090 τούτου
2779 3035 2879 3106 τὴν
2927 3032 3124 3104 θνητὴν
3161 3032 3322 3102 φύσιν
3371 3031 3652 3085 διαϐιῶναι
3696 3030 3809 3085 τῶν

559 3142 652 3210 qui
683 3134 1060 3207 intempestive
1082 3132 1168 3187 vel
1193 3127 1483 3185 immodice
1505 3125 1689 3180 bibere
1712 3137 1823 3177 non
1851 3129 2127 3176 verentur.

2233 3127 2530 3183 ἀδυνάτων.
2586 3127 2696 3180 Καὶ
2731 3126 2877 3198 ὕδωρ
2922 3125 3187 3188 ὡσαύτως
3236 3122 3520 3187 ἐπικλύζει
3550 3127 3649 3194 τὴν
3678 3121 3806 3192 γῆν,

557 3233 729 3288 Nemo
762 3240 968 3294 tamen,
1001 3225 1110 3281 nisi
1141 3224 1387 3288 demens,
1416 3216 1778 3290 perniciosam
1808 3229 2003 3285 aquam
2035 3228 2132 3283 ap-

559 3325 791 3399 pellarit.
818 3322 945 3377 Haec
974 3318 1124 3376 enim
1149 3324 1205 3371 ct
1232 3324 1434 3370 terram
1461 3310 1675 3381 irrigat,
1703 3317 1757 3364 et
1775 3307 1987 3379 plantas
2014 3306 2130 3372 alit,

560 3431 614 3475 et
646 3419 805 3473 bruta
848 3411 1125 3475 animalia,
1173 3407 1459 3478 ipsamque
1510 3403 1799 3458 hominum
1855 3405 2129 3453 naturam.

560 3512 643 3568 Ad
683 3511 830 3565 hunc
869 3520 997 3575 ergo
1027 3502 1250 3558 modum
1306 3507 1361 3553 et
1404 3498 1637 3554 aliorum
1698 3489 2136 3562 unumquodque

562 3600 963 3661 examinamus,
1016 3608 1124 3649 non
1181 3592 1363 3661 ipsum
1421 3603 1517 3658 per
1586 3599 1646 3641 se
1700 3582 2130 3648 considerantes,

564 3692 862 3749 noxiumue
883 3688 973 3752 sit,
1007 3685 1114 3755 22
1143 3698 1211 3737 an
1257 3677 1606 3736 commodum
1630 3693 1643 3729 :
1669 3674 1765 3731 sed
1796 3689 1866 3728 an
1895 3672 2134 3742 aliquam

565 3785 821 3841 universo
850 3779 1137 3835 utilitatem
1162 3771 1428 3829 conferat.
1459 3767 1593 3823 Nam
1617 3775 1673 3823 et
1700 3766 1829 3821 fera:
1860 3764 2134 3819 hominem

564 3884 885 3933 reverentur
929 3876 1150 3942 propter
1172 3864 1490 3921 attributam
1525 3860 1603 3915 illi
1628 3859 1697 3913 ab
1727 3857 1882 3913 initio
1909 3857 1963 3911 in
1990 3856 2138 3926 ipsas

566 3974 911 4042 potestatem.
962 3959 1239 4017 interdum
1306 3964 1487 4012 tamen
1537 3953 1690 4008 illum
1739 3950 1888 4006 velut
1939 3950 2139 4006 divina:

567 4062 702 4133 legis
726 4053 1197 4131 praevaricatorem
1235 4054 1637 4105 contemnunt:
1676 4042 2138 4115 quemadmodum

567 4153 801 4224 improbi
830 4147 973 4206 servi
1002 4145 1281 4215 despicere
1313 4140 1437 4196 illos
1480 4137 1678 4200 solent,
1707 4134 1801 4206 qui
1830 4149 1926 4190 eos
1953 4149 2143 4204 regere

569 4236 1019 4309 adominisjussi
1044 4242 1193 4297 sunt,
1220 4233 1268 4288 si
1303 4246 1398 4286 eos
1449 4228 1679 4283 viderint
1722 4225 1982 4281 admissis
2031 4224 2141 4281 cri-

570 4334 813 4391 minibus
833 4327 1211 4385 auctoritatem
1243 4321 1517 4378 amisisse.

2230 3218 2406 3279 οἰκίας
2427 3217 2710 3283 καταλύει,
2728 3216 3081 3289 παμπόλλους
3099 3216 3206 3269 τῶν
3224 3213 3655 3284 ναυτιλλομένων
3676 3212 3811 3267 διόλ-

2233 3311 2374 3366 λυσι.
2416 3310 2750 3383 Λυμαίνεται
2788 3311 2848 3364 δὲ
2879 3311 2975 3364 καί⁵
2999 3311 3123 3373 τοὺς
3152 3308 3400 3380 ἀκαίρως
3430 3309 3525 3363 καὶ
3554 3306 3813 3381 ἀμέτρως

2234 3404 2410 3456 πίνειν
2453 3401 2837 3473 ἀνεχομένους.
2884 3401 3023 3455 Ἀλλ’
3055 3400 3233 3464 οὐδεὶς
3284 3400 3358 3471 μὴ
3399 3397 3593 3469 κομιδῆ
3633 3415 3819 3467 παρα-

2234 3494 2416 3549 παίων
2438 3493 2680 3565 ὀλέθριον
2708 3493 2772 3547 τὸ
2799 3492 2943 3565 ὔδωρ
2972 3493 3243 3565 ὠνόμασε.
3268 3490 3439 3544 Τοῦτο
3464 3491 3573 3561 γάρ
3598 3489 3696 3543 καὶ
3714 3489 3819 3559 τὴν

2238 3586 2344 3656 γῆν
2372 3585 2547 3656 ἄρδει,
2576 3584 2673 3639 καί⁸
2698 3584 2767 3639 τὰ
2814 3584 2961 3653 φυτὰ
2997 3584 3207 3655 τρέφει,
3246 3581 3342 3636 καὶ
3366 3581 3432 3635 τὰ
3470 3580 3641 3648 ἄλογα
3672 3578 3817 3644 ξῶαν

2243 3677 2338 3732 καὶ
2366 3676 2473 3730 τῶν
2504 3674 2809 3747 ἀνθρώπων
2841 3674 2942 3747 τὴν
2972 3674 3155 3745 φύσιν.
3185 3671 3343 3728 Οὕτω
3370 3671 3549 3725 τοίνυν
3580 3669 3673 3722 καὶ
3704 3668 3823 3722 τῶν

2242 3766 2417 3822 ἄλλων
2441 3767 2671 3821 ἕκαστον
2708 3765 3057 3834 ἐξετάζομεν,
3101 3763 3175 3835 μὴ
3203 3762 3333 3817 αὐτὸ
3366 3761 3488 3815 καθ’
3518 3759 3677 3814 ἐαυτὸ
3716 3758 3822 3828 βα-

2248 3857 2577 3923 σανίζοντες,
2616 3856 2668 3909 εῖ
2690 3872 2753 3908 τε
2777 3853 3108 3925 λυμαντικόν
3137 3854 3304 3916 ἐστιν,
3335 3851 3389 3904 εἰ
3413 3868 3471 3903 τε
3506 3848 3781 3919 ὠφέλιμον
3803 3864 3819 3878 ”

2245 3949 2361 4006 ἀλλ’
2390 3949 2440 4003 εἰ
2472 3947 2551 4020 τῷ
2583 3948 2746 4020 κοινῷ
2794 3946 3037 4001 συντελεῖ
3087 3961 3211 3998 τινα
3242 3944 3451 4015 χρείαν.
3506 3944 3614 3997 Καὶ
3652 3940 3827 4013 θηρία

2246 4046 2356 4115 γὰρ
2404 4043 2630 4097 αἰδεῖται
2681 4041 2780 4111 μὲν
2827 4039 2918 4093 τὸν
2965 4038 3250 4109 ἄνθρωπον
3296 4036 3382 4091 διὰ
3415 4036 3515 4108 τὴν
3555 4034 3615 4100 ἐξ
3647 4034 3827 4104 ἀρχῆς

2246 4135 2495 4192 δοθεῖσαν
2526 4133 2674 4205 αὺτῷ
2703 4132 2823 4187 κατ’
2853 4131 3031 4186 αὐτῶν
3066 4131 3314 4198 ἐξουσίαν
3334 4145 3349 4159 °
3400 4129 3474 4192 ὡς
3503 4126 3828 4199 παραϐεϐη-

2247 4229 2404 4293 κύτος
2443 4227 2501 4282 δὲ
2524 4225 2616 4280 τὸν
2649 4225 2791 4280 θεῖον
2819 4224 3005 4295 νόμον,
3032 4222 3180 4276 ἐστιν
3205 4221 3294 4275 ὅτε
3326 4220 3658 4290 καταφρονεῖ
3675 4231 3689 4247 ⁸
3716 4217 3827 4269 ’καὶ

2176 4319 2221 4375 D
2247 4323 2357 4394 γὰρ
2389 4322 2485 4375 καὶ
2534 4321 2583 4373 οἰ
2615 4317 2843 4389 πονηροί
2892 4315 3067 4370 δοῦλοι
3109 4313 3387 4369 διαπτύειν
3434 4311 3657 4366 εἰώθασι
3692 4310 3827 4372 τοὺς

574 4426 771 4485 ἰδύνειν
819 4420 1016 4484 αὐτοὺς
1047 4414 1198 4487 παρὰ
1245 4411 1352 4467 τῶν
1399 4408 1677 4464 δεσποτῶν
1721 4410 2202 4483 κεκελευσμένους,
2261 4415 2391 4468 ὅταν
2434 4412 2583 4466 ίδωσι
2623 4408 2714 4463 διὰ
2759 4406 3208 4479 πλημμελήματα
3248 4403 3561 4475 παόρησίας
3591 4404 3826 4474 ἐστερη-

572 4520 786 4593 μένους.

1095 4628 1113 4649 ⁴
1142 4620 1422 4678 INTERR.
1472 4618 1613 4675 XIX.

574 4750 801 4806 Cuinam
852 4742 989 4797 dixit
1021 4739 1159 4794 Deus
1186 4752 1205 4791 :
1243 4755 1261 4788 ι
1294 4733 1583 4789 Faciamus
1615 4734 1879 4806 hominem
1920 4734 1989 4787 ad
2020 4735 2149 4789 ima-

884 4816 1057 4885 ginem
1083 4818 1132 4865 et
1154 4806 1555 4862 similitudinem
1579 4815 1816 4858 nostram
1841 4805 1868 4858 2
1883 4823 1904 4857 ι

643 4925 976 4986 Exsecrandi
1013 4922 1235 4995 quidam
1264 4917 1500 4975 hzeretici
1525 4915 1780 4971 dixerunt
1833 4915 2003 4972 Deum
2028 4916 2144 4971 haec

576 5024 818 5080 locutum
846 5032 969 5074 esse
996 5015 1202 5087 angelis
1243 5021 1299 5067 et
1330 5009 1596 5080 improbis
1624 5008 1964 5064 daemonibus
1991 5027 2004 5063 :
2035 5023 2143 5063 non

577 5113 940 5183 intelligentes
961 5107 1164 5180 stupidi
1190 5104 1438 5162 homines
1472 5100 1808 5173 huiusmodi,
1856 5102 1985 5173 quid
2040 5102 2142 5158 sibi

579 5207 707 5264 velit
741 5203 876 5259 illud
911 5220 926 5257 :
964 5220 983 5254 ι
1014 5200 1093 5255 Ad
1149 5197 1443 5268 imaginem
1482 5201 1748 5249 nostram.
1777 5211 1796 5245 ι
1825 5192 2145 5248 Substantia

578 5299 725 5356 enim
756 5295 853 5351 Dei
880 5303 935 5349 et
972 5291 1286 5362 angelorum
1333 5302 1440 5342 non
1472 5293 1556 5341 est
1604 5299 1732 5350 una,
1764 5300 1940 5355 neque
1964 5286 2147 5357 imago

579 5401 664 5449 est
682 5389 895 5446 eadem.
922 5384 1016 5443 llle
1064 5384 1207 5440 enim
1250 5391 1507 5438 :eternam
1564 5377 1723 5433 habet
1767 5387 2039 5446 naturam,
2094 5374 2173 5445 hi'

2870 4615 3066 4671 ΕΡΩΤ.
3100 4612 3201 4668 ΙΘ’.

2259 4734 2380 4790 Τίνι
2421 4733 2454 4787 ὀ
2482 4730 2625 4794 Θεὸς
2647 4731 2868 4798 εἴρηκε.
2903 4748 2921 4781 ι
2958 4728 3314 4799 Ποιήσωμεν
3347 4728 3661 4795 ἄνθρωπον
3693 4743 3807 4781 κατ

2417 4804 2621 4856 εἰκόνα
2649 4802 2747 4855 καί
2782 4801 2910 4855 καθ’
2945 4800 3229 4870 ὁμοίωσιν
3251 4800 3586 4868 ἠμετέραν;
3632 4815 3650 4848 ι

2322 4917 2477 4979 Τινὲς
2530 4915 2629 4985 μὲν
2678 4914 2789 4967 τῶν
2835 4911 3168 4983 δυσωνύμων
3204 4910 3495 4983 αίρετικῶν
3530 4906 3666 4981 πρὸς
3698 4910 3832 4973 τοὺς

2250 5008 2517 5079 ἀγγέλους
2537 5008 2699 5061 αὑτὸν
2730 5006 3035 5079 εἰρηκέναι,
3061 5007 3154 5060 καί
3179 5006 3306 5069 τοὺς
3330 5005 3604 5074 πονηροὺς
3630 5002 3717 5056 δαί
3726 5019 3829 5071 μο-

2251 5119 2349 5164 νας
2380 5100 2589 5170 ἔφασαν
2613 5117 2627 5132 ’
2667 5099 2728 5153 ού
2760 5099 3032 5163 συνιέντες
3064 5098 3116 5151 οἰ
3158 5097 3518 5169 ἐμϐρόντητοι
3543 5094 3604 5147 τὸ
3641 5113 3659 5146 ι
3690 5094 3835 5147 Κατ’

2252 5193 2437 5247 εἰκόνα
2471 5190 2766 5264 ἡμετέραν.
2803 5210 2822 5243 ι
2851 5190 2987 5244 Θεοῦ
3019 5190 3130 5260 γὰρ
3156 5187 3315 5242 οὐσία
3355 5187 3450 5241 καὶ
3483 5184 3733 5254 ἀγγέλων
3765 5184 3829 5236 οὐ

2254 5284 2354 5354 μία
2376 5282 2511 5353 (49),
2538 5282 2661 5336 οὔτε
2693 5282 2857 5336 εἰκὼν
2888 5283 2921 5354 ἡ
2950 5281 3089 5352 αὐτή
3112 5296 3124 5309 ⁸
3167 5281 3196 5334 ὁ
3240 5278 3342 5350 μὲν
3372 5276 3483 5347 γὰρ
3518 5275 3686 5329 ἀίδιον
3712 5274 3831 5343 ἔχει

2255 5377 2353 5448 τὴν
2393 5376 2554 5446 φύσιν
2579 5392 2595 5406 ·
2622 5378 2672 5431 οἱ
2711 5377 2766 5430 δὲ
2794 5376 2953 5430 αὐτὸν
2977 5374 3159 5446 έχουσι
3186 5370 3416 5445 ποιητὴν
3443 5369 3537 5425 καὶ
3565 5368 3834 5440 δημιουρ-

2090 5556 2323 5613 NOTAE.

652 5687 769 5833 (Π)
800 5685 935 5741 Cod.
972 5685 1225 5749 κόνυζαν.

678 5759 749 5816 48
796 5758 958 5812 οὕτω
984 5787 1042 5797 -—-
1065 5757 1225 5822 ἐστει

678 5743 769 5822 48)
796 5758 958 5812 οὕτω
984 5787 1042 5797 -—
1065 5743 1260 5822 ὲάτερ.
1297 5751 1419 5811 Des.
1448 5752 1502 5805 in
1543 5750 1666 5805 cod.
1706 5757 1758 5805 et
1780 5747 1921 5819 apu-l
1955 5743 2070 5800 Pic.

2329 5677 2440 5747 (i9)
2466 5675 2569 5731 Κατ
2605 5703 2673 5712 --
2700 5674 2824 5746 μία.
2863 5670 2969 5729 Dea
