3964 6556
183 365 265 437 131
1282 363 1568 437 ΟῸΙΕΒΤ.
1611 363 1692 423 ΙΝ
1719 361 1983 423 GENES.
2039 354 2213 422 CAP.‘
2239 362 2287 421 Ι.

3297 362 3398 428 102

178 482 275 547 τὸν,
303 478 437 546 παρ’
465 476 640 531 αὑτοῦ
675 475 983 546 δεδεγμένοι
1017 473 1078 527 τὸ
1108 468 1269 539 εἶναι,
1307 476 1358 527 οί
1384 475 1441 528 δὲ
1482 474 1734 539 δαίμονες

1842 486 1962 526 vero
2004 472 2250 541 opiticem
2300 478 2355 524 et
2391 464 2692 525 creatorem
2742 452 2954 526 Ιιειιθηι
2977 472 3177 542 ipsum,
3226 489 3257 528 a
3286 491 3398 545 quo

174 569 253 622 ul
275 570 351 631 είς
380 566 661 637 πονηρίαν
688 568 907 629 ἑκόντες
932 567 1270 636 ἐτράπησαν.
1309 564 1519 627 ’Δνοίας
1553 563 1734 616 τοίνυν

171 660 405 730 ἐσχάτης,
436 659 505 715 τδ
539 660 672 730 μίαν
694 658 982 712 ὑπολαϐεῖν
1005 657 1188 710 εἰκόνα
1210 656 1319 709 τῶν
1342 654 1594 726 πονηρῶν
1620 654 1735 707 δαι-

100 796 107 811 ,λ
172 754 355 822 μόνων,
384 751 481 802 καὶ
508 748 613 803 τοῦ
649 750 922 816 πελάγους
953 747 1054 817 τῆς
1087 746 1442 816 ἀγαθότητος.
1487 745 1732 799 Ἰουδαῖοι

169 844 219 895 δὲ
258 844 335 905 είς
378 841 582 911 ἑτέραν
627 840 921 907 ἐξώκειλαν
956 838 1408 909 παραφροσύνην.
1443 838 1579 890 Φασὶ
1623 837 1732 906 γὰρ

168 932 297 1006 πρὸς
331 933 530 987 ἑαυτὸν
561 933 847 1003 είρηκέναι
871 930 962 983 τὸν
980 930 1088 983 τῶν
1115 929 1253 983 ὅλων
1282 928 1414 981 Θεὸν
1436 928 1497 981 τὸ
1520 947 1542 979 ι
1570 928 1735 999 Ποιή-

166 1044 339 1097 σωμεν
361 1026 681 1096 ἄνθρωπον,
721 1045 740 1078 ι
777 1025 921 1079 κατά
945 1041 1068 1077 τινα
1104 1022 1340 1094 μίμησιν
1368 1020 1481 1075 τῶν
1511 1021 1609 1085 τὰς
1636 1039 1735 1091 με-

169 1120 330 1186 γάλας
350 1115 817 1187 πεπιστευμένων
849 1114 1044 1185 ἀρχάς.
1078 1113 1185 1167 Kal
1210 1112 1321 1182 γὰρ
1359 1111 1593 1182 ὕπαρχοι
1620 1111 1731 1182 (50)

166 1211 251 1264 καὶ
279 1208 589 1279 στρατηγοὶ
624 1206 1004 1278 πληθυντικῶς
1032 1202 1255 1257 εἰώθασι
1290 1202 1471 1272 λέγειν
1492 1205 1553 1256 τό
1573 1219 1587 1232 ο
1628 1204 1736 1257 Ke-

163 1303 400 1371 ὶεὺομεν,
444 1301 554 1355 καὶ
584 1300 897 1371 γράφομεν,
933 1297 1027 1351 καὶ
1048 1297 1477 1367 προστάττομεν,
1506 1295 1603 1349 καὶ
1637 1295 1737 1347 ὅσα

160 1391 396 1445 τοιαῦτα.
437 1390 561 1445 Kal
588 1392 651 1443 οὐ
690 1390 927 1443 συνεῖδον
955 1388 1006 1441 oi
1032 1385 1411 1458 παραπλῆγες,
1440 1383 1737 1449 ὡς,ὲνικῶς

159 1488 216 1538 τὰ
250 1484 493 1536 πλεῖστα
552 1485 587 1537 ὁ
631 1484 741 1535 τῶν
768 1482 907 1536 ὅλων
944 1480 1092 1549 λέγει
1125 1478 1279 1542 Θεός.
1318 1498 1337 1529 ι
1370 1477 1576 1548 Καιρδς
1605 1478 1736 1549 γὰρ,

162 1578 297 1646 φησί,
358 1575 586 1637 παντὸς
637 1571 928 1643 ἀνθρώπου
972 1572 1100 1641 ἥκει
1148 1569 1389 1623 ἐναντίον
1423 1586 1543 1639 μου,
1576 1587 1595 1620 ι
1628 1569 1738 1622 Kal

165 1689 182 1720 ι
211 1666 605 1737 Ἐνεθυμήθην
666 1666 746 1718 ὅτι
803 1664 1036 1735 ἐποίησα
1081 1664 1173 1716 τὸν
1222 1662 1529 1732 ἄνθρωπον,
1577 1679 1596 1713 ι
1646 1661 1737 1714 καὶ

165 1778 180 1810 ι
217 1757 550 1825 ’Δπαλείψω
587 1758 678 1811 τὸν
710 1754 1017 1826 ἄνθρωπον.
1060 1772 1077 1807 ι
1120 1754 1250 1819 Kal,
1308 1772 1327 1805 ι
1364 1754 1479 1807 Οὐκ
1521 1750 1737 1807 ἔσονταί

162 1870 229 1905 σοι
270 1852 388 1905 θεοὶ
422 1851 618 1921 ἕτεροι
659 1848 798 1920 πλὴν
829 1847 983 1919 ὲμοῦ,
1009 1866 1029 1899 ι
1068 1850 1181 1913 xal,
1221 1865 1240 1899 t
1280 1847 1413 1900 Ἰδοὺ
1445 1842 1556 1914 ἐγὼ
1598 1845 1736 1898 ποιῶ

162 1947 324 2007 καινὰ,
369 1943 409 1997 ἃ
446 1942 555 1995 νῦν
592 1939 897 2006 ἀνατέλλει,
939 1958 959 1992 ι
1016 1940 1130 2007 καὶ,
1176 1958 1194 1990 ι
1235 1935 1454 2003 Ἀνοίξω
1495 1938 1588 1991 ἐπὶ
1627 1936 1738 1990 τῶν

159 2038 311 2108 ὀρέων
339 2033 566 2105 πηγὰς,
606 2034 703 2086 καὶ
730 2033 822 2085 ἐπὶ
849 2032 958 2085 τῶν
993 2030 1198 2101 βουνῶν
1231 2030 1530 2099 ποταμούς.
1568 2050 1586 2081 ι
1629 2030 1737 2082 Kal

160 2131 209 2180 iv
231 2126 380 2195 πασῃ
426 2125 490 2177 δὲ
536 2122 619 2186 ὡς
653 2122 858 2176 ἐπίπαν
882 2123 947 2192 τῇ
980 2120 1099 2193 θείᾳ
1132 2122 1323 2193 Γραφῇ
1360 2118 1552 2181 ἑνικῶς
1589 2118 1738 2171 ἔστιν

163 2218 377 2271 ἀκοῦσαι
412 2214 517 2267 τοῦ
548 2214 664 2268 τῶν
693 2213 828 2268 ὅλων
850 2212 1233 2284 διαλεγομένου
1270 2211 1426 2265 Θεοῦ.
1466 2211 1738 2279 Ὀλιγάκις

162 2309 208 2359 δὲ
250 2303 653 2376 πληθυντικῶς
694 2302 793 2374 τὴν
840 2302 1077 2366 διάλεξιν
1125 2300 1467 2372 σχηματίζει»
1495 2300 1602 2352 τῶν
1640 2300 1739 2370 τῆς

163 2396 379 2465 τριάδος
418 2393 746 2464 προσώπων
776 2392 1058 2463 ἐμφαίνων
1085 2391 1176 2444 τὸν
1212 2391 1463 2462 ἀριθμόν.
1494 2391 1602 2443 Kal
1633 2390 1740 2461 γὰρ

163 2488 305 2557 ἡνίκα
328 2486 436 2551 τὰς
454 2485 719 2555 γλώσσας
736 2486 1005 2555 συνέχεεν,
1020 2485 1116 2555 οὐχ
1136 2483 1330 2547 ἑνικῶς
1350 2478 1492 2547 εἷπε,
1520 2502 1537 2534 ι
1560 2484 1740 2536 Κατα-

164 2579 411 2647 εήσομαι,
432 2579 537 2630 καί
556 2576 672 2648 (51)
691 2575 902 2646 συγχεῶ
915 2575 1011 2638 τὰς
1027 2574 1293 2643 γλώσσαςο
1309 2591 1327 2624 ι
1348 2572 1502 2638 ἀλλὰ,
1515 2592 1533 2625 ι
1554 2571 1737 2638 Δεῦτε,

164 2672 504 2735 καταϐάντες
538 2671 865 2739 συγχέωμεν
893 2667 1072 2720 αὐτῶν
1094 2666 1191 2731 τὰς
1212 2664 1463 2735 γλώσσας
1488 2666 1551 2720 ¹⁷.
1578 2684 1595 2717 ι
1632 2662 1741 2717 Kal

166 2766 380 2819 ἐνταῦθα
412 2765 632 2827 τοίνυν,
657 2760 847 2831 ἐπειδὴ
876 2761 937 2813 τὸ
964 2760 1179 2828 λογικὸν
1206 2759 1491 2812 διέπλαττε
1518 2757 1677 2822 ζῶον,
1712 2756 1739 2809 δ

168 2860 291 2928 μετὰ
334 2854 553 2918 πολλὰς
592 2850 969 2917 ἀνακαινίζειν
1006 2850 1204 2921 ἤμελλε
1231 2848 1457 2919 γενεάς’
1486 2849 1606 2910 ταῖς
1643 2846 1742 2917 τῆς

167 2951 309 3018 ἁγίας
336 2944 591 3019 Τριάδος
626 2942 949 3013 ἐπικλήσεσι
975 2939 1368 3012 τελεσιουργῶν
1395 2939 1454 2992 τὸ
1481 2938 1741 3006 πανὰγιον

169 3041 481 3107 βάπτισμω
518 3034 735 3106 μέλλων
766 3033 1115 3105 δημιουργεῖν
1143 3032 1243 3103 τὴν
1276 3034 1459 3085 ἐκεῖνα
1491 3030 1741 3101 παραλη-

1832 571 2158 631 acceperunt
2184 569 2242 616 ut
2266 570 2469 617 essent.
2505 560 2787 616 Daemones
2810 570 2990 616 autem
3022 564 3183 619 etiam
3206 576 3401 635 sponte

1832 653 2081 708 conversi
2113 662 2240 708 sunt
2273 653 2340 708 ad
2374 652 2657 708 malitiam.
2694 650 2963 708 Extrema:
2996 654 3156 725 igitur
3185 657 3403 711 demen-

1834 747 1921 802 tiae
1947 755 2031 801 est
2063 744 2217 801 fateri
2243 761 2405 801 unam
2453 746 2742 815 imaginem
2792 761 2914 801 esse
2953 746 3259 802 dtemonum
3296 750 3402 804 im-

1832 838 2130 909 proborum
2181 847 2233 893 et
2272 838 2551 893 immensm
2596 838 2879 893 bonitatis.
2928 836 3101 894 Judaei
3158 855 3287 894 vero
3333 843 3403 896 ad

1833 931 1994 984 aliam
2029 945 2088 985 se
2118 941 2500 985 converterunt
2521 930 2811 985 insaniam.
2849 931 3017 999 Alunt
3047 932 3189 986 enim
3232 931 3400 987 Deum

1834 1021 2213 1077 universorum
2275 1022 2377 1076 sibi
2428 1021 2529 1092 ipsi
2571 1021 2801 1087 dixisse,
2843 1040 2861 1073 ι
2899 1020 3190 1080 Faciamus
3228 1024 3406 1078 homi-

1835 1129 1982 1180 nem,
2009 1132 2027 1166 ι
2059 1128 2247 1167 eorum
2286 1128 2438 1169 more
2475 1114 2677 1184 quibus
2709 1115 2935 1184 imperia
2960 1130 3173 1170 summa
3199 1118 3401 1172 credita

1834 1215 1983 1261 sunt.
2013 1204 2149 1260 Nam
2176 1217 2230 1260 et
2252 1204 2511 1275 praafecti,
2542 1216 2596 1259 et
2621 1207 2866 1276 magistri
2918 1207 3174 1274 militum,
3204 1210 3403 1278 plurali

1836 1313 2066 1354 numero
2093 1308 2493 1353 consueverunt
2531 1298 2713 1353 dicere
2746 1317 2758 1353 :
2792 1298 3077 1364 Jubemus,
3110 1302 3405 1357 scribimus

1835 1398 1889 1442 et
1920 1388 2265 1453 mandamus,
2295 1398 2348 1441 et
2373 1404 2494 1458 quae
2540 1396 2674 1443 sunt
2732 1388 3067 1457 huiusmodi.
3100 1390 3172 1445 At
3222 1391 3405 1447 insani

1837 1495 1943 1533 non
1983 1478 2501 1544 animadverterunt,
2541 1478 2687 1549 quod
2721 1479 2953 1549 plurima
2990 1479 3131 1537 Deus
3159 1482 3403 1537 omnium

1836 1570 1986 1624 effari
2026 1572 2197 1625 soleat
2218 1570 2482 1641 singulari
2523 1586 2768 1625 numero.
2806 1588 2829 1623 ι
2859 1572 3097 1643 Tempus
3122 1574 3291 1640 enim,
3326 1576 3405 1627 in-

1837 1664 1975 1734 quit,
2007 1666 2187 1719 omnis
2204 1664 2444 1719 hominis
2478 1665 2625 1719 venit
2650 1680 2832 1719 coram
2862 1665 3013 1733 mei,
3048 1686 3067 1719 ι
3106 1678 3201 1723 et:
3240 1687 3260 1720 ι
3282 1669 3406 1723 Pte-

1841 1756 2097 1817 nitet,me
2126 1754 2318 1810 fecisse
2347 1754 2453 1825 23
2489 1755 2757 1810 hominem
2781 1753 2831 1822 ι,
2857 1775 2877 1808 ›
2906 1767 2981 1826 et,
3018 1778 3036 1810 ι
3063 1759 3261 1815 Delebo
3306 1761 3407 1815 ho-

1840 1849 2106 1904 minem.)
2151 1848 2283 1903 Item
2330 1865 2343 1899 :
2389 1866 2407 1898 ι
2444 1845 2559 1901 Non
2621 1857 2782 1903 erunt
2831 1848 2928 1903 tibi
2967 1851 3042 1905 dii
3076 1852 3165 1905 alii
3215 1862 3408 1922 praeter

1839 1956 1924 1994 me
1946 1938 1997 2007 1;
2032 1960 2050 1993 ι
2084 1950 2138 1995 et
2164 1960 2177 1996 :
2211 1960 2229 1993 ι
2259 1940 2396 1995 Ecce
2419 1955 2520 2010 ego
2547 1938 2877 2009 facio,nova,
2909 1959 3029 2013 quae
3054 1960 3198 1999 nunc
3220 1946 3406 2001 orien-

1839 2039 2013 2096 turm;
2059 2049 2079 2082 ι
2112 2040 2212 2085 et:
2254 2050 2272 2082 ι
2302 2030 2555 2099 Aperiam
2608 2031 2661 2084 in
2711 2033 2986 2089 montibus
3041 2035 3239 2100 fontes,
3270 2046 3323 2091 et
3350 2036 3404 2089 in

1837 2124 2063 2180 collibus
2094 2124 2316 2180 flumina
2336 2134 2386 2181 υ.
2422 2144 2442 2178 ι
2473 2124 2537 2180 Ει
2568 2124 2621 2179 in
2658 2126 2911 2183 universa
2938 2130 3099 2199 plane
3127 2131 3406 2202 Scriptura

1837 2217 2019 2271 divina
2052 2216 2177 2272 licet
2236 2217 2428 2272 audire
2483 2218 2650 2272 Deum
2706 2220 2951 2274 omnium
3012 2222 3274 2292 singulari
3307 2240 3406 2277 nu-

1838 2323 1990 2363 mero
2014 2309 2347 2376 loquentem.
2377 2306 2522 2362 Raro
2555 2320 2734 2365 autem
2783 2311 3063 2381 pluraliter
3097 2328 3406 2369 sermonem

1838 2399 2057 2464 format,
2084 2400 2190 2456 nisi
2226 2415 2350 2455 cum
2378 2400 2558 2455 innuit
2587 2418 2871 2459 numerum
2903 2420 3259 2475 personarum
3288 2405 3407 2460 Tri-

1840 2493 2047 2547 nitatis.
2071 2491 2279 2548 Etenim
2305 2509 2431 2549 cum
2481 2494 2695 2565 linguas
2722 2496 3099 2560 confunderet,
3138 2514 3244 2552 non
3271 2499 3410 2553 dixit

1840 2582 2186 2654 singulariter
2218 2602 2232 2639 :
2267 2602 2285 2636 ι
2321 2583 2654 2641 Descendam
2677 2597 2729 2641 et
2764 2586 3094 2642 confundam
3126 2589 3359 2660 linguas.
3385 2610 3405 2642 ι

1840 2676 1931 2730 sed
1961 2691 1974 2727 :
2006 2694 2024 2726 ι
2066 2674 2275 2741 Venite,
2305 2675 2701 2732 descendentes
2731 2678 3134 2735 confundamus
3168 2681 3407 2750 ipsorum

1842 2765 2054 2835 linguas
2076 2773 2123 2819 °.
2162 2786 2181 2818 ι
2226 2766 2292 2821 Ει
2324 2769 2426 2823 hoc
2458 2769 2622 2839 igitur
2656 2770 2797 2835 loco,
2819 2773 3073 2840 quoniam
3116 2773 3261 2827 Deus
3292 2775 3410 2827 ani—

1842 2857 1949 2911 mal
1983 2856 2244 2912 rationale
2286 2857 2575 2926 formabat,
2610 2861 2755 2929 quod
2806 2873 2993 2931 postea
3048 2873 3411 2917 renovaturus

1841 2960 1958 3003 erat
1995 2959 2118 3019 post
2170 2951 2372 3005 multas
2417 2953 2813 3022 generationes,
2871 2965 3074 3009 sancta:
3128 2955 3412 3012 Trinitatis

1844 3040 2280 3095 invocationibus
2318 3052 2727 3097 sacrosanctum
2790 3044 3053 3114 baptisma
3088 3047 3411 3111 instituens,

168 3130 398 3199 φαμένην
432 3128 513 3179 τὰ
552 3126 837 3197 μυστήρια
862 3122 1024 3192 φύσιν
1047 3140 1061 3155 ο
1094 3121 1509 3193 αἰνιγματωδῶς
1546 3123 1640 3175 καὶ
1682 3121 1743 3174 τὸ

1844 3147 1967 3186 cum
1993 3130 2355 3187 fabricaturus
2387 3142 2533 3188 esset
2587 3143 2837 3188 naturam
2881 3136 2969 3190 cui
3004 3135 3118 3191 haec
3153 3139 3411 3208 mysteria

168 3222 347 3276 ταυτὸν
380 3220 495 3291 τῆς
525 3218 742 3282 οὐσίας,
775 3217 871 3269 καὶ
900 3216 990 3268 τὸν
1023 3216 1131 3269 τῶν
1160 3214 1467 3287 προσώπων
1500 3215 1743 3286 παρεδή-

168 3316 326 3369 λωσεν
350 3314 631 3384 ἀριθμόν.
660 3309 749 3381 Τῷ
774 3312 940 3378 φάναι
974 3307 1074 3379 μὲν
1100 3308 1227 3378 γὰρ,
1249 3325 1266 3358 ι
1300 3303 1450 3361 εἶπεν
1476 3307 1505 3361 ὁ
1534 3307 1685 3373 Θεὸς,
1720 3326 1739 3359 ι

169 3406 221 3457 τὸ
257 3405 443 3456 κοινὸν
482 3403 585 3471 τῆς
625 3400 773 3463 Θείας
803 3398 1039 3469 ἐδήλωσε
1071 3396 1287 3466 φύσεως
1313 3415 1325 3427 ·
1365 3398 1661 3467 ἐπαγαγὼν
1688 3397 1746 3451 δὲ

169 3499 221 3550 τὸ
244 3496 637 3564 ποιήσωμεν,
663 3492 887 3563 ἐνέφηνε
917 3490 1024 3544 τῶν
1048 3488 1355 3561 προσώπων
1376 3490 1466 3543 τὸν
1489 3489 1744 3561 ἀριθμόν.

168 3586 316 3640 Οὕτω
346 3585 522 3639 πάλιν
558 3582 758 3645 ἑνικῶς
787 3582 885 3653 μὲν
910 3579 1079 3633 εἰπὼν
1118 3580 1234 3647 τὴν
1271 3580 1492 3644 είκόνα,
1525 3579 1585 3631 τὸ
1616 3594 1746 3630 ταυ-

168 3680 251 3733 τὸν
293 3680 397 3750 τῆς
438 3677 667 3747 φύσεως
697 3672 920 3737 ἔδειξεν.
956 3673 1030 3726 Οὐ
1060 3672 1169 3744 γὰρ
1196 3666 1317 3724 εἷπε
1357 3672 1479 3725 κατ’
1510 3671 1743 3733 εἰκόνας,

170 3772 299 3824 ἀλλὰ
341 3790 359 3821 ι
394 3770 541 3823 Κατ’
585 3768 793 3821 εἰκόνα.
834 3785 852 3817 ι
896 3765 1207 3835 Ἡμετέραν
1250 3765 1307 3817 δὲ
1360 3761 1615 3834 εἰρηκὼς,
1655 3762 1747 3815 τὸν

168 3862 274 3918 τῶν
316 3862 685 3915 ῦποστάσεων
719 3857 1017 3928 δεδήλωκεν
1062 3854 1314 3925 ἀριθμόν.
1345 3852 1594 3907 Ἀπαντα
1639 3854 1747 3925 γὰρ

170 3954 426 4025 προορῶν
449 3955 480 4007 ὁ
510 3952 625 4004 τῶν
659 3949 796 4004 ὅλων
822 3949 954 4013 Θεὸς
975 3948 1074 4019 ήδη
1093 3947 1206 4017 (52)
1239 3944 1581 4017 γεγενημένα
1610 3946 1654 3978 ⁸⁸
1680 3946 1749 3999 τὰ

172 4049 349 4116 μήπω
372 4045 671 4114 γενόμενα,
699 4042 791 4096 xal
816 4040 1141 4112 προθεωρῶν
1163 4039 1263 4110 τὴν
1286 4037 1381 4092 τοῦ
1412 4037 1747 4107 Μονογενοῦς

174 4136 458 4204 σὰρκωσίν
487 4151 553 4187 τε
596 4133 695 4187 καὶ
720 4130 1151 4202 ἑνανθρώπησιν,
1183 4131 1277 4184 καὶ
1319 4130 1393 4190 ὼς
1422 4129 1625 4201 ταύτην
1651 4129 1748 4201 τὴν

169 4233 344 4302 φύσιν
376 4234 438 4285 ἐκ
478 4230 760 4303 Παρθένου
790 4228 1039 4299 λήψεται,
1075 4230 1166 4282 καί
1202 4226 1375 4290 οὕτως
1409 4227 1586 4297 ἑαυτῷ
1623 4244 1749 4280 συν-

172 4326 300 4394 άψει
346 4342 408 4378 τε
463 4323 562 4379 xal
600 4323 811 4386 ὲνώσει,
843 4320 917 4383 ὼς
948 4319 1005 4373 ἒν
1037 4319 1149 4389 (55)
1183 4319 1472 4390 πρόσωπον
1510 4317 1642 4370 Θεοῦ
1689 4334 1750 4370 τε

171 4422 264 4471 nl
297 4416 600 4487 ἀνθρώπου
635 4413 892 4477 νοεῖσθαι,
921 4412 1017 4464 καὶ
1048 4411 1176 4482 μίαν
1208 4410 1357 4481 αὐτῷ
1379 4408 1746 4482 προσκύνησιν

1846 3224 2215 3288 crederentur,
2258 3224 2599 3280 subobscure
2648 3225 2984 3281 identitatem
3019 3228 3337 3297 substantiae
3361 3239 3414 3284 et

1845 3331 2205 3388 personarum
2241 3332 2527 3371 numerum
2579 3318 2812 3387 aperuit.
2865 3318 3002 3372 Dum
3036 3319 3179 3373 enim
3214 3319 3410 3389 inquit,

1852 3425 1870 3458 ι
1894 3408 2031 3461 dixit
2058 3406 2221 3471 Deus,
2253 3424 2273 3458 ι
2305 3408 2746 3462 communionem
2786 3407 2984 3463 divina:
3013 3410 3413 3464 natum-indi-

1845 3500 1985 3555 cavit
2015 3517 2027 3554 :
2054 3499 2393 3571 subj'ungens
2422 3510 2605 3555 autem
2642 3500 2797 3566 illud,
2825 3502 3109 3569 faciamus,
3148 3505 3417 3573 expressit

1846 3605 2133 3644 numerum
2164 3604 2543 3660 personarum.
2583 3589 2845 3645 Similiter
2896 3607 3021 3647 cum
3054 3594 3248 3647 iterum
3296 3594 3415 3649 si'n—

1846 3681 2018 3753 gulari
2046 3687 2275 3734 numerb
2322 3680 2461 3735 dixit
2489 3682 2789 3752 imaginem,
2821 3683 3066 3738 eamdem
3108 3700 3228 3739 esse
3260 3694 3415 3738 natu-

1845 3787 1962 3826 ram
2014 3770 2271 3825 ostendit.
2301 3767 2418 3825 Non
2473 3771 2618 3825 enim
2670 3771 2829 3835 dixit,
2866 3772 2932 3826 ad
2977 3774 3260 3843 imagines,
3294 3774 3413 3839 sed,

1852 3875 1871 3909 ι
1895 3856 1975 3911 Ad
2003 3855 2315 3925 imaginem.
2353 3875 2371 3908 ι
2406 3856 2541 3910 Cum
2587 3868 2769 3911 autem
2831 3858 2999 3913 dixit'
3023 3870 3278 3927 nostram,
3309 3878 3414 3915 nu-

1846 3961 2058 4001 merum
2094 3946 2458 4017 hypostaseon
2515 3946 2910 4003 manifestavit.
2949 3947 3091 4002 Dens
3118 3952 3283 4013 enim,
3320 3954 3414 4021 qui

1848 4040 2139 4110 praznoscit
2163 4040 2373 4106 omnia,
2403 4054 2525 4109 qua:
2548 4042 2786 4095 nondum
2819 4040 2958 4095 facta
2990 4051 3137 4106 sunt,
3158 4054 3414 4114 tanquam

1842 4132 1956 4203 jam
1986 4130 2149 4195 facta,
2180 4140 2234 4184 et
2256 4132 2346 4200 qui
2376 4131 2705 4201 praevidebat
2735 4129 2851 4188 fore
2880 4141 2939 4186 ut
2961 4131 3418 4203 Unigenituscar—

1850 4240 1973 4279 nem
2004 4235 2060 4277 et
2081 4223 2372 4277 humanam
2403 4230 2651 4277 naturam
2678 4235 2998 4289 assumeret,
3018 4235 3184 4295 utque
3210 4243 3275 4282 ex
3297 4226 3419 4282 Vir-

1849 4313 1974 4385 gine
2023 4313 2165 4367 hanc
2217 4321 2467 4367 naturam
2524 4323 2842 4384 sumpturus
2877 4324 3040 4383 esset,
3093 4330 3257 4386 quam
3314 4317 3419 4373 sibi
3512 4300 3524 4313 ’

1851 4410 2127 4472 coaptaret
2151 4408 2205 4456 et
2237 4402 2417 4458 uniret
2467 4401 2569 4466 sic,
2595 4411 2654 4457 ut
2692 4418 2798 4457 una
2854 4418 3085 4473 persona
3114 4404 3206 4461 Dei
3236 4417 3290 4461 et
3319 4407 3417 4462 ho—

173 4510 323 4582 παρὰ
344 4510 449 4579 τῆς
474 4508 711 4570 κτίσεως
735 4506 948 4575 ἀπάσης
970 4504 1410 4575 προσφέρεσθαι·
1441 4503 1587 4573 μάλα
1610 4503 1744 4557 εἰκό-

1852 4498 2015 4554 minis
2049 4497 2405 4566 intelligatur,
2456 4506 2511 4552 et
2552 4512 2658 4551 una
2694 4498 2995 4569 eademque
3035 4500 3111 4555 illi
3156 4501 3264 4573 24
3294 4504 3422 4557 ado-

172 4620 277 4665 τως
308 4603 411 4654 καὶ
442 4598 618 4670 αὐτὴν
642 4597 737 4651 τοῦ
757 4597 946 4666 γένους
978 4596 1077 4668 τὴν
1105 4596 1345 4667 κρηπῖδα
1381 4596 1546 4667 τιμῆς
1593 4597 1750 4667 μεγί-

175 4710 302 4763 στης
331 4692 568 4761 ἠξίωσε.
603 4690 714 4743 Kal
753 4688 967 4760 πρῶτον
1012 4686 1203 4758 βουλὴν
1254 4686 1357 4756 τῆς
1394 4687 1752 4758 δημιουργίας

176 4784 461 4853 προτάξας
497 4782 631 4853 (54),
661 4782 745 4834 ἶνα
780 4779 874 4833 τοῦ
906 4778 1409 4850 δημιουργουμένου
1432 4778 1544 4848 (55)
1577 4778 1639 4831 τὸ
1665 4778 1755 4831 λο-

176 4876 329 4940 γικδν
361 4871 734 4944 προσημανῃ·
764 4871 852 4923 ἵνα
882 4870 991 4922 τῶν
1019 4869 1325 4943 προσώπων
1360 4868 1752 4941 παραδηλώσας

176 4964 263 5015 τὸν
290 4962 563 5034 ἀριθμὸν,
592 4963 679 5015 ίνα
717 4962 843 5024 τοὺς
874 4958 1078 5030 ὕμνους
1114 4961 1143 5013 ὁ
1174 4958 1383 5029 μέλλων
1423 4958 1750 5033 προσφέρειν

248 5112 262 5149 ι
308 5099 455 5154 Gen.
498 5111 576 5161 Vl,
600 5095 727 5165 ἰδέ,
766 5096 789 5134 ι
825 5094 956 5149 ibid.
985 5095 1038 5148 7.
1120 5092 1138 5132 ι
1173 5094 1343 5150 Exod.
1376 5110 1468 5157 xx,
1490 5094 1545 5149 5.
1618 5102 1659 5131 ⁸³
1690 5090 1758 5147 Is:

1842 5107 1985 5156 tun,
2018 5091 2107 5147 19.
2180 5098 2209 5127 ιι
2238 5089 2344 5147 lsa.
2378 5107 2487 5153 xu,
2528 5090 2616 5145 18.

1854 4590 1996 4644 ratio
2048 4588 2117 4644 ab
2162 4588 2417 4644 universa
2484 4599 2733 4643 creatura
2783 4588 3062 4646 deferatur
3118 4608 3131 4644 :
3168 4594 3314 4661 justa
3355 4596 3420 4648 de

1856 4695 2021 4735 causa
2039 4688 2094 4734 et
2118 4678 2311 4748 ipsam,
2336 4680 2712 4751 velutgeneris
2739 4679 3175 4747 fundamentum,
3202 4699 3421 4739 summo

1859 4771 2065 4824 honore
2096 4768 2352 4839 dignatus
2373 4778 2487 4835 est;
2516 4778 2679 4840 atque
2704 4769 2757 4823 in
2782 4770 2972 4841 primis
2998 4772 3259 4827 creationi
3291 4789 3422 4828 con-

1858 4862 2039 4917 silium
2086 4862 2416 4933 anteposuit,
2462 4870 2523 4916 ut
2580 4862 2725 4932 quod
2781 4863 2835 4917 in
2877 4873 3125 4920 creatura
3160 4865 3423 4921 rationale

1857 4963 1975 5009 erat
2005 4963 2487 5024 praemonstraret;
2531 4954 2727 5011 deinde
2757 4970 3110 5026 personarum
3138 4975 3423 5014 numerum

2695 5100 2721 5128 °
2746 5091 2881 5148 Gen.
2912 5109 2988 5159 xl,
3022 5092 3072 5146 7.

1063 5225 1297 5283 VARUE
1336 5223 1719 5281 LECTIONES
1758 5222 1847 5277 EX
1892 5222 2169 5277 CATENA
2210 5220 2563 5278 LIPSIENSI.

278 5344 326 5377 "
358 5345 485 5400 Cat.
514 5358 571 5415 p.
603 5342 693 5399 41.
716 5343 818 5407 τὰς
846 5340 1092 5413 γλώσσας
1121 5340 1319 5395 αὐτῶν.

1415 5342 1459 5373 ⁸⁸
1498 5339 1615 5395 Cat.
1642 5354 1693 5404 p.
1726 5338 1813 5393 M.
1847 5338 1920 5401 ὡς
1948 5338 2050 5407 ήδη
2082 5351 2266 5405 γεγεν.

1659 5476 1859 5534 NCT!

408 5629 518 5713 Pie.
551 5629 847 5713 ἵππαρχοι.

272 5701 369 5769 51)
404 5699 499 5752 καί
527 5730 591 5741 —
625 5697 915 5769 γλώσσας
934 5697 1050 5751 des.

246 5702 339 5767 (51
404 5702 499 5752 καί
527 5730 591 5741 -
625 5702 915 5769 γλώσσας
934 5702 981 5751 dt

241 5702 369 5843 (5ἳί
412 5769 545 5839 ἤδη.
576 5770 716 5825 Cod.
744 5768 820 5831 ὡς
857 5768 981 5841 ἠδη.

1931 5624 2044 5737 (532
2074 5623 2153 5690 ὡς
2173 5622 2262 5677 ἓν.
2294 5620 2419 5704 cod.
2451 5628 2507 5674 et
2529 5618 2640 5675 Pic.
2671 5620 2750 5682 είς
2779 5616 2858 5671 ἓν.

1931 5694 2019 5737 154
2060 5694 2191 5737 CmL
2223 5701 2277 5737 et
2313 5690 2431 5737 Pin;
2467 5688 2803 5737 προστάξας.

1930 5688 2191 5768 qui,
2223 5701 2277 5745 et
2312 5690 2433 5768 I_’i_c;.
2467 5688 2803 5768 προστάξας.
2895 5756 2921 5768 _

1934 5753 2044 5837 (55)
2071 5763 2206 5818 Cod.
2232 5772 2286 5817 et
2318 5753 2428 5818 Pici
2464 5753 2559 5813 τοῦ
2589 5756 2923 5830 δημιουργοῦ
2952 5758 3043 5814 τὸν
3072 5756 3314 5827 λογικόν.
