3964 6554
519 342 620 408 183

1508 344 1998 404 THEODORETI
2034 345 2372 408 ‘EPlSCOPl
2415 351 2657 409 CYHEN
2670 356 2786 410 Sis

3676 350 3779 414 104

521 453 841 519 insinua‘vit,
875 464 935 508 ut
960 454 1053 524 qui
1081 451 1271 508 laudes
1313 462 1367 508 ct
1401 453 1634 524 hymnos
1657 455 1943 510 oblaturus
1975 464 2094 510 erat

2200 456 2287 510 ἐπὶ
2327 458 2425 526 τῆς
2456 459 2581 529 γῆς,
2609 459 2751 531 λάϐῃ
2783 457 3061 529 θεολογίας
3106 459 3438 532 αἰνίγματα·
3478 462 3575 515 καὶ
3616 462 3780 517 οἱονεὶ

516 559 676 612 super
702 553 924 608 terram,
950 543 1240 613 theologia:
1258 542 1552 613 aenigmata
1569 541 2088 613 comprehenderet:

515 645 568 689 et
599 646 859 705 tanquam
884 645 1077 690 auctor
1107 635 1425 704 hujusmodi
1482 635 1800 711 creationis,
1826 634 2092 704 majorem

515 742 642 798 erga
673 736 985 783 creaturam
1020 727 1414 782 humanitatem
1456 727 1710 797 patefeci!
1765 725 1881 782 lloc
1911 726 2093 797 ipsum

513 829 567 872 et
612 827 875 874 strenuus
923 819 1014 874 ille
1070 818 1193 883 Job,
1246 819 1429 888 ipsum
1491 819 1799 887 alloquens,
1848 819 2087 873 clamat:

521 931 538 961 ι
564 910 759 966 Manus
790 922 894 966 tua:
942 910 1192 966 fecerunt
1240 926 1350 975 me,
1378 919 1431 965 et
1466 908 1842 964 formaverunt
1877 918 2033 963 mer.
2068 928 2088 961 ι

516 1004 612 1059 llis
632 1019 850 1075 quoque
871 1003 1050 1059 verbis
1076 1019 1208 1058 usus
1224 1012 1308 1058 est
1336 1001 1505 1056 David
1520 1001 1694 1064 1,1100
1725 1001 1904 1070 ipsum
1925 1000 2094 1054 etiam

516 1115 647 1153 sane
676 1099 849 1163 novit,
880 1099 972 1166 qui
1024 1107 1215 1151 sancto
1249 1097 1589 1165 baptismate
1622 1094 1821 1164 dignus
1873 1094 2095 1150 habitus

512 1200 639 1244 est:
668 1205 859 1258 nempe
894 1190 1042 1259 quod
1092 1190 1139 1243 is
1186 1188 1279 1257 qui
1311 1186 1571 1241 formavit
1604 1186 1853 1253 salvavit,
1892 1195 1948 1240 et
1999 1186 2094 1255 qui

515 1266 742 1335 salvavit
776 1280 1053 1334 formavit.
1077 1280 1160 1333 Ad
1186 1280 1301 1333 haec
1349 1289 1403 1332 et
1432 1278 1549 1347 ipse
1576 1275 1803 1331 Creator
1830 1290 1926 1345 per
1952 1274 2099 1330 Jere—

517 1374 677 1425 iniam
710 1381 763 1426 et
812 1372 1009 1426 Isaiam
1064 1371 1187 1424 ait:
1228 1368 1539 1437 «Quoniam
1596 1382 1696 1421 nos
1731 1366 1928 1431 lutum,
1979 1365 2096 1435 ipse

515 1478 648 1517 vero
673 1464 879 1532 estqui
912 1462 1170 1517 formavit
1196 1476 1298 1515 nos
1322 1470 1364 1514 τ.
1391 1478 1409 1511 ι
1445 1458 1613 1529 Atqui
1659 1457 1900 1512 divinam
1934 1465 2096 1510 natu-

512 1571 625 1608 ram
662 1570 838 1624 neque
874 1569 1070 1609 manus
1104 1554 1326 1618 habere,
1360 1566 1540 1622 neque
1570 1550 1801 1605 consilio
1838 1556 1932 1603 aut
1962 1550 2097 1617 prae-

512 1649 866 1709 meditatione
891 1663 1050 1717 egere
1082 1647 1423 1716 proﬁtemur,
1476 1654 1535 1699 ut
1574 1659 1642 1698 ex
1681 1642 1975 1697 Platonicis
2007 1640 2093 1694 fa-

513 1740 654 1794 bulis
694 1739 998 1794 secundum
1045 1753 1165 1792 eam
1194 1753 1359 1807 quam
1393 1734 1711 1805 conceperit
1736 1733 1915 1788 ideam
1956 1724 2094 1801 opus

511 1843 791 1887 construat
825 1849 838 1884 :
876 1833 969 1886 sed
995 1830 1423 1899 unumquodque
1472 1829 1670 1881 horum
1707 1826 1968 1891 majorem
1995 1824 2091 1878 Dei

511 1925 935 1980 sollicitudinem
960 1939 1097 1994 erga
1145 1923 1348 1977 animal
1375 1917 1692 1991 hujusmodi
1728 1916 2090 1971 demonstrat.

1115 2033 1387 2090 INTERR.
1411 2033 1531 2088 XX.

795 2152 936 2216 Quid
963 2151 1098 2204 illud
1135 2161 1211 2205 est
1238 2192 1251 2217 ,
1289 2170 1307 2202 ‹
1331 2152 1399 2204 ad
1430 2151 1758 2220 imaginem?
1791 2167 1811 2202 ι

580 2244 810 2311 Quidam
852 2252 1185 2297 vocaverunt
1221 2261 1239 2293 ‹
1278 2242 1574 2311 imaginem
1630 2241 1726 2297 Dei
1773 2259 1793 2294 ›
1848 2240 1901 2295 id
1945 2239 2091 2310 quod

508 2345 591 2390 cst
629 2337 684 2389 in
742 2335 925 2388 anima
998 2333 1294 2388 invisibile.
1372 2332 1477 2387 Sed
1538 2348 1649 2387 non
1725 2341 1870 2386 recte
1939 2331 2092 2384 dixe—

509 2438 656 2483 runt.
688 2427 746 2481 Si
779 2428 925 2482 enim
988 2426 1273 2481 invisibile
1329 2429 1527 2479 anima:
1564 2425 1744 2495 imago
1774 2424 1870 2479 Dei
1919 2432 2087 2487 esset,

513 2522 683 2574 multo
756 2520 931 2589 magis
1009 2520 1226 2591 angeli,
1300 2518 1637 2589 archangeli,
1699 2529 1754 2572 et
1820 2517 2091 2571 universa

511 2624 716 2665 natura:
758 2619 961 2666 sanctm
1021 2620 1075 2664 et
1146 2609 1502 2678 incorporeaz,
1581 2618 1768 2679 utpote
1820 2625 1851 2663 a
1900 2622 2090 2677 corpo-

510 2704 731 2773 poribus
775 2702 881 2772 25
918 2717 1138 2771 prorsus
1175 2700 1380 2767 liberte,
1413 2711 1468 2755 et
1518 2692 1916 2771 impermistam
1948 2700 2091 2753 invio

509 2795 721 2848 sibilent
754 2803 1002 2847 naturam
1034 2793 1397 2862 possidentes,
1440 2801 1772 2847 vocarentur
1820 2790 2088 2862 imagines

510 2889 623 2943 Dei.
657 2889 891 2953 Quidam
939 2888 1167 2941 nimium
1220 2873 1496 2957 simplices
1541 2902 1742 2957 corpus
1787 2886 2123 2941 humanum'

508 2982 662 3034 aiunt
700 2980 907 3035 factum
953 2994 1076 3034 esse
1102 2997 1121 3030 ‹
1156 2979 1221 3032 ad
1277 2979 1570 3049 imaginem
1604 2978 1741 3034 Dei:
1776 2996 1793 3028 ›
1827 2978 2086 3047 quoniam

510 3074 740 3127 audiunt
789 3087 977 3127 vocem
1026 3072 1273 3125 divinam
1320 3071 1628 3125 dicentem:
1661 3090 1679 3123 (
1710 3070 1875 3140 Aperi
1900 3070 2088 3125 oculos

510 3178 653 3231 tuos,
686 3174 740 3217 et
783 3164 929 3227 vide,
970 3172 1025 3215 et
1053 3162 1256 3216 inclina
1274 3177 1460 3216 aurem
1498 3169 1672 3226 tuam,
1719 3168 1773 3214 et
1810 3160 1936 3215 audi
1964 3168 2025 3227 ·;
2062 3178 2082 3211 ι

508 3265 593 3311 ct:
620 3275 640 3307 ι
669 3254 864 3310 Olfecit
894 3252 1156 3307 Dominus
1172 3253 1394 3307 odorem
1422 3253 1704 3307 suavitatis
1727 3254 1744 3288 ί
1772 3270 1787 3319 ;
1814 3272 1832 3303 ι
1850 3252 2083 3308 etillud:

2197 545 2506 617 αὐτουργὸς
2555 549 2652 619 τῆς
2701 548 3045 613 διαπλάσεως
3097 552 3415 620 γενόμενος,
3461 550 3628 617 ἕδεῑξε
3678 552 3781 622 τὴν

2195 639 2422 693 πλείονα
2474 642 2603 712 περὶ
2656 641 2718 695 τὸ
2757 642 2985 713 πλάσμα
3022 644 3428 715 φιλοστοργίαν.
3467 644 3641 700 Τοῦτο
3684 647 3782 699 καὶ

2204 731 2325 784 ’1ὼό
2371 734 2399 784 6
2457 737 2701 800 γενναῖος
2742 734 2879 805 πρὸς
2922 735 3086 789 αὑτὸν
3138 734 3235 806 βοᾷ
3286 735 3482 805 λέγων,
3521 755 3540 788 ί
3572 738 3779 806 Δὶχεῖ-

2198 824 2290 893 ρές
2341 839 2434 875 σου
2475 825 2739 897 ἐποίησάν
2798 844 2865 895 με
2890 868 2904 891 ,
2941 828 3035 880 καὶ
3083 827 3325 882 ἓπλασάν
3376 846 3464 897 με.
3497 847 3517 881 ι
3555 828 3777 892 Τούτοις

2195 914 2464 985 ἐχρήσατο
2494 919 2607 980 τοῖς
2641 916 2820 985 λόγοις
2868 920 2962 972 καὶ
3004 922 3032 974 6
3070 920 3213 983 θεῖος
3252 919 3436 984 Δαὸὶδ,
3474 920 3566 974 καὶ
3616 919 3780 973 τοῦτο

2195 1006 2289 1057 καὶ
2332 1008 2360 1058 6
2403 1006 2499 1062 τοῦ
2544 1007 2704 1076 ἁγίου
2750 1007 3125 1080 βαπτίσματος
3163 1009 3481 1079 ἀξιούμενος
3518 1008 3780 1077 γινώσκεῑ

2198 1097 2405 1164 σαφῶς,
2440 1095 2516 1161 ὡς
2542 1098 2572 1150 6
2604 1098 2814 1162 πλάσας
2837 1099 3086 1165 διέσωσε,
3118 1102 3213 1155 καί¹
3239 1101 3270 1153 6
3298 1099 3477 1163 σώσας
3498 1098 3782 1153 διέπλασετ

2194 1188 2341 1259 Πρὸς
2402 1188 2458 1241 δὲ
2521 1189 2761 1255 τούτοις,
2816 1192 2912 1246 καὶ
2947 1193 3108 1257 αὐτὸς
3160 1195 3190 1247 6
3246 1194 3625 1265 Δημιουργὸς,
3683 1194 3781 1247 καὶ

2195 1279 2283 1333 διὰ
2316 1281 2603 1351 Ἰερεμίου,
2654 1284 2749 1336 καὶ
2780 1283 2867 1338 διὰ
2893 1285 3116 1340 Ἡσαΐου
3170 1286 3356 1356 φησὶν,
3402 1306 3420 1337 ι
3445 1287 3568 1339 ’Ότι
3612 1287 3780 1357 ἡμεῖς

2196 1368 2388 1438 πηλὸς,
2430 1370 2593 1436 αὐτὸς
2630 1371 2687 1424 δὲ
2740 1372 2981 1442 πλάστης
3035 1374 3210 1444 ἡμῶν.
3245 1394 3263 1426 ›
3309 1375 3449 1428 Ἀλλ’
3485 1376 3610 1428 οὔτε
3659 1378 3779 1447 χεῖ-

2198 1477 2298 1532 ρας
2351 1461 2495 1531 ἔχειν
2541 1463 2602 1515 τὸ
2636 1463 2779 1518 θεῖον
2837 1464 2962 1517 οὔτε
3015 1458 3223 1519 δεῖσθαι
3266 1466 3461 1538 βουλῆς
3506 1485 3652 1531 τινος
3681 1468 3779 1522 καὶ

2197 1550 2544 1622 προθεωρίας
2568 1553 2771 1623 φαμὲν,
2806 1554 2893 1606 ἵνα
2917 1555 3060 1608 κατά
3081 1557 3207 1621 τοὺς
3236 1556 3521 1621 Πλάτωνος
3547 1558 3775 1627 μύθους,

2196 1643 2335 1713 πρὸς
2392 1644 2490 1714 τὴν
2535 1644 2633 1714 τῆς
2690 1644 3043 1714 ἐνθυμήσεως
3096 1648 3240 1700 ἰδέαν
3287 1648 3676 1721 κατασκευάσῃ
3716 1649 3778 1702 τὸ

2196 1734 2409 1806 ποίημα
2435 1753 2449 1768 ο
2485 1736 2623 1790 ἀλλὰ
2642 1738 2849 1793 τούτων
2878 1740 3111 1793 ἕκαστον
3136 1739 3235 1811 τὴν
3264 1742 3487 1794 πλείονα
3512 1743 3608 1796 τοῦ
3636 1742 3773 1796 Θεοῦ

2199 1829 2327 1899 περὶ
2357 1829 2475 1881 τόδε
2504 1829 2563 1882 τὸ
2590 1829 2726 1894 ζῶον
2759 1832 3086 1902 κηδεμονίαν
3108 1832 3277 1902 δηλοῖ.

2835 2036 3032 2093 ΕΡΩΤ.
3056 2037 3139 2090 K'.

2555 2150 2618 2202 Τί
2645 2150 2775 2203 ἐστι
2812 2150 2877 2203 τὸ
2922 2170 2939 2201 ι
2972 2152 3098 2205 κατ’
3124 2152 3329 2206 εἰκόνα
3347 2169 3367 2216 ;
3399 2172 3416 2204 ι

2268 2244 2424 2309 Τινὲς
2454 2246 2513 2324 τὸ
2534 2245 2764 2317 ἀόρατον
2785 2245 2881 2316 τῆς
2897 2244 3074 2317 ψυχῆς
3099 2266 3119 2297 ι
3138 2247 3320 2299 εἰκόνα
3341 2246 3476 2300 Θεοῦ
3499 2248 3775 2320 κεκλήκα-

2201 2354 2305 2390 σιν·
2330 2337 2463 2391 ἀλλὰ
2483 2339 2582 2391 οῦκ
2597 2337 2810 2407 ἀληθῶς
2828 2340 3130 2409 εἰρήκασιν.
3148 2339 3211 2391 Εἰ
3230 2341 3336 2410 γὰρ
3354 2338 3517 2394 εἰκὼν
3532 2340 3626 2393 τοῦ
3640 2340 3776 2395 Θεοῦ

2196 2430 2295 2501 τῆς
2323 2430 2502 2500 ψυχῆς
2528 2430 2589 2483 τὸ
2622 2431 2875 2500 ἀόρατον,
2910 2430 3110 2500 μᾶλλον
3135 2432 3341 2494 εἰκόνες
3363 2432 3457 2485 τοῦ
3483 2432 3618 2486 Θεοῦ
3645 2433 3777 2506 κλη-

2198 2521 2339 2574 θεῖεν
2361 2522 2582 2591 ἄγγελοι
2608 2524 2704 2575 καὶ¹
2726 2523 3079 2593 ἀρχάγγελοι,
3099 2524 3193 2577 καὶ
3223 2526 3394 2579 πᾶσαι
3419 2524 3774 2597 αίιάσώματοι

2197 2616 2289 2669 καὶ
2322 2616 2478 2684 ἅγιαι
2517 2615 2734 2686 φύσεις·
2771 2616 2867 2669 ἆτε
2904 2616 2961 2669 δὲ
2998 2618 3315 2671 παντάπασι
3364 2618 3632 2688 σωμάτων
3668 2619 3776 2672 ἀπ-

2197 2706 2557 2777 ηλλαγμέναι,
2586 2709 2680 2761 καὶ
2709 2708 2909 2778 ἀμιγὲς
2937 2708 2999 2761 τὸ
3015 2709 3246 2777 ἀόρατον
3275 2709 3516 2779 ἔχουσαι.
3536 2710 3695 2773 Τινὲς
3715 2710 3774 2762 δὲ

2198 2799 2302 2851 ὑπὸ
2336 2799 2539 2870 πολλῆς
2571 2798 2823 2871 εὐηθείας
2855 2800 2915 2852 τὸ
2945 2800 3107 2869 σῶμα
3136 2800 3197 2853 τὸ
3220 2800 3563 2873 ἀνθρώπινον
3600 2821 3617 2853 ι
3648 2804 3769 2855 κατ’

2197 2890 2381 2943 εἰκόνα
2423 2890 2557 2943 Θεοῦ
2599 2910 2616 2941 ι
2658 2890 2991 2961 γεγενῆσθαί
3032 2908 3234 2959 φασιν·
3273 2892 3461 2963 ἐπειδὴ
3494 2894 3593 2963 τῆς
3622 2894 3773 2956 θείας

2195 2981 2460 3051 λεγούσης
2487 2981 2819 3034 ἐπακούουσι
2848 2982 3061 3050 φωνῆς·
3102 3000 3121 3033 ι
3152 2983 3395 3050 Ἀνοιξον
3424 2984 3549 3047 τοὺς
3572 2984 3771 3052 ὀφθαλ-

2200 3072 2336 3143 μούς
2368 3090 2484 3135 σου,
2521 3074 2616 3125 καὶ
2646 3071 2745 3137 ἴδε,
2777 3074 2873 3126 καὶ
2911 3072 3090 3125 κλῖνον
3116 3072 3179 3125 τὸ
3202 3070 3298 3137 οῦς
3335 3091 3453 3139 σου,
3487 3076 3581 3127 καὶ
3608 3076 3771 3128 ἄκου-

2196 3181 2285 3217 σον
2307 3182 2319 3194 ·
2360 3183 2378 3214 ι
2409 3165 2522 3229 καὶ,
2552 3164 2861 3237 Ὦσφράνθη
2889 3163 3093 3236 Κύριος
3119 3165 3295 3236 ὀσμὴν
3318 3164 3568 3229 εὐωδίας·
3600 3186 3618 3216 ι
3652 3168 3767 3229 καὶ,

2202 3274 2222 3306 ‹
2259 3256 2332 3309 Τὸ
2372 3256 2547 3325 στόμα
2579 3256 2786 3325 Κυρίου
2827 3254 3057 3342 ἐλάλησε
3084 3256 3279 3323 ταῦτα,
3317 3274 3335 3309 ι
3381 3257 3494 3321 καὶ,
3528 3275 3548 3308 ι
3579 3256 3668 3308 Ἐν
3704 3260 3771 3327 τῇ

513 3368 535 3403 ι
577 3348 651 3404 Os
697 3348 912 3402 Domini
944 3347 1183 3401 locutum
1232 3356 1316 3401 est
1348 3347 1453 3401 ista
1492 3358 1551 3413 I1;
1586 3364 1605 3397 ‹
1652 3354 1745 3400 et:
1786 3365 1803 3398 ›
1837 3344 1895 3399 In
1920 3360 2087 3399 manu

2200 3346 2339 3417 χειρὶ
2392 3344 2557 3398 αὐτοῦ
2595 3344 2666 3398 τὰ
2698 3345 2910 3416 πέρατα
2947 3345 3048 3415 τῆς
3087 3346 3211 3415 γῆς,
3244 3345 3340 3399 καὶ
3381 3346 3483 3399 ὅσα
3521 3346 3771 3402 τοιαῦτα.

510 3443 630 3513 ejus
662 3452 790 3496 sunt
832 3441 967 3494 fines
1009 3447 1166 3494 terra:
1184 3449 1234 3505 ν,
1267 3458 1286 3490 ›
1312 3447 1367 3493 et
1406 3439 1630 3494 similia.
1670 3437 1729 3492 In
1768 3456 1876 3508 quo
1910 3438 2091 3495 stolidi

510 3550 621 3589 non
661 3531 1497 3601 animadverterunt,;Dominum
1514 3530 1683 3587 Deum
1718 3523 2092 3601 per'homines

513 3628 826 3682 hominibus
884 3629 1215 3696 loquentem,
1261 3625 1601 3681 audientium
1638 3624 1940 3702 inﬁrmitati
1974 3638 2092 3679 ser-

511 3734 703 3774 mones
733 3719 1167 3774 accommodare.
1203 3717 1270 3772 Et
1295 3718 1557 3788 quoniam
1590 3717 1770 3781 oculis
1794 3731 1902 3771 non
1941 3716 2092 3771 vide-

514 3827 659 3877 mus,
696 3811 950 3865 tirtutem
989 3810 1109 3879 ejus
1138 3824 1239 3879 per
1259 3824 1422 3879 quam
1452 3807 1600 3863 videt
1630 3806 1908 3876 Scriptura
1938 3816 2095 3861 vocat

516 3904 707 3959 oculos
740 3922 752 3957 :
790 3912 844 3957 et
872 3892 1092 3958 rursum
1140 3901 1398 3956 audiendi
1446 3900 1764 3954 facultatem
1797 3907 1957 3955 vocat
2003 3913 2094 3951 au-

515 4012 623 4059 res,
657 3997 915 4066 quoniam
959 3995 1109 4050 hisce
1151 3994 1399 4065 partibus
1442 3993 1724 4048 audimus:
1766 4000 1823 4048 et
1866 3992 2095 4046 manda-

515 4098 629 4139 tum
667 4085 787 4149 Dei,
832 4102 914 4139 os.
949 4082 1153 4139 Verum
1194 4082 1477 4152 oportebat
1522 4097 1615 4138 eos
1644 4097 1751 4136 non
1788 4081 1964 4137 solum
1998 4097 2093 4136 su-

514 4192 611 4246 pra
659 4176 801 4229 dicm
860 4175 1023 4228 verba
1084 4173 1383 4238 audivisse,
1434 4174 1525 4228 sed
1561 4173 1727 4227 etiam
1760 4187 1823 4227 ea
1851 4188 1975 4242 qua:
2001 4172 2095 4227 do-

515 4275 640 4323 cent
669 4266 836 4321 Deum
876 4281 998 4321 esse
1033 4265 1589 4334 incircumscriptum.
1620 4282 1637 4315 ι
1667 4263 1788 4330 Quo
1816 4265 1985 4329 enim,
2010 4264 2095 4317 in-

520 4362 660 4432 quit,
693 4360 783 4414 ibo
812 4374 843 4413 a
887 4358 1082 4429 spiritu
1112 4358 1251 4412 tuo?
1279 4366 1332 4413 et
1352 4372 1461 4426 quo
1493 4372 1523 4410 a
1555 4356 1693 4411 facie
1724 4364 1817 4411 tua
1847 4355 2094 4427 fugiam?

517 4452 576 4507 Si
604 4451 901 4507 ascendere
930 4452 983 4505 in
1015 4451 1235 4516 coelum,
1274 4459 1329 4504 tu
1362 4449 1436 4504 ibi
1458 4466 1550 4504 es:
1590 4450 1635 4505 si
1659 4449 1992 4504 descendere
2022 4449 2092 4503 ad

519 4540 813 4607 infernum,
865 4541 996 4595 ades
1028 4548 1075 4607 κ,
1109 4559 1127 4593 ι
1158 4546 1214 4595 et
1246 4555 1368 4609 qua:
1388 4550 1713 4609 sequuntur.
1748 4537 1813 4592 Et
1855 4536 2082 4592 Samari

518 4644 661 4689 lanae
693 4631 962 4688 Dominus
992 4632 1166 4688 dixit:
1190 4650 1209 4687 ι
1234 4630 1378 4687 Deus
1398 4631 1623 4702 spiritus
1669 4638 1771 4695 est,
1799 4639 1854 4685 et
1885 4640 2089 4700 operte|

2193 3438 2305 3491 Καὶ
2347 3438 2407 3491 οὐ
2447 3438 2687 3491 συνεῖδον
2738 3438 2787 3489 oi
2821 3437 2959 3506 ἄγαν
2994 3437 3216 3508 ἠλίθιοι,
3248 3437 3323 3500 ὡς
3365 3437 3675 3509 ἀνθρώποις
3706 3438 3775 3492 δι’

2193 3529 2497 3600 ἀνθρώπων
2550 3529 2936 3601 διαλεγόμενος
2978 3531 3007 3583 6
3049 3530 3329 3601 Δεσπότης
3381 3530 3536 3594 Θεὸς,
3564 3534 3632 3601 τῇ
3662 3530 3773 3584 τῶν

2192 3625 2502 3678 ἀκουόντων
2537 3625 2791 3696 ἀσθενείᾳ
2816 3626 2942 3686 τοὺς
2970 3624 3163 3693 λόγους
3192 3625 3403 3696 μετρεῖ.
3434 3625 3546 3678 Καὶ
3581 3623 3774 3699 ἐπειδὴ

2193 3718 2259 3771 δι’
2296 3716 2592 3787 ὀφθαλμῶν
2619 3717 2853 3788 ὁρῶμεν
2875 3717 3055 3787 ἡμεῖς,
3083 3716 3182 3784 τὴν
3216 3716 3448 3784 όπτικὴν
3480 3717 3647 3771 αὐτοῦ
3681 3718 3777 3771 δύ-

2193 3826 2356 3879 ναμιν
2386 3808 2695 3878 ὀφθαλμοὺς
2728 3805 3017 3878 ὀνομάζειο
3049 3808 3142 3860 καὶ
3172 3808 3241 3861 αὑ
3283 3806 3445 3860 πάλιν
3474 3807 3571 3879 τὴν
3606 3807 3776 3861 ἀκου-

2196 3899 2408 3969 στικὴν,
2454 3892 2587 3964 ὦτα,
2617 3897 2807 3969 ἐπειδὴ
2838 3898 2926 3952 διὰ
2959 3897 3166 3951 τούτων
3198 3898 3306 3950 τῶν
3335 3898 3539 3968 μορίων
3579 3888 3793 3953 ἀκούοέ

2198 4010 2297 4062 μεν
2324 4008 2337 4021 ο
2376 3992 2471 4044 καὶ
2496 3991 2558 4044 τὸ
2586 3991 2936 4061 πρόσταγμα,
2971 3990 3166 4060 στόμα.
3200 3990 3348 4043 Ἔδει
3374 3970 3438 4043 ’δὲ
3471 3991 3667 4054 αὐτοὺς
3698 3990 3776 4063 μὴ

2193 4085 2399 4138 τούτων
2435 4085 2595 4155 μόνον
2629 4083 2850 4139 ἀκούειν
2879 4082 2987 4135 τῶν
3020 4082 3217 4151 λόγων,
3264 4082 3400 4137 ἀλλὰ
3445 4084 3538 4136 καὶ
3568 4081 3676 4136 τῶν
3710 4083 3775 4136 τὸ

2194 4178 2571 4248 ἀπερίγραφον
2600 4176 2695 4229 τοῦ
2723 4174 2859 4229 Θεοῦ
2882 4174 3265 4228 διδασκόντων.
3311 4193 3328 4225 ι
3365 4175 3475 4227 Ποῦ
3505 4175 3635 4246 γὰρ,
3668 4192 3775 4244 φη·-

2197 4269 2269 4334 σὶ,
2311 4268 2562 4339 πορευθῶ
2609 4267 2717 4321 ἀπὸ
2761 4265 2857 4320 τοῦ
2891 4266 3204 4337 πνεύματός
3242 4284 3358 4331 σου,
3400 4268 3495 4319 καὶ
3541 4266 3649 4320 ἀπὸ
3676 4265 3773 4319 τοῦ

2200 4358 2492 4431 προσώπου
2515 4377 2608 4412 σου
2632 4358 2734 4412 ποῦ
2754 4359 2943 4427 φύγω;
2975 4356 3099 4410 Ἐὰν
3115 4358 3301 4411 ἀναϐῶ
3322 4360 3401 4422 εἰς
3416 4358 3505 4411 τὸν
3523 4358 3775 4431 οὐρανὸν,

2202 4450 2266 4506 σὺ
2294 4454 2411 4505 ἐκεῖ
2449 4448 2502 4505 εἴ
2523 4468 2538 4482 ·
2569 4451 2664 4506 ἐὰν
2695 4449 2921 4504 καταϐῶ
2954 4451 3032 4512 είς
3063 4449 3156 4503 τὸν
3190 4448 3345 4521 ᾅδην,
3371 4449 3572 4519 πάρει·
3616 4468 3635 4501 ι
3680 4450 3779 4503 καὶ

2197 4545 2265 4597 τὰ
2287 4543 2436 4614 ἑξῆς.
2463 4543 2575 4596 Καὶ
2595 4545 2662 4614 τῇ
2691 4542 3044 4614 Σαμαρείτιδι
3068 4541 3097 4593 6
3125 4540 3328 4612 Κύριος
3349 4540 3478 4611 ἔφη,
3509 4559 3527 4592 ‹
3548 4540 3779 4612 Πνεῦμα

2198 4638 2226 4689 6
2262 4639 2413 4701 Θεὸς,
2450 4638 2544 4690 καὶ
2579 4638 2706 4699 τοὺς
2738 4632 3181 4706 προσκυνοῦντας
3212 4634 3378 4687 αὐτὸν
3414 4635 3472 4687 ἐν
3500 4632 3778 4703 πνεύματί

514 4742 613 4782 eos
654 4726 745 4797 qui
793 4726 1025 4781 adorant
1069 4724 1271 4796 ipsum,
1306 4725 1361 4778 in
1386 4724 1581 4795 spiritu
1621 4732 1677 4778 et
1699 4723 1926 4779 veritate
1956 4724 2089 4779 ado-

2200 4733 2288 4783 καὶ
2318 4729 2546 4802 ἀληθείᾳ
2589 4729 2669 4782 δεῖ
2713 4731 3058 4800 προσκυνεῖν.
3110 4729 3172 4781 Εἰ
3215 4726 3272 4779 δὲ
3302 4726 3521 4794 πνεῦμα
3550 4728 3579 4781 6
3621 4728 3777 4793 Θεὸς,

518 4836 639 4875 rare
657 4829 706 4873 γ.
741 4839 759 4871 ι
798 4818 855 4873 Si
885 4828 1066 4874 autem
1102 4817 1248 4874 Deus
1291 4817 1517 4889 spiritus
1565 4825 1668 4884 est,
1723 4817 1953 4888 simplex
1992 4818 2091 4887 igi-

519 4924 628 4978 tur,
657 4912 1076 4982 incompositus,
1096 4921 1152 4967 et
1185 4910 1415 4983 ﬁguram
1464 4924 1573 4965 non
1605 4908 1896 4980 recipiens.
1926 4909 2091 4979 Atqui

518 5021 920 5076 supervacuum
964 5015 1051 5061 est
1098 5006 1265 5061 istum
1305 5006 1362 5061 in
1399 5006 1621 5078 longum
1655 5006 1954 5076 producere
1979 5022 2093 5062 ser-

518 5115 759 5155 monem.
794 5098 939 5156 Satis
964 5100 1110 5155 enim
1134 5108 1282 5170 patet
1311 5102 1509 5155 horum
1542 5099 1780 5156 insania.
1810 5099 1968 5156 Hunc
1992 5101 2093 5171 igi-

520 5196 606 5248 tu’r
648 5192 871 5249 locum:
903 5210 922 5244 ι
955 5190 1248 5249 Faciamus
1298 5192 1579 5249 hominem
1614 5195 1685 5249 ad
1711 5192 2004 5264 imaginem
2040 5203 2096 5249 et

519 5283 935 5340 similitudinem
958 5292 1224 5349 nostram,
1253 5303 1273 5337 ι
1305 5284 1475 5354 aliqui
1528 5284 1782 5341 doctores
1819 5286 1894 5340 ita
1937 5285 2096 5341 intel-

522 5376 805 5430 lexerunt:
864 5390 1059 5441 nempe
1094 5376 1263 5430 Deum
1310 5376 1579 5443 omnium,
1613 5391 1738 5432 cum
1783 5386 2094 5432 creaturam

524 5468 840 5525 sensitivam
874 5476 929 5522 et
954 5467 1339 5523 intellectivam
1384 5475 1649 5534 creasset,
1687 5468 1959 5524 hominem
1994 5483 2097 5537 po-

528 5571 733 5615 stremo
791 5560 1080 5626 formasse,
1120 5559 1285 5615 veluti
1334 5559 1418 5614 sui
1443 5560 1735 5630 quamdam
1785 5561 2096 5630 imaginem,

591 5748 752 5805 PJob
816 5765 873 5816 κ,
902 5751 956 5806 8.
1033 5747 1227 5806 qpsal.
1294 5766 1485 5814 CXVIII,
1555 5750 1644 5805 75.
1722 5749 1880 5805 rlsa.
1945 5767 2092 5816 uiv,
2156 5751 2208 5805 8.

2199 4825 2403 4889 ἁπλοῦς
2426 4826 2555 4897 ἄρα,
2576 4825 2670 4879 καὶ
2693 4822 3002 4887 ἁσύνθετος,
3035 4825 3131 4876 καὶ
3150 4824 3292 4893 ἀσχη
3303 4823 3581 4893 μάτιστος.
3615 4822 3781 4876 Ἀλλά

2199 4919 2310 4990 γὰρ
2341 4916 2598 4989 περιττὸν
2628 4916 2816 4971 τοῦτον
2855 4914 3119 4986 μηκύνειν
3151 4914 3242 4968 τὸν
3272 4914 3429 4984 λόγον
3454 4931 3468 4945 ο
3503 4915 3639 4986 δήλη
3668 4915 3782 4987 γὰρ

2198 5009 2405 5063 τούτων
2442 5010 2476 5079 ἡ
2514 5008 2690 5062 ἀνοία.
2727 5007 2800 5059 Τὸ
2840 5005 3043 5069 τοίνυν,
3084 5024 3102 5055 ι
3140 5005 3461 5074 Ποιήσωμεν
3491 5004 3782 5075 ἄνθρωπον

2200 5103 2321 5154 κατ’
2348 5099 2534 5154 εἰκόνα
2556 5099 2828 5171 ἡμετέραν
2855 5098 2951 5152 καὶ
2974 5097 3098 5150 καθ’
3128 5096 3408 5165 ὁμοίωσιν,
3445 5116 3463 5147 ι
3504 5098 3649 5161 τινες
3668 5096 3781 5149 τῶν

2199 5193 2536 5247 διδασκάλων
2591 5192 2764 5255 οὕτως
2827 5191 3092 5261 ὲνόησαν’
3147 5191 3228 5243 ὅτι
3278 5190 3378 5261 τὴν
3436 5190 3615 5243 κτίσιν
3677 5188 3781 5259 τὴν

2203 5286 2472 5357 αἰσθητήν
2492 5301 2553 5337 τε
2582 5285 2677 5338 καὶ
2704 5282 2902 5355 νοητὴν
2927 5280 3249 5353 πεποιηκὼς
3274 5282 3302 5333 6
3326 5281 3434 5335 τῶν
3460 5283 3596 5334 ὅλων
3622 5280 3782 5343 Θεὸς,

2203 5378 2295 5430 τὸν
2343 5375 2629 5447 ἄνθρωπον
2663 5373 2955 5429 διέπλασεν
2992 5372 3242 5444 ἔσχατον,
3282 5367 3394 5426 οἷόν
3432 5390 3556 5425 τινα
3596 5372 3787 5425 εἰκόνα

2207 5468 2402 5523 ἑαυτοῦ
2435 5471 2493 5521 ἐν
2526 5468 2674 5538 μέσῳ
2699 5465 2959 5530 τεθεικὼς
2988 5466 3098 5520 τῶν
3125 5464 3352 5535 ἀψύχων
3380 5482 3441 5518 τε
3480 5465 3575 5518 καὶ
3600 5462 3784 5534 ἐμψύ-

2206 5577 2338 5630 χων,
2371 5559 2463 5613 καὶ
2494 5557 2769 5630 αἰσθητῶν
2801 5558 2897 5612 καὶ
2926 5555 3134 5628 νοητῶν
3155 5573 3169 5587 ·
3217 5557 3305 5611 ἵνα
3355 5555 3424 5611 τὰ
3452 5555 3563 5626 »μὲν
3598 5552 3785 5625 ἀψυχά

2289 5764 2309 5791 ³
2344 5750 2405 5806 IV
2436 5752 2567 5823 Reg.
2604 5768 2714 5821 XIX,
2756 5752 2842 5808 16.
2924 5753 2942 5789 ι
2972 5750 3107 5809 Gen.
3134 5750 3359 5819 “11,21.
3437 5761 3463 5789 ιι
3492 5748 3598 5805 Isa.
3620 5763 3662 5816 ι,
3686 5745 3779 5809 20,

524 5829 551 5862 '
574 5818 720 5878 Psal.
771 5835 913 5880 χειν.
968 5821 1023 5876 4.
1101 5831 1127 5859 κ
1159 5820 1303 5879 Psal.
1332 5836 1595 5883 crxxvm,
1627 5819 1715 5877 78.
1790 5830 1819 5870 γ
1851 5820 2010 5879 Joan.
2051 5838 2123 5884 iv,
2157 5822 2247 5877 24.
