3964 6578
233 344 310 409 105
1328 340 1612 413 OUA‘IST.
1656 342 1733 401 IN
1762 343 1800 401 (Ε

1884 340 2031 403 NES.
2061 342 2217 402 CAP.
2258 342 2307 404 Ι.

3330 336 3430 405 106

227 476 269 511 τε
295 456 388 510 καὶ
418 455 641 527 ἔμψυχα
666 456 842 528 τούτῳ
871 456 1179 528 προσφέρῃ,
1204 456 1392 527 ῶσπερ
1431 456 1554 509 τινὰ
1583 456 1768 528 φόρον,
1799 517 1800 520 η

1884 455 2112 509 medium
2137 454 2289 509 illum
2318 454 2570 526 ponendo
2599 455 2742 509 inter
2763 433 2999 507 animata
3031 462 3087 507 et
3111 449 3428 516 inanimata,

223 550 298 619 τήν
325 549 518 618 χρείαν
539 566 552 577 ·
588 549 645 601 αἱ
681 550 737 602 δὲ
766 552 956 620 νοηταὶ
985 550 1199 619 φύσεις,
1234 550 1293 601 ἐν
1325 551 1391 619 τῇ
1419 549 1547 619 περὶ
1584 548 1770 601 τοῦτον

224 641 499 712 κηδεμονίᾳ
525 641 625 711 τὴν
666 642 794 712 περὶ
826 641 915 693 τὸν
946 642 1283 711 πεποιηκότα
1328 640 1647 694 δεικνύωσιν
1681 640 1772 693 εῦ-

222 746 368 781 νοιαν.
398 729 575 782 Τοῦτο
607 729 717 799 γὰρ
746 729 838 783 καὶ
858 729 887 780 ὁ
910 728 1053 791 θεῖος
1081 727 1398 791 Ἀπόστολος
1427 728 1530 798 ἔφη
1548 746 1561 760 ·
1597 748 1614 780 ι
1639 730 1773 800 Οὐχὶ

218 821 400 882 πάντες
453 820 564 872 εἰσὶ
616 820 969 892 λειτουργικὰ
1022 818 1309 889 πνεύματα
1358 820 1438 880 εἰς
1500 819 1772 871 διακονίαν

214 910 645 980 ἀποστελλόμενα
682 911 771 966 διὰ
811 912 937 974 τοὺς
971 909 1261 979 μέλλοντας
1286 910 1640 980 κληρονομεῖν
1667 926 1771 961 σωο

212 1000 425 1072 τηρίαν;
458 1022 475 1051 ι
509 1002 621 1055 Καὶ
664 1003 693 1053 6
717 1004 919 1073 Κύριος
946 1004 1003 1054 ὲν
1028 1004 1142 1065 τοῖς
1169 999 1544 1069 Εὐαγγελίοις,
1578 1018 1595 1049 ε
1617 1000 1775 1069 Ὁρῶ-

210 1109 265 1145 τε
292 1093 406 1162 (56)
441 1095 518 1164 μὴ
550 1096 1003 1165 καταφρονήσητε
1035 1095 1152 1157 ἐνὸς
1175 1094 1285 1147 τῶν
1326 1093 1539 1165 μικρῶν
1571 1093 1775 1146 τούτων

210 1182 306 1235 τῶν
335 1182 662 1251 ἐλαχίστων.
703 1184 876 1253 Ἀμήν
904 1185 1013 1252 γὰρ
1032 1183 1174 1249 λέγω
1196 1184 1344 1253 ὑμῖν,
1373 1185 1455 1236 ὅτι
1478 1185 1526 1235 οἰ
1556 1182 1774 1251 ἄγγελοι

209 1273 378 1325 αὐτῶν
411 1272 539 1326 καθ’
569 1274 782 1345 ἡμέραν
813 1274 979 1344 ὁρῶσι
1007 1274 1069 1329 τὸ
1099 1274 1390 1344 πρόσωπον
1437 1273 1531 1326 τοῦ
1562 1274 1775 1345 Πατρός

210 1382 303 1433 μου
330 1363 427 1416 τοῦ
457 1366 515 1417 ὲν
546 1365 814 1436 οὐρανοῖς.
841 1384 860 1416 ι
893 1363 1049 1428 Τινὲς
1068 1366 1147 1431 δὲ,
1186 1385 1205 1416 ι
1236 1365 1355 1418 κατ’
1378 1365 1563 1419 εἰκόνα
1591 1365 1724 1418 Θεοῦ
1749 1383 1769 1416 ι

208 1457 340 1509 κατὰ
371 1457 437 1507 τὸ
470 1458 697 1527 ἀρχικὸν
724 1457 1051 1528 γεγενῆσθαι
1097 1458 1187 1511 τὸν
1221 1457 1506 1528 ἄνθρωπον
1547 1458 1773 1526 ἔφασαν,

211 1547 532 1616 σαφεστάτη)
569 1546 897 1617 κεχρημένοι
942 1548 1245 1619 τεκμηρίῳ,
1300 1547 1380 1618 τῷ
1420 1548 1511 1600 τὸν
1540 1546 1776 1618 Ποιητὴν

207 1639 527 1705 ἐπαγαγεῖν,
565 1658 582 1689 ι
622 1641 733 1691 Καὶ
757 1620 1075 1709 ἆρχέτωσαν
1098 1637 1206 1692 τῶν
1234 1638 1433 1709 ἰχθύων
1457 1640 1555 1709 τῆς
1582 1639 1779 1691 θαλάσ-

211 1743 321 1796 σης,
352 1730 452 1780 καὶ
478 1728 590 1781 τῶν
611 1728 873 1796 πετεινῶν
896 1728 988 1781 τοῦ
1012 1728 1263 1799 οὐρανοῦ,
1290 1731 1384 1782 καὶ
1412 1729 1520 1783 τῶν
1544 1728 1776 1798 κτηνῶν,

210 1822 297 1871 καὶ
338 1822 525 1891 πάσης
558 1822 657 1892 τῆς
686 1821 808 1891 γῆς,
850 1822 945 1875 καὶ
986 1822 1205 1874 πάντων
1251 1821 1360 1873 τῶν
1396 1820 1642 1892 ἑρπετῶν
1671 1820 1779 1873 τῶν

210 1908 489 1979 ἑρπόντων
517 1912 611 1962 ὲ.πί
636 1912 734 1980 τῆς
758 1910 883 1981 γῆς.
904 1929 923 1961 ›
955 1911 1168 1981 Ὥσπερ
1198 1910 1305 1981 γὰρ
1331 1910 1494 1973 αὐτὸς
1516 1910 1623 1963 τῶν
1645 1909 1780 1962 ὅλων

209 2000 317 2067 ἔχει
350 2000 453 2071 τὴν
488 2000 808 2054 δεσποτείαν
830 2017 845 2030 ⁸
880 2001 1020 2055 οὕτω
1042 2000 1239 2055 δέδωκε
1269 2002 1345 2072 τῷ
1372 2002 1645 2073 ἀνθρώπῳ
1671 2000 1781 2055 τῶν

204 2091 419 2159 ἀλόγων
446 2091 609 2155 ζώων
637 2093 734 2161 τὴν
764 2092 1033 2157 ἐξουσίαν.
1068 2094 1221 2146 Ἐστι
1248 2094 1304 2146 δὲ
1336 2095 1430 2148 καὶ
1452 2093 1585 2148 ἄλλα
1605 2094 1781 2164 εὑρεῖν

203 2182 280 2245 ὡς
313 2184 635 2252 ἀρχετύπου
674 2187 984 2256 μιμήματα.
1015 2186 1350 2256 Δημιουργεί
1378 2184 1485 2256 γὰρ
1515 2187 1607 2237 καὶ
1641 2186 1668 2237 6
1690 2184 1783 2238 ἄν·

201 2273 449 2343 θρωπος,
499 2275 642 2328 κατὰ
682 2275 915 2345 μίμησιν
959 2274 1052 2328 τοῦ
1093 2276 1455 2346 πεποιηκότος
1496 2275 1653 2339 Θεοῦ,
1690 2275 1783 2328 καὶ

199 2367 407 2431 οὶκίας,
438 2370 538 2421 καὶ⁸
568 2366 745 2436 τείχη,
774 2368 869 2420 καὶ
894 2368 1094 2431 πόλεις,
1126 2366 1221 2421 καὶ
1242 2367 1484 2437 λιμένας,
1508 2370 1601 2422 καὶ
1629 2367 1782 2431 ναῦς,

202 2461 299 2511 καὶ
334 2457 568 2531 νεώρια,
598 2461 691 2514 καὶ
724 2463 966 2530 ἅρματα,
995 2461 1085 2513 καὶ
1116 2460 1279 2531 ’ἐτερα
1312 2461 1481 2531 μυρία
1504 2477 1518 2491 ·
1554 2456 1664 2516 οἷον
1702 2463 1785 2516 οὐ·

202 2556 375 2627 ρανοῦ
425 2554 834 2629 ὲκτυπῶματα,ι
874 2558 968 2609 καὶ
1023 2554 1193 2627 ἡλίου,
1256 2559 1347 2610 καὶ
1404 2558 1652 2630 σελήνης,
1689 2560 1783 2612 καὶ⁸

197 2647 487 2716 ἀστέρων,
533 2646 627 2699 καὶ
656 2644 957 2717 ἀνθρώπων
996 2646 1310 2714 ἰνδάλματα,
1351 2647 1457 2699 καίἕ
1473 2648 1626 2710 ζώων
1656 2648 1782 2701 ἁλό-

198 2754 317 2804 γων
350 2739 576 2800 εἰκόνας
596 2752 611 2765 ·
647 2736 763 2790 ἀλλ’
792 2738 1016 2807 ἄπειρον
1061 2736 1123 2788 τὸ
1151 2735 1251 2806 τῆς
1278 2736 1636 2809 δημιουργίας
1665 2739 1782 2793 διά-

202 2845 397 2897 φορον.
453 2828 519 2881 Ὀ
552 2829 651 2898 μὲν
682 2829 791 2898 γὰρ
820 2827 929 2879 τῶν
951 2828 1085 2879 ὅλων
1121 2828 1254 2889 Θεὸς
1280 2827 1373 2878 καὶ
1396 2826 1454 2892 ἐξ
1491 2827 1656 2880 ὄντων
1690 2828 1783 2881 καὶ

200 2925 272 2973 ὲκ
307 2921 391 2991 μὴ
412 2920 590 2973 ὄντων
619 2919 961 2990 δημιουργεῖ,
996 2920 1091 2973 καὶ
1116 2918 1241 2989 δίχα
1263 2920 1422 2972 πόνου
1451 2916 1545 2970 καὶ
1566 2920 1780 2990 χρόνουο

198 3013 328 3081 ἅμα
356 3012 474 3082 γὰρ
516 3010 597 3082 τῷ
628 3010 951 3081 βουληθῆναι
986 3012 1223 3082 παράγει
1255 3013 1314 3063 τὸ
1345 3010 1501 3075 δόξαν
1526 3028 1537 3040 ·
1570 3009 1782 3080 ἄνθρω·

199 3120 308 3166 sco;
334 3103 399 3155 δὲ
424 3100 600 3156 δεῖται
645 3103 744 3172 μὲν
785 3101 937 3171 ὕλης,
971 3100 1137 3154 δεῖται
1179 3101 1235 3154 δὲ
1272 3103 1362 3155 καὶ
1387 3104 1652 3173 ὀργάνων,
1689 3101 1785 3155 καὶ⁵

201 3194 437 3263 βουλῆς,
464 3193 566 3245 καὶ
597 3192 966 3262 ἐνθυμήσεων,
1002 3193 1097 3246 καὶ
1124 3193 1337 3261 χρόνου,
1358 3194 1454 3246 καὶ
1481 3193 1660 3259 πόνου,
1692 3194 1788 3246 καὶ

197 3286 423 3355 τεχνῶν
471 3283 681 3355 ἑτέρων
722 3283 832 3353 (57)
883 3284 964 3347 εἰς
1003 3284 1103 3354 τὴν
1144 3283 1239 3336 τοῦ
1286 3284 1575 3354 γενομένου
1621 3302 1791 3339 κατα-

202 3380 444 3447 σκευήν.
494 3376 555 3428 ’0
604 3374 714 3446 γὰρ
766 3372 1048 3443 οἰκοδόμος
1094 3373 1261 3427 δεῖται
1314 3374 1575 3444 χαλκέως,
1621 3376 1714 3429 καὶ
1762 3379 1792 3429 6

200 3469 458 3538 clama;
488 3466 801 3537 μεταλλέως
829 3465 943 3535 (58)
964 3466 1058 3518 ml.
1086 3465 1403 3536 ἅνθρακέως
1421 3481 1434 3498 ⁶
1468 3470 1563 3521 καὶ
1594 3468 1789 3533 πάντες

202 3559 351 3629 ὁμοῦ
385 3558 507 3611 τῶν
552 3556 828 3627 ὐλοτόμων
859 3557 995 3629 (59),
1032 3559 1127 3611 καὶ
1160 3561 1209 3611 οἰ
1235 3559 1485 3630 ὑλοτόμοι
1522 3560 1629 3613 τῶν
1657 3578 1791 3629 φυτ-

204 3652 437 3723 ουργῶν
475 3666 541 3703 τε
581 3649 677 3702 καὶ
707 3650 1003 3720 γεωργῶν·
1048 3651 1142 3704 καὶ
1178 3651 1351 3715 οὕτως
1387 3653 1589 3724 ἑκάστη
1629 3654 1791 3726 τέχνη

209 3744 379 3814 παρὰ
406 3744 521 3796 τῶν
554 3742 729 3796 ἄλλων
757 3741 960 3813 τεχνῶν
995 3742 1094 3815 τὴν
1114 3744 1320 3798 οἰκείαν
1348 3746 1651 3816 ἐρανίζεται
1681 3748 1792 3818 (60)

208 3836 438 3906 χρείαν.
482 3833 649 3889 Ἀλλὰ
681 3834 776 3887 καὶ
804 3832 943 3887 οὕτω
969 3834 1311 3906 δημιουργῶν
1335 3839 1363 3889 6
1393 3836 1677 3909 ἄνθρωπος
1703 3856 1792 3908 μι-

214 3930 415 3999 μεῖται
448 3926 715 3998 ἀμηγέπη
748 3926 840 3980 τὸν
874 3926 1127 3998 Ποιητὴν,
1166 3928 1241 3990 ὡς
1286 3927 1445 3981 εἰκὼν
1476 3930 1537 3983 τὸ
1565 3931 1795 4001 ἀρχέτυ-

214 4038 326 4073 πον
352 4036 371 4051 ο
399 4020 497 4073 καὶ
526 4019 634 4089 γὰρ
666 4020 700 4089 ή
725 4018 886 4073 εἰκὼν
920 4018 1031 4089 ἔχει
1068 4020 1136 4073 τὰ
1161 4019 1256 4072 τοῦ
1276 4021 1585 4091 ἀρχετύπου
1619 4022 1794 4077 ἰνδάλ-

223 4126 407 4182 ματα.
446 4112 601 4164 Ἀλλὰ
632 4112 695 4164 τὸ
735 4111 833 4182 μὲν
864 4110 974 4164 τῶν
1019 4113 1220 4184 μορίων
1272 4109 1411 4176 εἰδος
1449 4112 1581 4184 ἔχει,
1604 4112 1702 4177 τὰς
1738 4114 1796 4168 δὲ

220 4203 519 4273 ἐνεργείας
566 4206 667 4257 οὐκ
720 4198 832 4275 ἔχει
856 4223 872 4235 ·
925 4205 1213 4275 ἐπέρηται
1245 4206 1353 4277 γὰρ
1398 4206 1594 4276 ψυχῆς,
1624 4207 1690 4261 δι’
1726 4200 1796 4279 ἧς

222 4299 466 4349 κινεῖται
496 4297 561 4348 τὸ
599 4296 777 4366 σῶμα.
807 4295 965 4349 Οὕτω
995 4297 1155 4350 πάλιν
1184 4298 1281 4349 καὶ
1328 4296 1603 4367 βασιλεύει
1635 4302 1664 4352 6
1701 4298 1797 4352 ἄν·

221 4388 475 4459 θρωπος,
533 4388 630 4441 καὶ
680 4387 853 4457 κρίνει
907 4388 1049 4441 κατὰ
1095 4390 1326 4459 μίμησιν
1365 4389 1459 4443 τοῦ
1502 4391 1609 4444 τῶν
1661 4391 1798 4445 ὅλων

1871 549 2128 603 sensitiva
2171 558 2225 603 et
2281 549 2643 605 intellectiva:
2677 555 2739 600 ut
2780 546 2889 615 26
2924 555 3157 614 utraque
3185 546 3427 615 quidem,

1872 647 1981 694 tam
2006 640 2277 707 animata,
2300 656 2464 711 quam
2488 641 2807 705 inanimata,
2838 650 2997 691 usum
3039 636 3115 689 illi
3137 637 3303 690 veluti
3339 637 3433 689 tri-

1872 729 2061 783 butum
2116 731 2386 800 quoddam
2446 730 2752 799 praeberent
2790 746 2804 781 :
2844 737 3055 782 naturae
3097 741 3229 781 vero
3275 730 3433 781 inte!-

1873 820 2098 887 lectivaa,
2136 824 2266 876 dum
2296 821 2532 875 hominis
2554 836 2741 876 curam
2762 829 2977 891 gerunt,
3004 819 3431 875 benevolentiam

1874 926 2005 981 erga
2042 912 2354 967 Creatorem
2413 913 2871 968 demonstrarent.
2915 910 3030 964 Hoc
3080 910 3222 963 enim
3271 911 3433 963 etiam

1873 1002 2089 1057 divinus
2134 1003 2425 1073 Apostolus
2466 1004 2643 1057 dixit:
2674 999 2906 1055 «Nonne
2943 1013 3135 1054 omnes
3175 1006 3303 1053 sunt
3341 998 3437 1050 ad-

1873 1090 2253 1144 ministratorii
2280 1092 2527 1161 spiritus,
2560 1091 2615 1145 in
2637 1089 2997 1145 ministerium
3029 1087 3181 1141 missi
3217 1093 3438 1156 propter

1873 1195 1998 1246 eos,
2036 1183 2130 1251 qui
2168 1183 2536 1237 haereditatem
2589 1182 2805 1251 capient
2866 1179 3059 1235 salutis
3081 1177 3141 1230 ιῗ
3175 1198 3196 1230 ι
3222 1178 3287 1230 Et
3337 1174 3442 1228 Do-

1876 1272 2056 1326 minus
2106 1273 2159 1326 in
2210 1273 2552 1344 Evangeliis:
2612 1291 2631 1324 ι
2689 1272 2892 1335 Videte,
2946 1286 3016 1325 ne
3078 1268 3438 1324 contemnatis

1876 1377 2040 1415 unum
2070 1378 2133 1417 ex
2168 1365 2380 1433 pusillis
2426 1365 2546 1420 istis
2589 1364 2830 1419 minimis
2851 1402 2865 1418 .
2892 1364 3065 1418 Arnen
3105 1363 3228 1417 dico
3258 1360 3437 1422 vobis,

1878 1454 2023 1523 quod
2061 1456 2237 1524 angeli
2280 1471 2467 1510 eorum
2505 1456 2749 1524 quotidie
2791 1457 2976 1509 vident
3037 1455 3228 1509 faciem
3262 1452 3439 1508 Patris

1877 1548 2006 1611 mei,
2034 1548 2127 1618 qui
2160 1548 2214 1602 in
2256 1550 2410 1604 caelis
2447 1558 2531 1604 est
2562 1561 2611 1603 ι.
2647 1568 2666 1600 ι
2710 1548 2967 1603 Nonnulli
3001 1549 3288 1611 dixerunt,
3320 1566 3340 1600 ι
3373 1546 3441 1600 ad

1880 1637 2169 1707 imaginem
2203 1638 2297 1693 Dei
2336 1659 2355 1691 ι
2392 1650 2639 1694 creatum
2671 1655 2793 1695 esse
2823 1640 3121 1709 hominem,
3141 1638 3439 1694 secundum

1878 1727 2191 1785 facultatem
2244 1730 2584 1793 dominandi,
2634 1740 2953 1800 argumento
2995 1730 3305 1785 clarissimo
3331 1730 3439 1793 usi,

1810 1798 1853 1856 Β
1882 1836 1949 1874 ex
1973 1836 2040 1875 eo
2061 1822 2205 1890 quod
2239 1820 2463 1877 Creator
2506 1798 2812 1891 subiunxit:
2852 1840 2871 1872 ι
2904 1821 2967 1876 Et
2990 1821 3338 1875 dominentur
3357 1821 3443 1890 pi-

1885 1914 2067 1968 scibus
2107 1916 2294 1979 maris,
2319 1924 2374 1969 et
2394 1914 2704 1969 volatilibus
2738 1914 2883 1978 cmli,
2910 1925 2965 1968 et
2994 1914 3202 1976 bestiis,
3230 1921 3284 1967 et
3310 1912 3437 1966 uni-

1885 2013 2059 2059 verme
2078 2013 2254 2067 terrae,
2289 2014 2345 2059 et
2393 2005 2650 2059 omnibus
2682 2004 2964 2073 reptilihus
2999 2003 3312 2070 repentibus
3349 2018 3444 2056 suo

1884 2111 1983 2165 per
2003 2105 2204 2149 terram
2230 2097 2281 2150 δ.
2312 2115 2331 2148 ι
2365 2096 2833 2161 Quemadmodum
2871 2095 3014 2149 enim
3062 2096 3176 2164 ipse
3200 2094 3444 2149 omnium

1886 2196 2034 2241 tenet
2058 2187 2340 2257 imperium
2365 2204 2378 2241 :
2411 2190 2481 2241 ita
2500 2187 2649 2242 dedit
2676 2187 2881 2241 homini
2906 2186 3211 2241 dominium
3234 2185 3451 2239 anima-

1884 2276 2017 2331 lium
2067 2277 2488 2332 irrationalium.
2532 2277 2813 2332 Facillime
2855 2285 3036 2331 autem
3098 2278 3448 2345 reperiuntur

1886 2378 1939 2423 et
1967 2369 2094 2433 alia,
2128 2369 2182 2423 in
2221 2371 2423 2438 quibus
2455 2371 2731 2439 exemplar
2776 2369 3038 2423 imitatur.
3076 2367 3355 2437 Siquidem
3380 2368 3447 2420 ad

1887 2458 2246 2514 imitationem
2271 2460 2365 2515 Dei
2388 2460 2666 2516 Creatoris
2688 2461 2850 2516 homo
2867 2461 3121 2515 conditet
3149 2458 3448 2514 fabricatur

1886 2551 2100 2618 domos,
2133 2554 2393 2622 parietes,
2435 2554 2702 2620 civitates,
2734 2564 2945 2623 portus,
2985 2568 3172 2618 naves,
3212 2553 3446 2616 navalia,

1886 2658 2101 2709 currus,
2135 2657 2188 2698 et
2220 2646 2325 2699 alia
2364 2646 2614 2700 infinita:
2644 2646 2808 2700 veluti
2847 2646 3115 2716 imagines
3162 2654 3216 2698 et
3248 2645 3449 2714 figuras

1887 2737 1904 2756 ‘
1925 2736 2233 2803 cmli,solis,
2248 2738 2388 2793 luna:
2406 2747 2462 2792 et
2483 2738 2783 2805 stellarum,
2808 2740 2934 2792 item
2956 2739 3234 2792 hominum
3259 2748 3314 2791 et
3334 2739 3453 2791 aui-

1887 2829 2113 2884 malium
2146 2830 2542 2885 irrationalium
2577 2828 2800 2885 formas.
2828 2830 3040 2884 Infinita
3074 2840 3253 2885 tamen
3287 2831 3451 2884 estin

1887 2922 2097 2975 ratione
2150 2921 2415 2976 condendi
2461 2921 2771 2976 diversitas.
2820 2920 2957 2975 Nam
3004 2923 3149 2976 Deus
3200 2921 3448 2975 omnium

1886 3026 1952 3064 ex
1987 3011 2054 3064 iis
2085 3026 2207 3081 quae
2246 3020 2373 3066 sunt
2414 3022 2467 3066 et
2501 3027 2611 3066 non
2650 3021 2776 3066 sunt
2804 3023 2977 3077 creat,
3008 3013 3172 3082 idque
3220 3012 3338 3066 sine
3371 3011 3453 3064 la-

1888 3101 2019 3157 bore
2066 3113 2121 3157 et
2157 3112 2429 3174 tempore:
2464 3104 2592 3174 quia
2626 3105 2789 3159 simul
2837 3113 3002 3174 atque
3051 3105 3452 3171 voluerit,pro-

1888 3195 2038 3249 ducit
2089 3196 2234 3265 quod
2285 3197 2336 3251 ei
2391 3196 2678 3266 placuerit.
2720 3195 2895 3250 Homo
2933 3196 3039 3265 27
3068 3209 3194 3249 vero
3223 3191 3450 3248 materia

1889 3300 2027 3356 opus
2074 3284 2255 3352 habet,
2284 3286 2491 3357 indiget
2534 3288 2935 3353 instrumentis,
2964 3287 3191 3341 consilio
3223 3295 3277 3339 et
3303 3283 3452 3353 cOgi-

1891 3378 2116 3445 tatione,
2168 3388 2409 3450 tempore
2462 3390 2519 3436 et
2550 3381 2760 3445 labore,
2791 3396 2856 3435 ac
2905 3379 3119 3435 caeteris
3143 3378 3354 3433 artibus
3382 3377 3450 3432 ad

1890 3484 2026 3537 opus
2078 3472 2526 3526 construendum.
2562 3472 2841 3542 Siquidem
2889 3473 3221 3529 architectus
3247 3471 3452 3540 indiget

1892 3558 2046 3614 fabro
2070 3561 2285 3625 aerario,
2315 3560 2467 3616 faber
2500 3573 2682 3617 autem
2706 3563 2931 3617 aerarius
2966 3561 3240 3617 metallico
3258 3569 3317 3616 et
3341 3568 3453 3615 car-

1890 3651 2153 3706 honario:
2192 3661 2247 3707 et
2291 3667 2481 3708 omnes
2531 3653 2695 3709 simul
2740 3653 2808 3709 iis
2846 3653 2940 3721 qui
2964 3652 3107 3723 ligna
3137 3652 3455 3719 caedunt,ct

1892 3742 1984 3809 qui
2010 3742 2156 3812 ligna
2178 3742 2414 3809 caedunt,
2444 3744 2511 3798 iis
2538 3744 2632 3813 qui
2666 3743 2878 3813 plantas
2916 3753 3009 3798 aut
3044 3753 3248 3798 terram
3283 3758 3451 3800 exco-

1892 3835 2033 3890 lunt.
2070 3838 2246 3906 Atque
2271 3836 2375 3890 hoc
2398 3845 2559 3905 pacto
2597 3851 2689 3890 ars
2738 3850 3076 3905 unaquaeque
3103 3836 3174 3891 ab
3203 3835 3327 3891 aliis
3358 3851 3453 3889 ara

1892 3926 2039 3981 tibus
2104 3926 2251 3997 quod
2314 3942 2452 3997 opus
2503 3927 2665 3982 habet
2726 3935 3025 3981 mutuatur.
3071 3925 3451 3982 Verumtamen

1894 4018 2079 4085 homo,
2116 4019 2244 4073 dum
2277 4018 2351 4073 ita
2392 4018 2666 4088 quidpiam
2696 4018 2989 4081 construit,
3028 4018 3274 4072 imitatur
3311 4033 3453 4087 quo--

1894 4106 2184 4163 dammodo
2237 4107 2596 4172 Creatorem,
2630 4107 2778 4160 velut
2829 4106 3011 4177 imago
3072 4108 3449 4178 archetypum.

1894 4196 2078 4268 Imago
2106 4198 2247 4253 enim
2298 4199 2571 4268 archetypi
2621 4197 2845 4269 figuram
2881 4200 3064 4254 habet.
3092 4197 3292 4253 Verum
3323 4215 3450 4254 cum

1895 4289 2262 4344 membrorum
2302 4289 2543 4366 speciem
2585 4290 2802 4355 habeat,
2838 4290 3078 4344 actiones
3124 4300 3304 4344 tamen
3343 4306 3453 4345 non

1898 4382 2099 4437 habet:
2131 4392 2277 4436 caret
2305 4383 2450 4437 enim
2483 4384 2687 4449 anima,
2723 4399 2817 4452 per
2848 4397 3009 4451 quam
3060 4392 3310 4437 movetur
3334 4398 3453 4436 cor-

223 4481 393 4536 Θεοῦ,
425 4479 566 4532 Ἀλλ’
591 4481 618 4531 ὁ
643 4478 740 4548 μὲν
764 4476 895 4541 Θεὸς
919 4479 980 4531 οὐ
1001 4479 1341 4549 κατηγόρων,
1357 4482 1416 4533 οὐ
1437 4482 1726 4556 μαρτύρων
1748 4472 1792 4515 :‘o

1895 4490 2020 4545 pus.
2043 4473 2279 4530 Rursum
2312 4474 2381 4529 ad
2410 4474 2581 4530 instar
2626 4473 2719 4530 Dei
2756 4475 2996 4529 omnium
3025 4473 3335 4530 Conditoris
3369 4491 3454 4529 re-

224 4572 408 4624 δεῖται
434 4568 670 4631 δικάζων
690 4582 703 4595 ⁸
743 4566 886 4620 οὕτω
918 4568 1028 4639 γὰρ
1058 4569 1153 4621 καὶ
1175 4569 1266 4621 τὸν
1292 4571 1431 4624 Κάῖν
1456 4572 1793 4643 κατέκρινεν,

229 4665 310 4726 ὡς
344 4663 624 4729 αὐτόπτης
651 4659 745 4713 τοῦ
772 4659 974 4730 μύσους
1012 4659 1395 4730 γεγενημένος.
1434 4663 1492 4714 '0
1518 4661 1573 4714 δὲ
1595 4661 1799 4733 ἄνθρω-

234 4772 341 4819 πος
372 4755 583 4825 κρίνων
620 4755 716 4806 καὶ
751 4753 1043 4824 μαρτύρων
1083 4753 1272 4817 δεῖται,
1314 4754 1406 4806 καὶ
1444 4755 1794 4826 κατηγόρων

232 4850 426 4915 ἀγνοεῖ
448 4845 560 4916 γὰρ
589 4846 658 4899 τὰ
690 4843 1052 4913 γεγενημένα.
1090 4842 1245 4896 Οὕτω
1271 4846 1366 4897 καὶ
1390 4843 1518 4908 Θεὸς
1545 4847 1572 4898 6
1595 4844 1799 4916 ἄνθρω-

237 4954 342 4999 πος
379 4935 708 5005 ὠνομάσθη,
746 4934 931 5003 ἐπειδὴ
966 4933 1130 4987 εἰκὼν
1170 4935 1581 5005 προσηγορεύθη
1620 4935 1753 4989 Θεοῦ
1779 4950 1794 4965 ’

242 5046 261 5077 ι
300 5028 467 5097 Ἀνὴρ
486 5026 613 5103 γάρ,
638 5025 822 5096 φησὶν,
842 5026 941 5078 οὐκ
960 5024 1160 5094 ὀφείλει
1175 5025 1679 5080 κατακαλύπτεσθαι
1697 5028 1797 5099 τὴν

314 5191 337 5216 ⁷
370 5180 533 5235 llebr.
558 5197 597 5245 ι,
622 5181 709 5234 ιι.
784 5195 809 5221 ι
839 5180 1025 5235 Matth.
1056 5196 1207 5245 xvm,
1237 5180 1323 5234 10.
1402 5180 1429 5219 b
1456 5178 1589 5234 Gen.
1633 5196 1671 5245 ι,
1704 5175 1796 5235 26.

1892 4576 2021 4640 goat
2049 4571 2213 4623 homo
2261 4576 2317 4623 et
2355 4568 2585 4635 judicat.
2615 4567 2810 4637 Verum
2856 4568 3002 4627 Deus
3043 4569 3454 4623 accusatoribus

1893 4670 1988 4714 aut
2025 4660 2252 4715 testibus
2296 4658 2520 4714 minimc
2562 4659 2804 4729 indiget,
2836 4658 3053 4728 quando
3094 4658 3319 4727 judicat.
3366 4658 3455 4724 Sic

1894 4751 2039 4805 enim
2068 4750 2201 4805 Cain
2245 4751 2643 4815 condemnavit,
2677 4761 2931 4820 tanquam
2972 4751 3197 4805 sceleris
3222 4751 3342 4819 ejus
3376 4761 3455 4803 te-

1897 4845 1996 4900 stis
2045 4846 2313 4900 oculatus.
2355 4846 2531 4901 Homo
2574 4861 2701 4902 vero
2737 4846 3032 4917 judicando
3066 4847 3293 4902 testibus
3314 4861 3453 4915 opus

1902 4935 2064 4991 habet
2106 4946 2157 4991 et
2207 4937 2648 5002 accusatoribus,
2683 4952 2805 4992 cum
2854 4936 3066 5006 ignoret
3117 4950 3237 5005 quae
3262 4949 3452 5005 perpe-

1903 5034 2044 5083 trata
2096 5039 2243 5083 sunt.
2276 5028 2344 5083 Et
2390 5030 2470 5085 sic
2511 5030 2674 5084 homo
2717 5036 2945 5083 vocatus
2986 5038 3069 5083 est
3114 5028 3288 5093 Deus,
3326 5028 3453 5095 quia

1088 5293 1326 5350 VARI/E
1367 5292 1743 5349 LECTIONES
1770 5294 1864 5351 EX
1916 5295 2186 5350 CATENA
2225 5294 2578 5350 LlPSlENSl.

346 5415 405 5467 ".
437 5413 559 5467 Cat.
597 5426 652 5481 p.
684 5411 752 5466 45
789 5410 849 5463 οὐ
875 5409 1166 5480 μαρτύρων
1199 5425 1312 5463 om.

237 5688 427 5757 verba,
461 5688 627 5761 quam
657 5704 829 5761 supra,
853 5704 909 5759 p.
938 5688 990 5761 6Σ

309 5757 687 5835 (57)ἐὶέρων.
721 5757 943 5815 et
968 5757 1082 5812 Pic.
1119 5758 1382 5829 στερρῶν.

520 5858 797 5917 Ρλτιιοι..
837 5854 953 5915 Gn.
982 5851 1211 5915 LXXX.

1731 5502 1958 5561 NOTAE.

310 5625 426 5694 (56)
456 5624 631 5691 ὁρᾶτε
664 5648 733 5660 —-
754 5619 822 5673 ἐν
848 5617 1143 5694 οὐρανοῖς.
1173 5618 1342 5673 Aliter
1370 5632 1429 5674 se
1460 5618 1661 5675 habent
1687 5617 1802 5673 haec

2126 5614 2258 5693 ng.
2284 5623 2341 5693 et
2363 5613 2477 5693 Pic.
2516 5615 2795 5693 μετάλλων
2828 5618 2919 5671 καί
2947 5618 3247 5690 ἀνθράκων.

1981 5685 2094 5755 (59)
2128 5685 2245 5755 τῶν
2268 5687 2365 5738 ὑλ.
2386 5685 2484 5739 καὶ
2506 5689 2580 5738 οἱ.
2610 5687 2829 5741 Desunt.

1980 5756 2090 5827 (60)
2123 5754 2255 5812 Cod.
2286 5764 2341 5810 et
2375 5757 2488 5812 Pic.
2509 5756 2811 5825 ὲνάρξεται.

3066 5850 3103 5911 4
