3964 6530
502 304 599 367 1οἹ

1484 300 1973 361 THEODORETI
2010 298 2354 359 EPISCOPI
2394 300 2761 361 CYRENSIS

3644 302 3747 369 108

498 418 683 487 imago
729 416 821 470 Dei
857 414 1160 485 appellatus
1197 422 1312 469 est:
1355 433 1372 463 ι
1406 413 1683 480 Virenim,
1710 415 1807 479 ait,
1842 431 1949 469 non
1975 414 2071 467 tle-

2176 414 2436 485 κεφαλὴν,
2462 413 2625 468 εἰκὼν
2653 414 2749 467 καὶ
2778 414 2904 480 δόξα
2930 414 3065 468 Θεοῦ
3090 413 3373 487 ὑπάρχων.
3397 434 3417 469 ι
3456 412 3614 470 Ἀλλὰ
3640 417 3751 474 πά-

496 511 590 564 bet
630 508 812 562 velare
855 516 1038 577 caput,
1070 521 1197 562 cum
1237 507 1309 561 sit
1341 506 1522 578 imago
1558 517 1613 561 et
1636 508 1807 577 gloria
1840 506 1935 561 Dei
1963 516 2011 559 ε.
2043 526 2061 557 ι

496 603 567 654 At
592 601 733 656 Deus
761 600 1005 655 omnium
1041 597 1297 655 conditor
1332 607 1581 653 naturam
1611 600 1775 654 habet
1802 599 2063 662 divinam,

498 708 605 749 non
660 693 1078 765 appellationem
1143 691 1390 746 nudam:
1446 692 1610 745 homo
1661 701 1843 746 autem
1878 690 2067 755 ,velut

496 786 677 857 imago
698 826 714 849 ,
754 796 965 840 tantum
1004 799 1205 840 nomen
1245 784 1445 848 habet,
1473 799 1599 839 cum
1625 784 1746 854 ipsa
1775 799 1835 839 re
1859 791 2062 838 careat.

499 876 593 931 Sic
615 886 669 931 et
685 875 1211 946 incircumscriptum
1227 889 1368 940 esse,
1384 889 1509 930 vero
1538 884 1593 929 et
1605 873 1822 945 proprie
1835 872 2068 944 pertinet

496 970 567 1025 ad
599 971 769 1026 Deum
798 968 1043 1024 omnium
1072 987 1085 1023 :
1114 967 1357 1022 imitatur
1382 976 1565 1021 autem
1589 967 1643 1022 id
1664 964 2068 1036 quodammodo

497 1076 652 1117 mens
704 1064 968 1120 humana.
1002 1060 1057 1114 in
1112 1068 1391 1114 momento
1425 1057 1762 1129 perlustrans
1800 1057 2064 1115 orientem

495 1162 553 1209 et
580 1154 940 1217 occidentem,
972 1152 1282 1222 aquilonem
1313 1158 1368 1205 et
1414 1149 1717 1215 meridiem,
1742 1150 1987 1206 cmlestia
2013 1157 2067 1204 et

499 1245 873 1308 subterranea,
906 1258 1015 1297 non
1044 1256 1254 1307 revera,
1284 1242 1396 1312 28
1413 1240 1507 1296 sed
1534 1240 1647 1295 sola
1677 1241 1907 1298 rationis
1928 1242 2065 1298 ima-

498 1336 794 1405 ginatione.
824 1334 967 1389 Deus
994 1342 1175 1389 autem
1202 1334 1501 1389 secundum
1529 1332 1886 1388 substantiam
1909 1348 2065 1389 suam

497 1438 553 1483 et
585 1428 907 1498 sapientiam
943 1436 998 1481 et
1033 1428 1286 1482 virtutem
1317 1425 1542 1481 minime
1571 1425 2063 1481 circumscribitur.

498 1521 745 1575 Invenire
770 1519 931 1574 etiam
964 1520 1162 1589 poterit
1192 1519 1463 1589 quispiam
1510 1518 1868 1572 imitationem
1904 1517 2065 1573 aliam

498 1613 763 1681 aptiorem
810 1622 865 1666 et
905 1610 1398 1665 convenientiorem
1454 1610 1509 1664 in
1564 1610 1744 1665 anima
1803 1610 2063 1665 humana.

498 1704 669 1757 Habet
711 1703 857 1757 enim
907 1702 1026 1772 ipsa
1068 1700 1380 1756 facultatem
1416 1702 1739 1757 rationalem
1771 1712 1825 1756 et
1850 1702 2066 1756 vitalem

2172 508 2257 560 λιν
2281 510 2309 562 6
2340 506 2440 577 μὲν
2473 506 2582 560 τῶν
2615 506 2751 561 ὅλων
2783 506 2915 571 Θεὸς
2952 506 3113 576 φύσεν
3140 506 3252 576 ἔχει
3282 506 3454 572 Θείαν,
3485 508 3545 560 οὑ
3576 524 3751 578 προσ.

2173 599 2403 670 ηγορίαν
2430 598 2640 669 ιψιλήν·
2671 600 2699 652 6
2753 598 2811 652 δὲ
2840 597 2936 653 ἄνθ
2948 615 3150 669 ρωπος,
3177 598 3255 660 ώς
3284 597 3469 665 εἰκὼν,
3506 600 3752 671 τοῦνομα.

2173 692 2285 763 ἔχει
2309 691 2488 761 μόνον,
2517 693 2879 761 ἐστερημένος
2904 693 2949 723 ²⁰
2973 690 3067 744 τοῦ
3097 692 3441 762 πράγματος.
3475 690 3631 746 (ὶὺτω
3654 692 3755 745 καὶ

2172 782 2231 836 τὸ
2276 782 2656 853 άπερίγραφον
2696 781 2913 853 ἀληθῶς
2962 782 3061 854 μὲν
3096 784 3191 836 καὶ
3241 784 3441 855 κυρίως
3488 784 3605 837 ἐστὶ
3648 781 3752 837 τοῦ

2170 871 2281 925 τῶν
2311 873 2447 926 ὅλων
2484 871 2642 927 Θεοῦ.
2670 873 2934 942 Μιμεῖτα;
2982 872 3040 926 δὲ
3086 870 3228 925 οὑτω
3265 888 3383 935 πως
3421 870 3554 926 αὑτὸ
3596 871 3692 925 καὶ
3717 871 3754 924 δ

2172 965 2299 1028 νοῦς
2330 966 2357 1017 6
2386 964 2727 1036 ἀνθρώπινος
2749 981 2763 994 ⁸
2790 965 2849 1017 ὲν
2871 964 3069 1036 ἀκαρεῖ
3094 964 3202 1036 γὰρ
3226 966 3537 1036 περινοστεῖ
3560 964 3657 1019 καὶ
3680 964 3757 1019 τὰ

2174 1056 2310 1128 ἑῷα,
2350 1058 2445 1110 καὶ
2478 1056 2544 1109 τὰ
2566 1057 2819 1125 ἑσπέρια,
2851 1056 2948 1109 καὶ
2990 1055 3062 1109 τὰ
3095 1055 3302 1127 βόρεια,
3333 1058 3429 1111 καὶ
3468 1058 3537 1112 τὰ
3574 1057 3752 1118 νότια.

2172 1148 2269 1203 καὶ
2296 1150 2366 1203 τά
2403 1149 2724 1218 ἐπουράνια,
2754 1147 2939 1202 καὶτὰ
2969 1147 3265 1218 ὑποχθόνια
3289 1165 3303 1179 ⁸
3340 1148 3456 1204 ἀλλ’
3478 1149 3539 1203 οὑ
3567 1152 3634 1221 τῇ
3661 1150 3723 1202 οὑ
3742 1176 3757 1187 -

2174 1240 2288 1311 σία,
2340 1239 2475 1312 μόνῃ
2521 1241 2577 1294 δὲ
2618 1242 2681 1311 τῇ
2725 1239 2819 1293 τοῦ
2870 1239 3133 1311 λογισμοῦ
3169 1242 3463 1313 φαντασίᾳ.
3498 1243 3557 1297 ’0
3587 1242 3645 1296 δέ
3686 1259 3754 1311 γε

2174 1330 2306 1393 Θεδς
2336 1332 2432 1385 καὶ
2456 1334 2522 1402 τῇ
2547 1332 2704 1403 οὑσίᾳ
2735 1332 2828 1385 καὶ
2848 1334 2913 1403 τῇ
2938 1332 3101 1404 σοφίᾳ
3121 1334 3190 1399 ³⁸,
3214 1334 3308 1389 καὶ
3326 1336 3395 1407 τῇ
3433 1333 3661 1406 δυνάμει
3689 1334 3755 1388 τὸ

2174 1423 2557 1495 ἀπερίγραφον
2592 1422 2727 1493 ἔχει.
2752 1421 2919 1497 Εὑροι
2945 1422 2990 1477 δ’
3016 1424 3082 1479 ἄν
3109 1441 3197 1489 τις
3223 1426 3319 1481 καὶ
3343 1425 3538 1497 ἑτέραν
3572 1427 3754 1498 μίμη-

2176 1531 2263 1567 σιν
2308 1514 2708 1587 ἀκρισεστέραν
2738 1518 2797 1570 ἑν
2830 1519 2896 1588 τῇ
2927 1515 3017 1571 τοῦ
3051 1516 3337 1587 ἀνθρώπου
3379 1520 3542 1573 πάλιν
3575 1520 3749 1591 ψυχῇ.

2178 1607 2348 1677 Ἔχεις
2370 1607 2479 1676 γὰρ
2528 1608 2667 1677 αὑτὴ
2708 1608 2801 1661 καὶ
2832 1607 2893 1661 τὸ
2921 1608 3156 1678 λογικὸν,
3192 1611 3287 1664 καὶ
3317 1610 3380 1666 τδ
3423 1610 3652 1676 ζωτικὸν
3690 1616 3753 1667 εν

2173 1702 2365 1769 ἑαυτῇ.
2400 1700 2509 1752 Καὶ
2539 1701 2703 1771 γεννᾷ
2736 1701 2832 1770 μὲν
2858 1702 2886 1754 6
2914 1700 3041 1764 νοῦς
3068 1702 3159 1759 τὸν
3198 1702 3381 1772 λόγον,
3414 1706 3750 1776 συμπρόεισι

500 1798 557 1851 in
576 1811 655 1850 se.
683 1796 749 1850 Et
789 1810 943 1851 mens
968 1795 1183 1865 quidem
1234 1794 1489 1864 producit
1520 1810 1853 1862 sermonem,
1876 1811 2069 1866 proce-

2176 1791 2226 1844 δὲ
2254 1791 2331 1862 τῷ
2358 1791 2502 1861 λόγῳ
2531 1791 2767 1862 πνεῦμα,
2790 1792 2851 1845 οὑ
2872 1793 3213 1864 γεννώμενον
3234 1795 3486 1868 καθάπερ
3514 1800 3543 1851 6
3568 1798 3748 1867 λόγος·

499 1889 581 1943 dit
626 1900 809 1945 autem
861 1904 987 1943 cum
1034 1902 1286 1943 sermone
1333 1888 1579 1958 spiritus.
1619 1902 1727 1942 non
1777 1884 2068 1958 generatus

499 1984 741 2054 quidem,
775 1981 1234 2052 quemadmodum
1282 1996 1482 2046 sermo,
1516 1980 1612 2037 sed
1640 1992 1905 2052 perpetuo
1938 1998 2069 2037 con-

500 2090 735 2145 sequens
766 2088 1093 2137 sermonem,
1125 2084 1325 2127 etcum
1359 2087 1444 2137 eo,
1473 2072 1602 2127 dum
1643 2073 1842 2137 editur,
1870 2088 2065 2142 proce-

501 2170 658 2223 dens.
696 2167 803 2223 Sed
829 2166 1140 2232 bujusmodi
1171 2166 1398 2221 'adsunt
1419 2165 1630 2220 homini
1652 2173 1911 2235 tanquam
1934 2166 2070 2219 ima-

498 2256 651 2327 gini:
677 2254 1030 2325 quamobrem
1082 2270 1184 2309 nec
1222 2268 1437 2317 sermo,
1472 2270 1571 2311 nec
1618 2255 1843 2327 spiritus
1891 2270 1985 2325 per
2014 2273 2072 2312 se

503 2346 774 2402 subsistit.
817 2346 887 2400 At
936 2346 991 2402 in
1040 2356 1227 2401 sancta
1270 2345 1539 2401 Trinitate
1568 2356 1678 2402 tres
1717 2348 2070 2417 intelligimus

502 2437 845 2508 hypostases,
884 2449 1087 2505 easque
1132 2434 1250 2490 sine
1290 2434 1612 2491 confusione
1651 2437 1852 2502 unitas,
1888 2446 1942 2491 et
1976 2453 2072 2508 per

503 2545 562 2584 se
599 2529 979 2585 subsistentes.
1012 2526 1147 2582 Nam
1175 2536 1301 2584 ante
1324 2529 1520 2584 saecula
1547 2530 1763 2599 genitus
1792 2542 1876 2586 est
1904 2547 1933 2585 a
1961 2530 2067 2587 Pa-

501 2632 583 2675 tre
627 2620 768 2677 Deus
795 2620 1033 2675 Verbum
1061 2640 1073 2675 :
1109 2620 1490 2690 inseparabilis
1521 2631 1701 2677 autem
1730 2632 1813 2679 est
1836 2639 1865 2677 a
1909 2624 2072 2680 Geni-

500 2723 641 2775 tore,
677 2721 731 2768 et
774 2711 1019 2783 procedit
1048 2726 1078 2765 a
1114 2712 1221 2767 Deo
1265 2721 1320 2767 et
1346 2712 1509 2767 Patre
1547 2713 1790 2784 Spiritus
1818 2725 2062 2778 sanctus,

498 2806 687 2875 quiet
732 2805 1053 2877 intelligitur
1100 2805 1154 2858 in
1196 2808 1416 2876 propria
1466 2806 1771 2878 hypostasi.
1823 2826 1842 2859 ι
1878 2809 2069 2863 Omnia

499 2900 645 2954 enim
699 2908 953 2968 operatur
976 2940 990 2963 ,
1025 2897 1244 2967 inquit,
1279 2914 1421 2953 unus
1448 2907 1504 2953 et
1539 2899 1678 2953 idem
1709 2900 1965 2969 Spiritus,
1993 2902 2073 2956 di—

498 2992 690 3046 videns
722 2991 995 3061 sigillatim
1025 2992 1317 3061 unicuique
1341 3000 1505 3062 prout
1538 2990 1717 3047 vultd.
1744 3012 1761 3044 ι
1791 2993 1984 3048 Verum
2006 2995 2073 3050 de

502 3088 589 3142 his
614 3103 717 3141 non
747 3087 904 3155 debet
934 3086 1193 3155 prolixius
1220 3087 1347 3149 dici,
1376 3087 1521 3157 quod
1552 3086 1717 3157 hujus
1739 3088 1813 3142 rei
1836 3088 2073 3146 inﬁnitas

501 3178 988 3233 demonstrationes
1006 3177 1241 3246 reperire
1267 3177 1392 3231 licet
1410 3178 1463 3231 in
1491 3188 1680 3233 sancta
1712 3178 2015 3250 Scriptura.

2174 1884 2677 1955 συμπαρομαρτοῦν
2737 1885 2795 1938 δὲ
2843 1886 2931 1940 ἀεὶ
2980 1886 3057 1959 τῷ
3105 1887 3268 1957 λόγῳ,
3310 1888 3407 1943 καὶ
3441 1892 3752 1962 συμπροῖὺν

2171 1980 2517 2049 γεννωμένῳ.
2561 1978 2720 2032 Ἀλλὰ
2749 1978 2921 2033 ταῦτα
2965 1978 3042 2041 ώς
3078 1980 3136 2033 ὲν
3164 1981 3332 2035 εἰκόνι
3376 1983 3633 2053 πρόσεστι
3672 1983 3752 2051 τῷ

2172 2070 2445 2141 ἀνθρώπῳ
2464 2087 2476 2100 ο
2502 2064 2565 2125 οῦ
2584 2070 2647 2142 δὴ
2672 2071 2835 2141 χάριν
2860 2071 2956 2124 καὶ
2979 2072 3350 2137 ἀνυπόστατος
3372 2074 3401 2125 6
3425 2073 3581 2144 λόγος
3606 2076 3750 2135 ἐστὶ.

2171 2164 2264 2216 καὶ
2317 2162 2378 2215 τὸ
2427 2161 2660 2233 πνεῦμα.
2709 2163 2833 2217 Ἐπὶ
2882 2162 2939 2216 δὲ
2989 2163 3087 2236 τῆς
3134 2165 3294 2234 ἁγίας
3328 2166 3552 2237 Τριάδος
3598 2169 3751 2239 τρεῖς

2173 2256 2403 2325 νοοῦμεν
2451 2255 2550 2317 τὰς
2597 2256 2944 2321 ὑποστάσεις,
2980 2257 3076 2311 καὶ
3105 2257 3427 2329 ἀσυγχύτως
3456 2259 3567 2330 (61)
3608 2261 3752 2331 ἠνω-

2176 2348 2363 2418 μένας,
2402 2348 2495 2400 καὶ
2534 2348 2655 2401 καθ’
2688 2349 2887 2413 ἑαυτὰς
2914 2334 3251 2420 ὑφεστώσας.
3282 2352 3605 2423 Γεγέννηται
3647 2355 3754 2424 μὲν

2174 2440 2282 2513 γὰρ
2325 2442 2431 2512 πρὸ
2466 2441 2577 2493 τῶν
2609 2440 2819 2495 αἰώνων
2857 2444 2921 2496 ἐκ
2946 2439 3038 2496 τοῦ
3074 2445 3285 2515 Πατρὸς
3320 2447 3349 2498 6
3376 2446 3505 2509 Θεὸς
3540 2447 3750 2517 Λόγος⁶

2174 2534 2475 2605 ἀχώριστος
2498 2534 2554 2587 δέ
2585 2535 2699 2587 ὲστι
2721 2533 2814 2587 τοῦ
2842 2536 3202 2605 γεννήσαντος
3220 2552 3233 2565 ⁸
3265 2537 3359 2591 καὶ
3388 2538 3753 2609 ἐκπορεύεται

2176 2625 2239 2677 ὲκ
2264 2624 2356 2677 τοῦ
2391 2625 2526 2678 Θεοῦ
2556 2626 2649 2679 καὶ
2683 2627 2899 2698 Πατρὸς
2933 2627 2993 2680 τὸ
3028 2628 3295 2697 πανάγιον
3323 2629 3577 2700 Πνεῦμω
3605 2635 3753 2684 νοεῖς

2176 2734 2263 2770 ται
2302 2716 2358 2769 δὲ
2396 2718 2492 2770 καὶ
2530 2719 2588 2771 ἐν
2630 2718 2738 2790 ἰδίᾳ
2765 2718 3083 2776 ὑποστάσει.
3116 2740 3134 2771 ι
3162 2722 3348 2777 Πάντα
3371 2723 3481 2793 γὰρ
3511 2726 3749 2796 ἐνεργεῖ,

2176 2810 2330 2879 φησὶ,
2351 2810 2411 2863 τὸ
2433 2810 2490 2863 ἒν
2519 2811 2697 2864 καὶτὸ
2716 2812 2847 2865 αὑτὸ
2873 2812 3118 2884 Πνεῦμα,
3140 2813 3379 2886 διαιροῦν
3406 2815 3510 2887 ίδίᾳ
3531 2817 3753 2887 ἑκάστῳ

2178 2903 2361 2968 καθὼς
2390 2904 2659 2975 βούλεται.
2689 2924 2708 2958 ι
2761 2906 2924 2961 Ἀλλά
2952 2909 3081 2979 περὶ
3114 2908 3319 2963 τούτων
3353 2911 3613 2981 μηκύνειν
3654 2912 3752 2965 τὸν

2177 2995 2333 3066 λόγον
2377 2998 2440 3051 οὑ
2486 2997 2599 3050 δεῖ*
2646 2997 2847 3068 μυρίας
2894 2998 3003 3070 γάρ
3037 3000 3183 3055 ἐστιν
3234 3002 3413 3073 εὑρεῖν
3442 3003 3753 3071 ἀποδείξεις

2180 3090 2368 3144 τούτου
2403 3094 2552 3164 παρὰ
2574 3094 2637 3163 τῇ
2660 3093 2778 3164 θείᾳ
2803 3093 3014 3165 Γραφῇ.

565 3269 863 3325 DIODORI.
880 3269 1110 3336 Quidam
1129 3269 1196 3323 ad
1214 3269 1506 3340 imaginem
1521 3269 1617 3326 Dei
1636 3271 1908 3328 hominem
1930 3288 2076 3328 crea-

2250 3272 2361 3343 (62)
2388 3275 2737 3331 ΔΙΟΔΩΡΟΥ.
2772 3275 2928 3339 Τινὲς
2953 3277 2998 3307 ’³
3023 3276 3144 3332 κατ’
3166 3279 3351 3334 εἰκόνα
3376 3280 3509 3335 Θεοῦ
3535 3282 3627 3337 τὸν
3653 3284 3752 3340 ἇν-

500 3375 618 3419 tum
644 3377 765 3419 esse
790 3362 1037 3417 arbitrati
1068 3369 1216 3427 sunt,
1238 3362 1537 3417 secundum
1561 3366 1859 3443 potentiam
1880 3367 2074 3420 animae

503 3456 871 3512 invisibilem:
908 3471 1020 3511 non
1044 3455 1427 3526 intelligentes.
1473 3457 1619 3525 quod
1649 3464 1706 3512 et
1736 3458 1957 3525 angelus
1989 3458 2073 3511 in—

501 3548 735 3603 visibilis
786 3557 889 3612 est,
932 3546 1184 3602 similiter
1231 3556 1286 3602 et
1327 3546 1561 3602 daemon.
1599 3546 1814 3614 Quibus
1848 3563 2073 3617 respon-

503 3638 742 3693 dendum
768 3646 853 3693 est
883 3636 937 3691 id
972 3637 1160 3701 modo,
1195 3636 1340 3707 quod
1382 3638 1522 3692 inter
1556 3638 1807 3693 homines
1851 3654 2073 3692 mascu~

504 3732 593 3786 lus
621 3740 677 3786 et
691 3728 887 3785 femina
918 3730 1220 3785 secundum
1260 3744 1459 3799 corpus
1482 3739 1532 3784 et
1556 3730 1797 3784 animam
1831 3730 2073 3785 eamdem

503 3826 685 3880 sortiti
731 3826 840 3881 sint
884 3832 1158 3879 naturam.
1193 3822 1303 3878 Cur
1331 3824 1495 3893 igitur
1523 3823 1632 3894 29
1656 3822 1862 3879 Paulus
1898 3822 2072 3877 virum

504 3917 724 3988 quidem
766 3916 1056 3987 imaginem
1100 3915 1194 3970 Dei
1229 3915 1389 3981 dixit,
1441 3932 1549 3970 non
1577 3916 1741 3970 etiam
1759 3914 2072 3980 mulierem,

504 4010 551 4064 si
603 4008 905 4065 secundum
959 4017 1163 4078 partem
1199 4008 1397 4062 anima:
1444 4008 1762 4063 rationalem
1796 4009 1962 4062 homo
1991 4016 2078 4062 est

506 4103 686 4172 imago
734 4100 872 4157 Dei?
911 4101 1093 4172 Inquit
1139 4101 1322 4156 enim:
1367 4120 1386 4153 ι
1423 4100 1515 4155 Vir
1553 4102 1795 4171 quidem,
1831 4117 1958 4157 cum
2007 4101 2078 4156 sit

506 4197 688 4264 imago
726 4202 779 4249 et
796 4193 969 4264 gloria
1013 4193 1128 4259 Dei,
1172 4209 1280 4248 non
1314 4193 1475 4249 debet
1506 4194 1689 4249 velare
1723 4204 1921 4264 caput:
1957 4208 2077 4247 mu-

505 4290 607 4344 lier
630 4299 809 4344 autem
837 4289 1007 4360 gloria
1036 4289 1138 4343 viri
1165 4299 1249 4344 est
1269 4300 1313 4342 ε.
1341 4306 1359 4340 ι
1396 4288 1454 4343 Si
1476 4302 1604 4359 ergo
1636 4287 1729 4358 qui
1769 4302 1877 4341 non
1916 4286 2078 4341 debet

504 4381 684 4434 velare
706 4388 890 4451 caput,
924 4380 1103 4449 imago
1136 4378 1233 4434 Dei
1265 4388 1367 4444 est,
1402 4378 1644 4448 profecto
1686 4393 1808 4447 quae
1841 4379 2073 4443 velatur,

506 4486 614 4526 non
674 4480 755 4526 est
807 4472 986 4542 imago
1032 4471 1147 4536 Dei,
1188 4470 1442 4540 quamvis
1476 4469 1719 4539 ejusdem
1779 4469 1977 4523 animae
2007 4468 2078 4521 sit

506 4562 800 4632 particeps.
832 4560 1119 4628 Quomodo
1137 4574 1267 4631 ergo
1290 4559 1451 4614 homo
1480 4569 1565 4614 est
1594 4559 1775 4630 imago
1810 4557 1905 4613 Dei
1929 4556 1953 4610 ἵ
1977 4556 2077 4611 Se-

507 4654 747 4708 cundum
787 4653 1076 4723 imperium
1118 4661 1172 4708 et
1218 4661 1565 4721 potestatem.
1598 4651 1751 4719 Quod
1784 4651 2074 4722 perhibere

508 4745 720 4798 videtur
764 4746 927 4799 etiam
971 4760 1075 4798 vox
1125 4744 1331 4809 divina,
1365 4757 1487 4813 qua:
1527 4743 1697 4797 dicit:
1736 4762 1753 4795 ι
1782 4741 2072 4797 Faciamus

581 4897 603 4926 ε
633 4883 650 4936 l
678 4884 886 4948 Conxt,
918 4886 971 4937 7.
1058 4882 1086 4919 ει
1113 4881 1132 4938 1
1156 4880 1281 4937 Cor.
1320 4898 1419 4949 xu,
1450 4882 1540 4940 11.
1608 4893 1632 4921 ε
1664 4883 1683 4937 l
1720 4882 1849 4938 Cor.
1880 4898 1942 4948 ll,
1985 4883 2036 4936 7.

2177 3362 2393 3433 Θρωπον
2440 3365 2700 3436 ἐνόμισαν
2741 3366 2885 3420 κατὰ
2922 3367 2984 3420 τὸ
3011 3368 3110 3439 τῆς
3141 3368 3317 3440 ψυχῆς
3346 3370 3610 3442 ἀόρατον
3652 3375 3750 3428 καὶ

2174 3454 2234 3506 οὑ
2283 3454 2519 3525 συνῆκαν
2569 3456 2652 3509 ὅτι
2706 3457 2799 3509 καὶ
2831 3456 3062 3526 ἄγγελος
3103 3460 3355 3531 ἀόρατος,
3400 3463 3496 3517 καὶ
3534 3464 3750 3537 δαίμων

2174 3546 2425 3615 ἀόρατος.
2471 3547 2615 3618 Πρὸς
2661 3548 2755 3614 οὒς
2791 3551 3091 3620 ἀναγκαῖον
3138 3555 3310 3606 εἰπεῖν
3352 3555 3626 3623 τοσοῦτον,
3662 3559 3748 3612 ὃτι

2175 3640 2269 3691 καὶ
2302 3639 2363 3692 τὸ
2392 3638 2560 3711 ἄρρεν
2585 3642 2643 3694 ὲν
2666 3641 2995 3714 ἀνθρώποις,
3020 3646 3115 3698 καὶ
3144 3645 3205 3699 τὸ
3238 3645 3393 3718 θῆλυ,
3420 3651 3561 3704 κατά
3588 3667 3647 3703 τε
3683 3651 3749 3704 τὸ

2176 3730 2337 3803 σῶμα
2368 3733 2463 3785 καὶ
2494 3733 2592 3803 τὴν
2618 3734 2813 3805 ψυχὴν,
2844 3736 2944 3807 τῆς
2970 3737 3143 3809 αὑτῆς
3172 3738 3356 3810 είληχε
3394 3741 3629 3811 φύσεως.
3677 3743 3746 3797 Τί

2174 3823 2376 3893 δήποτε
2406 3823 2499 3879 οὑν
2525 3827 2554 3877 6
2583 3824 2796 3889 Παῦλος
2821 3826 2914 3879 τὸν
2945 3827 3046 3897 μὲν
3077 3828 3247 3899 ἄνδρα
3277 3830 3462 3885 εἰκόνα
3483 3831 3617 3886 Θεοῦ
3654 3832 3748 3886 λέ-

2175 3934 2283 3986 γει,
2319 3916 2503 3970 οὑκὲτι
2534 3917 2591 3971 δὲ
2621 3919 2714 3972 καὶ
2742 3919 2841 3990 τὴν
2866 3922 3123 3989 γυναῖκα,
3156 3923 3316 3995 είπερ
3348 3924 3489 3979 κατά
3523 3923 3615 3978 τὸν
3643 3924 3749 3995 τῆς

2176 4008 2354 4079 ψυχῆς
2408 4007 2567 4077 λόγον
2615 4008 2782 4063 εἰκὼν
2835 4010 2970 4065 Θεοῦ
3003 4014 3032 4067 6
3058 4012 3376 4085 ἄνθρωπος;
3407 4017 3570 4085 Λέγει
3607 4018 3743 4089 γὰρ,

2184 4120 2202 4151 ι
2235 4100 2395 4172 Ἀνὴρ
2442 4102 2539 4173 μὲν
2588 4102 2719 4174 γὰρ,
2763 4104 2927 4159 εἰκὼν
2974 4106 3067 4160 καὶ
3103 4106 3229 4173 δόξα
3278 4107 3413 4162 Θεοῦ
3457 4110 3743 4182 ὑπάρχων,

2176 4193 2275 4246 οὑκ
2302 4193 2505 4263 ὀφείλει
2542 4194 3052 4252 κατακαλύπτεσθαι
3080 4198 3180 4271 τὴν
3218 4200 3462 4273 κεφαλήν
3482 4218 3496 4232 ο
3519 4203 3655 4274 γυνὴ
3684 4204 3745 4257 δὲ

2180 4558 2374 4627 έχουσα
2397 4556 2470 4647 ’³,
2495 4559 2620 4624 Πῶς
2649 4556 2740 4615 οὖν
2774 4564 2907 4617 Θεοῦ
2940 4565 3103 4623 εἰκὼν
3155 4571 3184 4623 6
3231 4570 3548 4643 ἄνθρωπος;
3583 4574 3745 4627 Κατὰ

2179 4651 2240 4703 τὸ
2265 4650 2511 4720 ἀρχικὸν,
2540 4653 2681 4707 κατὰ
2704 4654 2763 4707 τὸ
2788 4656 3209 4721 ὲξουσιαστικόν.
3232 4663 3341 4717 Καὶ
3367 4663 3575 4734 μάρτυς
3601 4663 3746 4735 αὑτὴ

2178 4741 2271 4795 τοῦ
2306 4742 2442 4797 Θεοῦ
2489 4744 2641 4817 φωνὴ
2683 4747 2717 4817 ἠ
2761 4747 3013 4819 λέγουσα,
3056 4770 3074 4803 ι
3113 4753 3433 4827 Ποιήσωμεν
3455 4756 3746 4828 ἄνθρωπον

1356 5031 1591 5088 VARUS
1629 5031 2009 5088 LECTIONES
2038 5034 2133 5088 EX
2184 5031 2456 5090 CLTENA
2506 5035 2863 5095 LIPSlENSl.

596 5159 644 5189 ὀ
675 5152 1065 5229 ἐστερημένον.
1154 5153 1197 5184 ’⁸
1230 5148 1615 5229 καὶΔτῇῃσοφὶᾳ
1653 5163 1763 5229 oni.
1803 5150 1888 5229 ,υ
1928 5149 2084 5229 Qua}

2176 5165 2187 5204 :
2226 5149 2449 5229 Diodori
2515 5168 2713 5213 nomen
2743 5170 2855 5226 pra:
2918 5170 2978 5211 se
3039 5153 3241 5223 ferunt,
3273 5156 3328 5213 in
3361 5166 3547 5214 catena
3583 5172 3638 5229 p.
3672 5160 3745 5216 47

510 5218 1264 5288 Τιιεηίιοῐείό’νίηιιίεειιιῑιιι-.
1340 5222 1388 5253 ⁸³
1410 5218 1539 5273 Cat.
1566 5218 1619 5288 p.
1649 5218 1739 5273 47.
1769 5218 1869 5287 τῆς
1911 5223 2035 5275 αὑτ.
2066 5221 2084 5287 ς

2176 5240 2203 5290 ς.
2240 5221 2585 5293 ὑπάρχουσα.

2019 5358 2254 5416 NOTAE.

587 5463 699 5547 (61)
748 5446 1125 5530 ὰσυγχύτως.
1155 5455 1289 5511 Cod.
1317 5463 1372 5510 et
1398 5453 1511 5508 Pic.
1539 5461 1790 5521 repetunt
1829 5451 2073 5523 νοοῦμεν,

510 5546 637 5607 post
674 5548 870 5601 ασυγχ.
1766 5593 1777 5605 _

581 5603 693 5673 (62)
728 5600 934 5656 Nomen
956 5599 1177 5653 Diodori
1222 5598 1277 5674 in
1324 5596 1446 5651 cod.
1488 5608 1595 5674 non
1637 5601 1931 5674 ascriptum
1970 5602 2070 5648 est.

512 5666 755 5729 Aliorum
779 5674 967 5734 etiam,
998 5684 1229 5741 quorum
1262 5666 1738 5741 interpretationes
1768 5666 1819 5715 in
1840 5676 2070 5741 sequen-

512 5746 661 5803 tibus
688 5730 1031 5808 exliibentur;
1062 5742 1303 5804 nomina,
1329 5738 1380 5791 in
1406 5730 1594 5791 codice
1627 5742 1679 5789 ct
1713 5735 1854 5805 apud
1885 5730 2071 5789 Picum

2189 5456 2590 5528 desiderantur.
2625 5455 2765 5511 Sunt
2788 5456 2881 5526 qui
2912 5466 3125 5528 putant,
3156 5472 3215 5513 ea
3265 5474 3386 5528 quae
3413 5458 3515 5514 hoc
3542 5458 3664 5512 loco
3688 5468 3741 5512 et

2192 5527 2391 5599 passim
2422 5528 2475 5581 in
2514 5528 2867 5598 sequentibus
2890 5542 2923 5582 e
2958 5526 3194 5599 Diodoro
3230 5526 3463 5599 aliisque
3508 5529 3740 5599 scripto-

2193 5596 2343 5652 ribus
2379 5596 2861 5657 inseruntur,'non
2905 5612 2935 5651 a
2982 5596 3344 5663 Theodoreto,
3376 5596 3493 5654 'sed
3527 5599 3594 5651 ab
3620 5596 3745 5653 alio

2179 5667 2423 5808 :ptlodim
2432 5682 2567 5792 1435‘s;
2575 5669 2778 5725 addita.
2808 5668 2926 5725 Vid.
2956 5668 3163 5735 Oudin,
3194 5668 3270 5723 De
3293 5667 3744 5741 scriptorwccks.
