3964 6578
167 434 253 496 “:9
1270 425 1557 497 QUIEST.
1592 423 1671 483 IN
1712 420 1983 482 GENES.
2013 414 2189 485 ICAP.
2234 418 2282 479 Ι.

3309 415 3410 480 110

164 546 271 600 κατ’
295 541 487 595 εἰκόνα
517 542 818 613 ἡμετέραν,
848 542 943 594 καὶ
976 539 1096 594 καθ’
1127 538 1408 606 ὁμοίωσιν.
1438 554 1457 587 ι
1494 532 1606 588 Καὶ
1644 531 1736 584 τὸν

1847 525 2117 580 hominem
2135 523 2507 591 adimagiuem
2520 532 2574 578 et
2604 523 3015 579 similitudinem
3036 538 3278 584 nostram
3309 532 3354 586 ί.
3391 549 3409 580 ι

160 637 347 710 τρόπον
374 638 691 703 ἐπάγουσα,
718 653 741 686 ί
768 636 878 687 Καὶ
906 633 1231 705 ἀρχέτωσαν
1257 630 1367 684 τῶν
1406 628 1604 699 ἰχθύων
1637 627 1737 696 τῆς

159 728 451 796 θαλάσσης.
492 726 590 779 καὶ
617 724 726 778 τῶν
757 723 1019 777 πετεινῶν
1064 723 1158 777 τοῦ
1198 720 1452 793 οὐρανοῦ,
1492 718 1586 772 καὶ
1628 716 1738 770 τῶν

158 822 355 890 θηρίων
398 820 505 888 τῆς
550 818 676 887 γῆς,
720 836 739 868 ι
776 818 871 870 καὶ
899 816 969 869 τὰ
990 815 1138 885 έξῆς.
1172 814 1383 884 Ὠσπερ
1423 806 1516 866 οὖν
1553 812 1582 863 6
1604 806 1738 871 Θεὸς

154 914 255 967 τῶν
286 912 450 975 ὅλων,
485 908 635 962 οὕτω
674 909 769 963 καὶ
801 910 830 962 6
859 908 1147 979 ἄνθρωπος
1175 904 1283 958 τῶν
1312 903 1407 957 ἐπὶ
1431 903 1529 973 τῆς
1563 901 1664 972 γῆς
1691 900 1736 933 ³³

157 1003 451 1074 βασιλεύει.
498 1004 565 1055 Τί
597 998 727 1069 οὗν;
763 1002 863 1055 ούκ
894 1001 1051 1071 ἄρχει
1082 1000 1176 1053 καὶ
1219 1001 1251 1067 ὴ
1279 996 1416 1069 γυνὴ
1450 994 1559 1049 τῶν
1602 1011 1739 1069 προ-

157 1096 492 1166 ειρημένωνς
530 1092 696 1146 Ἀλλά
722 1089 965 1161 κεφαλὴν
993 1089 1106 1160 ἔχει
1132 1089 1225 1142 τὸν
1247 1088 1434 1158 ἄνδρα,
1464 1084 1741 1154 κρατοῦσα

156 1189 259 1241 τῶν
288 1187 500 1241 ἄλλων·
560 1185 703 1255 ἀνὴρ
741 1184 800 1236 δὲ
843 1182 943 1252 οὐχ
976 1180 1344 1234 ὑποτέτακται
1381 1181 1447 1249 τῇ
1494 1176 1737 1246 γυναικί.

157 1275 244 1326 Διὸ
301 1273 365 1344 δὴ
432 1272 623 1336 καλῶς
654 1272 682 1324 ό
719 1270 991 1341 μακάριος
1032 1268 1243 1332 Παῦλος
1296 1267 1388 1321 τὸν
1422 1266 1593 1338 ἄνδρα
1647 1266 1742 1335 μό·-

157 1385 239 1419 νον
267 1364 461 1418 εἰκόνα
488 1364 629 1417 Θεοῦ
655 1381 788 1435 φησι
810 1358 949 1417 εἶναι
978 1359 1272 1426 καὶδόξαν,
1297 1359 1395 1431 τὴν
1419 1358 1478 1413 δὲ
1506 1360 1740 1428 γυναῖκα

156 1458 242 1510 τοῦ
275 1455 479 1526 ἀνδρὸς
513 1455 695 1519 δόξαν.

220 1546 609 1599 ΘΕΟΔΩΡυΥ.
652 1546 863 1614 Ὠσπερ
917 1541 1028 1614 (65)
1058 1539 1113 1594 εί
1154 1558 1240 1604 τις
1294 1537 1550 1610 βασιλεὺς
1588 1536 1742 1589 πόλιν

156 1655 268 1691 τινα
303 1637 584 1706 μεγίστην
616 1634 1054 1699 κατασκευάσας,
1089 1632 1303 1696 πολλοῖς
1334 1649 1395 1685 τε
1431 1630 1601 1700 αὐτὴν
1646 1629 1743 1682 καὶ

159 1730 423 1792 ποικίλοις
475 1729 853 1799 διακοσμήσας
908 1727 1112 1798 ἔργοις,
1149 1726 1287 1796 μετά
1335 1724 1437 1796 τὴν
1488 1723 1742 1777 ἁπάντων

156 1823 537 1893 ἐκπλήρωσιν,
568 1819 880 1874 κελεύσειεν
912 1819 1097 1872 εἰκόνα
1135 1816 1296 1871 αὑτοῦ
1319 1815 1617 1887 γενομένην
1648 1831 1743 1884 με-

155 1916 347 1987 γίστην
388 1913 516 1968 τινὰ
565 1914 660 1967 καί⁵
713 1910 1189 1983 εὐπρεπεστάτην,
1241 1912 1301 1963 ὲν
1352 1909 1503 1980 μέσῳ
1560 1907 1742 1978 πάσης

158 2011 373 2062 ἱστάναι
422 2007 529 2079 τῆς
574 2007 802 2069 πόλεως,
852 2006 934 2069 είς
980 2003 1201 2073 ἔλεγχον
1247 2000 1343 2056 τοῦ
1390 2003 1491 2072 τῆς
1535 2000 1740 2064 πόλεως

156 2104 359 2166 αἰτίου,
415 2100 489 2171 ἢν
534 2099 748 2169 ἀνάγκη
798 2098 893 2151 καὶ
932 2096 1006 2161 ὡς
1038 2096 1222 2150 εἰκόνα
1252 2094 1347 2148 τοῦ
1382 2093 1741 2165 πεποιηκότος

154 2197 253 2265 τὴν
282 2194 446 2247 πόλιν
476 2191 744 2263 βασιλέως
775 2192 927 2261 παρά
952 2189 1060 2242 τῶν
1091 2189 1233 2243 κατά
1269 2188 1368 2259 τὴν
1408 2187 1558 2240 πόλιν
1588 2186 1743 2258 θερα-

158 2284 424 2338 πεύεσθαι
456 2283 703 2344 πάντων,
735 2280 896 2351 χάριν
920 2278 1326 2351 ὁμολογούντων
1352 2277 1443 2331 διὰ
1479 2275 1636 2330 τοῦτο
1665 2275 1744 2347 τῷ

156 2380 350 2451 κτίστῃ
383 2377 486 2446 τῆς
535 2375 763 2438 πόλεως,
808 2376 999 2443 ὅτιπερ
1043 2372 1225 2434 αὐτοῖς
1275 2367 1599 2439 ἐνδιαίτημα
1654 2368 1743 2421 δέ-

155 2470 293 2523 δωκε
327 2469 602 2523 τοιοῦτον.
639 2466 795 2520 Οὕτω
828 2466 921 2520 καὶ
949 2466 977 2518 6
1003 2465 1103 2535 τῆς
1143 2462 1374 2525 κτίσεως
1406 2460 1745 2532 Δημιουργὸς

160 2562 431 2631 πεποίηκε
467 2560 572 2631 μὲν
600 2560 781 2614 πάντα
827 2558 920 2612 τὸν
952 2557 1181 2627 κόσμον,
1228 2554 1506 2625 διαφόροις
1546 2570 1609 2606 τε
1651 2553 1747 2607 καὶ

158 2655 423 2715 mixtim;
454 2651 807 2716 καλλωπίσας
850 2652 961 2714 τοῖς
985 2651 1189 2721 ἔργοις
1224 2648 1535 2702 τελευταῖον
1565 2648 1621 2700 δὲ
1654 2647 1745 2699 τὸν

160 2748 446 2817 ἀνθρωπον
491 2747 555 2798 ὲν
588 2744 740 2808 τάξει
784 2744 1108 2815 παρήγαγεν
1141 2741 1348 2804 εἰκόνος
1388 2740 1628 2802 οίκείαςο
1670 2738 1745 2801 ὡς

164 2841 221 2893 ἂν
256 2839 453 2892 amca
486 2838 521 2908 ἢ
556 2836 733 2899 κτίσις
754 2838 820 2906 τῇ
849 2833 943 2905 τοῦ
974 2832 1261 2906 ἀνθρώπου
1300 2832 1459 2904 χρείᾳ
1489 2834 1745 2901 φαίνηεαι

164 2931 495 2999 συνδουμένη
536 2928 583 2960 ³⁸
608 2945 624 2959 ’
671 2927 728 2981 εί
762 2945 825 2998 γε
868 2926 929 2993 ἐξ
974 2928 1153 2999 ἀέρος,
1195 2927 1287 2980 καὶ
1319 2923 1444 2995 γῆς,
1492 2924 1587 2978 καὶ
1620 2923 1746 2977 ὓδα-

162 3042 263 3087 τκ,
303 3024 404 3075 καὶ
432 3018 895 3095 φωστήρωνκοῦς
923 3022 949 3073 ὁ
969 3020 1192 3090 οὐρανὸς
1222 3019 1376 3089 φέρει
1404 3016 1491 3088 ἐφ’
1528 3017 1741 3083 ἑαυτοῦ,

164 3116 324 3185 ητῶν
373 3112 613 3185 καρπῶν
655 3111 910 3175 σύστασις
948 3112 1322 3165 ἀποτελεῖται’
1378 3113 1410 3183 ἡ
1455 3112 1511 3165 δὲ
1541 3111 1746 3165 τούτων

1842 617 1911 673 Ει
1960 618 2177 673 modum
2224 617 2560 686 subjungens
2606 616 2725 670 ait:
2766 635 2784 668 ι
2834 614 2899 685 Et
2939 616 3291 675 dominentur
3329 624 3416 692 pi-

1840 709 2025 767 scibus
2057 709 2249 772 maris,
2277 717 2332 763 et
2354 708 2666 763 volatilibus
2687 707 2835 773 cmli,
2859 716 2914 763 et
2930 708 3119 764 bestiis
3139 720 3298 767 terrae
3351 755 3366 776 ,
3394 735 3412 766 ι

1842 810 1897 855 et
1932 801 2162 869 reliqua.
2218 798 2688 865 Quemadmodum
2741 798 2908 870 igitur
2965 799 3109 855 Deus
3160 805 3420 859 omnibus

1839 895 2093 965 imperat,
2126 896 2204 951 sic
2238 895 2402 950 homo
2427 894 2494 948 iis
2524 910 2645 964 quae
2666 902 2798 949 sunt
2836 910 3001 965 super
3025 906 3251 953 terram.
3272 897 3415 964 Quid

1840 1004 1975 1060 ergo
2037 988 2235 1044 mulier
2278 1003 2389 1043 non
2433 987 2748 1043 dominatur
2792 988 3105 1058 praedictis?
3131 990 3200 1043 At
3238 992 3419 1045 virum

1842 1079 2010 1135 habet
2048 1096 2147 1150 pro
2176 1080 2373 1150 capite,
2407 1094 2529 1150 qua:
2555 1089 2738 1135 tamen
2780 1082 2986 1151 reliqua
3017 1082 3120 1136 sub
3150 1092 3421 1152 potestate

1841 1181 2031 1229 tenet:
2067 1173 2151 1227 vir
2195 1185 2377 1228 autem
2409 1189 2519 1228 non
2571 1174 2851 1243 subjectus
2871 1185 2955 1230 est
2990 1176 3232 1231 mulieri.
3262 1174 3421 1233 Unde

1842 1272 1989 1319 recte
2054 1263 2260 1318 beatus
2302 1262 2504 1318 Paulus
2582 1264 2679 1326 ait,
2731 1264 2908 1320 solum
2950 1265 3151 1319 virum
3224 1266 3419 1337 imagi~

1840 1370 1963 1409 nem
1997 1362 2054 1411 et
2086 1354 2313 1424 gloriam
2349 1352 2446 1409 Dei
2486 1369 2607 1410 esse
2630 1397 2645 1421 ,
2677 1355 2958 1411 mulierem
2998 1372 3128 1412 vero
3184 1358 3417 1428 gloriam

1786 1474 1791 1483 ·
1844 1447 1968 1501 viri.

1914 1537 2287 1594 THEODORI.
2325 1538 2802 1606 Quemadmodum
2857 1541 2904 1596 si
2960 1557 3053 1596 rex
3103 1543 3419 1614 quispiam,

1840 1642 2121 1689 exstructa
2168 1634 2386 1689 civitate
2428 1634 2784 1704 amplissima,
2828 1636 3123 1707 multisque
3164 1648 3219 1692 et
3246 1637 3417 1693 variis

1842 1726 2103 1795 cperibus
2130 1735 2418 1792 exornata,
2450 1726 2708 1781 omnibus
2742 1727 3029 1792 absolutis,
3060 1744 3215 1783 suam
3249 1730 3421 1800 ipsius

1848 1818 2145 1886 imaginem
2171 1818 2467 1873 maximam
2510 1827 2565 1874 et
2593 1819 3016 1890 pulcherrimam
3056 1822 3112 1876 in
3144 1825 3319 1878 media
3343 1824 3422 1880 ci-

1846 1914 2012 1966 vitate
2045 1912 2300 1967 collocari
2329 1912 2539 1982 jubeat,
2571 1912 2776 1968 indicio
2814 1912 3054 1969 futuram
3088 1915 3233 1986 quod
3261 1915 3329 1971 ab
3353 1932 3422 1971 eo

1844 2000 2037 2057 civitas
2077 2003 2149 2057 sit
2179 2003 2424 2067 condita,
2455 2019 2619 2074 quam
2655 2003 2885 2074 proinde
2918 2020 3140 2060 necesse
3173 2006 3263 2073 sit,
3295 2016 3421 2062 tan-

1845 2108 2009 2163 quam
2036 2094 2181 2164 regis
2213 2095 2518 2152 conditoris
2560 2095 2880 2166 imaginem,
2915 2097 2984 2151 ab
3013 2096 3210 2155 incolis
3249 2100 3423 2154 omni-

1846 2187 1948 2241 bus
1996 2186 2301 2253 observari,
2324 2188 2557 2259 gratiam
2612 2188 2719 2244 hoc
2769 2188 2935 2244 modo
2990 2189 3143 2245 urbis
3203 2193 3421 2247 auctori

1847 2280 2196 2347 habentibus,
2232 2283 2378 2352 quod
2411 2283 2519 2338 tale
2541 2281 2676 2352 ipsis
2698 2283 3035 2339 domicilium
3068 2285 3292 2355 largitus
3312 2282 3422 2356 3o

1845 2375 1939 2429 sit.
1974 2373 2065 2428 Sic
2090 2390 2274 2430 rerum
2319 2374 2514 2445 Opifex
2552 2376 2817 2430 mundum
2851 2376 3069 2446 quidem
3103 2377 3419 2434 universum

1846 2468 2108 2533 condidit,
2134 2467 2484 2538 diversisque
2528 2478 2583 2523 et
2610 2469 2778 2525 variis
2816 2470 3073 2540 operibus
3100 2471 3416 2527 decoravit:

1847 2557 2039 2613 ultimo
2069 2575 2198 2614 vero
2227 2560 2369 2627 loco,
2402 2576 2514 2616 suae
2552 2560 2807 2633 imaginis
2831 2562 2946 2618 vice
2963 2562 3237 2619 hominem
3266 2580 3420 2620 crea-

1846 2650 1942 2715 vit,
1978 2659 2039 2704 ιιι
2086 2662 2394 2706 creaturam
2454 2656 2669 2706 Omnem
2729 2653 2798 2707 ad
2850 2654 3136 2710 utilitatem
3181 2656 3421 2711 hominis

1846 2742 2162 2812 conspirare
2204 2751 2483 2813 appareat.
2517 2744 2785 2810 Quoniam
2814 2760 2883 2799 ex
2929 2760 3055 2801 aere
3083 2754 3137 2800 et
3169 2755 3331 2810 terra,
3364 2755 3421 2802 et

1846 2850 2008 2903 aqua,
2026 2835 2260 2905 caelique
2283 2836 2661 2901 luminaribus,
2685 2836 2948 2892 exsistere
2977 2836 3186 2893 fructus
3207 2854 3271 2895 ac
3296 2854 3421 2908 per-

1853 2927 1937 2982 iici
1976 2937 2192 2982 constat
2222 2945 2235 2981 :
2276 2927 2472 2982 horum
2504 2940 2688 2983 autem
2729 2944 2888 2983 usum
2922 2930 3081 2998 plane
3107 2930 3418 2986 hominibus

1846 3032 1967 3072 esse
1997 3018 2389 3084 necessarium,
2417 3018 2589 3074 brutis
2615 3034 2741 3073 vero
2766 3020 2834 3073 ad
2860 3019 3140 3075 hominum
3180 3021 3417 3077 famula-

1846 3117 1961 3161 tum
1994 3109 2135 3164 natis
2155 3108 2410 3177 exiguam
2436 3108 2656 3163 illorum
2678 3118 2885 3178 partem
2914 3109 3254 3164 attributam.
3283 3110 3416 3176 Qua:

165 3207 459 3269 ἀπόλαυσις
510 3207 651 3258 πᾶσι
700 3204 803 3274 μέν
854 3206 1004 3257 ἐστιν
1056 3203 1365 3275 ἀνθρώποις
1429 3204 1740 3274 ἀναγκαίαο

1847 3209 2025 3253 autem
2050 3200 2153 3256 sub
2173 3201 2363 3255 oculos
2393 3216 2501 3255 non
2527 3200 2734 3255 cadunt
2752 3200 3002 3265 virtutes,
3034 3203 3178 3270 quod
3201 3202 3270 3257 ad
3306 3203 3413 3258 uti-

167 3299 390 3369 βραχεῖα
431 3296 491 3350 δέ
523 3312 612 3359 τις
643 3294 821 3348 αὐτῶν
848 3296 960 3357 τοῖς
995 3294 1211 3363 ἀλόγοις
1256 3296 1547 3366 νενέμηται
1578 3297 1743 3367 μοῖρα

166 3391 293 3463 πρὸς
322 3386 642 3459 ὑπηρεσίαν
662 3386 1016 3457 τεταγμένοις
1044 3386 1367 3459 ἀνθρώπων.
1398 3389 1468 3442 Ai
1489 3405 1550 3442 τε
1582 3388 1744 3458 ἀόρα-

165 3502 239 3535 τοι
262 3484 561 3552 δυνάμεις,
590 3482 673 3535 ὃτι
719 3482 892 3534 πᾶσαι
922 3482 1035 3545 τοῖς
1066 3480 1230 3543 θείοις
1275 3481 1611 3552 βουλήμασιν
1638 3482 1743 3534 ὑπ-

168 3574 490 3644 ηρετοῦνται
527 3573 664 3643 πρὸς
697 3571 758 3624 τὸ
784 3572 915 3642 ἡμῖν
959 3571 1287 3636 λυσιτελοῦν,
1341 3572 1549 3636 Παῦλος
1579 3575 1608 3626 6
1637 3590 1744 3643 μα-

171 3669 354 3737 κάριος
384 3665 633 3719 διδάσκει
664 3664 835 3733 λέγων
858 3681 871 3693 ·
908 3683 927 3715 ι
978 3664 1112 3735 υύχὶ
1141 3666 1341 3726 πάντες
1369 3666 1477 3718 sici.
1505 3666 1746 3737 λειτουρ-

166 3759 298 3825 γικά
323 3757 629 3829 πνεύματα
651 3758 732 3822 είς
752 3757 1023 3812 διακονίαν
1048 3757 1488 3829 ἀποστελλόμενα
1513 3759 1603 3813 διὰ
1620 3760 1746 3822 τοὺς

169 3850 469 3918 μέλλοντας
503 3850 866 3923 κληρονομεῖν
915 3851 1222 3922 σωτηρίως
1262 3870 1283 3903 ›
1335 3851 1605 3923 Πρόδηλον
1635 3850 1747 3905 τοί-

168 3960 281 4001 νυν.
312 3944 398 3996 ὅτι
429 3944 529 3996 ἕνα
560 3946 768 4013 κόσμον
794 3942 1118 3997 ἀποτελέσαι
1143 3942 1203 3996 τὸ
1228 3944 1447 4014 σύμπαν
1470 3942 1748 4014 βουληθεὶς

168 4034 199 4087 6
238 4034 376 4097 Θεὸς
399 4075 416 4098 ,
464 4034 563 4088 καὶ
605 4036 787 4088 πᾶσαν
813 4034 912 4106 τὴν
942 4034 1114 4090 κτίσιν
1138 4035 1207 4088 ὲκ
1231 4035 1501 4106 διαφόρων
1533 4035 1748 4105 φύσεων

171 4123 479 4191 συστᾶσαν,
508 4125 718 4196 θνητῶν
742 4144 800 4179 τε
834 4128 927 4182 καὶ
957 4126 1256 4194 ἀθανάτων,
1288 4127 1523 4196 λογικῶν
1551 4145 1610 4181 τε
1654 4127 1749 4181 καὶ

165 4213 414 4282 ἀλόγων,
445 4215 656 4285 ὁρατῶν
686 4233 742 4270 τε
791 4217 883 4270 κα)⁵
911 4216 1179 4288 ἀοράτων,
1206 4211 1286 4282 είς
1332 4218 1391 4271 ἓν
1422 4235 1474 4271 τι
1518 4234 1749 4287 συναγα-

166 4306 301 4371 γεῖν
344 4304 632 4377 ἐθελήσας,
682 4308 978 4380 σύνδεσμον
1023 4309 1277 4363 ἁπάντων
1326 4310 1420 4363 τὸν
1464 4309 1749 4382 ἄνθρωπον

168 4398 589 4452 κατεσκεύασεν
611 4418 627 4433 ο
678 4400 822 4455 οὕτω
850 4402 1029 4456 πάντα
1073 4402 1210 4474 πρὸς
1236 4402 1399 4458 αὐτὸν
1429 4404 1749 4473 συναγαγὼν

165 4495 234 4561 τῇ
276 4492 471 4563 χρείᾳ,
519 4490 661 4545 ὥστε
697 4493 963 4564 συνῆφθαί
993 4510 1053 4547 τε
1096 4495 1195 4564 τὴν
1228 4494 1523 4565 σύμπασαν
1572 4495 1749 4549 κτίσιν

1844 3294 2049 3348 litatem
2098 3308 2317 3364 quoque
2368 3302 2610 3349 nostram
2659 3293 2857 3349 divinae
2902 3294 3165 3351 voluntati
3201 3296 3414 3352 obtem-

1844 3395 2050 3456 perent,
2111 3387 2304 3442 beatus
2362 3386 2569 3442 Paulus
2613 3388 2771 3444 docet
2818 3388 3046 3445 dicens:
3089 3409 3109 3441 ‹
3156 3387 3415 3461 Nunquid

1846 3493 2037 3535 omnes
2068 3478 2521 3535 administratorii
2558 3489 2687 3536 sunt
2717 3480 2944 3549 spiritus
2966 3482 3020 3536 in
3041 3482 3410 3541 ministerium

1845 3570 1999 3625 missi
2032 3579 2253 3641 propter
2283 3586 2379 3627 eos
2414 3573 2507 3643 qui
2554 3572 2929 3629 baeredilatem
2994 3578 3209 3646 capient
3262 3578 3412 3633 salu-

1848 3662 1917 3718 tis
1943 3662 2007 3717 s?
2041 3682 2059 3713 ι
2095 3663 2250 3719 Patet
2293 3664 2461 3736 igitur
2510 3665 2715 3732 Deum,
2768 3682 2890 3722 cum
2921 3683 2988 3722 ex
3022 3668 3127 3724 hoc
3156 3669 3413 3724 universo

1848 3757 2111 3811 mundum
2151 3772 2320 3813 unum
2363 3757 2573 3814 edicere
2617 3759 2797 3825 vellet,
2843 3774 3172 3829 omnemque
3198 3769 3417 3815 creatu-

1847 3866 1966 3904 ram
1993 3851 2225 3907 diversis
2248 3867 2313 3906 ex
2358 3852 2564 3907 naturis
2612 3861 2980 3917 constantem,
3010 3853 3322 3908 mortalium
3359 3863 3414 3908 et

1849 3943 2258 4008 immortalium,
2282 3942 2507 3997 rationis
2538 3942 2863 4012 participum
2896 3953 2952 3999 et
2976 3931 3300 4013 expértium,
3333 3946 3416 3999 vi—

1849 4037 2085 4093 sibilium
2137 4045 2191 4090 et
2235 4034 2612 4100 invisibilium,
2664 4033 2720 4089 in
2782 4050 2951 4089 unum
2981 4034 3257 4105 quidpiam
3282 4049 3418 4090 con-
3466 4072 3469 4075 -

1848 4128 2065 4183 cludere
2084 4134 2366 4191 statueret,
2396 4124 2672 4179 vinculum
2708 4125 2949 4180 omnium
2975 4125 3249 4180 hominem
3285 4140 3418 4180 con-

1850 4219 2096 4275 stituisse
2123 4237 2138 4275 :
2169 4220 2224 4273 in
2259 4232 2421 4289 quem
2446 4218 2628 4273 omnia
2664 4217 2898 4273 utilitate
2931 4217 3004 4273 ita
3038 4218 3333 4287 congessit,
3359 4226 3421 4273 ut

1852 4312 1906 4366 in
1942 4312 2063 4382 ipso
2116 4311 2425 4367 cohaereant
2472 4319 2736 4367 creatura:
2783 4311 3069 4375 universae,
3105 4320 3160 4365 et
3206 4322 3414 4365 certum

1853 4399 2105 4456 amicitia:
2136 4400 2334 4471 pignus
2376 4399 2492 4469 ipse
2533 4400 2606 4455 sit
2647 4399 2935 4454 universis.
2988 4397 3104 4454 Hac
3148 4399 3315 4469 igitur
3351 4401 3420 4457 de

1853 4508 2018 4548 causa
2050 4503 2106 4547 et
2154 4496 2390 4548 animam
2445 4492 2522 4547 illi
2565 4492 2753 4547 tribuit
2790 4501 2844 4546 et
2871 4507 3110 4562 corpus;
3150 4493 3256 4549 hoc
3292 4495 3420 4563 qui-

168 4584 227 4633 ὲν
250 4583 435 4653 αὐτῷ,
468 4584 564 4637 καὶ
594 4583 773 4652 φιλίας
800 4585 960 4638 αὐτὸν
983 4586 1237 4656 ἐνέχυρον
1266 4586 1492 4657 ἐναργὲς
1518 4584 1657 4641 εἶναι
1685 4588 1752 4658 τῇ

1856 4587 1977 4640 dem
2036 4570 2382 4654 aspectabile,
2438 4585 2829 4659 propriumque
2878 4600 3070 4640 eorum
3137 4600 3260 4655 quae
3318 4588 3421 4643 sub

170 4674 349 4747 πάσῃ.
387 4675 603 4729 Δέδωκε
628 4676 756 4744 γοῦν
795 4676 944 4746 αὐτῷ
977 4678 1179 4749 ταύτης
1224 4677 1386 4732 ἕνεκα
1431 4681 1529 4749 τῆς
1575 4678 1753 4741 αίτίας

1859 4688 2137 4749 aspectum
2197 4679 2419 4745 cadunt,
2443 4678 2699 4749 quodque
2741 4693 2805 4733 ex
2840 4686 3002 4745 terra,
3030 4693 3175 4743 aere,
3205 4694 3346 4749 aqua
3369 4691 3425 4735 et

168 4767 263 4819 καὶ
294 4767 486 4838 ψυχὴν
530 4771 627 4820 καὶ
659 4767 817 4839 σῶμα
842 4784 856 4800 ο
894 4769 953 4822 τὸ
1001 4769 1101 4839 μὲν
1143 4770 1358 4841 ὁρατὸν,
1392 4772 1505 4834 τοῖς
1537 4772 1752 4843 ὁρατοῖς

1857 4772 1980 4841 igne
2006 4778 2323 4825 concretum
2349 4778 2453 4836 est,
2485 4778 2539 4825 et
2570 4768 2841 4824 fructibus
2866 4769 3051 4834 alitur,
3084 4770 3179 4840 qui
3209 4786 3275 4825 ex
3310 4770 3420 4825 illis

167 4856 414 4920 οἰκεῖον,
446 4858 514 4909 ὲκ
544 4857 650 4926 γῆς
676 4874 735 4910 τε
766 4859 859 4911 καί⁵
887 4858 1066 4929 ἀέρος,
1098 4858 1194 4913 καὶ
1218 4858 1430 4924 ὓδατος,
1462 4861 1555 4913 καὶ
1582 4861 1754 4933 πυρὸς

1857 4873 2178 4930 nascuntur,
2216 4862 2365 4918 illam
2403 4877 2532 4918 vero
2573 4862 2926 4932 intelligentia
2984 4862 3289 4932 praeditam,
3322 4864 3426 4917 im-

134 4944 461 5013 ,συνεστὼς
482 4986 498 5009 ,
536 4946 632 5000 καὶ
659 4949 769 5010 τοῖς
802 4948 866 5000 ὲκ
896 4946 1100 5001 τούτων
1133 4948 1584 5020 ἀποτελουμένοις
1616 4967 1752 5021 καρ-

1857 4955 2162 5021 mortalem,
2206 4962 2262 5010 et
2303 4954 2536 5010 rationis
2576 4962 2903 5023 compotem,
2955 4951 3322 5008 invisibilibus
3370 4964 3423 5005 et

170 5041 293 5101 mi;
348 5038 688 5110 τρεφόμενον
711 5079 726 5103 ,
775 5039 876 5109 τὴν
907 5039 964 5091 δὲ
1009 5040 1198 5112 νοεράν
1248 5058 1305 5093 τε
1352 5042 1449 5095 καὶ
1495 5042 1761 5097 ἀθάνατον

1868 5047 2284 5103 rationabilibus
2316 5046 2550 5103 similem
2590 5045 2931 5110 substantiis,
2960 5054 3020 5099 ut
3049 5059 3157 5099 non
3193 5044 3423 5099 utilitate

242 5212 261 5250 τ
292 5210 443 5265 Gen.
472 5228 510 5276 ι,
555 5210 646 5265 26.
726 5221 751 5259 σ
776 5209 939 5267 Hebr.
987 5231 1026 5278 ι,
1064 5215 1149 5269 14.

1029 5369 1263 5425 VARIAE
1307 5368 1688 5428 LECTIONES
1733 5368 1826 5425 EX
1858 5369 2133 5427 CATENA
2176 5371 2531 5431 LIPSIENSI.

242 5484 296 5515 ³⁸
339 5485 366 5536 ὁ
395 5481 558 5560 ᾷνθρ.
588 5481 698 5535 τῶν
719 5483 1033 5560 ἐπιγείων.-
1077 5485 1122 5515 ’⁵
1160 5484 1278 5560 ilat.
1316 5500 1367 5554 p.
1394 5483 1462 5560 68
1492 5483 1725 5560 plenius,
1754 5504 1762 5535 ι

1864 5485 1931 5560 ἂν
1963 5484 2151 5560 ἅπασα
2184 5488 2215 5552 ὴ
2238 5488 2422 5560 κτίσις
2458 5491 2516 5542 ἐν
2538 5491 2603 5560 τῇ
2626 5490 2756 5560 περὶ
2781 5490 2986 5544 τούτων
3016 5489 3216 5560 σπουδῇ
3239 5506 3297 5544 τε
3329 5492 3421 5560 καὶ

475 5552 992 5694 ἓζδοῖριρέσῂτῖιουσαν
1010 5554 1270 5624 ἀναφέρει
1299 5552 1463 5624 τιμὴν
1487 5552 1566 5624 τῷ
1585 5553 1723 5625 Θεῷ.
1752 5556 1827 5608 Οὐ
1851 5556 1960 5627 γάρ
1987 5556 2202 5627 ἄδηλον,
2228 5559 2312 5611 ὃτι
2340 5560 2489 5613 πᾶσα
2509 5561 2540 5629 ή
2565 5552 2744 5624 κτίσίς
2762 5563 2827 5632 τῇ
2848 5552 3243 5693 τοῦιάνθρὼπὸυ
3262 5559 3422 5635 χρείᾳ

1689 5732 1919 5790 NOTAE.

244 5882 373 5954 (53)
401 5883 633 5953 Ὥσπερ
650 5913 722 5925 --
746 5881 1103 5953 είσφέροντα
1125 5882 1356 5953 χρείαν.
1384 5881 1508 5949 Des.
1531 5883 1587 5939 in
1618 5881 1739 5938 cod.

1866 5882 1921 5939 in
1951 5882 2079 5938 edit.
2102 5881 2236 5939 Pici.
