3964 6550
517 400 615 468 ill

1458 402 1945 463 THEODORETI
1981 400 2319 461 EPISCOPI
2360 401 2725 461 CYRENSIS

3652 392 3760 466 112

515 517 629 571 sola
666 515 974 570 eohmreant
1020 514 1076 568 in
1130 514 1250 583 ipso
1298 520 1581 575 creaturae,
1632 510 1726 566 sed
1771 510 1887 579 ipsa
1920 509 2116 567 etiam.

2202 508 2281 558 ια).
2312 506 2556 576 λογικὴν,
2585 508 2706 568 ταῖς
2732 504 2987 574 ἀοράτοις
3017 506 3109 558 καὶ
3139 506 3381 575 λογικαϊς
3407 510 3645 563 ἐοικυῖαν
3668 513 3762 565 οἰδ

516 605 843 675 cognatione
895 613 1139 658 naturae:
1172 602 1284 656 imo
1328 616 1459 658 vero
1512 610 1572 655 ut
1600 607 1821 670 propter
1844 599 1948 669 31
1982 613 2081 653 na-

517 705 652 749 tura:
696 694 1080 763 cognationem
1105 691 1173 747 ad
1216 691 1367 745 illius
1395 690 1689 745 utilitatem
1728 689 1913 743 omnia
1953 704 2085 743 con-

510 795 759 850 currant,
791 800 889 855 pro
925 800 991 839 eo
1016 784 1111 855 qui
1139 799 1336 855 genere
1355 783 1682 852 coniunctus
1711 792 2085 852 cognatusque

512 878 589 931 sit
605 877 843 930 laborem
867 890 1027 931 suum
1047 874 1278 929 libenter
1302 874 1702 942 utilitatemque
1725 872 2082 928 conferentia.

516 971 587 1026 Et
618 979 732 1040 post
761 970 892 1024 alia.
917 968 1047 1022 Mihi
1084 984 1215 1022 vero
1264 967 1612 1022 vehementer
1644 966 1903 1021 admirari
1940 966 2088 1020 subit

515 1080 634 1130 eos,
660 1062 754 1133 qui
790 1062 1007 1130 assequi
1036 1059 1137 1113 ista
1176 1072 1283 1112 non
1326 1066 1652 1127 potuerunt:
1686 1056 1781 1112 sed
1808 1056 2083 1114 hominem

516 1156 584 1212 ad
639 1154 928 1225 imaginem
985 1150 1080 1205 Dei
1136 1158 1383 1204 creatum
1432 1164 1555 1205 esse
1584 1149 1860 1214 dixerunt,
1889 1149 2084 1219 partim

517 1247 733 1319 quidem
791 1255 1013 1315 prepter
1062 1243 1352 1312 imperium
1392 1250 1447 1297 et
1498 1252 1843 1313 potestatem,
1886 1243 2086 1312 partim

518 1357 647 1396 vero
678 1337 972 1395 secundum
992 1335 1353 1391 ratiocinandi
1384 1335 1515 1401 vim,
1540 1335 1740 1405 partim
1772 1346 1955 1390 autem
1996 1350 2087 1390 se-

516 1431 755 1487 cundum
798 1428 1210 1489 intellectivam,
1251 1426 1362 1481 risu
1409 1427 1565 1497 plena
1595 1425 1882 1482 manifeste
1907 1425 2089 1497 profe-

517 1534 900 1592 rentes;'cum
956 1534 1052 1575 eos
1091 1518 1544 1575 animadvertisse
1596 1528 1894 1589 oporteret,
1941 1518 2086 1587 quod

518 1615 669 1671 solus
725 1613 890 1668 homo
938 1612 1152 1667 dicatur
1201 1610 1380 1681 imago
1425 1609 1522 1665 Dei
1549 1625 1695 1666 esse.
1724 1609 2005 1680 Siquidem
2032 1608 2087 1663 in

512 1711 638 1781 ejus
696 1707 968 1763 creatione
1025 1706 1106 1761 sic
1149 1703 1265 1759 ait:
1297 1723 1316 1755 ι
1354 1703 1641 1759 Faciamus
1695 1702 1970 1761 hominem
2021 1703 2088 1757 ad

520 1803 811 1876 imaginem
861 1809 1101 1856 nostram
1134 1799 1187 1853 h.
1224 1817 1243 1849 ι
1275 1797 1341 1852 Et
1363 1812 1581 1852 rursum
1608 1796 1663 1851 in
1710 1795 1934 1851 historia
1977 1794 2091 1850 Noe

516 1900 742 1963 dicitur,
762 1896 908 1967 quod
943 1914 962 1946 ‹
990 1893 1058 1949 ad
1094 1891 1386 1962 imaginem
1416 1889 1513 1946 Dei
1542 1889 1672 1946 fecit
1691 1889 1968 1945 hominem
1990 1891 2036 1944 ί.
2067 1907 2087 1942 ι

520 1992 588 2046 Ει
620 1990 812 2045 beatus
838 1987 1041 2042 Paulus
1070 1985 1183 2040 ait:
1234 2004 1253 2036 ι
1285 1982 1381 2039 Vir
1409 1998 1520 2039 non
1549 1982 1711 2039 debet
1744 1982 1930 2047 velari,
1968 1998 2092 2038 cum

520 2085 593 2140 sit
631 2082 809 2151 imago
837 2088 893 2135 et
921 2078 1090 2149 gloria
1125 2076 1219 2132 Dei
1254 2073 1301 2130 i.
1340 2094 1360 2128 ι
1392 2074 1548 2143 Quod
1587 2075 1635 2131 si
1659 2075 1812 2132 solus
1836 2075 2003 2130 homo
2026 2091 2093 2131 ex

521 2176 774 2238 omnibus
799 2170 1067 2229 creaturis
1101 2169 1280 2239 imago
1312 2166 1408 2224 Dei
1431 2176 1536 2233 est,
1571 2167 1733 2237 plane
1764 2183 1890 2223 cum
1920 2168 1968 2223 is
2004 2183 2096 2224 so-

522 2271 606 2324 lus
643 2267 723 2322 sic
769 2263 1086 2335 appelletur,
1115 2259 1446 2331 peculiarem
1481 2259 1775 2329 quamdam
1828 2259 2093 2314 rationem

522 2362 753 2428 hujusce
784 2354 1245 2413 denominationis
1285 2369 1409 2409 esse
1452 2353 1721 2423 oportuit,
1756 2368 1863 2407 non
1913 2353 2092 2408 solum

522 2458 593 2510 ob
620 2454 931 2510 facultatem
986 2448 1372 2505 intellectivam
1431 2457 1526 2503 aut
1581 2449 1927 2509 rationalem.
1959 2463 2098 2518 qua-

525 2563 644 2603 rum
696 2542 990 2614 participes
1031 2554 1152 2595 esse
1204 2540 1433 2595 virtutes
1478 2540 1780 2596 invisibiles
1823 2540 2092 2597 dicimus:

526 2639 637 2691 imo
682 2646 861 2703 neque
889 2632 961 2686 oh
1006 2630 1321 2686 facultatem
1363 2629 1709 2695 dominandi,
1741 2646 1903 2701 quam
1931 2631 2093 2687 etiam

524 2738 830 2799 competere
882 2725 1174 2782 virtutibus
1223 2722 1594 2779 invisibilibus
1622 2723 1925 2788 cernimus,
1955 2725 2099 2780 sicut

524 2822 719 2876 beatus
760 2816 966 2873 Paulus
995 2814 1111 2871 ait:
1149 2832 1169 2866 ι
1202 2810 1471 2880 Quoniam
1500 2811 1559 2867 in
1597 2811 1718 2883 ipso
1746 2823 1928 2870 creata
1972 2823 2101 2871 sunt

526 2912 734 2975 omnia,
765 2924 889 2981 quae
921 2908 975 2963 in
1011 2906 1167 2964 ctelis
1197 2915 1327 2962 sunt
1378 2914 1432 2961 et
1460 2920 1628 2975 super
1655 2912 1880 2972 terram,
1912 2907 2102 2962 visibi-

526 3006 597 3060 lia
640 3014 694 3059 et
720 3000 1040 3062 invisibilia,
1092 2998 1207 3054 sive
1241 2995 1471 3062 Throni,
1498 2995 1616 3052 sive
1664 2995 2097 3063 nominationes,

528 3098 642 3152 sive
679 3092 1051 3161 Principatus,
1083 3104 1180 3144 seu
1228 3088 1534 3144 Potestates
1558 3087 1609 3141 ιι.
1645 3104 1665 3139 ι
1696 3085 1765 3142 Ει
1806 3087 1913 3141 alio
1942 3087 2097 3142 loco:

534 3210 553 3242 ι
583 3187 653 3244 Ut
678 3186 988 3241 innotescat
1024 3194 1172 3237 nunc
1203 3178 1602 3250 Principatibu‘s
1644 3186 1700 3233 et
1738 3176 2103 3235 Potestatibus
2130 3218 2173 3277 α

528 3283 584 3337 in
632 3276 949 3335 emlestibus
980 3273 1024 3331 ι.
1080 3292 1097 3325 ι
1133 3271 1306 3344 ἰΠιιιίιε
1354 3282 1412 3329 et
1461 3270 1772 3327 contrarias
1810 3279 2105 3342 potestates

531 3375 605 3428 ita
630 3378 812 3435 vocat,
828 3377 1088 3438 tanquam
1115 3380 1235 3436 quae
1265 3364 1567 3421 ceciderint
1585 3378 1652 3418 ex
1673 3362 1782 3419 illis
1797 3362 2103 3419 ordinibus.

540 3487 558 3519 ι
586 3464 705 3520 Non
763 3461 935 3525 enim,
975 3457 1176 3528 inquit,
1224 3466 1309 3513 est
1359 3454 1520 3512 nobis
1554 3454 1871 3510 colluctatio
1918 3453 2109 3509 adver-

534 3572 632 3615 sus
654 3569 873 3612 carnem
895 3561 949 3608 et
965 3549 1308 3621 sanguinem,
1334 3547 1431 3604 sed
1472 3546 1738 3603 adversus
1760 3544 2108 3617 Principatus

531 3661 589 3708 et
608 3650 715 3721 32
740 3648 1065 3707 Putestates,
1082 3652 1139 3699 et
1164 3643 1428 3698 adversus
1471 3639 1662 3695 mundi
1691 3648 1930 3696 rectores
1956 3645 2107 3694 tene-

524 3748 759 3803 brarum
826 3741 993 3811 hujus
1022 3739 1208 3795 saeculi
1231 3746 1294 3792 ³.
1339 3755 1359 3790 ι
1400 3733 1493 3791 Sic
1516 3743 1572 3791 et
1597 3733 1775 3806 angeli
1801 3743 2106 3790 vocantur:

544 3858 565 3892 ι
598 3837 665 3893 Et
686 3834 939 3899 Michael,
964 3833 1063 3898 ait,
1094 3830 1345 3902 princeps
1392 3836 1594 3893 vester,
1626 3835 1680 3882 et
1697 3824 1949 3897 princeps
1978 3823 2108 3880 Per-

537 3931 673 3985 sidis
700 3937 749 3983 η.
786 3946 808 3980 ν»
851 3926 1064 3984 Dictum
1112 3933 1197 3980 est
1247 3931 1430 3976 autem
1482 3929 1537 3975 et
1588 3918 1658 3975 de
1708 3918 2105 3974 luminaribus:

547 4042 565 4075 ι
586 4021 880 4076 Lumiuare
899 4016 1076 4087 majus
1098 4014 1154 4070 in
1170 4013 1473 4069 dominium
1495 4011 1624 4075 diei,
1646 4019 1700 4066 et
1721 4012 1988 4067 luminare
2008 4011 2111 4066 mi-

540 4130 647 4170 nus
682 4115 739 4168 in
770 4111 1074 4167 dominium
1119 4106 1296 4163 noctis
1325 4122 1370 4159 ο.
1402 4120 1421 4157 ι
1458 4104 1619 4172 Quod
1664 4103 1834 4159 David
1866 4112 2110 4175 potesta-

539 4216 653 4261 tem
671 4202 985 4275 appellavit,
1007 4201 1196 4257 dicens
1222 4217 1236 4253 :
1274 4218 1292 4252 ι
1328 4197 1512 4254 Solem
1538 4199 1593 4253 in
1621 4206 1949 4269 potestatem
1976 4197 2105 4265 diei,

542 4301 731 4353 lunam
758 4304 812 4351 et
839 4294 1027 4351 stellas
1052 4292 1106 4347 in
1136 4300 1461 4363 potestatem
1494 4291 1670 4346 noctis
1689 4299 1738 4343 ι’.
1768 4308 1789 4342 ι
1822 4289 2109 4357 Quomodo

544 4387 713 4457 igitur
753 4382 869 4440 fieri
906 4390 1140 4454 poterat,
1172 4391 1235 4437 ut
1276 4382 1438 4437 homo
1488 4380 1762 4437 diceretur
1809 4382 1989 4456 imago
2014 4380 2109 4438 Dei

545 4477 847 4536 secundum
902 4474 1177 4547 quidpiam
1212 4488 1402 4530 eorum
1451 4488 1574 4544 qua:
1620 4482 1750 4529 sunt
1794 4473 2109 4529 communia

2187 596 2355 661 σίαις,
2389 597 2476 649 ἵνα
2522 596 2598 667 μὴ
2630 598 2695 665 τῇ
2746 595 2905 667 χρείᾳ
2956 596 3118 667 μόνον
3162 598 3250 651 ἐπ’
3295 598 3456 652 αὐτὸν
3501 601 3534 671 ἡ
3585 601 3765 666 κτίσις

2188 689 2549 758 συνάπτηται,
2593 687 2731 741 ἀλλὰ
2775 688 2885 757 γὰρ
2934 689 3029 741 καὶ
3070 690 3136 758 τῇ
3168 690 3267 758 τῆς
3306 689 3519 757 φύσεως
3562 693 3765 747 οἰκειό-

2185 798 2309 852 τητι
2327 797 2343 813 ⁸
2376 781 2581 853 μᾶλλον
2608 781 2686 845 δέ,
2720 780 2807 835 ἵνα
2836 782 2901 834 ἐκ
2931 780 3031 851 τῆς
3060 781 3203 835 κατὰ
3231 784 3331 853 τὴν
3374 783 3536 853 φύσιν
3561 785 3767 840 οἰκειό-

2185 891 2347 946 τητος
2379 874 2644 947 καὶπρὸς
2693 874 2793 945 τὴν
2838 874 3028 946 χρείαν
3080 875 3179 946 τὴν
3221 876 3388 929 αὑτοῦ
3428 877 3604 932 πάντα
3635 896 3765 933 συν-

2188 967 2464 1037 άπτηταιο
2515 967 2686 1037 ἡδέως
2732 967 2873 1038 ὑπὲρ
2917 966 3013 1019 τοῦ
3065 969 3361 1036 συγγενοῦς
3413 970 3509 1024 καί
3558 972 3767 1025 οἰκείου

2189 1060 2457 1113 πονοῦντα
2497 1077 2556 1112 τε
2599 1062 2694 1113 καὶ
2718 1058 2817 1130 τὴν
2863 1060 3080 1130 ἐκείνην
3127 1061 3455 1132 εἰσφέροντα
3495 1064 3684 1134 χρείαν
3719 1065 3769 1097 ²⁶

2190 1152 2300 1206 Καὶ
2343 1155 2466 1222 μεθ’
2498 1152 2670 1221 ἕτερα
2694 1168 2710 1185 ο
2747 1152 2957 1224 Σφόδρα
3002 1153 3062 1206 δέ
3095 1169 3186 1224 μοι
3232 1153 3535 1225 θαυμάζειν
3568 1155 3771 1227 ἐπελή-

2189 1246 2317 1300 λυθε
2342 1246 2451 1299 τῶν
2478 1246 2653 1320 ταύτῃ
2683 1246 2783 1318 μὲν
2810 1247 3039 1301 συνιδεῖν
3069 1248 3165 1318 οὐχ
3198 1248 3326 1302 οἴων
3354 1265 3415 1301 τε
3442 1251 3771 1317 γεγονότων,

2191 1340 2313 1395 κατ’
2331 1340 2514 1394 εἰκόνα
2531 1340 2587 1393 δέ
2602 1341 2692 1394 τὸν
2708 1340 2993 1410 ἄνθρωπον
3004 1340 3095 1394 τοῦ
3111 1341 3245 1394 Θεοῦ
3258 1342 3609 1413 γεγενῆσθαι,
3631 1344 3772 1415 (64).

2191 1434 2269 1505 πῆ
2301 1434 2401 1505 μὲν
2430 1433 2574 1487 κατὰ
2600 1434 2663 1487 τὸ
2713 1434 2941 1506 ἀρχικὸν
2989 1435 3272 1501 εἰπόντων,
3302 1435 3382 1504 πῆ
3429 1435 3486 1489 δὲ
3528 1439 3669 1491 κατὰ
3708 1438 3775 1491 τὸ

2190 1527 2412 1596 λογικόν
2441 1528 2517 1591 ³⁷,
2552 1528 2629 1599 πῆ
2661 1526 2721 1582 δὲ
2754 1528 2919 1592 κατὰι
2946 1526 3008 1580 τὸ
3060 1528 3269 1599 νοερὸν,
3313 1529 3547 1597 γέλωτος
3597 1532 3774 1600 μεστὰ

2194 1618 2383 1689 σαφῶς
2424 1618 2950 1690 ἀποφθεγγομένων,
3001 1619 3121 1674 δέον
3164 1621 3359 1685 αὐτοὺς
3388 1622 3653 1688 ’συνιδεῖν,
3687 1624 3775 1677 ὅτι

2193 1710 2356 1765 εἰκὼν
2401 1710 2537 1764 Θεοῦ
2576 1711 2739 1781 μόνος
2783 1714 2812 1766 ὁ
2852 1711 3138 1784 ἄνθρωπος
3168 1712 3388 1782 λέγεται
3420 1716 3773 1786 γεγενῆσθαι.

2207 1803 2297 1857 Ἐν
2332 1804 2432 1875 μὲν
2462 1803 2571 1876 γὰρ
2591 1806 2657 1876 τῇ
2688 1804 2925 1875 ποιήσει,
2962 1804 3115 1875 φησὶ,
3148 1823 3166 1856 ι
3212 1807 3534 1877 Ποιήσωμεν
3560 1806 3779 1881 ἄνθρω-

2194 1914 2295 1951 πον
2336 1898 2456 1951 κατ’
2504 1896 2689 1952 εἰκόνα
2734 1897 3031 1968 ἡμετέραν.
3073 1917 3091 1950 ι
3137 1899 3259 1952 Ἐπὶ
3299 1898 3355 1951 δὲ
3385 1899 3480 1953 τοῦ
3512 1888 3653 1965 Νῶε,
3688 1901 3777 1954 ὅτι

2201 2008 2221 2041 ι
2257 1991 2315 2043 ἐν
2342 1990 2512 2044 εἰκόνι
2536 1989 2674 2044 Θεοῦ
2710 1990 2935 2060 ἐποίησε
2959 1990 3053 2045 τὸν
3082 1990 3391 2063 ἄνθρωπον.
3430 2010 3450 2045 ι
3493 1991 3552 2046 ’0
3580 1992 3634 2046 δέ
3662 2010 3777 2064 μα-

2194 2084 2386 2153 κάριος
2433 2080 2681 2146 Παῦλος·
2719 2102 2738 2135 ί
2788 2083 2953 2155 Ἀνὴρ
2981 2084 3079 2137 οὐκ
3112 2082 3319 2153 ὀφείλει
3352 2084 3775 2140 κατακαλύπτε-

2198 2174 2346 2239 σθαι,
2380 2173 2546 2232 εἰκὼν
2578 2176 2671 2230 καί
2708 2174 2834 2241 δόξα
2871 2176 3006 2230 Θεοῦ
3041 2177 3324 2249 ὑπάρχων.
3366 2196 3383 2230 ι
3422 2178 3485 2232 Εἰ
3514 2178 3571 2231 δὲ
3610 2180 3779 2249 μόνος

2194 2267 2224 2319 ὁ
2252 2266 2537 2338 ἄνθρωπος
2580 2269 2637 2321 ἐν
2668 2270 2781 2333 τοῖς
2816 2268 3096 2338 γεγονόσιν
3138 2269 3325 2335 εἰκὼν,
3368 2270 3652 2342 πρόδηλον,
3697 2272 3780 2335 ὡς

2195 2357 2387 2412 τούτου
2425 2360 2587 2431 μόνου
2621 2360 2781 2415 τοῦτο
2825 2363 3283 2433 προσειρημένου,
3322 2363 3457 2418 ἰδίαν
3508 2364 3629 2419 τινὰ
3671 2366 3782 2435 τῆς

2196 2452 2572 2523 προσηγορίας
2603 2453 2879 2526 προσῆκεν
2922 2451 3060 2509 εἶναι
3096 2455 3194 2527 τὴν
3216 2457 3397 2511 αἰτίαν
3419 2473 3434 2488 °
3479 2457 3600 2513 ἀλλ’
3644 2459 3778 2513 οὔτε

2195 2544 2258 2598 τὸ
2292 2546 2479 2617 νοερὸν
2529 2547 2708 2617 μόνον,
2756 2546 2880 2602 οὔτε
2914 2548 3164 2617 λογικόν·
3197 2551 3449 2613 τοιαύτας
3492 2551 3601 2624 γὰρ
3629 2549 3781 2606 εἶναι

2198 2638 2291 2692 καὶ
2320 2640 2420 2703 τὰς
2452 2640 2719 2712 ἀοράτους
2763 2642 2944 2712 φαμὲν
2975 2641 3251 2711 δυνάμεις.
3302 2643 3377 2697 Οὐ
3415 2643 3521 2716 μὴν
3562 2646 3684 2699 οὐδὲ
3716 2646 3783 2699 τὸ

2197 2730 2457 2802 ἀρχικόνο
2504 2734 2600 2787 καί
2644 2734 2754 2805 γὰρ
2792 2735 2886 2789 καὶ
2931 2734 3088 2788 τοῦτο
3130 2738 3252 2798 ταῖς
3293 2736 3545 2807 ἀοράτοις
3573 2740 3783 2809 προσὸν

2198 2822 2415 2894 ὁρῶμεν
2444 2822 2765 2893 δυνάμεσιν,
2799 2825 2874 2889 ὡς
2904 2826 2933 2879 ό
2966 2824 3235 2897 μακάριος
3267 2826 3479 2892 Παῦλος
3515 2829 3645 2883 ποτὲ
3673 2829 3784 2899 μὲν

2200 2911 2371 2983 λέγει,
2411 2932 2432 2966 ι
2467 2913 2591 2968 Ὅτι
2615 2915 2675 2968 ἐν
2702 2914 2852 2985 αὐτῷ
2888 2915 3110 2988 ἐκτίσθη
3143 2916 3213 2970 τὰ
3238 2918 3436 2983 πάντα,
3468 2918 3536 2972 τὰ
3576 2920 3635 2972 ἐν
3662 2922 3784 2984 τοῖς

2207 3005 2481 3077 οὐρανοῖς,
2516 3006 2611 3059 καὶ
2638 3006 2707 3061 τὰ
2749 3008 2842 3062 ἐπὶ
2871 3011 2970 3080 τῆς
2996 3011 3121 3079 γῆς,
3146 3009 3213 3064 τὰ
3238 3010 3431 3081 ὁρατὰ,
3458 3013 3551 3067 καὶ
3589 3012 3658 3067 τὰ
3682 3014 3785 3068 ἀό-

2204 3098 2487 3170 ρατα,εἴτε
2525 3098 2864 3169 Θρόνοι,εἵτε
2906 3100 3237 3171 κυριότητες
3256 3142 3270 3163 ,
3290 3104 3399 3156 εἴτε
3429 3104 3616 3177 Ἀρχαὶ
3636 3106 3784 3171 ,εἶτα

2205 3189 2497 3254 Ἐξουσίαισ
2525 3209 2544 3242 ›
2568 3191 2695 3243 ποτέ
2710 3191 2788 3257 δέ,
2809 3211 2827 3245 ι
2847 3192 2963 3245 Ἵνα
2978 3194 3190 3265 γνωσθῇ
3212 3195 3320 3264 (65)
3339 3195 3434 3250 νῦν
3449 3199 3567 3261 ταῖς
3584 3200 3785 3270 ἀρχαῖς

2207 3281 2302 3336 καὶ
2321 3284 2441 3345 ταῖς
2482 3281 2758 3347 ἐξουσίαις
2806 3284 2865 3335 ἐν
2890 3285 3001 3347 τοῖς
3037 3286 3395 3357 ἐπουρανίοις.
3430 3307 3449 3338 ι
3498 3288 3658 3344 Ὅθεν
3684 3290 3787 3344 καὶ

2205 3371 2307 3435 τὰς
2325 3371 2570 3435 ἐναντίας
2601 3373 2743 3427 οὕτω
2773 3375 2928 3429 καλεῖ
2961 3376 3242 3449 δυνάμεις,
3274 3379 3349 3444 ὡς
3374 3380 3440 3434 ἂν
3465 3380 3525 3447 ἐξ
3555 3382 3788 3438 ἐκείνων

2209 3461 2632 3527 ἐκπεπτωκυίας
2654 3465 2762 3518 τῶν
2796 3467 3113 3537 ταγμάτων.
3162 3489 3181 3521 ι
3224 3471 3336 3524 Οὐκ
3366 3471 3477 3526 ἔστι
3507 3473 3636 3546 γὰρ,
3669 3492 3786 3543 φη-

2209 3553 2314 3622 σὶν,
2344 3556 2476 3626 ἡμῖν
2517 3557 2552 3627 ἡ
2596 3556 2738 3628 πάλη
2771 3557 2908 3628 πρὸς
2932 3553 3071 3630 αἷμα
3103 3561 3197 3615 καί
3229 3563 3427 3633 σάρκα.
3478 3564 3614 3619 ἀλλὰ
3644 3567 3788 3638 πρὸς

2209 3645 2310 3707 τὰς
2366 3645 2561 3717 ἀρχὰς,
2592 3646 2729 3717 πρὸς
2770 3648 2871 3712 τὰς
2919 3647 3187 3715 ἐξουσίας,
3231 3652 3365 3722 πρὸς
3395 3653 3521 3717 τοὺς
3575 3671 3789 3724 κοσμοο

2211 3736 2481 3808 κράτορας
2505 3736 2599 3791 τοῦ
2630 3737 2857 3802 σκότους
2882 3739 2976 3793 τοῦ
3006 3739 3201 3805 αἰῶνος
3226 3741 3416 3795 τούτου
3443 3743 3509 3797 ’⁸.
3556 3762 3573 3795 ι
3622 3744 3788 3799 Οὕτω

2208 3830 2305 3884 καὶ
2349 3830 2572 3900 ἄγγελοι
2619 3830 2952 3887 καλοῦνταιο
2999 3852 3017 3885 ι
3056 3834 3169 3888 Καὶ
3220 3834 3458 3906 Μιχαὴλ,
3510 3838 3699 3908 φησιν,
3757 3842 3789 3893 ὁ

2209 3924 2396 3996 ἄρχων
2417 3923 2592 3995 ὑμῶν,
2623 3924 2716 3979 καὶ
2741 3924 2923 3997 ἄρχων
2951 3925 3211 3997 Περσίδος
3242 3926 3375 3999 (66).
3416 3947 3433 3980 ι
3469 3929 3696 4001 Εἴρηται
3721 3930 3786 3984 δέ

2209 4015 2304 4068 καὶ
2337 4015 2467 4085 περ).
2494 4014 2604 4069 τῶν
2644 4018 2967 4089 φωστήρων,
3003 4037 3023 4070 ι
3056 4015 3161 4071 Τὸν
3191 4019 3454 4091 φωστῆρα
3477 4019 3568 4073 τὸν
3602 4020 3785 4089 μέγαν

2208 4110 2290 4173 εἰς
2311 4108 2488 4180 ἀρχὰς
2509 4108 2612 4179 τῆς
2643 4109 2876 4181 ἡμέρας,
2906 4111 3000 4164 καὶ
3026 4109 3118 4164 τὸν
3153 4110 3417 4181 φωστῆρα
3440 4110 3531 4164 τὸν
3564 4110 3787 4164 ἐλάσσω

2208 4197 2289 4261 εἰς
2315 4196 2489 4268 ἀρχάς
2519 4196 2620 4268 τῆς
2652 4198 2864 4261 νυκτός.
2902 4217 2920 4250 ι
2966 4198 3139 4271 Ὅπερ
3166 4199 3332 4253 Δαὸὶδ
3369 4199 3616 4265 ἐξουσίαν
3646 4199 3784 4253 ἐκά-

2208 4288 2383 4355 λεσεν,
2414 4287 2583 4343 εἰπών
2607 4304 2620 4318 ·
2649 4308 2668 4341 ι
2702 4289 2808 4345 Τὸν
2834 4290 2985 4362 ἥλιον
3031 4294 3113 4356 εἰς
3141 4292 3388 4360 ἐξουσίαν
3412 4292 3512 4362 τῆς
3540 4291 3784 4363 ἡμέρας,

2210 4381 2304 4434 καὶ
2332 4381 2432 4454 τὴν
2462 4381 2692 4452 σελήνην
2720 4383 2817 4438 καὶ
2847 4385 2973 4449 τοὺς
3002 4383 3237 4457 ἀστέρας
3265 4387 3345 4448 εἰς
3389 4382 3636 4449 ἐξουσίαν
3676 4385 3787 4455 τῆς

2211 4473 2423 4537 νυκτός,
2460 4491 2479 4525 ι
2520 4474 2644 4539 Πῶς
2670 4474 2763 4530 οῦν
2793 4469 2904 4530 οἷόν
2931 4492 2992 4529 τε
3032 4471 3100 4549 ἦν
3126 4476 3265 4531 κατά
3291 4492 3345 4529 τι
3387 4474 3591 4529 τούτων
3622 4473 3787 4543 λέγε-

546 4572 733 4628 multis
758 4568 1047 4635 creaturis,
1085 4582 1209 4624 cum
1253 4576 1435 4622 tamen
1481 4565 1598 4637 ipse
1632 4565 1783 4622 solus
1812 4565 1880 4622 ad
1915 4565 2110 4638 imagi-

2214 4564 2340 4620 σθαι
2370 4566 2575 4639 ,εἰκόνα
2617 4567 2711 4622 τὸν
2755 4567 3064 4642 ἄνθρωπον,
3095 4562 3170 4624 ὧν
3213 4569 3279 4640 δὴ
3313 4568 3531 4640 μέτεστι
3560 4566 3786 4631 πολλοῖς

547 4682 670 4723 nem
701 4664 879 4721 factus
921 4660 1177 4719 dicatur?
1209 4658 1400 4730 Itaque
1434 4658 1782 4730 perspicuum
1814 4656 1975 4713 nobis
1998 4665 2106 4725 est,

550 4768 753 4816 certam
782 4755 1073 4826 quamdam
1102 4768 1323 4809 causam
1348 4766 1472 4809 esse
1488 4761 1767 4822 Oportere,
1798 4765 1896 4807 cur
1912 4750 1989 4805 ita
2018 4763 2110 4805 so-

622 4938 649 4976 h
673 4935 808 4990 Gen.
842 4951 880 4991 ι.
909 4931 999 4987 26.

554 5024 608 5069 x,
650 5006 739 5060 2i.
819 5011 845 5038 °
873 5003 1011 5059 Gen.
1052 5022 1093 5067 ι,
1124 5002 1210 5057 16.
1277 5012 1304 5053 ι’
1328 5000 1473 5054 Psal.
1512 5013 1711 5061 cxxxv,
1742 4998 1796 5062 8,
1822 4994 1878 5050 9.

2212 4658 2323 4713 τῶν
2350 4659 2673 4729 γεγονότων,
2702 4660 2865 4733 μόνου
2894 4678 2958 4731 γε
2992 4660 3158 4716 αὐτοῦ
3195 4662 3312 4715 κατ’
3336 4661 3520 4715 εἰκόνα
3547 4660 3656 4731 (67)
3683 4675 3786 4727 γε·

2215 4751 2478 4824 γενῆσθαι
2515 4753 2806 4826 λεγομένου
2837 4753 3019 4821 οΘεοῦ;
3063 4754 3179 4826 Ἀφ’
3212 4748 3274 4808 οῦ
3303 4752 3459 4825 δῆλον
3495 4753 3649 4826 ἡμῖν,
3693 4750 3786 4805 ὅτι

1074 4934 1089 4972 ί
1127 4932 1260 4987 Gen.
1289 4946 1367 5001 ιιι,
1399 4931 1454 4985 6.
1532 4940 1547 4978 ι
1584 4926 1922 5001 “3051117.
2004 4926 2028 4966 ι
2061 4926 2178 4982 Col.
2205 4927 2349 4993 1,16.
2434 4925 2669 4998 lEphes.
2691 4945 2772 4995 ιιι,
2804 4928 2891 4985 to.
2970 4940 3006 4963 -
3044 4928 3246 5001 Ephes.
3309 4944 3385 4997 vi,
3427 4930 3513 4985 l2.
3590 4928 3782 4988 nDan.

1399 5162 1632 5219 VARIIE
1677 5162 2065 5221 LECTIONES
2099 5163 2187 5219 EX
2239 5161 2515 5219 CATENA
2557 5159 2904 5219 LIPSIENSI.

630 5319 676 5348 "
712 5318 807 5371 καὶ
834 5317 932 5389 τὴν
959 5317 1169 5371 οἰκείαν
1193 5333 1338 5387 εισφ.
1376 5334 1463 5388 χρ.

1599 5318 1617 5348 ⁷
1651 5315 1731 5384 πῆ
1763 5315 1819 5368 δέ
1850 5316 1990 5370 κατὰ
2017 5315 2078 5369 τὸ
2102 5314 2321 5385 λογικόν
2349 5332 2460 5369 om.
2535 5317 2582 5349 “
2607 5315 2702 5368 τοῦ
2726 5314 2923 5377 αἰῶνος
2945 5311 3139 5366 τούτου
3167 5328 3277 5367 om.

2054 5489 2286 5546 NOTAE.

633 5652 744 5724 (64)
773 5653 908 5724 Κατ’
931 5652 1041 5708 clx.
1071 5668 1345 5724 —rc-rer.
1374 5650 1515 5724 cod.
1560 5660 1613 5704 et
1643 5646 1755 5703 Pic.
1785 5648 1907 5701 κατ’
1937 5648 2122 5703 εἰκόνα

563 5723 621 5778 δέ
643 5720 743 5776 τοῦ
775 5723 911 5777 Θεοῦ
940 5720 1271 5792 γεγενῆσθαι
1298 5722 1408 5792 τὸνμ
1424 5720 1732 5790 ἄνθρωπον.

637 5794 749 5864 (65)
780 5788 1055 5861 Γνωσθῇ.
1083 5788 1240 5864 de_
1281 5800 1333 5864 et
1382 5790 1495 5864 Pic.
1528 5788 1852 5864 ςγχωρισθῇ,
1880 5804 2001 5858 qua:
2039 5798 2122 5847 est

565 5860 739 5920 lectio
756 5874 971 5932 recepta
995 5860 1048 5918 in
1077 5864 1178 5918 hoc
1203 5861 1454 5933 Epistola:
1478 5860 1545 5915 ad
1582 5860 1781 5929 Ephes.
1810 5860 1948 5915 loco.

2291 5644 2403 5715 (66)
2432 5644 2897 5715 Kaidppﬂspo’.
2930 5644 3144 5701 Absunt
3172 5659 3204 5701 a
3230 5644 3353 5701 cod.
3396 5655 3451 5703 et
3495 5647 3609 5703 edit
3637 5646 3779 5705 Pici.
3882 5634 3886 5636 Ὗ

2218 5715 2327 5771 Nec
2357 5718 2422 5770 ad
2447 5718 2587 5771 hunc
2605 5718 2782 5771 locum
2809 5716 3101 5786 pertinent,
3122 5716 3216 5771 sed
3241 5731 3272 5771 e
3320 5716 3455 5772 Dan.
3500 5734 3552 5773 κ.
3582 5717 3653 5774 20
3672 5759 3688 5784 ,
3720 5730 3781 5775 ut

2218 5787 2948 5868 νίίξερξνιβυειιμιξειιηιρεθο

2290 5856 2404 5928 (67)
2434 5857 2568 5926 Κατ’
2597 5858 2710 5913 six.‘
2733 5854 2911 5926 Desid,
2942 5854 3149 5924 ἁγίοις..
3172 5855 3307 5913 Cod.
3330 5864 3384 5916 et
3415 5856 3768 5928 Ρίε.ὀμοίοις.
