3964 6552
208 418 298 481 113
1355 410 1638 482 QU/EST.
1673 409 1752 469 IN
1778 408 2045 467 GENES.
2080 408 2235 466 CAP.
2265 407 2315 467 Ι.

3338 388 3462 477 ut

208 526 328 597 μίαν
351 536 483 577 τινα
526 525 777 596 προσῆκε
807 524 905 595 τὴν
933 522 1113 577 αἰτίαν
1162 522 1321 584 ἐιναι,
1367 521 1491 574 καθ’
1526 522 1593 590 ἢν
1625 510 1781 581 οὗτος

1907 532 1972 572 us
2027 515 2331 585 appelletur
2362 556 2376 579 ,
2442 512 2602 583 cujus
2636 511 2805 568 'nulla
2861 508 3195 579 reliquarum
3243 513 3461 560 creatu-

203 616 333 669 οὕτω
360 616 817 688 προσηγόρευται
865 616 1046 687 μόνος,
1096 608 1165 686 ἧς
1204 612 1357 666 οὐδὲν
1411 612 1629 682 μετέχει
1674 611 1786 665 τῶν

200 708 520 779 γεγονότων,
555 707 656 763 ἅτε
684 708 821 779 μηδὲ
847 708 948 778 τῆς
977 706 1352 778 προσηγορίας
1380 705 1606 776 μετέχον
1649 703 1783 759 ταύ-

200 818 312 872 της.
342 800 505 854 Ἐστι
537 800 616 863 δὲ,
650 801 718 871 ἣν
746 798 918 871 ἔφθην
942 799 1134 853 εἰπών.

267 891 676 945 ΩΡΙΓΕΝΟΥΣ.
717 890 1154 962 Προδιαληπτὲον
1186 890 1474 961 πρότερον,
1506 888 1610 941 ποῦ
1654 906 1783 942 συν-

205 985 413 1039 ίσταται
436 981 521 1048 τὸ,
557 1000 576 1035 ι
614 983 753 1037 Κατ’
782 982 986 1049 είκόνα,
1029 1000 1048 1033 ι
1090 982 1152 1035 ὲν
1182 981 1418 1052 σώματι,
1454 980 1570 1051 ἢέν
1599 980 1784 1051 ψυχῇ;

206 1069 427 1141 Ἶδωμεν
462 1068 524 1122 δὲ
556 1070 829 1141 πρότερον
856 1065 940 1134 οἷς
977 1069 1219 1141 χρῶνται
1246 1071 1297 1123 οί
1341 1070 1402 1123 τὸ
1434 1069 1652 1141 πρῶτον
1699 1070 1789 1123 λέ-

210 1171 420 1227 γοντες’
458 1150 543 1212 ὧν
574 1160 695 1212 ἐστι
735 1159 831 1213 καὶ
857 1159 1127 1225 Μελίτων,
1171 1160 1583 1231 συγγράμματα
1622 1176 1791 1215 κατα-

199 1248 460 1313 λελοιπὼς
500 1251 638 1322 περὶ
674 1250 770 1305 τοῦ
798 1251 1114 1322 ὲνσώματον
1142 1248 1283 1306 εἶναι
1308 1252 1401 1305 τὸν
1438 1252 1593 1307 Θεόν.
1636 1252 1789 1325 Μέλη

199 1344 300 1415 γαρ
327 1343 469 1397 Θεοῦ
504 1344 893 1416 ὀνομαζόμενα
919 1344 1266 1415 εὑρίσκοντες
1293 1345 1610 1416 ὀφθαλμοὺς
1652 1345 1789 1400 Θεοῦ

200 1435 603 1500 ὲπιόλέποντας
634 1436 735 1507 τὴν
766 1437 1117 1509 οἰκουμένην,
1159 1438 1255 1493 καὶ
1289 1433 1406 1492 ὦτα
1450 1438 1618 1493 αὐτοῦ
1648 1438 1791 1494 εἶναι

201 1529 275 1591 είς
302 1528 501 1597 δέησιν
541 1528 770 1582 δικαίων
808 1530 1218 1594 ὲπινενευκότα,
1252 1531 1370 1595 καὶ,
1414 1550 1433 1583 ι
1482 1532 1789 1605 Ὠσφράνθη

200 1618 402 1691 Κύριος
434 1620 626 1692 όσμὴν
658 1621 908 1689 εὐωδίας,
962 1641 981 1673 ι
1022 1623 1136 1687 καὶ,
1173 1642 1193 1675 ι
1247 1622 1322 1677 Τδ
1356 1623 1535 1694 στόμα
1582 1626 1791 1698 Κυρίου

198 1710 430 1777 ὲλάλησε
474 1712 681 1778 ταῦτα,
724 1732 745 1764 ι
785 1715 879 1767 καὶ
931 1712 1192 1785 βραχίονα
1238 1713 1396 1782 Θεοῦ,
1444 1717 1541 1769 καὶ
1580 1719 1788 1789 χεῖρας,

202 1803 290 1856 καὶ
322 1802 524 1868 πόδας,
564 1804 662 1858 καὶ
686 1804 1000 1869 δακτύλους,
1031 1804 1293 1877 ἄντικρυς
1323 1806 1594 1874 φάσκουσι
1616 1807 1791 1862 ταῦτα

200 1897 292 1967 οὐχ
310 1896 513 1965 ἕτερόν
534 1914 589 1949 τι
611 1896 905 1961 διδάσκειν,
936 1896 970 1967 ἢ
1001 1896 1099 1969 τὴν
1122 1897 1337 1970 μορφὴν
1358 1898 1454 1952 τοῦ
1474 1899 1635 1955 Θεοῦ.
1663 1900 1788 1964 Πῶς
1823 1878 1865 1932 Β

200 1987 276 2053 δὲ,
293 1988 456 2057 φασὶ,
484 1988 587 2041 καὶ
612 1986 813 2058 seems
829 1988 960 2051 Θεὸς
982 1988 1059 2059 τῷ
1087 1989 1465 2060 Ἀδραὰμ,καὶ
1484 1993 1677 2063 Μωσῇ,
1699 1993 1793 2046 καὶ

201 2080 306 2141 τοῖς
374 2079 609 2147 ἁγίοις.
677 2080 754 2151 μὴ
807 2082 1288 2152 μεμορφωμένοςς
1357 2084 1792 2155 μεμορφωμένος

200 2171 274 2234 ἃ,
288 2171 435 2224 κατὰ
452 2174 615 2226 ποῖον
634 2173 1025 2245 χαρακτῆρα,ἢ
1042 2174 1132 2228 τὸν
1148 2174 1244 2229 ἀνθ
1252 2173 1517 2244 ρώπινονς
1543 2179 1652 2231 Καὶ
1669 2195 1795 2233 συν·

202 2261 397 2329 ἁγουσι
428 2262 612 2333 μυρία
662 2264 822 2335 ῥητὰ,
873 2262 1009 2336 μέλη
1053 2265 1391 2336 ὀνομάζοντα
1438 2267 1595 2323 Θεοῦ.
1646 2269 1796 2341 Πρὸς

199 2352 289 2417 οὓς
316 2354 672 2421 ἀγωνιστέον
699 2355 920 2427 πρῶτον
943 2356 1053 2410 ἀπὸ
1082 2358 1181 2428 τῆς
1209 2356 1413 2424 λέξεως
1436 2374 1450 2389 ⁸
1484 2360 1794 2431 ἀντιπαρα-

201 2447 481 2519 καλοῦμεν
513 2448 575 2502 δὲ
610 2449 778 2520 ῥητὰ,
812 2452 922 2514 τοῖς
952 2450 1117 2505 πλέον
1145 2450 1240 2505 τοῦ
1266 2451 1594 2523 γράμματος
1626 2453 1794 2523 μηδὲν

202 2540 623 2609 ἐπισταμένοις,
660 2541 1045 2614 ἐναντιούμενα
1077 2526 1258 2599 αὐτῶν
1284 2548 1351 2616 τῇ
1401 2544 1702 2617 ὑπολήψεν
1729 2548 1797 2600 ὲκ

206 2630 300 2701 μὲν
339 2631 439 2685 τοῦ
474 2633 783 2704 Ζαχαρίου,
815 2634 898 2688 ὅτι
933 2652 954 2687 ι
995 2636 1169 2691 Ἑπτὰ
1201 2636 1475 2709 ὀφθαλμοὶ
1504 2638 1711 2710 Κυρίου
1741 2639 1795 2691 oi

203 2721 603 2788 ὶπιῦλέποντες
631 2725 727 2779 ἐπὶ
760 2727 941 2781 πᾶσαν
987 2727 1088 2798 τὴν
1118 2728 1243 2800 γῆν.
1288 2748 1307 2782 ι
1344 2730 1406 2783 Ei
1435 2730 1492 2784 δὲ
1519 2730 1658 2784 ἑπτὰ
1683 2729 1798 2803 ἔχει

203 2814 526 2887 ὀφθαλμοὺς
554 2817 582 2867 ὀ
614 2817 772 2882 Θεὸς,
800 2819 961 2890 ἡμεῖς
988 2818 1045 2874 δὲ
1073 2819 1187 2885 δύο,
1221 2820 1284 2874 οὐ
1324 2821 1448 2874 κατ’
1480 2822 1666 2877 εἰκόνα
1693 2822 1795 2878 αὑ-

203 2910 295 2963 τοῦ
323 2911 669 2982 γεγόναμεν.
721 2911 883 2967 Ἀλλά
919 2914 1013 2967 καὶ
1037 2915 1202 2985 ἡμεῖς
1235 2914 1335 2985 μὲν
1363 2915 1464 2969 οὐκ
1487 2916 1797 2988 ὲπτερυγώ-

205 3000 368 3072 μεθα,
417 3004 559 3074 περὶ
603 3005 665 3058 δὲ
696 3004 834 3059 Θεοῦ
877 3004 1029 3074 λέγει
1063 3006 1125 3059 ὲν
1153 3008 1524 3079 ὲννενηκοστῷ
1572 3008 1794 3081 ψαλμῷ,

204 3093 283 3147 ὅτι
317 3112 339 3146 ι
397 3094 544 3149 Ὑπὸ
574 3094 677 3159 τὰς
718 3096 996 3169 πτέρυγας
1043 3098 1212 3153 αὐτοῦ
1264 3098 1489 3181 ὲλτιιείς.
1550 3120 1571 3154 ι
1628 3103 1694 3157 Ei
1738 3103 1796 3175 δξ

203 3185 419 3252 ἐκεῖνος
470 3186 583 3259 μὲν
632 3188 916 3261 πτέρυγας
964 3190 1099 3261 ἔχει,
1148 3192 1311 3263 ἡμεῖς
1350 3193 1409 3247 δέ
1455 3195 1626 3264 ἐσμεν
1657 3195 1797 3260 ζῶον

205 3277 471 3350 ἄπτερον,
501 3279 570 3333 οὐ
604 3282 727 3336 κατ’
758 3281 946 3337 είκόνα
990 3283 1127 3338 Θεοῦ
1177 3284 1401 3355 γέγονεν
1429 3287 1459 3340 6
1487 3280 1794 3357 ἄνθρωπος.

208 3365 332 3429 Πῶς
360 3367 422 3420 δὲ
451 3370 483 3421 6
528 3371 885 3443 σφαιροειδὴς
921 3372 1168 3444 οὐρανὸς,
1200 3376 1296 3428 καὶ
1336 3374 1425 3429 ἀεὶ
1455 3375 1794 3448 κινούμενος,

214 3456 407 3527 θρόνος
433 3454 586 3513 εἶναι
615 3458 863 3529 δύναται,
885 3462 961 3527 ὡς
990 3463 1455 3536 ὑπολαμϐάνουσι,
1490 3466 1585 3521 τοῦ
1617 3466 1753 3521 Θεοῦ
1778 3486 1793 3533 ;

223 3549 387 3603 Ἀλλὰ
432 3551 533 3605 καὶ
565 3554 597 3623 ἠ
632 3553 704 3625 γῆ
744 3554 863 3618 πῶς
916 3556 1205 3610 ὑποπόδιον
1231 3558 1339 3612 τῶν
1390 3559 1569 3613 ποδῶν
1595 3560 1796 3626 αὐτοῦς

224 3641 759 3709 ’Δπαγγελλέτωσαν
782 3648 937 3719 ἡμῖν.
984 3644 1130 3719 *Αρα
1163 3649 1272 3718 γὰρ
1304 3651 1366 3703 τὸ
1412 3636 1523 3704 ἀπὸ
1553 3654 1798 3720 γονάτων

217 3732 379 3805 μέχρι
399 3734 516 3787 τῶν
543 3734 758 3805 βάσεων
782 3738 944 3811 σῶμα
966 3740 1058 3793 τοῦ
1082 3740 1287 3811 μεταξὺ
1316 3743 1548 3813 οὐρανοῦ
1578 3746 1671 3797 καὶ
1692 3746 1798 3815 γῆς

213 3827 591 3897 περιέχοντος,
626 3829 685 3882 ὲν
716 3829 865 3901 μέσῳ
889 3831 947 3885 δὲ
988 3832 1154 3903 οῦσης
1185 3834 1283 3903 τῆς
1314 3835 1419 3904 γῆς
1459 3835 1552 3888 τοῦ
1600 3837 1799 3900 παντὸς

215 3916 445 3987 κόσμου,
480 3919 584 3973 καὶ
616 3922 1010 3993 περιεχομένης
1057 3924 1149 3977 ὑπ’
1187 3923 1375 3989 αὑτοῦ,
1426 3926 1504 3989 ὡς
1548 3943 1797 3998 γραμμι-

216 4014 342 4074 καίς
368 4011 692 4078 ἀποδείξεσι
722 4014 1073 4087 παρίσταται,
1106 4020 1236 4088 παρ’
1262 4020 1396 4089 ἡμῖν
1424 4020 1564 4073 είσιν
1611 4021 1666 4073 αἱ
1700 4020 1800 4090 βά-

217 4116 339 4194 σεις
367 4101 461 4154 τοῦ
493 4102 659 4171 Θεοῦ,
692 4105 723 4177 ἢ
756 4107 906 4178 παρὰ
932 4111 1044 4172 τοῖς
1071 4108 1377 4180 ἀντίχθοσι;
1426 4111 1521 4167 καὶ
1546 4110 1674 4194 ὅλην
1702 4113 1805 4183 τὴν

218 4192 554 4267 οἰκουμένην
600 4197 761 4267 ήμῶν
810 4199 1258 4271 πεπληρώκασιν,
1311 4202 1344 4269 ἢ
1394 4204 1490 4257 καὶ
1519 4192 1701 4281 θπλέον
1746 4222 1801 4259 τι

216 4286 715 4359 ἐπιλαμϐάνουσιν,
751 4288 784 4359 ἢ
812 4290 1032 4345 ἔλαττόν
1063 4309 1115 4346 τι
1139 4311 1153 4358 ;
1178 4293 1531 4365 διεστήκασιν
1560 4297 1609 4348 οἱ
1639 4298 1801 4361 πόδες

215 4376 385 4430 αὐτοῦ
416 4378 512 4433 διὰ
541 4379 642 4444 τὰς
686 4380 960 4447 Θαλάσσας
990 4383 1084 4438 καὶ
1127 4384 1254 4449 τοὺς
1294 4387 1589 4457 ποταμοὺς,
1639 4388 1672 4458 ἢ
1707 4388 1803 4443 καὶ⁵

216 4471 330 4532 τοῖς
384 4470 583 4525 ὕδασιν
625 4473 999 4539 ὲπιϐαίνουσι;
1054 4476 1173 4539 πῶς
1202 4477 1258 4531 δὲ
1309 4472 1369 4532 οῦ
1416 4480 1445 4532 6
1480 4480 1799 4551 τηλικοῦτος

1889 626 2075 664 rarum
2134 608 2207 663 sit
2263 608 2576 678 particeps,
2626 613 2685 660 ut
2732 605 2936 675 quibus
2978 602 3104 657 talis
3169 602 3497 671 appellatio.

1888 700 2112 755 minime
2162 697 2471 755 conveniat.
2538 695 2635 752 Est
2690 709 2875 751 autem
2927 694 3057 759 illa,
3115 707 3283 762 quam
3339 702 3465 750 ante

1888 792 2022 849 dixi.

1959 881 2305 940 ORIGENIS.
2349 880 2512 937 Prius
2550 882 2948 937 discutiendum
3006 891 3111 950 est,
3163 883 3259 939 ubi
3283 882 3471 937 consi-

1889 990 1999 1036 stat
2028 980 2159 1035 illud
2180 1019 2195 1043 ,
2234 998 2253 1031 ι
2287 978 2352 1033 ad
2391 978 2684 1050 imaginem
2720 997 2738 1030 ι
2771 978 2824 1032 in
2857 993 3108 1048 corpore,
3141 994 3209 1033 an
3251 978 3305 1032 in
3348 975 3469 1031 ani-

1894 1089 2005 1129 ma.
2075 1073 2142 1127 Et
2180 1073 2235 1127 in
2268 1071 2461 1141 primis
2506 1070 2812 1137 videamus,
2854 1071 3053 1141 quibus
3090 1079 3334 1137 utantur,
3377 1069 3471 1141 qui

1891 1166 2045 1236 prius
2074 1172 2421 1221 asseruntze
2463 1179 2697 1234 quorum
2745 1177 2972 1218 numero
3018 1170 3101 1219 est
3131 1162 3327 1228 Melito,
3376 1161 3472 1232 qui

1846 1320 1847 1323 η
1892 1257 2090 1327 scripta
2133 1254 2386 1327 reliquit,
2441 1255 2641 1326 quibus
2679 1254 2880 1310 asserit
2924 1254 3094 1310 Deum
3148 1268 3470 1324 corporeum

1893 1364 2035 1403 esse.
2069 1348 2311 1403 Membra
2356 1348 2501 1403 enim
2550 1347 2643 1402 Dei
2696 1347 2962 1417 appellata
3003 1362 3127 1401 cum
3176 1347 3472 1415 reperiunt,

1893 1440 2086 1495 oculos
2121 1438 2216 1493 Dei
2254 1438 2611 1507 respicientes
2635 1440 2907 1505 ‘terram,
2947 1446 3001 1491 et
3021 1451 3183 1491 aures
3224 1436 3346 1506 ejus
3387 1438 3472 1490 in-

1894 1540 2071 1586 tentas
2098 1546 2220 1586 esse
2250 1530 2315 1584 ad
2348 1544 2537 1600 preces
2566 1529 2879 1599 justorum;
2909 1537 2982 1595 et,
3013 1547 3031 1579 ι
3069 1528 3268 1584 Olfecit
3294 1529 3477 1583 Domi.

1896 1638 2000 1679 nus
2033 1622 2258 1677 odorem
2294 1622 2583 1677 suavitatis
2610 1638 2624 1686 ;
2665 1640 2683 1671 ι
2716 1630 2792 1685 et,
2829 1642 2847 1673 ι
2879 1620 2953 1677 Os
2980 1620 3197 1677 Domini
3232 1622 3473 1677 locutum

1893 1722 1980 1767 est
2004 1713 2128 1780 ista,
2166 1732 2185 1766 ι
2234 1721 2289 1767 et
2325 1714 2610 1775 brachium
2636 1712 2753 1781 Dei,
2784 1720 2838 1770 et
2868 1729 3086 1776 manus,
3125 1724 3178 1769 et
3208 1715 3389 1783 pedes.
3424 1725 3477 1768 et

1894 1805 2135 1876 digitos;
2183 1806 2369 1861 statim
2408 1806 2674 1873 inferunt,
2716 1808 2829 1862 haec
2878 1807 3035 1862 nihil°
3066 1807 3211 1862 aliud
3258 1808 3471 1872 docere,

1892 1913 2057 1966 quam
2084 1897 2317 1952 formam
2347 1897 2466 1954 Dei.
2501 1897 2787 1965 Quomodo
2820 1915 2970 1967 vero,
3007 1900 3176 1959 aiunt.
3211 1899 3362 1954 visus
3393 1909 3476 1955 est

1893 1989 2037 2045 Deus
2056 1988 2556 2059 Abrahze,Mosi,et
2586 1992 2808 2053 sanctis,
2837 1991 3065 2047 formam
3092 2008 3198 2046 non
3228 1993 3476 2045 habens?

1895 2082 1952 2138 Si
1986 2093 2168 2138 autem
2218 2083 2451 2139 formam
2493 2083 2674 2148 habet,
2731 2084 2837 2155 33
2869 2085 3087 2154 qualem
3143 2083 3395 2142 formam.
3430 2085 3473 2138 si

1894 2192 2001 2232 non
2048 2177 2382 2232 humanam?
2419 2178 2487 2232 Et
2532 2186 2858 2233 coacervant
2890 2176 3037 2232 mille
3090 2176 3203 2232 loca
3226 2219 3240 2242 ,
3277 2177 3477 2245 quibus

1894 2268 2138 2321 membra
2166 2266 2262 2321 Dei
2288 2267 2646 2337 appellantur.
2680 2266 2955 2321 Adversus
2988 2281 3128 2338 quos
3162 2267 3475 2322 certandum

1893 2364 1975 2411 est
2007 2354 2243 2425 primum
2291 2371 2358 2411 ex
2398 2355 2633 2411 dictione
2681 2356 2997 2426 Scripturce.
3045 2356 3112 2411 Et
3155 2373 3219 2411 ex
3251 2358 3477 2412 adverso

1896 2446 2224 2517 opponimus
2258 2447 2366 2513 his,
2412 2448 2504 2519 qui
2542 2457 2740 2519 prwter
2776 2448 3009 2504 litteram
3064 2448 3200 2503 nihil
3254 2459 3473 2513 norunt.

1896 2538 2191 2609 Scriptum
2212 2541 2375 2595 verba
2421 2555 2611 2595 eorum
2637 2540 2881 2611 Opinioni
2916 2543 3190 2597 contraria
3225 2558 3239 2595 :
3272 2558 3337 2597 ex
3380 2540 3479 2595 Za-

1896 2632 2083 2687 charia
2105 2632 2317 2688 dicente
2352 2651 2367 2687 :
2405 2653 2423 2687 ι
2462 2632 2682 2704 Septem
2726 2634 2871 2690 oculi
2915 2632 3130 2689 Domini
3178 2635 3479 2705 respiciunt
3510 2698 3523 2709 κ

1897 2738 2067 2792 super
2102 2723 2415 2780 universam
2442 2734 2645 2780 terram
2678 2726 2726 2779 τι.
2768 2744 2787 2777 ι
2837 2724 2992 2791 Quod
3020 2727 3063 2780 si
3099 2725 3242 2782 Deus
3272 2737 3477 2795 septem

1901 2816 2092 2873 oculos
2115 2816 2296 2883 habet,
2322 2834 2423 2875 nos
2447 2829 2629 2876 autem
2655 2820 2792 2875 duos
2824 2828 3057 2885 tantum,
3088 2836 3194 2873 non
3230 2821 3296 2875 ad
3321 2821 3479 2876 simi-

1897 2906 2185 2962 litudinem
2213 2907 2334 2978 ejus
2355 2908 2523 2963 creati
2553 2924 2764 2963 sumus.
2798 2906 2904 2963 Sed
2931 2924 3107 2977 neque
3137 2923 3238 2963 nos
3266 2910 3476 2980 praediti

1901 3014 2094 3055 sumus
2119 3000 2243 3068 alis,
2270 3015 2394 3057 cum
2424 3009 2605 3055 tamen
2642 3000 2710 3055 de
2745 2999 2854 3055 Deo
2891 2999 3105 3055 dicatur
3139 3001 3192 3055 in
3238 3018 3477 3073 nonage-

1900 3090 2043 3146 simo
2071 3092 2302 3162 psalmo,
2341 3111 2361 3145 ι
2400 3095 2504 3149 sub
2540 3094 2641 3149 alis
2669 3092 2787 3164 ejus
2820 3093 3067 3164 sperabis
3100 3104 3142 3149 ι’.
3185 3112 3202 3145 ι
3238 3094 3393 3160 Quod
3432 3098 3477 3149 si

1902 3182 2044 3240 Deus
2075 3185 2191 3240 alas
2224 3185 2406 3252 habet,
2439 3201 2538 3242 nos
2569 3196 2750 3241 autem
2794 3204 2986 3243 sumus
3017 3187 3272 3242 animalia
3319 3188 3480 3243 mini-

1902 3291 1987 3330 me
2013 3288 2270 3346 pennata,
2309 3293 2419 3333 non
2439 3278 2614 3333 factus
2643 3291 2724 3334 est
2746 3280 2911 3334 homo
2948 3280 3011 3334 ad
3040 3280 3326 3351 imaginem
3360 3280 3474 3335 Dei.

1901 3368 1973 3423 At
1997 3373 2273 3439 quomodo
2311 3371 2534 3437 coelum,
2567 3388 2691 3425 cum
2725 3374 2797 3427 sit
2821 3373 3146 3442 sphaericum
3181 3384 3235 3429 et
3263 3391 3479 3445 semper

1903 3462 2175 3526 volvatur,
2220 3461 2452 3517 thronus
2495 3461 2587 3516 Dei
2628 3478 2750 3518 esse
2796 3472 2994 3533 potest,
3052 3474 3111 3519 ut
3140 3465 3242 3535 ipsi
3283 3466 3478 3520 existi-

1902 3553 2097 3606 mant?
2136 3553 2251 3609 lmo
2284 3553 2447 3608 etiam
2476 3561 2617 3609 terra
2650 3555 2925 3625 quomodo
2962 3556 3259 3610 scabellum
3284 3558 3479 3627 pedmn

1903 3643 2469 3715 ejus?Respondeant
2495 3648 2674 3701 nobis.
2709 3646 2958 3718 Nunquid
2994 3648 3161 3710 enim,
3199 3666 3325 3704 cum
3353 3666 3478 3706 cor-

1904 3753 2009 3807 pus
2032 3737 2163 3792 illud
2186 3740 2330 3808 quod
2361 3755 2392 3794 a
2433 3740 2664 3809 genibus
2700 3757 2877 3811 usque
2912 3742 2980 3796 ad
3011 3742 3223 3812 plantas
3256 3753 3478 3813 proten-

1905 3830 2074 3896 ditur,
2109 3831 2531 3901 comprehendat
2565 3834 2666 3886 hoc
2706 3834 2965 3901 spatium,
3008 3835 3149 3904 quod
3187 3835 3478 3892 intercedit

1903 3922 2045 3975 inter
2096 3924 2294 3977 cmlum
2348 3934 2402 3978 et
2438 3934 2659 3989 terram,
2702 3941 2824 3980 cum
2873 3938 3015 3981 terra
3071 3928 3143 3982 sit
3199 3928 3253 3981 in
3302 3929 3482 3984 medio

1901 4014 2071 4068 totius
2105 4016 2311 4081 mundi,
2343 4026 2397 4070 et
2428 4018 2771 4072 contineatur
2800 4019 2868 4073 ab
2899 4021 3036 4089 ipso,
3059 4031 3115 4074 ut
3138 4021 3479 4074 demonstra-

1904 4106 2146 4161 tionibus
2181 4107 2477 4164 linearibus
2516 4120 2749 4174 constat,
2793 4112 2937 4180 apud
2981 4128 3079 4166 nos
3118 4121 3245 4167 sunt
3280 4113 3478 4182 plantae

1904 4193 2022 4261 Dei,
2059 4212 2128 4250 an
2179 4197 2319 4266 apud
2370 4200 2802 4256 antichthonas?
2833 4212 2887 4256 et
2917 4218 2983 4256 an
3023 4203 3332 4259 universam
3367 4214 3477 4258 Ier-

1905 4300 2021 4345 ram
2059 4295 2304 4342 nostram
2343 4290 2570 4358 replent,
2619 4294 2907 4347 autetiam
2949 4294 3070 4363 plus
3119 4294 3477 4363 comprehen-

1878 4438 1879 4441 η
1905 4374 2064 4445 dunt,
2090 4377 2386 4435 minusve?
2414 4380 2690 4438 distantne
2722 4383 2888 4453 pedes
2910 4384 3032 4455 ejus
3061 4394 3281 4455 propter
3306 4385 3477 4439 maria

1905 4466 2225 4534 etﬂumina,
2265 4478 2360 4525 aut
2402 4472 2566 4525 etiam
2604 4474 2657 4527 in
2682 4474 2837 4544 aquis
2872 4474 3171 4531 insistunt?
3199 4475 3301 4529 Sed
3337 4490 3476 4545 quo-

216 4561 453 4634 οὐρανὺς
483 4562 699 4636 Θρόνος,
730 4568 824 4620 καὶ
852 4569 886 4640 ἡ
917 4567 989 4638 γῆ
1041 4569 1330 4622 ὑποπόδιον
1370 4571 1479 4624 τῶν
1518 4572 1716 4636 ποδῶν,
1747 4574 1796 4627 ὲν

1908 4559 2071 4614 modo
2105 4560 2173 4627 is,
2197 4562 2354 4631 cujus
2385 4573 2596 4617 tantum
2626 4564 2824 4620 malum
2854 4567 3085 4622 thronus
3114 4577 3213 4631 est,
3243 4584 3307 4623 ac
3337 4578 3479 4623 terra

224 4654 371 4725 μόνῳ
403 4656 522 4727 (68)
572 4657 652 4729 τῷ
684 4660 1001 4731 παραδείσῳ
1033 4660 1344 4731 εὑρίσκεται
1392 4664 1733 4736 περιπατῶν,
1766 4666 1801 4737 ἢ

222 4746 278 4800 ὲν
300 4751 369 4819 τῇ
401 4752 624 4821 κορυφῇ
653 4750 746 4804 τοῦ
777 4753 906 4805 Σινᾶ
925 4752 1172 4822 φαίνεται
1202 4754 1280 4823 τῷ
1305 4756 1509 4827 Μωσῇ;
1544 4757 1651 4810 Καὶ
1681 4758 1800 4821 πῶς

223 4838 401 4892 ταῦτά
429 4856 515 4903 τις
548 4843 680 4911 περὶ
707 4841 845 4895 Θεοῦ
874 4842 1109 4910 δοξάζων
1137 4844 1198 4897 οὐ
1229 4846 1411 4915 μωρὸς
1438 4846 1761 4917 λεχθήσεται
1786 4865 1801 4911 ;

224 4930 358 4990 Εἶτα
405 4931 599 4990 πολλᾶ
636 4936 772 5006 πρὸς
819 4938 1130 5010 ἀνατροπὴν
1176 4939 1349 4993 είπὼν
1393 4940 1497 5010 τῆς
1549 4941 1805 5011 τοιαύτης

226 5028 382 5099 δόξης
410 5029 632 5097 ἐπάγει.
688 5030 743 5082 '0
775 5028 833 5082 δὲ
862 5029 1085 5099 φάσκων
1106 5032 1189 5097 τὸ,
1219 5051 1238 5084 ι
1286 5031 1422 5085 Κατ’
1442 5032 1648 5099 εἰκόνα,
1671 5053 1689 5084 ρ
1727 5034 1803 5106 μὴ

228 5121 283 5172 ἐν
310 5120 535 5191 σώματι
564 5116 724 5183 εἶναι,
756 5122 816 5174 ἐν
843 5121 901 5176 δὲ
930 5125 995 5193 τῇ
1037 5124 1228 5193 λογικῇ
1258 5123 1428 5194 ψυχῇ,
1463 5126 1805 5195 παραστήσει

228 5216 325 5267 οὐκ
348 5215 830 5286 εὐκαταφρόνητον
852 5217 1049 5288 δόγμα,
1095 5219 1443 5279 καταλαϐὼν.
1473 5220 1617 5282 τίνες
1644 5221 1805 5274 δυνά-

232 5323 353 5375 μεις
376 5307 522 5359 είσὶν
550 5306 739 5379 αὐτῆς.
782 5308 847 5362 Ἡ
876 5309 984 5380 γὰρ
1013 5310 1288 5381 γνωστικὴ
1314 5309 1541 5382 δύναμις
1571 5314 1603 5383 ἡ
1646 5313 1704 5365 ἐν
1730 5313 1805 5381 τῷ

230 5398 528 5470 ἀνθρώπῳ,
576 5401 797 5472 κριτική
846 5418 906 5455 τε
952 5403 1063 5455 καὶ-
1091 5403 1434 5475 εὐποιητικὴ,
1485 5404 1839 5475 δικαιοπρα-“

296 5617 328 5657 1
382 5605 616 5662 Zachar.
648 5624 723 5673 IV,
761 5609 829 5661 in
932 5618 1110 5660 tvers.
1143 5610 1196 5664 «ι.

1908 4652 2106 4722 pedum
2155 4655 2477 4723 scabellum,
2532 4656 2811 4712 invenitur
2854 4658 3205 4715 deambulare
3254 4661 3308 4713 in
3361 4660 3481 4716 solo

1911 4746 2185 4815 paradiso,
2226 4759 2321 4801 aut
2355 4757 2578 4819 apparet
2607 4748 2741 4805 Mosi
2770 4750 2826 4805 in
2852 4751 3053 4806 vertice
3079 4753 3279 4806 mrmtis
3310 4751 3482 4808 Sina?

1912 4836 1978 4892 Et
2018 4841 2293 4908 quomodo
2340 4841 2447 4905 ille,
2479 4843 2571 4911 qui
2615 4842 2743 4898 talia
2789 4843 2856 4900 de
2894 4845 3005 4900 Deo
3054 4845 3477 4917 existimaverit,

1913 4946 2020 4985 non
2057 4932 2256 4987 stultus
2298 4934 2547 4988 dicetur?
2584 4933 2791 4991 Deinde
2818 4946 2944 5006 post
2985 4936 3177 5001 multa,
3214 4951 3336 5007 quae
3366 4937 3480 4994 dis-

1911 5025 2046 5079 serit
2087 5025 2155 5080 ad
2188 5027 2528 5083 eversionem
2584 5029 2853 5099 ejusmodi
2890 5029 3185 5100 opinionis,
3233 5030 3474 5100 subjicit.

1899 5117 2008 5189 34
2032 5117 2135 5184 Qui
2164 5134 2293 5174 vero
2334 5130 2540 5176 asseret
2570 5122 2724 5188 illud,
2787 5139 2807 5174 ι
2849 5122 2917 5177 ad
2963 5121 3274 5193 imaginem,
3314 5140 3332 5175 ι
3369 5138 3479 5178 non

1902 5210 1956 5263 in
1987 5227 2215 5282 corpore
2238 5214 2560 5280 consistere,
2596 5215 2691 5272 sed
2737 5216 2791 5270 in
2820 5216 2999 5270 anima
3060 5214 3333 5281 rationali,
3377 5215 3477 5271 d0-

1902 5321 2021 5374 gma
2070 5315 2272 5362 statuet
2321 5324 2431 5365 non
2472 5313 2953 5378 contemnendum,
3009 5310 3476 5383 comprehendens

1902 5412 2024 5467 quae
2054 5397 2339 5458 facultates
2369 5404 2479 5460 sint
2507 5403 2703 5475 ipsius.
2740 5403 2873 5460 Nam
2908 5422 3027 5477 qua:
3062 5406 3116 5461 in
3146 5403 3360 5460 homine
3391 5412 3485 5460 est

1733 5789 1962 5847 NOTE.

302 5863 416 5934 (68)
450 5865 645 5933 Πόνῳ.
677 5864 856 5920 abest.
