3964 6536
208 443 304 508 117

1348 438 1632 510 ΟΗᾹΞΞΤ.
1666 440 1745 499 ΙΝ
1770 437 2047 503 ζϐΕΝΕΞ.
2083 440 2238 500 CAP.
2271 441 2385 499 Πο-

3347 447 3457 507 ΗΒ

199 550 448 621 «istth
472 548 569 601 καὶ
600 547 672 601 τὰ
695 549 860 617 ὅμοια
892 546 1075 618 αὐτῷ·
1107 548 1200 601 καὶ
1232 548 1321 601 τὸν
1350 548 1658 619 ὀφιομάχην
1683 549 1778 601 καὶ

1890 550 2086 605 habens
2104 550 2469 607 abominabile
2487 562 2569 609 est
2597 554 2777 617 vobis,
2803 562 2857 606 ct
2874 552 2979 608 illis
3007 552 3319 622 polluemini
3344 556 3442 628 ’.ιι

200 643 450 713 τειὸμοια
468 639 621 711 αύτῷ
639 640 828 694 ³¹.Πᾶν
855 641 1086 710 ἑρπετὸν
1115 640 1222 693 ἀπὸ
1256 640 1367 693 τῶν
1391 641 1673 706 πετεινῶν,
1697 638 1778 705 οἷς

197 736 310 787 εισι
350 733 623 803 τέσσαρες
652 731 834 795 πόδες,
869 730 1142 801 βδέλυγμα
1184 731 1297 800 (74)
1343 732 1472 801 ύμῖν
1505 733 1650 785 ἐστι*
1683 734 1781 786 καὶ

193 827 256 880 ἑν
306 826 528 886 τούτοις
558 822 942 895 μιανθήσεσθε.
1002 842 1020 874 ι
1057 824 1168 877 Ούκ
1213 824 1369 895 ἄρχει
1409 824 1588 877 τοίνυν
1619 827 1652 878 δ
1682 825 1778 878 ἆν-

192 915 429 985 ῑρωπος
460 912 583 968 οὔτε
611 913 719 966 τῶν
757 912 970 982 κτηνῶν
1000 913 1108 966 τῶν
1138 914 1387 983 μεγάλων
1421 915 1488 984 ³ξ,
1520 914 1643 968 οὔτε
1669 916 1779 969 τῶν

192 1006 453 1074 θηρίων.
486 1002 627 1072 τάχα
664 1001 763 1074 τὴν
790 1000 963 1071 ἀρχὴν
991 999 1115 1054 οὗτε
1155 1001 1225 1054 δι’
1255 1000 1417 1054 αὐτὸν
1444 1000 1779 1070 γεγεννημέ-

191 1113 340 1149 νων.
395 1094 464 1147 τὸ
485 1093 545 1147 δὲ
570 1095 758 1164 ὅμοιον
782 1094 894 1157 τοῖς
919 1092 1103 1147 ὲνθὰδε
1126 1093 1635 1163 ἀναγεγραμμένοις
1678 1092 1784 1145 ύπὺ

190 1185 299 1254 τὴν
331 1186 589 1252 ἐξουσίαν
626 1183 720 1238 τοῦ
749 1180 1038 1255 ἀνθρώπου
1074 1185 1133 1236 ὲν
1158 1183 1237 1256 τῷ
1262 1185 1435 1256 ὀγδόῳ
1457 1183 1656 1255 ψαλμῷ
1692 1182 1784 1239 λέ-

190 1289 399 1340 γεται·
436 1292 456 1325 ι
494 1273 678 1327 Πάντα
707 1271 978 1338 ὑπέταξας
1024 1273 1278 1329 ὑποκάτω
1310 1275 1421 1328 τῶν
1464 1274 1640 1329 ποδῶν
1684 1275 1781 1327 αύ-

188 1365 315 1429 usi,
353 1364 609 1434 πρόϐατα
633 1364 727 1417 καὶ
770 1362 901 1434 βόας
930 1364 1171 1431 ἁπάσας,
1196 1365 1276 1419 ἔτι
1299 1367 1357 1421 δὲ
1386 1367 1481 1421 καὶ
1510 1367 1578 1420 τὰ
1608 1367 1781 1437 κτήνη

190 1455 291 1509 τοῦ
322 1456 544 1523 πεδίου,
576 1454 645 1510 τὰ
670 1453 889 1508 πετεινὰ
913 1453 1008 1508 τοῦ
1035 1457 1285 1527 οὐρανοῦ,
1314 1460 1409 1512 καὶ
1434 1458 1559 1523 τοὺς
1592 1456 1779 1528 ἰχθύας

1879 645 1989 717 36
2012 644 2128 701 Non
2150 647 2463 703 dominatur
2480 648 2659 718 itaque
2686 649 2851 702 homo
2888 647 3078 704 bestiis
3106 647 3449 717 illismagnis

1881 753 2057 808 neque
2086 738 2238 805 feris,
2269 755 2391 808 quae
2420 739 2651 795 fortasse
2695 740 2763 795 ab
2792 739 2947 796 initio
2978 752 3084 792 non
3115 744 3336 808 propter
3383 739 3451 792 il-

1880 826 1993 884 lum
2022 839 2219 884 creatae
2248 840 2393 885 sunt.
2434 830 2501 886 Et
2526 831 2701 887 simile
2732 830 2864 900 quid
2902 830 3009 894 his,
3052 844 3174 899 qua:
3208 828 3301 882 hic
3350 828 3450 883 de-

1883 920 2218 988 scribuntur,
2257 930 2315 976 ut
2343 922 2576 989 hominis
2603 922 2844 977 dominio
2871 920 3136 989 subjecta,
3175 919 3231 973 in
3258 927 3451 974 octavo

1880 1012 2091 1081 psalmo
2147 1012 2346 1067 dicitur
2371 1030 2387 1069 :
2416 1032 2435 1066 ι
2472 1012 2663 1068 Omnia
2695 1011 2975 1082 suhjecisti
3020 1010 3246 1080 pedibus
3294 1010 3448 1079 ejus,

1882 1117 2010 1157 oves
2070 1111 2124 1156 et
2171 1111 2416 1157 armenta
2461 1113 2693 1168 cuncta,
2728 1106 2948 1171 insuper
2998 1115 3216 1171 quoque
3254 1114 3447 1169 pecora

1882 1194 2083 1262 campi,
2112 1194 2368 1250 volucres
2394 1195 2517 1250 coeli
2542 1203 2594 1250 et
2619 1195 2799 1264 pisces
2823 1193 3011 1257 maris,
3043 1192 3138 1262 qui
3172 1191 3451 1247 ambulant

1880 1284 1936 1338 in
1959 1283 2168 1340 semitis
2201 1285 2367 1340 maris
2392 1285 2474 1338 δ.»
2507 1286 2623 1340 Hoc
2651 1284 2818 1339 etiam
2844 1285 2899 1337 in
2931 1283 3053 1339 loco
3081 1282 3184 1338 ceti
3227 1294 3281 1337 et
3321 1280 3451 1337 feras

1879 1374 2095 1431 silentio
2116 1375 2606 1445 praetermittuntur

190 1550 292 1619 τῆς
341 1550 647 1623 θαλάσσης,
701 1548 771 1604 τὰ
824 1548 1251 1622 διαπορευόμενα
1304 1553 1523 1625 τρίϐους
1573 1553 1876 1610 θαλασσῶν.
1917 1573 1937 1607 ι
1976 1556 2267 1611 Κάνταῦθα
2297 1558 2409 1629 (75)
2435 1561 2543 1629 γὰρ
2565 1558 2634 1613 τὰ
2669 1561 2806 1631 κήτη
2845 1562 2939 1613 καὶ
2971 1560 3039 1613 τὰ
3064 1559 3228 1631 θηρία
3255 1558 3456 1614 σεσιὼο

192 1658 376 1713 atq-tat
416 1644 550 1714 (76).

804 1757 1004 1817 ΕΡΩΤ.
1047 1760 1176 1815 KA'.

195 1870 260 1925 π
294 1869 387 1936 δή
418 1886 564 1925 ποτε
587 1871 985 1943 διαφερόντως
1014 1874 1129 1942 τὴν
1160 1873 1421 1943 ἑϐδόμην
1441 1875 1672 1945 ἡμέραν
1690 1877 1784 1930 εὐ-

720 1946 993 2015 λόγησεν
1013 1948 1046 2000 ό
1072 1946 1219 2011 Θεός
1240 1961 1260 2010 ;

272 2029 530 2104 Ἐιὰστη
565 2033 675 2087 τῶν
719 2035 894 2090 ἄλλων
926 2038 1150 2107 ἡμερῶν
1182 2036 1323 2089 ίδίαν
1360 2036 1483 2092 τινὰ
1514 2037 1782 2110 δημιουρ-

192 2120 335 2189 γίαν
357 2122 607 2187 ἐδέξατο.
654 2127 873 2200 Ἐπειδὴ
922 2128 1102 2182 τοίνυν
1133 2129 1297 2200 μέχρι
1331 2128 1538 2199 ταύτης
1569 2131 1784 2200 σύμπα-

197 2228 306 2265 ααν
360 2213 467 2284 τὴν
512 2216 691 2270 κτίσιν
746 2219 1182 2291 ἐδημιούργησε,
1229 2221 1461 2275 δέδωκεν
1525 2209 1647 2275 ἀντῖ
1693 2224 1785 2292 δη-

200 2305 507 2375 μιουργίας
544 2310 611 2378 τῇ
652 2308 857 2383 ἐσδόμῃ
909 2312 1092 2383 ἡμέρᾳ
1115 2307 1215 2384 τὴν
1250 2311 1534 2381 εὐλογίαν
1575 2313 1664 2365 ἵνα
1709 2315 1784 2384 μὴ

198 2396 344 2467 μόνη
386 2397 543 2468 παρὰ
577 2400 677 2463 τὰς
707 2401 871 2465 ἄλλας
906 2402 1209 2473 ἀγέραστος
1247 2403 1518 2474 διαμείνῃ.
1548 2403 1621 2456 Τὸ
1655 2403 1783 2474 μέν-

199 2502 308 2549 τοι,
344 2505 366 2539 ι
425 2489 684 2558 Ἡγίασεν
712 2492 932 2562 abripi,»
958 2494 1077 2547 ἀντὶ
1106 2493 1201 2547 τοῦ
1230 2494 1534 2564 ἀφώρισεν
1551 2494 1782 2549 τέθεικε.

200 2577 492 2649 Πολλαχοῦ
549 2581 657 2653 γὰρ
702 2581 1045 2637 οὕτωτοῦτο
1083 2584 1370 2655 νοούμενον
1417 2584 1564 2637 ἔστιν
1606 2586 1786 2657 εὑρεῖν

202 2669 361 2737 παρὰ
382 2672 451 2739 τῇ
488 2669 609 2742 θείᾳ
640 2672 853 2743 Γραφῇ.
881 2674 991 2726 Καὶ
1023 2674 1133 2744 γὰρ
1156 2678 1286 2748 περὶ
1316 2675 1426 2729 τῶν
1461 2676 1661 2749 Μήδων
1691 2695 1786 2747 φη·

203 2759 310 2823 τὴν,
348 2778 369 2811 ‹
413 2760 769 2830 Ἠγιασμένοι
799 2763 923 2828 εἰσὶ,
950 2767 1043 2820 καὶ
1059 2765 1169 2833 ἐγὼ
1189 2766 1306 2834 ἄγω
1331 2766 1528 2831 αύτούς
1551 2785 1564 2799 ο
1582 2787 1599 2818 ι
1627 2785 1787 2820 τουτ-

210 2850 359 2903 έστιν
395 2892 414 2916 ,
448 2852 534 2915 είς
564 2852 724 2907 τοῦτο
770 2855 1161 2927 ἀφωρισμένοι.
1189 2856 1395 2921 ’Δλλως
1432 2875 1492 2910 τε
1532 2859 1626 2912 καὶ
1661 2859 1783 2912 Ἰου-

201 2941 375 2996 δαίοις
399 2943 575 2996 ταῦτα
611 2948 856 3015 γράφων,
887 2948 1195 3017 ἀναγκαίως
1226 2948 1310 3012 τὸ,
1340 2968 1359 3000 ι
1414 2948 1666 3018 Ἦγίασεν
1692 2950 1788 3002 αύ-

203 3034 359 3103 τὴν,»
384 3035 654 3102 τέθεικεν,
680 3037 766 3091 ἵνα
798 3037 980 3093 πλεῖον
1018 3039 1180 3102 σέόας
1199 3040 1536 3110 ἀπονεῐμωσι
1553 3039 1630 3111 τῷ
1645 3041 1781 3094 20:6-

394 3126 571 3181 τοῦτο
598 3129 708 3199 γὰρ
733 3130 827 3185 καὶ
848 3131 1148 3202 νομοθετῶν
1167 3130 1291 3203 ἔφη,
1315 3132 1415 3198 ὅτι,
1441 3150 1460 3184 ι
1484 3133 1572 3186 Ἔν
1600 3132 1657 3200 ἐξ
1670 3134 1780 3205 (77)

207 3218 446 3288 ἡμέραις
475 3220 710 3291 ἐποίησε
740 3220 940 3292 Κύριος
962 3223 990 3275 ὁ
1016 3221 1148 3287 Θεός
1173 3238 1266 3275 σου
1304 3221 1398 3277 τὸν
1421 3223 1665 3295 οὐρανὸν,
1691 3225 1786 3281 καὶ

208 3309 304 3379 τὴν
333 3311 459 3380 γῆν·
499 3314 571 3382 τῇ
611 3312 670 3365 δὲ
691 3313 898 3397 ἑϐδόμῃ
926 3314 1110 3386 ἡμέρᾳ
1140 3314 1485 3369 κατέπαυσεν
1513 3316 1621 3369 ἀπὸ
1658 3317 1787 3371 πάνυ

206 3422 313 3458 των
339 3407 450 3460 τῶν
476 3406 666 3479 ἔργων
697 3408 864 3462 αὑτοῦ
908 3407 981 3463 ὧν
1002 3411 1277 3481 ἐποίησεν,
1305 3411 1400 3463 καὶ
1428 3411 1661 3481 ἡγίασεν
1689 3414 1788 3466 αύ-

208 3500 324 3570 τήν.
357 3517 378 3550 ι
410 3499 796 3557 ΘΕΟΔΩΡΟΥ.
836 3519 856 3553 ι
885 3502 995 3557 Καὶ
1042 3502 1385 3556 συνετέλεσεν
1411 3504 1439 3555 ὁ
1471 3503 1602 3569 Θεὸς
1632 3506 1689 3557 ἐν
1718 3507 1783 3577 τῇ

209 3590 388 3659 ἡμέρᾳ
406 3592 474 3661 τῇ
498 3589 640 3661 ἕκτῃ
658 3588 770 3663 (78)
794 3590 862 3644 τὰ
877 3589 1013 3662 ἔργα
1046 3591 1212 3645 αὐτοῦ
1229 3591 1264 3646 ἃ
1280 3592 1530 3662 ἐποίησε,
1547 3595 1640 3647 καὶ
1657 3611 1786 3647 κατ-

209 3678 441 3733 έπαυσεν
466 3683 531 3734 ὲν
566 3684 635 3752 τῇ
665 3682 846 3753 ἡμέρᾳ
886 3685 951 3753 τῇ
982 3682 1203 3756 ἑϐδόμῃ,
1232 3704 1251 3736 ι
1284 3686 1377 3739 καὶ
1392 3685 1461 3739 τὰ
1494 3684 1620 3754 ἑξῆς
1639 3702 1651 3714 ·
1681 3685 1787 3738 δει-

208 3771 334 3835 κνύς
358 3773 442 3825 ὅτι
480 3773 582 3825 ἐπὶ
620 3773 721 3843 μὲν
749 3775 853 3843 τῆς
891 3774 1055 3847 ἕκτης
1092 3762 1534 3848 συμπεπλήρωκε
1572 3776 1784 3841 πάντα,

207 3861 302 3914 ἅτε
323 3862 495 3933 μηδὲν
525 3864 713 3928 αὐτοῖς
747 3864 1092 3936 προστιθέναι
1132 3867 1338 3937 μέλλων
1379 3867 1585 3933 καινὸν,
1644 3869 1789 3921 ἐπει-

205 3953 270 4023 δὴ
319 3953 465 4024 μηδὲ²
496 3954 711 4007 λείπειν
737 3972 789 4009 τι
820 3956 1004 4020 αὐτοῖς
1045 3960 1248 4029 ἠγεῖτο,
1293 3959 1319 4010 ὲ
1340 3958 1596 4013 παύσατο
1625 3959 1682 4013 δὲ
1718 3963 1784 4032 τῇ

210 4043 420 4113 ἑδδόμη
440 4046 633 4118 ἡμέρα
660 4046 755 4102 τοῦ
779 4051 954 4103 ποιεῖν
973 4066 987 4079 ·
1013 4050 1205 4103 τούτου
1223 4066 1288 4118 γε
1317 4048 1506 4104 ἕνεκεν
1536 4049 1636 4122 τὴν
1658 4050 1789 4123 ἡμέο

217 4135 541 4211 ρανταύτην
566 4139 956 4210 προστέθεικεν
973 4141 1081 4210 (79)
1098 4142 1377 4214 ἄπρακτον
1410 4138 1595 4205 οὖσαν,
1617 4143 1711 4196 καὶ
1730 4144 1788 4196 ὲν

210 4224 249 4301 ᾖ
271 4228 527 4295 καθάπαξ
552 4231 856 4302 πεποίηκεν
888 4232 1059 4287 οὐδέν’
1080 4233 1158 4296 ὡς
1179 4232 1246 4286 ἂν
1277 4236 1346 4304 τῇ
1372 4234 1513 4287 κατὰ
1526 4233 1625 4304 τὴν
1653 4233 1788 4304 ἠμέ-

213 4336 314 4389 ραν
342 4319 515 4392 ἀργία
543 4319 859 4392 δηλώσειεν,
901 4322 991 4377 ὅτι
1028 4322 1209 4377 πάντα
1243 4323 1355 4393 ἔχει
1402 4324 1576 4395 πέρας
1612 4323 1782 4393 αύτῷ.

2436 1757 2712 1815 INTERR.
2738 1759 2876 1816 XXI.

1881 1871 2231 1938 Quamobrem
2276 1888 2440 1942 supra
2484 1882 2695 1995 εωἘι-οκ
2725 1874 2977 1980 9ιςεεριίηιο
3022 1876 3128 1928 diei
3188 1876 3450 1931 benedixit

2616 1960 2733 1995 eus.

2616 1960 2733 1997 eus.1

1952 2031 2344 2103 Unusquisque
2425 2032 2637 2087 dierum
2708 2034 3043 2105 reliquorum
3122 2035 3449 2104 peculiarem

1882 2125 2175 2197 quamdam
2204 2124 2797 2195 creationem,sortitus
2822 2136 2924 2182 est.
2957 2127 3094 2181 Cum
3144 2126 3311 2195 igitur
3355 2143 3450 2182 us-

1881 2229 1986 2284 que
2012 2214 2078 2268 ad
2109 2214 2251 2269 diem
2270 2213 2558 2282 septimum
2579 2214 2720 2271 Deus
2737 2226 3037 2271 creaturam
3058 2231 3274 2272 omnem
3314 2230 3450 2272 con-

1882 2316 2230 2371 summasset,
2266 2304 2373 2359 diei
2407 2306 2641 2376 septimo
2659 2307 2729 2373 lin
2760 2308 3049 2362 creationis
3075 2308 3254 2363 locum
3285 2307 3453 2378 largi-

1884 2403 1971 2449 tus
1999 2405 2082 2449 est
2108 2394 2567 2460 benedictionem,
2593 2410 2661 2450 ne
2682 2394 2831 2451 solus
2875 2395 2966 2451 ille
2993 2396 3111 2451 dies
3137 2411 3259 2466 prae
3276 2403 3449 2450 caete-

1886 2487 1962 2541 ris
1992 2487 2200 2542 honore
2245 2495 2474 2542 careret.
2512 2485 2704 2541 Posuit
2747 2496 2927 2542 autem
2960 2487 3101 2543 istud
3134 2505 3147 2541 :
3181 2506 3199 2539 ι
3237 2487 3451 2542 Sancti»

1887 2579 2243 2646 ticaviteum,
2281 2599 2300 2631 ι
2348 2594 2449 2649 pro
2492 2581 2800 2649 segregavit.
2843 2577 2999 2649 Saepe
3045 2579 3191 2634 enim
3227 2579 3332 2634 hoc
3376 2579 3448 2633 ita

1886 2669 2215 2725 intellectum
2254 2670 2521 2741 reperitur
2555 2672 2608 2725 in
2642 2670 2926 2743 Scriptura
2956 2671 3163 2726 divina.
3208 2669 3344 2726 Nam
3395 2682 3451 2726 et
3518 2734 3521 2739 λ

1884 2762 1951 2816 de
1972 2761 2139 2818 Medis
2160 2764 2237 2817 ait
2268 2782 2282 2817 :
2312 2781 2331 2815 ι
2371 2761 2705 2817 Sanctificati
2729 2772 2875 2828 sunt,
2905 2772 2961 2819 et
2980 2778 3081 2835 ego
3110 2764 3251 2819 duco
3280 2750 3393 2829 eos,
3425 2784 3444 2814 ι

1886 2855 1990 2909 hoc
2033 2864 2138 2916 est.
2178 2855 2243 2909 ad
2273 2857 2374 2909 hoc
2421 2856 2704 2924 segregati.
2755 2855 2987 2912 Maxime
3020 2865 3201 2912 autem
3249 2854 3451 2911 ludatis

1887 2945 1990 3000 ista
2024 2945 2292 3009 scribens,
2333 2946 2647 3002 necessario
2681 2946 2864 3018 posuit
2888 2948 2992 3004 hoc
3023 2967 3038 3004 :
3071 2968 3090 3000 ι
3128 2947 3447 3003 Sanctiﬁca-

1890 3038 1967 3092 vit
1994 3046 2250 3095 eamnnt
2270 3039 2478 3107 majore
2517 3041 2662 3096 cultu
2699 3050 3096 3111 prosequantur
3127 3040 3447 3096 Sabbatum.

1894 3124 2007 3180 Hoc
2038 3125 2180 3180 enim
2211 3125 2264 3179 in
2299 3126 2509 3200 legibus
2540 3144 2756 3198 quoque
2789 3129 3096 3184 sanciendis
3120 3128 3196 3183 ait
3225 3146 3238 3182 :
3275 3146 3294 3179 ‹
3344 3126 3455 3183 Sex

1888 3218 2077 3276 diebus
2098 3221 2299 3276 creavit
2326 3220 2589 3277 Dominus
2618 3221 2761 3277 Deus
2781 3231 2907 3297 tuus
2931 3222 3129 3277 coelum
3147 3228 3201 3276 et
3229 3230 3457 3281 terram,

1888 3313 2117 3384 septimo
2138 3322 2317 3368 autem
2352 3314 2439 3369 die
2484 3315 2746 3385 requievit
2795 3312 2863 3369 ab
2898 3314 3154 3369 omnibus
3195 3312 3452 3383 operibus

1887 3420 2010 3476 quae
2067 3406 2332 3474 patravit,
2389 3414 2445 3461 et
2513 3406 2873 3461 sanctiﬁcavit
2926 3406 3099 3475 ipsum
3137 3417 3199 3460 ο.
3237 3423 3255 3456 ι
3343 3405 3450 3475 37

1888 3496 2256 3554 THEODORI.
2344 3517 2363 3551 ι
2421 3496 2486 3553 Et
2534 3497 2934 3553 consummavit
2972 3497 3114 3552 Deus
3162 3496 3249 3551 die
3296 3508 3451 3551 sexto

1887 3608 2052 3663 opera
2075 3609 2194 3656 sua,
2222 3608 2343 3663 quae
2368 3592 2587 3658 fecerat,
2614 3602 2667 3647 et
2692 3592 2959 3662 requievit
2977 3592 3063 3646 die
3089 3592 3319 3661 septimo
3335 3590 3385 3655 ἀ,
3420 3609 3439 3640 ι

1887 3693 1939 3739 et
1969 3699 2090 3754 quae
2137 3690 2457 3751 sequuntur.
2494 3681 2880 3738 Demonstrans
2931 3682 3077 3751 quod
3125 3691 3276 3737 sexto
3327 3683 3454 3751 qui-

1887 3775 2009 3830 dem
2041 3775 2130 3829 die
2173 3782 2452 3845 peregerat
2493 3773 2697 3839 omnia,
2743 3788 2937 3843 nempe
2971 3773 3107 3827 nihil
3155 3774 3275 3843 ejus
3324 3766 3450 3829 novi

1888 3866 2231 3937 adjecturus,
2263 3863 2530 3935 siquidem
2575 3863 2630 3919 in
2655 3866 2736 3921 eis
2782 3866 2919 3921 nihil
2962 3866 3255 3922 desiderari
3286 3875 3447 3935 puta-

1887 3959 2000 4024 bat,
2041 3960 2277 4017 cessavit
2306 3958 2374 4013 ab
2396 3972 2578 4026 opere,
2607 3956 2696 4013 die
2737 3960 2987 4029 septimo.
3020 3958 3131 4013 llac
3154 3966 3333 4012 autem
3378 3958 3445 4010 de

1888 4066 2053 4111 causa
2104 4052 2247 4107 diem
2294 4052 2439 4109 hunc
2484 4052 2731 4107 feriatum
2783 4050 3021 4114 addidit,
3065 4050 3118 4103 in
3168 4064 3277 4119 quo
3317 4048 3451 4101 nihil

1889 4147 1908 4167 ⁶
1929 4143 2086 4212 plane
2114 4144 2337 4210 creavit,
2377 4154 2437 4199 ut
2485 4145 2597 4200 otio
2632 4144 2723 4198 illo
2760 4143 2958 4197 diurno
2987 4152 3189 4197 certum
3212 4147 3358 4195 esset
3384 4140 3453 4194 ab

1887 4250 1954 4290 eo
1983 4236 2161 4290 omnia
2192 4252 2312 4292 esse
2349 4235 2606 4307 perfecta.
2651 4235 2755 4302 Qui
2790 4234 2933 4291 enim
2958 4233 3152 4304 primo,
3188 4236 3449 4295 secundo,

1888 4327 2073 4389 tertio,
2104 4336 2328 4395 quarto,
2368 4326 2589 4397 quinto,
2634 4336 2689 4381 et
2730 4333 2882 4381 sexto
2925 4323 3011 4378 die
3056 4336 3274 4391 semper
3326 4320 3451 4374 novi

220 4409 283 4462 ⁸ο
307 4413 419 4481 γὰρ
443 4413 546 4466 καὶ
577 4415 645 4483 τῇ
677 4412 888 4487 πρώτῃ,
908 4415 999 4467 κα)¹
1025 4416 1094 4486 τῇ
1120 4414 1367 4488 δευτέρᾳ,
1390 4415 1485 4469 καὶ
1506 4417 1571 4485 τῇ
1602 4416 1783 4488 τρίτη.

1893 4417 2171 4488 quidpiam
2217 4426 2532 4481 creaverat,
2577 4417 2722 4487 quod
2755 4417 2809 4470 in
2851 4416 3113 4472 creaturis
3154 4411 3451 4469 desiderari

212 4506 306 4557 καὶ
340 4507 412 4575 τῇ
446 4504 715 4579 τετάρτη,
747 4507 842 4560 καὶ
885 4510 954 4579 τῇ
1000 4510 1252 4582 πέμπτῃ,
1292 4510 1387 4563 καὶ
1415 4510 1481 4580 τῇ
1513 4508 1668 4580 ἕκτῃ,
1699 4508 1789 4561 ἀεί

211 4613 265 4651 τι
293 4598 487 4652 καινὸν
524 4599 863 4671 πεποιηκὼς,
891 4600 920 4654 δ
960 4598 1167 4655 λείπειν
1203 4603 1390 4672 ἡγεῖτο
1426 4601 1536 4671 (80)
1565 4604 1631 4673 τῇ
1678 4601 1787 4656 κτί-

218 4704 297 4743 σει
325 4690 443 4761 (81)
472 4732 490 4758 ,
521 4688 748 4764 εὔδηλον
776 4692 859 4747 ὅτι
894 4692 985 4747 διὰ
1024 4693 1183 4747 τοῦτο
1214 4694 1301 4747 ἐπὶ
1350 4696 1417 4765 τῇ
1454 4694 1655 4766 ἕϐδόμῃ
1689 4693 1785 4747 τοῦ

278 4859 306 4888 ι
339 4846 522 4905 Levit.
542 4849 809 4916 xt,2l-24.
888 4850 917 4891 ιι
942 4850 1218 4916 Psal.vtir,
1243 4850 1359 4907 7-9.

1891 4509 2139 4581 putabat,
2186 4509 2535 4565 manifestum
2585 4519 2667 4563 est
2715 4507 2917 4564 idcirco
2964 4506 3053 4561 die
3107 4505 3340 4574 septimo
3382 4503 3451 4558 ab

1891 4603 2099 4673 agendo
2143 4617 2409 4667 cessasse,
2468 4612 2527 4656 ut
2553 4602 2666 4656 otio
2714 4598 2930 4668 septimi
2967 4597 3075 4653 diei
3117 4595 3457 4652 creationem

1890 4695 2189 4766 perfectam
2217 4709 2336 4750 esse
2379 4693 2703 4750 declararet.
2736 4688 2888 4746 Unde
2923 4696 2978 4745 et
3012 4697 3217 4759 septem
3257 4686 3461 4743 diebus

1436 4861 1459 4890 ο
1491 4848 1661 4905 Exod.
1684 4865 1775 4915 xx,
1804 4848 1890 4904 ll.

1061 4987 1298 5044 VARIAE
1332 4987 1713 5044 LECTlONES
1764 4985 1856 5041 EX
1894 4982 2170 5042 CATENA
2204 4977 2557 5037 LlPSlENSl.

284 5084 330 5115 ³⁸
354 5083 457 5137 καὶ
481 5084 577 5137 τὸν
598 5084 842 5155 -ὂμοια
870 5083 1015 5156 αὐτῷ
1041 5100 1159 5140 om.
1229 5085 1275 5117 ³¹
1302 5083 1421 5139 Cat.
1450 5099 1501 5154 p.
1531 5083 1617 5137 55.
1646 5081 1753 5137 τῶν
1780 5081 1964 5154 κητῶν
1988 5080 2250 5151 τῶνημεγ.
2283 5097 2293 5107 ·

1727 5196 1959 5255 NOTAE.

290 5289 409 5361 (74)
441 5289 581 5361 Cod.
614 5288 677 5343 ού
735 5290 1030 5361 βδέλυγμα,
1056 5300 1112 5347 et
1154 5291 1343 5361 paucis
1371 5291 1687 5358 interiectis.
1718 5292 1781 5344 ού

223 5359 611 5431 μιανθήσεσθε,
666 5359 758 5415 sed
787 5359 1112 5431 [per-peram,
1155 5359 1410 5431 'utroque
1456 5362 1600 5416 enim
1664 5362 1783 5416 loco

221 5429 485 5500 particula
515 5430 578 5481 οὐ
595 5440 677 5484 est
695 5446 723 5485 a
749 5429 930 5500 verbis
952 5431 1090 5485 sacri
1130 5429 1410 5500 scriptoris
1447 5432 1640 5485 aliena.

289 5499 405 5571 (75)
438 5500 577 5571 Cod:
606 5500 701 5554 καὶ
725 5498 915 5553 ταῦτα.
951 5501 1005 5555 In
1027 5498 1437 5556 textum—autem
1476 5502 1781 5571 recipienda

223 5568 322 5623 fuit
354 5569 518 5623 lectio
547 5568 682 5624 Pici.

288 5639 403 5707 (76)
432 5640 538 5710 Kal
577 5639 932 5708 ἁρχέτωσαν
979 5672 1043 5681 --
1089 5641 1161 5710 τὰ
1195 5641 1367 5708 θηρία
1394 5642 1776 5710 aemulentur.

226 5708 353 5780 [lac
381 5724 415 5762 e
438 5709 624 5780 codice
639 5718 828 5764 nostro
850 5709 1147 5780 supplenda
1176 5710 1413 5773 fuerunt,
1436 5728 1558 5765 cum
1578 5712 1629 5764 in
1648 5708 1777 5766 edit.

228 5774 504 5852 §i_rmond.
544 5774 1025 5852 desiderarentur.
1074 5781 1271 5838 Eadem
1327 5780 1437 5836 fere
1463 5791 1610 5846 sunt,
1665 5798 1784 5852 qua:

231 5846 413 5911 Picus.
446 5864 499 5910 ι).
536 5850 601 5905 17
631 5866 717 5914 sq.
759 5851 1025 5908 exhibuit.

1957 5290 2069 5360 (77)
2113 5288 2217 5342 Ἐν
2242 5285 2636 5360 eff-ﬁrmam
2667 5266 3028 5360 αὑτῄῦῗιίαξο
3061 5285 3256 5360 partim
3279 5278 3448 5334 eloco

1891 5346 2064 5417 Ex‘od.
2109 5374 2200 5423 xx,
2260 5346 2319 5412 ll
2353 5395 2369 5421 ,
2407 5346 2635 5424 "partim
2694 5366 2724 5405 e
2776 5348 2913 5404 Gen.
2960 5362 3033 5410 ιι,
3073 5346 3109 5398 2
3168 5346 3448 5417 desumpta

1887 5440 2037 5486 sunt.

1984 5500 2075 5567 78)
2105 5499 2305 5563 Ἕκτῃ.
2346 5495 2480 5567 Cod.
2515 5491 2743 5567 ἐϐδόμῃ.
2942 5554 2995 5567 Ν

1984 5500 2075 5567 78)
2105 5500 2305 5563 "Exta.
2346 5500 2480 5549 Cod.
2515 5500 2738 5562 ἐσδόμῃ.
2984 5556 2995 5566 .

1956 5500 2073 5642 279)
2130 5565 2574 5636 Προστέθεικεν.
2635 5561 2768 5615 Cod.
2828 5567 2884 5613 et
2942 5554 3055 5609 Ptc.
3122 5555 3446 5625 προστεθει-

1887 5638 2020 5704 κῶς.

1968 5698 2079 5781 ('80)
2118 5711 2188 5781 "q
2208 5707 2366 5781 xeat.
2401 5706 2495 5773 ἠγ.
2530 5701 2661 5781 βοά³
2692 5709 2746 5755 et
2763 5700 2885 5781 εἰς.
2913 5699 2974 5777 ού
2999 5698 3206 5781 λείπειν
3233 5699 3445 5769 ἡγεῖτο.

1964 5768 2074 5851 (81)
2112 5777 2188 5846 Τῇ
2216 5768 2496 5831 retieret;—
2523 5772 2718 5842 ἀργίᾳ.
2763 5768 2887 5825 Des.
2917 5768 2976 5825 in
3006 5768 3129 5825 cod.
