3964 6554
270 420 376 485 121
643 470 653 477 -
1409 425 1697 498 QUASST.
1727 425 1808 484 IN
1842 422 1903 484 GI

1970 426 2112 487 iES.
2144 428 2303 489 CAP.
2350 429 2433 489 II.
2681 478 2703 499 .
3382 484 3384 488 τ
3419 436 3522 502 122

266 533 387 604 γὰρ
418 532 535 604 (86)
561 535 645 590 ὅτι
675 535 1017 592 ὲκαλῦπτετο
1061 543 1209 594 πᾶσα
1240 542 1344 595 ὑπὸ
1368 543 1477 596 τῶν
1503 545 1709 597 ὑδάτων
1730 561 1743 573 ·
1776 542 1856 595 εί·
1888 554 1903 601 l

1970 550 2130 597 totam
2165 544 2310 599 illam
2343 545 2413 599 ab
2445 546 2601 616 aquis
2628 548 2800 603 fuisse
2826 558 3128 604 contectam
3157 570 3170 607 :
3202 568 3265 607 ac
3293 554 3340 608 si
3373 555 3524 610 dice-

268 640 418 693 ρηκε
446 625 507 677 δὲ
537 625 668 679 αὐτὸ
687 627 831 681 οὕτω
857 646 997 694 πως,
1020 630 1094 695 ὡς
1119 631 1187 685 ἂν
1212 631 1271 697 ἐξ
1294 634 1463 704 αὐτῆς
1486 634 1587 704 τῆς
1607 634 1709 704 γῆς
1731 632 1858 703 βλύο

1970 646 2062 703 ret,
2097 654 2164 693 ex
2201 638 2316 709 ipsa
2344 649 2488 694 terra
2514 642 2887 696 scaturiebant
2912 652 2966 696 et
2993 645 3343 701 exundabaut
3368 664 3525 720 aqua:

264 714 445 778 ζοντὰ
476 735 537 770 τε
573 720 667 772 καὶ
694 721 1011 791 πηγάζοντα
1037 723 1241 794 (87)τά
1263 725 1452 793 ὕδατα,
1486 727 1582 780 καὶ
1621 728 1682 792 ἐξ
1717 726 1860 780 ἀπάο

1970 745 2082 799 qua:
2111 747 2207 800 per
2233 747 2352 786 eam
2380 731 2640 800 ﬂuebant,
2671 744 2725 788 et
2757 734 2831 789 ita
2860 737 3171 792 universam
3202 714 3526 799 terramte‘

264 822 386 878 σης
409 810 580 880 αὐτῆς
625 814 924 884 φερόμενα,
955 813 1097 869 οὕτω
1126 818 1308 870 πᾶσαν
1342 818 1512 889 αὐτὴν
1563 816 1861 872 συνεκάλυ·
1959 824 2179 893 gebant.

267 919 441 955 πῖον.

911 1015 1108 1076 ΕΡΩΤ.
1138 1020 1261 1074 KI".

260 1124 343 1175 El
370 1125 460 1203 ἐκ.
476 1124 592 1204 τοᾷ
606 1125 768 1204 θείου
786 1125 1225 1204 ἐςμφυσήματος
1238 1130 1486 1204 γέγονεν
1503 1134 1543 1202 ἡ
1564 1134 1758 1204 ψυχὴ,
1790 1135 1863 1190 ἐκ

387 1192 501 1260 τῆς
529 1196 747 1261 οὐσίας
780 1192 891 1265 ἄρα
933 1192 1045 1252 σοῦ’
1078 1192 1435 1256 Θεοὶῗέἁτιν
1462 1204 1501 1272 ἠ

358 1310 654 1375 ’Δσεὸείας
680 1311 911 1383 ἐσχάτης
937 1313 1035 1367 καὶ
1068 1313 1421 1386 βλασφημίας
1459 1318 1739 1390 ἡτοιαύτη
1777 1320 1863 1376 ἔν-

258 1410 425 1449 νοια.
456 1396 572 1465 Τῆς
592 1396 699 1468 γὰρ
723 1398 1087 1471 δημιουργίας
1122 1400 1224 1472 τὴν
1264 1402 1517 1457 εὐκολίαν
1564 1405 1737 1473 ἔδειξε
1773 1407 1862 1463 διὰ

256 1485 475 1539 τούτου
508 1489 543 1557 ἡ
571 1487 692 1542 θεία
708 1489 918 1561 Γραφή.
950 1491 1093 1563 Πρὸς
1128 1493 1185 1546 δὲ
1214 1493 1411 1564 τούτῳ,
1444 1497 1539 1550 καὶ¹
1564 1497 1664 1567 τῆς
1679 1497 1861 1569 ψυχῆς
1896 1534 1905 1543 ι

256 1575 378 1647 τὴν
406 1577 575 1647 φύσιν
602 1580 912 1645 αἰνίττεται,
930 1583 1013 1637 ὅτι
1038 1582 1258 1653 πνεῦμά
1286 1587 1405 1639 ἐστι
1432 1588 1671 1654 κτιστὸν,
1696 1590 1862 1661 ἀόρα-

257 1669 369 1721 τόν
400 1686 462 1722 τε
487 1672 587 1724 καὶ
612 1671 816 1743 νοερὸν,
845 1673 949 1743 τῆς
991 1673 1100 1727 τῶν
1130 1676 1406 1745 σωμάτων
1436 1678 1861 1751 ἀπηλλαγμένον

1970 1712 2082 1754 esse
2111 1695 2363 1768 spiritum
2398 1698 2713 1773 creabilem,
2765 1700 3115 1765 invisibilem,
3154 1709 3209 1756 et
3239 1669 3533 1758 intelIecti-

261 1761 620 1832 παχύτητος.
646 1764 883 1818 Κάκεῖνο
912 1765 974 1820 δὲ
1003 1766 1110 1838 χρὴ
1146 1769 1397 1834 συνιδεῖν,
1430 1770 1515 1824 ὅτι
1543 1770 1628 1824 δεῖ
1653 1772 1858 1843 πρότε-

1970 1806 2111 1854 vum,
2152 1798 2429 1859 expertem
2468 1790 2851 1848 crassitudinis
2886 1807 3180 1863 corporeae.
3205 1795 3323 1850 Hoc
3349 1803 3530 1850 autem

261 1869 377 1921 ρον
412 1856 604 1926 νοῆσαι
632 1854 932 1924 πνεύμονα,
963 1857 1059 1909 καὶ
1082 1857 1210 1922 τοὺς
1241 1858 1636 1925 ἀποθλίϐοντας
1663 1861 1856 1916 τοῦτον
1883 1881 1903 1940 ι

1970 1854 2501 1939 animadvertendum
2554 1893 2659 1949 est,
2712 1854 3012 1954 intelligere
3072 1888 3226 1955 prius
3279 1895 3532 1957 oportere

266 1941 416 2011 μῦς,
441 1944 537 1996 καὶ
583 1945 991 2011 συστέλλοντας,
1014 1949 1110 2002 καὶ
1150 1949 1250 2019 τὴν
1294 1955 1716 2022 συμπεφυκυῖαν
1760 1955 1862 2025 ἀρ-

1970 1973 2296 2043 pulmonem,
2359 1981 2414 2029 et
2478 1975 2755 2031 musculos
2818 1992 2943 2031 eum
2994 1979 3413 2047 comprimentes
3478 1990 3533 2037 et

266 2032 485 2100 τηρίαν
511 2032 592 2102 τῷ
618 2034 903 2106 πνεύμονι,
933 2037 1027 2090 καὶ
1078 2037 1355 2110 ὑπερῴαν,
1387 2040 1481 2094 καὶ
1514 2042 1709 2111 στόμα,
1758 2041 1860 2098 εἶθ’

1970 2065 2424 2135 constringentes,
2454 2075 2508 2120 et
2533 2067 2794 2136 palatum,
2829 2078 2882 2123 et
2909 2083 2993 2134 os,
3025 2081 3080 2124 et
3105 2070 3350 2125 innatam
3410 2073 3533 2142 pul—

264 2123 461 2188 οὕτως
502 2124 759 2189 δέξασθαι
791 2126 853 2179 τὸ
898 2127 1220 2199 ἐμφύσημα.
1261 2130 1324 2183 Et
1351 2129 1410 2184 δὲ
1452 2131 1515 2185 τὸ
1540 2131 1693 2187 Θεῖον
1713 2135 1862 2189 ἀσώ-

1970 2157 2110 2211 moni
2144 2158 2426 2223 arteriam,
2487 2158 2682 2214 deinde
2736 2160 2841 2216 hoc
2888 2162 3055 2217 modo
3113 2162 3531 2219 insumationem

268 2226 480 2281 μαῖον,
546 2213 865 2287 θεοπρεπῶς
924 2218 1033 2290 ἄρα
1084 2218 1181 2273 καὶ
1235 2219 1298 2274 τὸ
1350 2218 1656 2295 ἐμφύσημα
1714 2243 1862 2299 νοη-

1970 2252 2228 2320 accipere.
2287 2249 2446 2315 Quod
2498 2252 2543 2307 si
2605 2251 2751 2307 Deus
2808 2253 3164 2324 incorporeus
3213 2262 3317 2321 est,
3370 2264 3532 2326 prout

267 2302 406 2355 τέον
429 2302 567 2374 (88)·
937 2352 947 2364 ι
1960 2302 2375 2409 Deoreonvenit,
2408 2342 2754 2413 intelligenda
2780 2351 2862 2401 est
2898 2302 3213 2400 insrulllatio.

2485 2456 2771 2513 INTER“.
2813 2457 3005 2514 XXIV.

1961 2569 2078 2635 Qua
2102 2568 2165 2622 de
2185 2586 2363 2642 causa
2391 2568 2529 2642 Deus
2559 2572 2820 2642 plantavit
2851 2573 3191 2642 paradisum,
3233 2577 3412 2641 statim
3444 2591 3531 2631 ex.

2099 2639 2350 2709 pulsu’rus
2389 2641 2510 2694 inde
2551 2639 2813 2696 Adamum
2840 2639 3050 2725 propter
3076 2639 3346 2713 peccatum
3371 2648 3395 2700 ?

2500 1028 2779 1087 INTERR.
2809 1030 3002 1087 XXIII.

1956 1143 2025 1201 'Si
2056 1159 2121 1199 ea:
2152 1145 2505 1221 insuﬂlatiqne
2527 1144 2625 1199 Dei
2658 1155 2838 1221 creata
2867 1155 2947 1221 es:
2977 1148 3180 1221 anima,
3214 1148 3317 1204 erit
3350 1149 3531 1221 utique

2340 1216 2521 1268 anima
2542 1231 2607 1268 ea:
2633 1217 2935 1271 substantia
2967 1216 3063 1271 Dei
3097 1219 3154 1272 εἳ
3221 1228 3226 1233 ”

2031 1329 2297 1383 Extrema:
2336 1328 2632 1398 impietatis
2670 1338 2754 1386 est
2780 1339 2835 1385 et
2874 1332 3228 1401 blasphemiae
3258 1335 3533 1390 sententia

1958 1419 2295 1489 bujusmodi.
2346 1418 2481 1475 Nam
2515 1436 2612 1490 per
2641 1421 2747 1476 hoc
2772 1422 3054 1492 Scriptura
3082 1424 3264 1479 divina
3298 1424 3531 1481 facilita-

1961 1521 2068 1567 tem
2129 1513 2350 1567 creandi
2389 1513 2803 1569 demonstravit.
2839 1514 3105 1571 Przeterea
3150 1518 3315 1573 etiam
3359 1519 3534 1589 ipsius

1960 1604 2161 1659 animae
2218 1613 2468 1659 naturam
2517 1605 2754 1662 obscure
2807 1606 3053 1662 indicat:
3112 1624 3308 1680 nempe
3357 1610 3529 1681 ipsam

904 2420 1104 2476 ΕΡΩΤ.
1140 2421 1269 2480 ΚΔ’.

279 2530 345 2581 Τι’
367 2527 603 2609 ξήποζε
626 2529 731 2609 εον
747 2531 1111 2609 παράδεισον
1126 2533 1477 2609 ego;quer
1494 2539 1527 2589 δ
1553 2538 1699 2606 Θεὸς
1717 2539 1860 2609 μέλ-

344 2602 484 2676 ston-
510 2600 763 2676 ἐκεῖθεν
808 2602 917 2657 τὸν
956 2604 1141 2674 Ἀδὰμ
1161 2600 1275 2661 ’διὰ
1302 2607 1419 2675 τὴν
1446 2600 1742 2676 άμαρτίὰἆ·
1762 2613 1862 2667 εὑ-

349 2668 467 2735 θὺς
497 2668 793 2739 ἐξορίζειν
814 2688 835 2739 ;

347 2784 585 2853 Πρῶτον
619 2786 720 2839 οὐκ
754 2786 1005 2858 ἀνέχεται
1037 2790 1103 2843 ὲκ
1137 2790 1501 2863 προγνώσεως
1532 2798 1860 2868 κατακρῖναι

272 2876 305 2928 ὁ
328 2875 611 2946 δεσπότης
659 2877 813 2943 Θεός.
847 2881 940 2933 Διὸ
969 2881 1065 2935 καὶ
1095 2882 1192 2954 τὴν
1221 2885 1534 2954 παράὄασιν
1580 2890 1853 2961 προορῶν,

276 2968 393 3022 τῶν
432 2970 659 3038 ἀγαθῶν
687 2972 834 3043 αύτῷ
868 2975 1260 3043 μεταδὲδωκεν.
1289 2979 1520 3034 Ἔπειτα
1543 2982 1635 3035 καὶ
1653 2984 1860 3051 γνῶναι

278 3061 449 3114 αὐτὸν
480 3061 588 3125 τάς
617 3062 769 3127 θείας
791 3064 997 3137 δωρεὰς
1035 3068 1308 3140 ἠϐουλήθη
1334 3088 1349 3101 ·
1387 3072 1476 3126 ἵνα
1504 3074 1711 3129 τούτων
1735 3093 1859 3129 στε-

284 3152 473 3222 ρηθεὶς
537 3155 746 3226 μισήσῃ
789 3156 890 3227 τὴν
938 3158 1235 3229 ἁμαρτίαν,
1269 3162 1344 3222 ὡς
1384 3163 1654 3219 τοσούτων
1692 3168 1857 3241 αὑτὸν

280 3219 668 3314 γύμνὼσασαν
707 3219 951 3315 ἀγαθῶν.
1159 3219 1482 3321 δὲ’τούτοις,
1516 3257 1624 3311 ἔδει
1653 3219 1750 3313 τὸν
1882 3219 1928 3281 c

284 3354 440 3390 καιον
466 3338 821 3410 ἀγωνοθέτην
850 3344 961 3407 τοῖς
986 3344 1085 3413 τῆς
1121 3347 1324 3417 ἀρετῆς
1356 3347 1614 3419 ἀθληταῖς
1639 3352 1858 3421 προθεῖ-

281 3447 371 3483 ναι
398 3430 501 3502 τῆς
528 3431 686 3504 νίκης
708 3432 777 3487 τά
808 3428 968 3491 ἆθλα.
987 3431 1062 3491 Οὖ
1096 3439 1160 3509 δὴ
1181 3440 1340 3510 χάριν
1368 3442 1463 3494 καὶ
1486 3443 1737 3514 περὶτῆς
1759 3444 1857 3515 βα-

284 3520 489 3586 σιλείας
548 3522 690 3595 ἔφη’
729 3542 749 3576 ι
784 3525 972 3594 Δεῦτε,
999 3529 1049 3581 οί
1102 3530 1458 3603 εὐλογημένοι
1508 3533 1603 3587 τοῦ
1644 3535 1859 3606 Πατρός

286 3632 410 3683 μου,
459 3618 913 3688 κληρονομήσατε
953 3620 1053 3692 τὴν
1089 3622 1501 3694 ἡτοιμασμένην
1542 3624 1673 3697 ὑμῖν
1700 3627 1861 3697 βασι-

284 3707 433 3764 λείαν
460 3709 575 3763 ἀπὸ
600 3708 911 3783 καταϐολῆς
933 3711 1165 3784 κόσμου.
1196 3732 1218 3766 ι

2029 2820 2087 2876 In
2118 2822 2312 2892 primis
2340 2823 2608 2879 Dominus
2647 2824 2789 2881 Deus
2834 2841 2942 2880 non
2978 2827 3115 2881 solet
3171 2827 3533 2883 condemnare

1959 2931 2025 2970 ex
2059 2915 2422 2986 praescientia.
2455 2915 2801 2988 Quapropter
2831 2919 3531 2991 transgressionemAdami

1957 3010 2286 3080 prazvidens,
2316 3013 2457 3065 bona
2498 3010 2578 3064 illi
2613 3013 2907 3068 concessit.
2941 3012 3145 3069 Deinde
3176 3014 3347 3069 voluit
3375 3016 3526 3069 illum

1958 3117 2288 3173 cognoscere
2319 3103 2580 3158 beneﬁcia
2613 3104 2819 3170 divina,
2863 3114 2922 3160 ut
2974 3106 3043 3160 iis
3108 3108 3352 3177 privatus
3409 3109 3533 3164 odio

1958 3206 2379 3266 prosequeretur
2436 3206 2743 3267 peccatum,
2797 3214 2891 3267 per
2943 3199 3089 3270 quod
3149 3200 3314 3255 tantis
3362 3200 3525 3258 bonis

1958 3296 2191 3344 careret.
2233 3287 2502 3345 Prmterea
2539 3292 2896 3346 conveniebat
2920 3292 3131 3362 justum
3151 3294 3529 3362 agonothetam

1958 3384 2175 3439 athletis
2200 3383 2420 3439 virtutis
2450 3400 2751 3455 proponere
2782 3386 3001 3455 praemia
3036 3387 3296 3441 victorize.
3353 3386 3531 3454 Quare

1956 3485 2012 3532 et
2040 3477 2107 3531 de
2138 3491 2305 3546 regno
2331 3475 2406 3531 ait
2432 3496 2445 3532 :
2473 3497 2490 3531 ι
2520 3477 2731 3546 Venite,
2759 3478 2869 3551 40
2898 3464 3167 3535 benedicti
3202 3478 3380 3535 Patris
3404 3481 3531 3545 mei,

1958 3569 2230 3639 possidete
2259 3569 2696 3640 regnumrobis
2744 3577 2997 3639 paratum
3044 3585 3074 3623 a
3142 3570 3531 3626 constitutione

1959 3662 2147 3716 mundi
2173 3661 2223 3717 δ.
2263 3680 2282 3714 ι

899 3822 1093 3877 ΕΡΩΤ.
1130 3823 1260 3878 ΚΕ¹.

358 3937 526 4005 Τινὲς
543 3939 617 3991 ἐν
643 3935 874 4006 οὐρανῷ
898 3955 1048 4007 φασι
1076 3938 1184 3993 τὸν
1219 3938 1587 4008 παράδεισον
1612 3937 1787 3996 εἶναι.

358 4053 468 4125 Τῆς
490 4054 652 4118 θείας
677 4054 945 4127 λεγούσης
968 4054 1190 4127 Γραφῆς
1211 4072 1225 4085 °
1254 4073 1275 4109 ι
1317 4056 1686 4122 Ἐξανέτειλεν
1719 4058 1799 4113 ἔτι
1832 4060 1862 4114 ὁ

295 4144 415 4207 Θεὸς
442 4148 515 4200 ἐκ
557 4147 661 4217 τῆς
694 4147 801 4217 γῆς
834 4150 942 4203 πᾶν
988 4146 1148 4216 ξύλον
1187 4148 1388 4220 ὡραῖον
1427 4152 1508 4214 είς
1527 4151 1735 4223 ὅρασιν,
1767 4153 1862 4206 καὶ

292 4236 449 4290 καλὸν
486 4239 572 4300 είς
604 4237 809 4309 βρῶσιν
833 4255 848 4269 ·
882 4257 902 4291 ι
932 4237 1206 4310 τολμηρὸν
1231 4239 1375 4308 ἀγαν
1405 4239 1467 4293 τὸ
1498 4243 1614 4304 τοῖς
1641 4242 1863 4306 οἰκείοις

2499 3817 2778 3875 INTERR.
2832 3816 3000 3874 XXV.

2138 3937 2372 4004 Quidam
2402 3937 2456 3989 in
2484 3936 2611 3993 cwlo
2644 3937 2959 4006 paradisum
3010 3951 3123 3990 esse
3147 3934 3351 3990 dicunt.

2031 4053 2167 4109 Cum
2207 4053 2393 4108 divina
2434 4050 2714 4123 Scriptura
2741 4051 2933 4107 dicat:
2971 4067 2990 4102 ι
3036 4049 3302 4107 Produxit
3362 4053 3526 4108 etiam

1965 4146 2105 4201 Deus
2129 4161 2160 4200 e
2184 4155 2328 4202 terra
2358 4160 2519 4200 omne
2544 4144 2751 4215 lignum
2786 4144 2906 4200 visu
2952 4144 3264 4213 pulchrum,
3326 4156 3381 4202 et
3433 4148 3526 4201 bo.

1962 4248 2091 4287 num
2126 4234 2191 4287 ad
2218 4233 2543 4288 vescendum
2582 4234 2625 4295 ί,
2660 4250 2679 4285 ι
2700 4236 2717 4251 ‘
2745 4232 2907 4289 nimis
2937 4241 3022 4289 est
3048 4234 3380 4304 improbum,
3405 4237 3526 4291 reli-

286 4329 607 4383 ἀκολουθεῖν
640 4330 940 4402 λογισμοῖς,
970 4331 1372 4395 καταλιπόντας
1391 4333 1490 4404 τὴν
1514 4332 1863 4389 διδασκαλίαν

1970 4334 2049 4380 cta
2085 4324 2321 4394 Spiritus
2362 4324 2632 4391 doctrina,
2663 4326 2901 4395 propriis
2932 4326 3289 4397 opinionibus
3344 4328 3527 4383 adhae-

286 4422 379 4474 τοῦ
402 4422 749 4494 Πνεύματος.
788 4422 1135 4479 ΔΙΟΔΩΡΟΥ.
1163 4444 1181 4476 ι
1207 4424 1318 4478 Καὶ
1346 4426 1643 4496 ἐφύτευσεν
1676 4427 1704 4479 ὁ
1732 4427 1863 4491 Θεὸς

1970 4432 2103 4471 rere.
2138 4415 2436 4472 DIODORI.
2477 4437 2495 4469 ι
2532 4416 2599 4473 Ει
2629 4418 2896 4489 plantavit
2928 4417 3072 4475 Deus
3102 4420 3414 4489 paradisum
3472 4421 3533 4475 in

287 4515 623 4586 παράδεισον
652 4515 712 4569 ἐν
753 4516 913 4588 Ἐδὲμ
937 4518 1078 4572 κατὰ
1102 4516 1367 4582 ἀνατολὰς
1396 4518 1533 4588 (89).
1564 4538 1583 4570 ι
1631 4518 1796 4590 Ἐδὲμ
1811 4519 1863 4572 oi
1891 4565 1903 4623 l

1970 4510 2132 4565 Edem
2172 4512 2238 4566 ad
2272 4511 2535 4565 orientem
2564 4508 2611 4566 i.
2649 4528 2668 4562 ›
2706 4509 2937 4577 Quidam
2990 4512 3301 4582 paradisum
3348 4512 3533 4582 ipsum

1976 4602 2071 4623 .24
2105 4610 2293 4623 ___.-_.
2348 4601 2509 4623 In}-..
2539 4619 2551 4623 ,
2587 4602 2673 4623 -.ες
2709 4618 2833 4623 __-_-
2882 4602 3056 4623 .--μμ
3090 4603 3402 4623 ___=____-___
3472 4604 3519 4623 ες

289 4611 391 4679 μὲν
414 4609 512 4662 τὸν
550 4607 921 4678 παράδεισον
952 4609 1114 4665 αὐτὸν
1140 4609 1403 4679 λέγεσθαί
1431 4628 1595 4679 φασιν
1628 4611 1671 4643 ³⁸
1693 4629 1705 4642 ·
1739 4612 1786 4665 οἱ
1806 4612 1862 4667 δὲ
1892 4601 1903 4623 ¹

1970 4602 2074 4657 dici
2105 4610 2319 4672 putant,
2347 4601 2552 4656 Edem:
2584 4602 2677 4657 alii
2709 4618 2837 4658 vero
2882 4602 3062 4658 locum
3090 4603 3430 4667 universum,
3472 4604 3535 4657 in

285 4700 379 4752 τὸν
432 4698 603 4753 τόπον
647 4700 846 4766 πάντα,
879 4701 938 4753 ἐν
982 4693 1026 4769 ᾧ
1058 4701 1154 4754 κα)⁵
1180 4703 1209 4754 ὁ
1248 4700 1579 4772 παράδεισος
1618 4697 1709 4773 ἦν.
1739 4703 1863 4759 ὅθεν

1970 4708 2078 4765 quo
2106 4694 2268 4748 etiam
2304 4692 2589 4764 paradisus
2616 4701 2769 4749 erat:
2804 4694 2948 4750 unde
2979 4703 3033 4749 et
3056 4695 3229 4751 Adam
3260 4694 3533 4751 formatus

287 4790 382 4844 καὶ
410 4793 441 4844 ό
476 4790 655 4861 Ἀδάμ
683 4791 948 4863 ἐπλάσθη,
967 4793 1061 4847 καὶ
1091 4793 1266 4863 ’Δδάμ
1286 4794 1351 4847 ὲκ
1368 4792 1461 4846 τοῦ
1477 4793 1585 4847 ἀπὸ
1605 4794 1708 4864 τῆς
1735 4796 1861 4865 γῆς,

1970 4799 2078 4845 est:
2109 4798 2163 4843 et
2193 4788 2579 4844 denominatus
2610 4796 2697 4845 est
2730 4788 2925 4854 Adam,
2957 4803 3026 4844 ex
3065 4789 3325 4860 eoaquod
3373 4798 3525 4845 ortus

287 4882 349 4935 ὲν
399 4880 568 4953 Ἐδὲμ
597 4884 930 4956 γεγενῆσθαι
964 4882 1405 4957 προσηγορεύθη.
1449 4884 1630 4953 Ἐδὼμ
1665 4885 1773 4958 γὰρ
1799 4887 1862 4941 τὸ

1970 4882 2094 4939 sita
2128 4890 2273 4938 terra
2311 4882 2403 4937 illa
2430 4897 2554 4953 quae
2585 4890 2671 4938 est
2701 4881 2753 4936 in
2789 4880 2981 4938 Edem.
3011 4881 3184 4939 Edom
3236 4883 3381 4939 enim
3429 4896 3523 4937 ru-

368 5063 561 5119 εϐεη.
594 5077 656 5127 ιι,
679 5064 735 5118 7.
806 5063 835 5102 ιι
865 5060 1053 5118 Matth.
1078 5078 1208 5129 xxv,
1240 5062 1329 5118 34.
1414 5064 1432 5103 ί
1491 5059 1625 5117 Gen.
1692 5075 1753 5125 ll,
1802 5061 1857 5116 9.

2023 5063 2160 5121 ibid.
2195 5079 2255 5131 ιι,
2279 5062 2335 5117 8.

1145 5220 1377 5277 VARUE
1416 5219 1798 5278 LECTIONES
1858 5221 1948 5277 EX
2005 5221 2292 5279 CATENA'
2322 5219 2678 5277 LIPSIENSI.

362 5381 409 5415 ³⁸
444 5379 568 5435 Cat.
623 5395 679 5450 p.
711 5379 821 5434 '64.
863 5379 1188 5451 παράδεισον
1231 5375 1372 5434 εἶναί
1412 5397 1598 5452 φασιν.

1803 5532 2028 5590 NOTAE.

368 5709 484 5777 (86)
520 5708 649 5764 Μὲν
669 5706 778 5777 γὰρ
814 5740 884 5751 -—-
912 5709 1058 5774 πῶς,
1086 5709 1185 5774 ὡς.
1223 5709 1402 5766 Desid.

393 5780 484 5843 817)
520 5786 587 5835 Τε
616 5779 715 5832 καὶ
738 5778 1091 5847 πητὰζοντα.
1122 5779 1246 5836 Des.

395 5850 486 5921 88)
510 5848 794 5916 Νοητέον.
832 5852 952 5905 Des.

2040 5714 2153 5783 (89)
2176 5712 2285 5783 καὶ
2308 5712 2642 5783 ἐφύτευσεν
2675 5742 2743 5749 -
2784 5708 3260 5783 ἀνατολάςδῖωο
3288 5708 3368 5783 in_
3395 5712 3516 5783 cod.

1972 5780 2167 5838 noram
2209 5780 2690 5850 interrogationem
2714 5783 3076 5852 constituunt.
3106 5780 3408 5852 Responsio
3438 5782 3521 5839 in-

1971 5854 2102 5923 cipit
2123 5854 2190 5909 ab
2221 5853 2346 5919 illis,
2392 5853 2549 5924 Ἐδὲμ
2580 5853 2629 5903 οἱ
2670 5851 2770 5922 μὲν
2803 5869 2853 5903 κ.
2882 5867 2931 5902 τ.
2962 5850 3011 5902 λ.
