3964 6528
286 372 398 438 125

1414 386 1696 457 QU/EST.
1733 388 1817 446 IN
1839 384 2102 445 GENES.
2133 386 2289 445 CAP.
2328 386 2408 444 II.

3437 388 3535 451 1‘26

289 489 475 541 θείκει
533 488 698 558 νόμον
746 488 846 558 τῆς
895 489 1241 561 δικαιοσύνης
1282 493 1313 562 ἠ
1369 494 1622 559 ἄϐυσσος,
1670 496 1875 563 ταύτην

1980 496 2144 549 disset
2171 498 2341 566 legem
2372 496 2602 566 abyssus
2628 496 2718 552 illc
2752 495 3000 565 justitiaa,
3035 498 3098 551 iis
3129 498 3223 567 qui
3284 479 3531 555 notitiam

283 581 397 631 οὐκ
447 579 670 648 ἔχουσιν
715 582 774 633 ὲν
820 584 887 651 τῇ
943 583 1106 650 φύσει
1138 582 1237 653 τὴν
1266 583 1498 651 γνῶσιν·
1535 586 1668 656 μηδὲ
1709 587 1869 655 γινώ-

286 688 525 722 σκουσιν
584 670 660 734 ὡς
713 671 915 739 ἀγαθὸν
969 672 1069 742 μὲν
1098 673 1159 726 τὸ
1209 675 1439 742 φυλάξαι
1486 678 1585 747 τὴν
1629 680 1869 749 ἐντολὴν,

285 762 538 833 ἑλέθριον
577 764 635 817 δὲ
662 763 723 817 τὺ
760 765 1102 835 παραϐῆναις
1148 761 1309 836 Εἶχον
1337 766 1433 822 οὖν
1457 770 1564 841 ἄρα
1594 770 1694 841 τὴν
1723 771 1866 839 γνῶ-

282 870 379 906 σιν
407 868 423 882 ·
453 857 555 926 τὴν
584 856 640 909 δὲ
674 858 869 928 πεῖραν
893 856 1229 927 προσέλαϐον
1257 857 1511 931 ὕστερον.

880 970 1081 1027 ΕΡΩΤ.
1135 972 1273 1025 κη’.

280 1083 435 1157 Πᾶξς
473 1078 643 1139 οὗν-³⁸
662 1084 814 1157 μετὰ.
840 1085 961 1157 rip»:
974 1085 1209 1157 ,βρῶσιν
1239 1085 1517 1156 ἔγνωσαν
1545 1088 1634 1141 ὅτι
1656 1089 1871 1157 γυμνοὶ

362 1153 579 1229 ﬁgat“:
617 1156 728 1222 πρὸ
756 1155 868 1223 τὰρ
892 1154 1004 1223 τῆς
1021 1153 1306 1223 ,βρώσεως-
1325 1159 1549 1227 ταύτην
1574 1153 1684 1213 οὐδὲ
1704 1153 1873 1229 έῖχον

356 1225 482 1289 τὴν
510 1225 838 1289 amamur;

363 1316 513 1368 Οὐδὲ
548 1316 619 1369 τὰ
649 1316 841 1387 κομιδῆ
887 1316 983 1369 νέα
1028 1316 1214 1370 παιδία
1248 1318 1507 1392 ὲρυθριᾷν
1537 1320 1744 1391 πέφυκε
1771 1321 1873 1392 τῆς

277 1408 529 1476 ἐσθῆτος
570 1408 967 1479 γεγυμνωμένα
987 1424 1002 1440 ο
1026 1410 1166 1462 κατὰ
1196 1408 1367 1480 βραχὺ
1399 1410 1463 1463 δὲ
1492 1412 1587 1465 τοῦ
1620 1412 1872 1482 σώματος

276 1496 696 1566 αὐξανομένου,
749 1495 842 1549 καὶ
890 1495 988 1549 τοῦ
1032 1494 1124 1548 νοῦ
1178 1496 1367 1549 λοιπὸν
1417 1498 1724 1567 ἀρχομένου
1773 1498 1873 1568 τὴν

276 1589 511 1641 οἰκείαν
543 1588 707 1657 φύσιν
745 1589 1135 1651 ἐπιδεικνύναι,
1182 1588 1367 1642 οὐκέτι
1423 1588 1608 1642 λοιπὸν
1660 1590 1872 1662 φορητὴ

274 1680 411 1740 τοῖς
474 1677 783 1747 μειρακίοις
838 1680 872 1748 ἡ
906 1680 1209 1749 γύμνωσις,
1248 1678 1365 1732 ἀλλ’
1420 1680 1735 1751 ἐρυθριῶσι,
1778 1681 1874 1735 καὶ

280 1770 719 1840 περιϐάλλονται
740 1809 755 1833 ,
809 1770 912 1823 κᾶν
944 1786 1029 1833 τις
1065 1770 1332 1841 ἀφέληται
1363 1770 1462 1840 τὴν
1498 1770 1716 1841 ἐσθῆτα,
1751 1773 1873 1833 ταῖς

1970 585 2285 656 hujusmodi
2350 602 2381 640 a
2418 596 2610 640 natura
2641 601 2750 641 non
2779 586 3067 651 haberem,
3119 603 3291 657 neque
3336 590 3535 644 intelli-

1971 685 2161 746 gerent
2193 677 2396 730 bonum
2442 691 2563 731 esse
2614 692 2831 731 servare
2876 688 3226 747 praeceptum,
3272 682 3538 748 pernicio-

1973 783 2092 823 sum
2128 784 2258 822 vero
2288 768 2641 837 transgredi?
2688 766 2971 824 Habebant
2994 770 3157 838 igitur
3203 771 3321 824 sine
3373 773 3540 828 dubio

1972 861 2261 917 notitiam:
2291 862 2382 917 sed
2404 862 2831 931 experimentum
2864 871 3043 931 postea
3082 872 3363 931 ceperunt.

2454 975 2731 1031 INTERR.
2771 974 3005 1032 XXVIII.

1975 1091 2247 1158 Quomodo
2274 1092 2436 1161 igitur
2465 1101 2581 1157 post
2610 1106 2755 1144 esum
2781 1108 2811 1143 a
2850 1100 3099 1143 noverunt
3136 1090 3280 1156 quod.
3302 1092 3431 1143 nudi
3453 1106 3542 1144 es-

2147 1173 2281 1213 sent.
2321 1162 2409 1213 aui
2434 1172 2554 1213 ante
2576 1178 2721 1213 esum
2752 1108 2884 1213 nillil
2914 1161 3019 1213 tale
3048 1163 3356 1213 senserant?

2147 1160 2409 1231 sent,’qui
2434 1172 2554 1217 ante
2576 1178 2721 1215 esum
2752 1160 2884 1214 nihil
2914 1161 3019 1214 tale
3048 1163 3356 1213 senserant?

2044 1311 2203 1367 Pueri
2233 1313 2482 1382 juniores
2545 1322 2692 1367 veste
2746 1312 2932 1365 nudati
2970 1312 3291 1366 erubescere
3349 1322 3543 1366 natura

1972 1420 2082 1459 non
2118 1406 2331 1459 solent:
2398 1404 2657 1475 paulatim
2716 1414 2896 1459 autem
2964 1414 3243 1459 crescente
3291 1421 3540 1475 corpore.

1975 1512 2099 1550 cum
2130 1511 2285 1551 mens
2318 1505 2503 1564 postea
2535 1496 2808 1565 propriam
2838 1503 3092 1550 naturam
3123 1513 3373 1553 exserere
3423 1516 3536 1553 cae—

1975 1590 2137 1659 perit,
2172 1588 2345 1643 adulti
2365 1589 2479 1658 jam
2510 1603 2617 1641 non
2664 1589 2929 1657 patienter
2982 1588 3161 1642 ferunt
3212 1606 3270 1644 se
3322 1592 3542 1655 nudari,
3616 1646 3635 1673 ν

1978 1679 2071 1733 sed
2121 1678 2473 1740 erubescunt,
2504 1686 2557 1732 et
2600 1686 2981 1746 conteguntur.
3015 1679 3168 1744 Quod
3197 1681 3241 1734 si
3274 1682 3396 1749 quis
3444 1699 3537 1736 ve-

1979 1780 2116 1826 stem
2149 1772 2228 1825 eis
2250 1770 2553 1835 abstulerit,
2580 1769 2831 1840 genitalia
2858 1771 3096 1824 membra
3134 1773 3385 1827 manibus
3413 1775 3543 1827 abs—

281 1878 351 1929 χε
363 1863 466 1931 poi
488 1860 559 1915 τὰ
592 1860 883 1929 παιδογόνα
912 1860 1250 1915 καλύπτουσι
1281 1862 1469 1934 μόρια.
1504 1862 1727 1916 Πολλῶν
1756 1862 1870 1932 (99)

1980 1861 2235 1916 condunt.
2301 1860 2499 1916 Multos
2528 1873 2710 1917 autem
2738 1862 2916 1931 juvat,
2937 1862 3001 1915 ad
3036 1863 3360 1917 abolendum
3398 1865 3539 1918 Iltttm

278 1952 344 2005 δὲ
380 1953 488 2005 καὶ
515 1952 578 2004 τὸ
604 1951 718 2014 ξθος
750 1953 1067 2024 ἀφαιρεῖται
1094 1951 1303 2024 ταύτην
1323 1955 1420 2023 τὴν
1454 1952 1737 2024 αἰσχύνην.
1760 1953 1871 2007 Καὶ

280 2048 408 2117 γὰρ
441 2047 489 2099 οι
515 2045 705 2098 ναῦται
746 2046 946 2115 γυμνοὶ
977 2046 1247 2109 πλέοντες,
1272 2048 1367 2099 καὶ
1387 2047 1436 2099 οἱ
1458 2047 1743 2117 λουόμενοι
1774 2063 1872 2115 γυ-

287 2140 431 2207 μνοὶ
476 2140 569 2191 ὑπ’
621 2137 865 2207 ἀλλήλων
898 2136 1186 2208 ὁρώμενοι,
1234 2138 1440 2210 ταύτην
1472 2140 1709 2194 ἐνταῦθα
1765 2138 1867 2209 τὴν

280 2229 573 2300 αἰσχύνην
608 2230 706 2282 οὐκ
739 2229 975 2299 ἔχουσιν.
1020 2229 1145 2281 Ἐὰν
1182 2228 1240 2282 δέ
1284 2247 1370 2293 τις
1399 2230 1505 2296 ἔξω
1552 2230 1664 2283 τῶν
1707 2230 1872 2300 βαλα-

292 2322 477 2377 νείων
509 2320 715 2392 γυμνὸς
765 2315 822 2393 ᾗ,
869 2320 991 2375 λίαν
1036 2319 1294 2391 ἐρυθριᾷο
1334 2319 1478 2373 οὕτω
1522 2323 1615 2375 καὶ
1646 2323 1693 2373 οἱ
1745 2320 1873 2391 περὶ

280 2414 387 2467 τὸν
469 2412 665 2481 ’Δδὰμ,
728 2410 892 2474 εὐθὺς
945 2410 1045 2481 μὲν
1109 2410 1558 2476 διαπλασθέντες,
1637 2406 1725 2463 οἷα
1808 2409 1872 2481 δὴ

284 2506 514 2573 νήπιοι,
545 2504 641 2555 και
670 2500 1095 2571 sociumme).
1132 2501 1227 2553 καὶ
1246 2502 1344 2571 τῆς
1383 2501 1659 2572 ἁμαρτίας
1692 2499 1873 2570 ἀμύη-

284 2610 405 2656 τοι,
429 2592 534 2644 οὐκ
555 2590 849 2661 ᾐσχύνοντο
867 2589 991 2659 δίχα
1017 2607 1084 2642 πε
1094 2589 1378 2659 ριϐολαίων
1398 2591 1692 2658 διάγοντες.
1720 2590 1873 2643 Μετὰ

284 2683 348 2734 δὲ
381 2681 492 2750 τὴν
522 2683 739 2752 πεῖραν,
777 2682 890 2743 τοῖς
916 2678 1134 2749 φύλλοις
1163 2679 1281 2734 ἔνια
1316 2680 1411 2733 τοῦ
1452 2681 1704 2751 σώματος
1754 2699 1879 2735 συν-

289 2771 589 2840 εκάλυψαν
620 2770 807 2842 μόρια.

368 2861 809 2914 ³⁷ΘΕΟΔΩΡΟΥ.
849 2860 1063 2931 Ἐπειδὴ
1093 2860 1389 2931 ρἀτοντες
1429 2859 1511 2913 ἔτι
1561 2860 1629 2914 τὰ
1668 2859 1868 2929 φύλλα,

290 2957 550 3023 ἥκουσαν
582 2954 681 3023 τῆς
706 2953 891 3023 φωνῆς
910 2952 1003 3006 τοῦ
1034 2952 1168 3005 Θεοῦ
1195 2952 1648 3022 περιπατοῦντος,
1683 2952 1788 3004 ὑπὸ
1816 2952 1878 3003 τὸ

294 3046 470 3109 ξύλον
500 3044 814 3116 ὲκρύϐησαν
839 3061 851 3074 ’
887 3045 988 3097 οὐκ
1020 3044 1148 3098 ἄλλο
1178 3045 1440 3113 δηλονότι,
1474 3044 1591 3096 ἀλλ’
1624 3044 1656 3115 ἦ
1703 3036 1873 3111 οὗπερ

292 3140 590 3208 ἔρριπτον
620 3137 690 3191 τὰ
714 3137 903 3206 φύλλα..
937 3137 1106 3190 Τοῦτο
1124 3138 1182 3190 δὲ
1211 3133 1277 3208 ἦν
1304 3138 1378 3208 (2)
1409 3137 1494 3205 ἐφ’
1530 3130 1573 3204 ᾧ
1592 3138 1687 3207 τὴν
1727 3139 1874 3188 ἐντο-

292 3228 400 3296 λὴν
427 3226 769 3297 εἰλήφεισαν.
814 3228 899 3291 Ὠς
920 3228 948 3280 ὁ
973 3228 1261 3298 προφήτης
1279 3228 1387 3299 γάρ
1408 3244 1593 3296 φησιν,
1627 3247 1644 3278 ι
1684 3227 1877 3297 Ἐκρύ-
1904 3216 1945 3271 C

291 3320 488 3389 ϐησαν
514 3321 575 3372 ὲν
608 3318 757 3389 μέσῳ
801 3319 896 3372 τοῦ
919 3319 1074 3383 ξύλου
1123 3319 1217 3372 τοῦ
1275 3318 1629 3389 παραδείσου.
1682 3338 1700 3369 ι
1759 3320 1879 3371 Ἀπ’

292 3411 479 3464 αὐτοῦ
502 3412 560 3464 δὲ
597 3413 691 3465 καὶ
730 3411 1089 3483 βεϐρωκότες,
1141 3414 1209 3465 τὰ
1258 3411 1431 3481 φύλλα
1464 3412 1755 3483 ἔρῤαπτον,
1791 3411 1880 3465 διὰ

289 3505 403 3573 τὴν
434 3504 740 3573 γενομένην
786 3504 969 3566 αὐτοῖς
1020 3504 1283 3573 αἰσχύνην
1315 3504 1408 3555 ἐπὶ
1456 3505 1523 3573 τῇ
1580 3503 1877 3573 γυμνώσει.

292 3596 500 3649 Ταῦτα
534 3596 613 3666 (ὅ)
640 3596 697 3648 δὲ
743 3591 810 3667 ἦν
853 3596 1026 3666 φύλλα
1075 3596 1263 3666 συκῆς.
1315 3597 1743 3667 ’Δναντιῤῥήτως
1772 3595 1881 3665 ἄρα

300 3688 538 3757 συκῆτδ
553 3688 764 3757 δένδρον
784 3684 872 3760 ἦν,
899 3690 983 3756 ἐφ’
1004 3681 1050 3756 ᾧ
1070 3688 1496 3759 παρειλήφεισαν
1520 3687 1620 3758 τὴν
1643 3688 1878 3757 ἐντολήν.

311 3780 471 3833 Ἀλλ’
508 3779 574 3833 οὐ
613 3780 925 3850 προσίενται
962 3780 1121 3834 τοῦτό
1171 3797 1337 3844 τινες,
1380 3780 1470 3833 διὰ
1506 3778 1706 3849 πολλὴν
1753 3779 1882 3848 εὐή-

300 3872 492 3935 θειαν,
522 3872 647 3941 ἐμοὶ
667 3872 831 3937 δοκεῖ,
861 3872 1097 3941 οἰόμενοι
1132 3872 1332 3943 χρῆναι
1372 3871 1555 3926 καινόν
1577 3889 1629 3924 τι
1660 3866 1881 3923 εἶναιτὸ

302 3964 506 4029 ξύλον·
563 3966 656 4017 καὶ
685 3965 746 4017 οὐ
784 3964 1124 4035 λογιζόμενοι
1144 4005 1159 4029 ,
1189 3967 1275 4019 ὃτι
1298 3963 1371 4035 μὴ
1396 3966 1462 4035 τῇ
1498 3963 1743 4031 ποιότητι
1784 3962 1879 4014 τοῦ

309 4054 506 4119 ξύλου,
542 4056 681 4125 μηδὲ
716 4058 783 4125 τῇ
815 4056 1094 4126 καινότητι
1116 4056 1218 4126 τῆς
1247 4056 1503 4127 βρώσεως
1537 4055 1607 4107 τὰ
1632 4055 1882 4124 ἁμαρτή-

313 4167 472 4220 ματα
506 4151 750 4221 κρίνεται
772 4167 787 4183 ’
832 4151 968 4205 ἀλλὰ
1006 4158 1072 4222 τῇ
1105 4152 1249 4205 δόσει
1275 4151 1376 4221 τῆς
1421 4150 1659 4218 ἐντολῆς,
1695 4150 1762 4220 ἣν
1793 4150 1881 4217 ἐφ’

303 4246 442 4299 ὅτου
468 4244 669 4314 δήποτε
697 4244 1005 4316 παραϐῆναι
1032 4246 1151 4316 τσην
1170 4244 1281 4315 ἔχει
1310 4244 1408 4314 τὴν
1444 4242 1670 4314 μέμψιν.

928 4357 1127 4412 ΕΡΩΤ.
1154 4356 1285 4411 KG'.

1976 1953 2620 2025 pudorem,consuetudo
2649 1953 3176 2023 vivendi.Siquidem
3208 1965 3387 2010 nauta
3409 1958 3541 2010 nudi

1977 2044 2315 2112 navigantes,
2349 2053 2404 2095 et
2453 2043 2547 2111 qui
2582 2044 2851 2105 lavantur,
2883 2043 3010 2095 dum
3038 2058 3097 2097 se
3136 2044 3309 2099 nudos
3348 2055 3541 2100 mutuo

1978 2136 2349 2203 conspiciunt;
2396 2135 2497 2187 hoc
2530 2134 2734 2202 pudore
2764 2134 2832 2187 ibi
2870 2150 2975 2189 non
3035 2134 3328 2191 ducuntur.
3358 2136 3427 2190 At
3490 2138 3533 2189 si

1976 2230 2100 2298 quis
2130 2227 2306 2280 nudus
2360 2226 2430 2279 sit
2460 2236 2609 2280 extra
2646 2228 2885 2291 balneas,
2944 2228 3291 2281 vehementer
3342 2228 3536 2281 erube-

1978 2320 2105 2375 scit.
2133 2317 2212 2370 Ita
2242 2317 2308 2371 de
2332 2316 2539 2370 Adamo
2575 2328 2625 2370 et
2653 2316 2770 2386 ejus
2824 2332 2989 2371 uxore
3018 2317 3355 2371 sentiendum
3408 2327 3492 2371 est
3520 2336 3535 2371 :

1976 2412 2069 2482 qui
2111 2410 2297 2465 statim
2333 2410 2425 2464 ubi
2464 2408 2680 2461 formati
2728 2418 2877 2471 sunt,
2914 2410 3058 2462 velut
3089 2408 3324 2463 infantes
3356 2418 3410 2462 et
3455 2425 3539 2462 re-

1976 2518 2107 2559 cens
2153 2502 2289 2566 nati,
2355 2501 2614 2569 nullaque
2665 2500 2867 2567 peccati
2921 2500 3131 2553 macula
3181 2500 3369 2569 polluti
3429 2514 3538 2553 non

1977 2595 2353 2650 alliciebautur
2392 2591 2719 2646 verecundia
2766 2593 2884 2645 sine
2943 2592 3142 2645 amictu
3181 2600 3421 2659 agentes.
3471 2590 3540 2642 At

1975 2682 2216 2751 periculo
2256 2682 2419 2744 facto,
2450 2680 2709 2748 quasdam
2742 2688 2923 2747 partes
2968 2680 3209 2748 corporis
3244 2679 3387 2733 loliis
3444 2693 3540 2731 oc.

1979 2772 2345 2827 cultaverunt.

2046 2862 2157 2935 43
2188 2858 2552 2915 TllEODORl.
2584 2858 2853 2925 Quoniam
2917 2858 3046 2912 dum
3073 2858 3249 2911 adhuc
3306 2870 3509 2911 consue

1979 2964 2099 3011 rent
2130 2953 2278 3018 folia,
2312 2952 2601 3006 audierunt
2632 2965 2815 3004 vocem
2851 2949 2943 3003 Dei
2972 2947 3390 3011 deambulantis,
3438 2947 3541 2999 sub

1980 3047 2176 3100 arbore
2203 3044 2505 3106 latitarunt,
2540 3055 2651 3095 non
2702 3041 2803 3094 alia
2853 3040 3118 3103 videlicet,
3172 3054 3333 3107 quam
3398 3036 3541 3090 unde

1980 3137 2109 3191 folia
2140 3137 2540 3204 decerpserant.
2572 3131 2697 3187 Hazc
2728 3139 2905 3184 autem
2949 3140 3084 3191 erat.
3117 3130 3183 3184 de
3241 3144 3350 3197 qua
3405 3143 3540 3195 pra:-

1982 3240 2194 3298 ceptum
2225 3220 2563 3295 acceperant.
2592 3223 2825 3291 Nam,fut
2853 3223 3108 3292 propheta
3130 3222 3325 3289 inquit,
3367 3240 3383 3270 ι
3414 3220 3540 3274 abs-

1982 3321 2184 3377 euuditi
2244 3328 2373 3374 sunt
2407 3318 2459 3371 in
2492 3317 2671 3371 medio
2702 3314 2833 3384 ligni
2862 3314 3122 3383 paradisi.
3157 3331 3179 3363 ›
3223 3313 3294 3366 De
3324 3328 3388 3366 eo
3437 3327 3538 3364 au-

1983 3423 2087 3465 tem
2130 3424 2251 3464 cum
2284 3407 2723 3471 manducassent,
2753 3403 2915 3459 etiam
2946 3403 3072 3457 folia
3100 3403 3365 3463 texebant,
3411 3417 3538 3469 pru-

1981 3515 2161 3573 pterea
2200 3500 2341 3571 quod
2365 3514 2478 3553 sua:
2505 3497 2761 3552 nuditatis
2791 3512 2886 3551 eos
2923 3495 3168 3565 puderet.
3212 3493 3333 3546 llaec
3359 3503 3538 3546 autem

1981 3602 2137 3649 erant
2165 3591 2292 3645 l'olia
2331 3592 2485 3646 licus.
2519 3588 2659 3658 Ergo
2690 3589 2845 3644 sine'
2878 3587 3243 3642 controversia
3269 3585 3429 3637 arbor
3450 3584 3539 3637 illa

1984 3692 2102 3739 erat
2140 3684 2295 3747 licus,
2328 3680 2396 3734 de
2428 3696 2533 3750 qua
2564 3688 2890 3749 praeceptum
2926 3684 3266 3747 acceperant.
3299 3674 3401 3727 Sed
3430 3689 3538 3727 non

1982 3754 2361 3829 assentiuntur
2389 3771 2633 3841 quidam,
2661 3785 2771 3841 pra:
2798 3769 2985 3832 nimia,
3021 3777 3079 3821 ut
3105 3767 3236 3821 mibi
3303 3767 3537 3830 videtur,

1982 3864 2330 3935 simplicitate
2364 3881 2377 3917 :
2407 3862 2498 3931 qui
2536 3869 2727 3930 putant
2756 3869 3005 3935 Oporterc
3035 3872 3231 3911 novum
3266 3856 3537 3923 quoddam

1981 3971 2102 4011 esse
2139 3954 2363 4025 lignum,
2400 3969 2508 4006 non
2537 3952 2896 4014 attendentes,
2922 3953 3065 4014 quod
3098 3963 3207 4000 non
3240 3947 3370 4014 ligni
3398 3962 3538 4013 qua-

1983 4048 2152 4111 litate,
2193 4060 2367 4114 neque
2397 4041 2635 4097 novitate
2684 4040 2813 4103 cibi,
2851 4047 3071 4109 peccata
3098 4046 3408 4100 censentur,
3444 4036 3537 4088 sed

1980 4155 2046 4194 ex
2074 4149 2340 4208 praecepto
2363 4136 2489 4191 dato
2514 4152 2528 4189 :
2570 4132 2729 4203 cujus
2759 4130 3120 4199 transgressio
3141 4129 3543 4199 quantulacun.

1982 4248 2089 4301 que
2115 4230 2232 4301 pari
2270 4227 2689 4299 reprehensione
2714 4224 2875 4293 digna
2908 4229 3014 4277 est.

2505 4334 2779 4393 INTER“.
2820 4333 3014 4388 XXIX.

297 4467 445 4529 Πῶς
481 4466 553 4519 ἐκ
602 4465 707 4519 τοῦ
741 4465 1107 4534 παραδείσου
1140 4464 1334 4534 φησιν
1388 4465 1421 4517 ό
1480 4459 1739 4534 Μωῢο-ῆς
1778 4459 1882 4534 τὸν

1986 4459 2091 4524 Qui
2123 4458 2293 4534 ﬁt,‘_ut
2320 4455 2490 4534 ιξοσεδ
2523 4462 2749 4516 onerat,
2784 4450 2981 4532 Tigrim
3038 4457 3086 4502 et
3125 4447 3465 4534 (Euphratem.
3512 4462 3541 4499 ε

380 4518 605 4621 Τῖπῃητ
627 4518 870 4621 aggerati.
891 4538 1019 4621 ραι)⁸
1040 4518 1179 4621 τὸξ⁸
1196 4518 1543 4621 ξτῖέηριοάτςῃνζ
1562 4518 1697 4621 Δοῦςί
1715 4518 1881 4621 ’ςςασξ

1994 4518 2025 4524 ⁷
2054 4518 2307 4621 paradiso
2336 4525 2495 4593 ﬂuere
2524 4534 2571 4606 ιζ,
2610 4539 2737 4621 quos
2773 4518 2923 4575 aiunt
2953 4518 3192 4573 nonnulli
3229 4534 3255 4572 e
3285 4518 3541 4570 montibus

370 4595 638 4671 niese).
659 4595 778 4659 τῶν
809 4595 963 4673 ὀρῶν
989 4595 1342 4665 ἀναϐλύζεῖῦ
1380 4595 1491 4671 τῆς
1523 4595 1875 4671 "Appetitur;

2050 4595 2313 4651 Armenia:
2347 4595 2605 4649 scaturire
2623 4595 2650 4645 ?

378 4699 578 4751 Ἔστιν
610 4697 740 4751 ἰδεῖν
784 4698 881 4751 καὶ
928 4698 1120 4760 ἄλλους
1154 4696 1433 4766 ποταμοὺς
1470 4693 1737 4767 ἑτέρωθεν
1784 4692 1884 4762 μὲν

2052 4691 2248 4746 Videre
2277 4689 2401 4743 licet
2425 4698 2477 4741 et
2495 4687 2597 4740 alia
2613 4684 2838 4738 ﬂumina
2868 4682 3084 4736 aliunde
3107 4678 3322 4749 quidem
3338 4674 3539 4747 egredi,

296 4790 576 4855 ἐξιόνταςο
600 4788 792 4843 ἔπειτα
816 4788 872 4841 δὲ
896 4790 976 4851 εἰς
1002 4789 1100 4859 τὴν
1122 4789 1225 4857 γῆν
1253 4788 1342 4841 διά
1356 4804 1517 4840 τινων
1536 4784 1882 4839 καταδύσεων

1980 4782 2173 4838 deinde
2202 4782 2255 4834 in
2279 4788 2477 4834 terram
2507 4775 2830 4846 quibusdam
2861 4774 3117 4828 ductibus
3150 4769 3391 4834 ﬂuentia,
3443 4768 3539 4822 ite-

296 4881 649 4953 χωροῦντας,
683 4882 777 4935 καὶ
815 4880 976 4933 πάλιν
1019 4879 1224 4934 ἄνωθεν
1253 4878 1669 4942 ἀναϐλύζοντας.
1713 4876 1882 4929 Τοῦτο

1982 4890 2101 4929 rum
2154 4886 2374 4927 sursum
2406 4867 2717 4932 scaturire;
2769 4866 2914 4935 quod
2981 4874 3033 4917 et
3074 4864 3157 4917 his
3223 4861 3541 4917 ﬂuminibus

298 4974 405 5027 καὶ
438 4975 535 5027 ἐπὶ
553 4974 761 5027 τούτων
778 4973 1069 5044 γεγένηται
1097 4973 1205 5027 τῶν
1229 4972 1510 5043 ποταμῶν.
1552 4970 1755 5035 Ἑξιασι
1783 4969 1880 5040 μὲν

1980 4966 2195 5022 accidit.
2231 4965 2442 5020 Exeunt
2467 4961 2610 5018 enim
2636 4959 2803 5024 illinc,
2828 4967 2887 5012 ut
2916 4959 2993 5011 ait
3022 4954 3299 5025 Scriptura
3327 4953 3540 5013 divina;

379 5135 410 5163 ο
434 5128 580 5181 Gen.
620 5142 685 5192 ιι,
716 5127 803 5182 ιι.

1165 5277 1401 5333 VAlllA']
1448 5272 1825 5331 LECTIONES
1874 5270 1963 5327 EX
1996 5270 2265 5328 CATENA
2322 5267 2669 5324 LIPSIENSI.

387 5437 441 5471 ³⁸
470 5436 592 5491 Haec
614 5436 682 5492 ad
708 5436 846 5492 Gen.
879 5450 962 5511 ιιι,
985 5433 1040 5497 8,
1069 5433 1171 5504 leg.
1195 5433 1249 5488 iu
1275 5443 1380 5489 cat.
1404 5448 1527 5503 pag.
1552 5432 1641 5487 83.
1717 5431 1761 5462 ³⁷
1786 5428 1912 5485 Haec
1930 5435 2147 5483 exstant
2171 5427 2225 5479 in
2245 5435 2351 5480 cat.
2379 5439 2497 5494 pag.
2524 5422 2613 5485 88,
2648 5422 2712 5475 ad
2748 5436 2891 5476 vers.
2925 5419 2978 5473 9.

1840 5578 2066 5637 NOTAE.

388 5704 504 5773 (99)
536 5702 805 5757 Πολλῶν.
850 5700 982 5754 Cod.
1023 5708 1075 5752 et
1110 5698 1223 5755 Pic.
1262 5698 1479 5770 πολλήν.

391 5776 475 5830 (il
504 5773 635 5830 Cod.
675 5784 731 5829 et
759 5772 873 5827 Pic.
899 5771 1157 5830 εὐγενεῖς.

2055 5692 2130 5830 Ῠ)
2174 5692 2350 5745 Τοῦτο
2374 5690 2437 5742 δὲ
2471 5686 2562 5758 ἦν.
2598 5689 2731 5742 Cod.
2770 5698 2821 5741 et
2848 5687 2958 5741 I’ic.
2992 5686 3128 5740 ἀλλὰ
3152 5685 3307 5740 τοῦτο
3358 5700 3420 5755 γε
3444 5678 3536 5758 ἦν.

2081 5762 2132 5830 3)
2163 5761 2368 5819 Ταῦτα.
2389 5762 2524 5814 Cod.
2552 5768 2603 5813 et
2624 5761 2735 5812 I’ie.
2778 5758 2973 5811 πάντα.

391 5761 635 5842 (η’ϐοά.
675 5784 731 5829 et
759 5772 873 5827 Pic.
899 5771 1157 5838 εὐγενεῖς.
1416 5761 1428 5770 ’

2058 5761 2132 5832 (3)
2163 5761 2368 5819 Ταῦτα.
2389 5762 2524 5814 Cod.
2552 5768 2603 5813 et
2624 5761 2735 5812 I’ie.
2778 5761 2973 5811 πάντα.
