3964 6558
474 309 570 416 ῙΞἹ
1455 354 1943 416 THEODORETI
1984 349 2327 411 EPISCOPI
2368 346 2735 407 CYRENSIS
3603 348 3717 412 19.8

471 468 658 532 postea
692 474 789 529 per
812 461 1079 530 quosdam
1113 470 1325 517 meatus
1351 462 1739 519 subterraneos
1762 476 2045 518 transeuw

2165 459 2249 531 νὰρ
2283 458 2514 523 ἐκεῖθεν,
2546 455 2621 520 ὥς
2644 472 2809 528 φησιν
2843 457 2876 528 ἡ
2902 455 3019 510 θεία
3048 455 3238 526 Γραφή
3258 473 3273 487 ’
3298 450 3416 510 εἶτα
3436 456 3524 510 διά
3549 473 3721 510 τινων

470 551 564 611 tia,
644 549 731 604 hic
782 551 1051 621 originem
1108 551 1273 606 aliam
1328 562 1573 607 sumunt.
1628 552 1780 616 Quod
1821 553 2039 622 quidem

2165 551 2412 617 ιπογείων
2469 549 2696 611 διιόντες
2750 547 2956 619 πόρων.
3005 549 3199 618 ἐτέρας
3244 547 3420 618 ἀρχὰς
3470 548 3720 602 ἐνταῦθα.

475 654 580 692 non
618 640 818 696 frustra
860 643 1105 696 omnium
1142 641 1283 698 Deus
1331 643 1404 697 ita
1432 644 1789 714 dispensavit,
1827 644 1922 699 sed
1986 655 2044 698 ut

2165 642 2498 712 .αμ6άνουσι.
2526 640 2699 693 Τοῦτο
2735 639 2791 693 δὲ
2823 641 2884 693 ού
2929 640 3109 709 μάτην
3155 637 3330 701 οὕτως
3357 638 3724 708 ᾠκονόμησεν

472 740 781 791 ιιιῐιιιιιιειιει
810 732 1137 802 superﬂuam
1169 734 1451 787 hominum
1480 735 1875 789 curiositatem.
1906 733 2041 789 Nam

2165 757 2170 784 ι
2204 735 2311 787 τῶν
2341 733 2477 786 ὅλων
2513 732 2669 798 Θεὸς,
2709 731 2846 785 ἀλλὰ
2888 732 2988 802 τὴν
3032 732 3295 801 περιττὴν
3350 730 3459 783 τῶν
3496 729 3718 800 ἀνθρὼ-

477 821 521 876 si
550 832 796 890 paterent
823 840 1012 879 eorum
1058 840 1248 881 omnes
1280 835 1511 891 meatus,
1575 829 1795 896 quidam
1862 831 2046 897 utique

2165 846 2262 880 των
2290 824 2818 897 πολυπραγμοσύνην
2874 824 3161 878 ἐκκόπτων
3188 824 3291 893 (4).
3322 823 3385 875 Εἰ
3413 822 3521 892 γὰρ
3556 821 3725 885 δῆλος

482 920 839 978 conarentur,
867 928 1060 968 eorum
1090 914 1240 985 ripas
1265 916 1561 984 prosecuti,
1593 918 1768 971 locum
1808 918 2045 986 paradisi

474 1001 589 1074 44
623 1004 992 1072 perlustrare;
1046 1005 1138 1057 sed
1173 1004 1564 1060 frustrarentur
1594 1008 1812 1076 optatis,
1843 1020 1895 1063 et
1925 1009 2047 1063 lon-

479 1093 723 1161 gitudine
758 1095 968 1149 itineris
1023 1094 1176 1159 fessi,
1239 1104 1403 1166 atque
1463 1098 1895 1153 necessariorum
1954 1115 2050 1170 pe-

480 1184 638 1238 nuria
672 1185 997 1249 laborantes,
1032 1186 1194 1239 modo
1221 1186 1272 1240 in
1308 1202 1501 1257 aspera
1540 1188 1660 1244 loca
1725 1189 2048 1256 incidentes,

482 1276 644 1329 modo
684 1276 737 1329 in
762 1277 996 1337 deserta.
1034 1277 1304 1332 interdum
1338 1278 1391 1334 in
1428 1295 1622 1334 manus
1661 1282 1959 1335 crudelium
1998 1293 2051 1337 et

482 1366 836 1421 barbarorum
870 1368 1151 1423 hominum
1184 1370 1523 1426 devenirent.
1563 1373 1688 1427 llaec
1723 1375 1886 1444 igitur
1914 1391 2052 1444 pras-

483 1458 669 1513 videns
721 1460 1035 1517 misericors
1061 1461 1224 1527 Deus,
1294 1463 1508 1533 ignotos
1568 1465 1784 1520 illorum
1842 1481 2056 1525 meatus

483 1550 735 1606 reddidit.

1011 1837 1291 1895 INTEBR.
1345 1840 1516 1897 XXX.

621 1954 734 2010 Cur
763 1972 828 2011 ex
855 1956 1019 2012 latere
1040 1960 1233 2014 Adami
1262 1962 1529 2016 mulierem
1554 1963 1799 2032 formavit
1820 1977 1846 2015 ι)
1870 1967 1895 2019 ?

499 2160 509 2168 ,
557 2107 781 2166 Volebat
804 2111 1031 2168 Creator
1061 2127 1273 2172 naturae
1302 2119 1369 2173 ad
1401 2121 1749 2176 concordiam
1785 2123 2067 2180 adducere.

481 2204 911 2274 unumquodque
940 2222 1135 2276 genus.
1183 2208 1297 2265 Hac
1330 2212 1397 2266 de
1425 2229 1591 2269 causa
1623 2215 1890 2269 Adamnm
1923 2218 2045 2286 qui-

481 2293 605 2348 dem
632 2304 834 2349 eterra
866 2296 1143 2364 formavit,
1184 2316 1250 2355 ex
1291 2303 1500 2355 Adamo
1553 2320 1682 2358 vero
1736 2306 2052 2361 mulierem:

486 2394 546 2439 ut
588 2395 643 2440 et
666 2388 912 2441 eamdem
943 2389 993 2442 in
1036 2390 1144 2445 illis
1175 2407 1296 2447 esse
1327 2404 1577 2447 naturam
1631 2396 2052 2462 demonstraret.

483 2484 538 2529 et
565 2477 865 2531 naturalem
896 2480 1188 2548 quamdam
1232 2486 1665 2539 benevolentiam
1704 2496 1946 2541 mutuam
2000 2492 2054 2542 in

484 2566 594 2621 illis
641 2568 919 2623 insereret.
954 2570 1011 2624 Si
1059 2576 1203 2625 enim
1241 2574 1404 2629 rebus
1462 2577 1540 2631 sic
1598 2593 1656 2632 se
1708 2578 2054 2645 habentibus,

483 2658 585 2711 viri
616 2672 741 2713 cum
775 2661 1094 2717 mulieribus
1122 2666 1482 2729 contendunt,
1542 2677 1596 2722 et
1624 2671 1877 2725 mulieres
1931 2687 2054 2726 cum

483 2749 635 2816 viris,
668 2751 798 2819 quid
824 2768 931 2806 non
982 2754 1354 2821 admisissent,
1406 2759 1455 2813 si
1507 2760 1725 2814 aliunde
1774 2764 2054 2818 mulierem

482 2839 811 2897 formasset?
844 2843 1135 2914 Sapienter
1160 2848 1324 2915 igitur
1344 2866 1438 2905 eos
1462 2850 1730 2917 distinxit,
1756 2862 1806 2908 et
1838 2870 2054 2909 rursum

480 2934 779 3002 copulavit.
809 2936 1024 3007 Nuptiae
1051 2941 1197 2995 enim
1238 2941 1293 2995 in
1325 2959 1496 2996 unum
1534 2945 1836 2999 conciliant
1892 2964 2058 3003 sexus

485 3024 768 3081 diversos:
803 3048 821 3079 ι
854 3030 1027 3085 Erunt
1095 3033 1272 3097 enim,
1324 3034 1537 3105 inquit,
1587 3038 1694 3090 duo
1742 3040 1796 3092 in
1837 3055 2055 3094 carnem

2144 912 2212 987 ἦν
2250 916 2428 970 αὐτῶν
2453 915 2596 978 am;
2631 918 2660 968 ὁ
2695 914 2861 985 πόρος
2899 913 3267 984 ἐπειράθησαν
3303 911 3401 982 μὲν
3448 910 3513 964 ἄν
3545 926 3725 970 τινες,

2149 1009 2297 1079 παρὰ
2327 1008 2424 1070 τάς
2446 1008 2648 1060 τούτων
2679 1007 2844 1078 ὄχθας
2875 1006 3167 1069 ὁδεύοντες,
3208 1005 3267 1058 τὸ
3325 1003 3419 1057 τοῦ
3454 1002 3731 1073 παραδεί-

2151 1115 2244 1150 σου
2278 1096 2648 1149 κατοπτεῦσαι
2673 1096 2894 1167 χωρίον.
2926 1097 3308 1165 Διημάρτανον
3328 1094 3385 1147 δὲ
3405 1093 3497 1147 τοῦ
3529 1094 3732 1144 ποθου-

2154 1187 2314 1257 μένου
2335 1186 2434 1256 (5),
2469 1187 2561 1238 καὶ
2594 1184 2671 1255 τῷ
2701 1185 2867 1255 μήκει
2890 1186 2987 1255 τῆς
3012 1185 3327 1255 ὁδοιπορίας
3363 1183 3727 1252 κοπτόμενοι,

2152 1281 2245 1333 καὶ
2266 1282 2331 1351 τῇ
2373 1279 2568 1332 σπάνει
2607 1278 2716 1331 τῶν
2761 1278 3079 1345 ἀναγκαίων
3107 1277 3580 1348 διαφθειρόμενοι·
3615 1275 3725 1329 καὶ

2156 1371 2254 1425 νῦν
2295 1371 2391 1441 μὲν
2441 1372 2521 1433 είς
2566 1367 2893 1439 δυσχωρίας,
2932 1367 3026 1419 νῦν
3085 1367 3142 1419 δὲ
3168 1369 3249 1431 είς
3291 1367 3525 1437 ἐρημίας
3556 1366 3732 1436 ὲμπί-

2156 1478 2413 1527 πτοντες⁶
2448 1462 2645 1515 ἔστιδὲ
2692 1463 2783 1514 ὅτε
2835 1460 2933 1513 καὶ
2989 1460 3222 1531 ἀπηνέσι
3279 1460 3373 1513 καὶ
3425 1458 3734 1528 βαρϐάροις

2153 1552 2553 1626 ἀνθρώποις(ϐ)
2613 1551 3067 1623 περιπίπτοντες.
3126 1552 3238 1605 Καὶ
3287 1549 3491 1603 τούτοιν
3542 1550 3735 1601 τοίνυν

2156 1646 2610 1718 προμηθούμενος
2635 1647 2663 1698 ό
2692 1642 3085 1714 φιλοικτίρμων
3104 1642 3256 1707 Θεὸς,
3287 1641 3515 1713 ἀδήλους
3543 1641 3735 1694 αὐτῶν

2156 1740 2280 1803 τοὺς
2309 1738 2507 1811 πόρους
2534 1737 2837 1808 ἀπέφηνεν.

2769 1849 2964 1903 ΕΡΩΤ.
3017 1849 3095 1903 A'.

2160 1966 2221 2020 Τί
2253 1963 2328 2031 δή
2378 1980 2524 2018 ποτε
2594 1963 2713 2018 ἀπὸ
2753 1960 2861 2029 τῆς
2904 1960 3174 2029 πλευρᾶς
3210 1959 3316 2014 τοῦ
3380 1957 3561 2027 Ἀδὰμ
3606 1955 3734 2025 τὴν

2611 2032 2869 2103 γυναῖκα
2887 2031 3219 2085 διέπλασεν
3236 2047 3253 2094 ;

2226 2128 2319 2191 Εἰς
2343 2126 2598 2198 ὁμόνοιαν
2634 2124 2909 2197 ὴόουλήθη
2949 2126 3018 2179 τὰ
3047 2125 3182 2192 γένη
3213 2121 3546 2190 συναγαγεῖν
3570 2120 3599 2172 ό
3620 2118 3734 2187 τῆς

2157 2219 2373 2287 φύσεως
2414 2219 2670 2289 Ποιητής.
2715 2216 2919 2270 Τούτου
2954 2217 3114 2287 χάριν
3159 2214 3251 2267 τὸν
3285 2212 3385 2284 μὲν
3425 2211 3595 2280 Ἀδὰμ
3618 2209 3741 2263 ἀπὸ

2154 2309 2255 2378 τῆς
2281 2309 2386 2379 γῆς
2415 2307 2727 2370 διέπλασεν,
2763 2309 2828 2360 ὲκ
2877 2307 2933 2359 δὲ
2976 2304 3070 2358 τοῦ
3128 2305 3300 2375 Ἀδὰμ
3325 2304 3424 2374 τὴν
3450 2303 3691 2371 γυναῖκα.
3717 2316 3737 2331 ο

2156 2400 2245 2453 ἵνα
2273 2401 2368 2453 καὶ
2400 2400 2461 2451 τὸ
2488 2399 2685 2452 ταυτὸν
2733 2396 2974 2467 ἐπιδείξῃ
3015 2397 3114 2466 τῆς
3146 2396 3361 2465 φύσεως
3384 2411 3397 2426 ο
3441 2395 3531 2447 καὶ
3569 2410 3741 2462 φυσι-

2157 2492 2258 2562 κήν
2286 2508 2409 2544 τινα
2428 2490 2811 2561 φιλοστοργίαν
2834 2490 3013 2552 αὐτοῖς
3041 2490 3166 2560 περὶ
3190 2487 3454 2557 ἀλλήλους
3482 2487 3733 2559 ὲμφύσῃ.

2160 2582 2221 2634 El
2261 2581 2368 2650 γὰρ
2402 2581 2497 2634 καὶ
2526 2580 2731 2634 τούτων
2756 2579 2900 2632 οὕτω
2934 2578 3340 2650 γεγενημένοιν,
3385 2578 3479 2631 καὶ
3536 2578 3740 2647 ἄνδρες

2157 2671 2373 2737 γυναιξὶ
2403 2672 2785 2742 διαμάχονται,
2823 2673 2917 2725 καὶ
2942 2675 3198 2740 γυναῖκες
3233 2671 3513 2742 ἀνδράσιν,
3558 2670 3608 2723 τί
3628 2672 3741 2724 οὐκ

2160 2764 2226 2817 ἂν
2263 2764 2517 2833 ἔδρασαν,
2583 2766 2632 2817 εί
2681 2764 2947 2833 ἑτέρωθεν
3002 2765 3165 2818 ποθεν
3228 2764 3328 2833 τὴν
3377 2766 3606 2831 γυναῖκα
3650 2763 3741 2816 δι-

2159 2856 2359 2911 έπλασε
2381 2876 2396 2925 ;
2424 2858 2613 2927 Σοφῶς
2640 2854 2734 2911 οὖν
2761 2858 2869 2930 ἄρα
2900 2858 2992 2911 καὶ
3012 2857 3191 2921 διεῖλε,
3219 2858 3311 2910 καὶ
3343 2857 3503 2910 πάλιν
3528 2858 3739 2925 συνήρ-

2162 2968 2345 3021 μοσεν.
2401 2952 2460 3005 '0
2512 2950 2623 3019 γὰρ
2667 2952 2846 3021 γάμος
2903 2953 2981 3013 είς
3043 2950 3102 3002 ἒν
3164 2950 3385 3017 συνάγει
3427 2948 3495 3000 τὰ
3556 2948 3686 3019 γένη
3719 2965 3740 2979 ο

2166 3061 2184 3094 ι
2218 3044 2470 3095 Ἔσονται
2504 3043 2633 3114 γὰρ,
2661 3046 2844 3113 φησὶν,
2870 3044 2918 3096 οί
2950 3042 3041 3095 δύο
3074 3044 3152 3105 εἰς
3176 3041 3353 3111 σάρκα
3387 3041 3533 3110 μίαν.
3569 3061 3586 3091 ι
3624 3041 3743 3093 Καὶ

490 3132 653 3172 unam
678 3128 726 3173 ιι.
769 3138 788 3170 ι
823 3120 999 3191 Atque
1048 3124 1152 3179 hoc
1173 3141 1363 3181 verum
1393 3143 1516 3183 esse
1554 3139 1784 3184 testatur
1804 3131 1856 3185 id
1913 3133 2057 3202 quod

2165 3136 2243 3189 ὅτι
2274 3134 2431 3188 τοῦτο
2460 3136 2678 3207 ἀληθὲς.
2698 3138 2967 3207 μαρτυρεῖ
2990 3135 3065 3203 ('7)
3086 3134 3147 3187 τὸ
3167 3133 3478 3201 γενόμενον.
3498 3132 3596 3185 Διὰ
3624 3133 3747 3202 γὰρ

490 3207 617 3260 inde
650 3207 914 3263 nascitur.
955 3212 1236 3282 Siquidem
1270 3231 1366 3284 per
1415 3221 1887 3275 conversationem
1957 3238 2061 3275 nu-

489 3301 709 3371 ptialem
738 3302 953 3360 fruetus
984 3321 1127 3361 unus
1155 3323 1224 3362 ex
1265 3309 1533 3365 ambobus
1584 3312 1780 3376 oritur,
1820 3317 1837 3335 '
1866 3313 1934 3368 ab
1963 3315 2064 3369 hue

489 3392 709 3462 quidem
744 3396 1067 3463 seminatus,
1097 3400 1166 3453 ab
1191 3396 1281 3454 illa
1323 3416 1453 3455 vero
1474 3403 1772 3467 enutritus,
1805 3419 2065 3460 consum-

490 3494 674 3541 matus
708 3496 893 3543 autem
931 3490 1001 3544 ab
1032 3489 1237 3561 Opiﬁce
1265 3503 1497 3549 natura).

1049 3620 1326 3680 INTERR.
1360 3625 1551 3688 XXXI.

493 3731 557 3785 Si
577 3733 807 3802 prudens
842 3744 959 3789 erat
986 3752 1219 3806 serpens,

883 3807 1165 3875 prudentia
1191 3812 1261 3863 sit
1281 3825 1407 3879 pars
1434 3814 1669 3869 virtutis.

561 3915 727 3972 Multa
756 3919 980 3975 nomina
1017 3921 1274 3978 dicuntur
1298 3927 1612 3995 :equivoce;
1642 3946 1768 3987 nam
1821 3942 1876 3988 et
1925 3934 2065 3989 idola

2163 3229 2262 3296 τῆς
2294 3229 2538 3298 γαμικῆς
2568 3228 2781 3298 ὁμιλίας
2812 3222 2892 3291 εἷς
2922 3227 2980 3292 ἐξ
3016 3227 3218 3297 ἀμφοῖν
3260 3226 3543 3296 βλαστάνει
3595 3242 3743 3295 καρ-

2167 3321 2265 3382 πδς
2288 3360 2303 3385 ,
2334 3322 2399 3372 ἐκ
2458 3322 2556 3390 μὲν
2588 3320 2778 3374 τούτου
2806 3321 3181 3392 σπειρόμενος,
3216 3319 3354 3373 ἐκδὲ
3380 3319 3579 3389 ταύτης
3610 3318 3748 3388 τρέ-

2166 3413 2419 3481 φόμενος,
2452 3414 3001 3483 τελεσιουργούμενος
3025 3413 3083 3467 δὲ
3123 3411 3228 3466 ὑπὸ
3251 3412 3346 3466 τοῦ
3374 3415 3471 3483 τῆς
3520 3410 3749 3479 φύσεως

2166 3506 2526 3575 Δηξλιουργοῦ.

2774 3645 2974 3698 ΕΡΩΤ.
3004 3643 3124 3698 AA'.

1261 3739 1322 3830 σί)
1355 3741 1410 3794 id
1442 3742 1746 3830 [qu-dandus
1771 3757 1886 3802 erat
1916 3788 1931 3814 ,
1951 3765 2057 3803 cum

2170 3759 2238 3810 Ei
2270 3758 2558 3827 φρόνιμος
2582 3762 2615 3813 ό
2634 3759 2786 3827 ὄφις,
2806 3762 2903 3814 καὶ
2930 3761 3378 3830 ἐπαινούμενος·
3391 3761 3601 3830 μόριον
3628 3760 3751 3830 γὰρ

2640 3832 2678 3898 ἡ
2710 3831 3004 3899 φρόνησις
3032 3829 3268 3897 ἀρετῆς.

2244 3941 2419 3995 Πολλὰ
2443 3942 2551 3995 τῶν
2577 3942 2861 4012 ὀνομάτων
2892 3942 3201 4013 ὁμωνύμως
3237 3944 3569 4016 προφέρεται
3597 3959 3609 3971 °
3644 3944 3747 3997 καὶ

492 4011 735 4081 gentium
781 4011 916 4068 deos
949 4026 1302 4073 vocaverunt.
1355 4017 1468 4074 lloc
1498 4036 1626 4075 vero
1655 4024 1828 4093 magis
1855 4027 2057 4094 proprie

2171 4032 2278 4103 γάρ
2312 4034 2379 4087 τά
2405 4034 2600 4088 εἴδωλα
2642 4035 2752 4089 τῶν
2786 4035 2959 4088 ἐθνῶν
3000 4034 3158 4098 θεοὺς
3196 4035 3534 4106 ὠνομάκασι.
3569 4036 3750 4089 Τοῦτο

494 4104 699 4157 dictum
733 4116 814 4159 est
853 4108 920 4162 de
946 4108 1216 4175 damone,
1251 4111 1347 4181 qui
1378 4127 1474 4181 per
1504 4114 1657 4168 illum
1718 4117 2065 4186 operabatur.

497 4193 691 4249 Stolidi
721 4206 899 4251 autem
930 4199 1180 4268 imperite
1209 4216 1306 4257 eos
1337 4202 1446 4275 45
1502 4208 1665 4262 etiam
1722 4209 1815 4278 qui
1872 4210 2067 4266 fabulis

495 4287 847 4353 studuerunt,
882 4292 1155 4361 sapientes
1187 4295 1548 4365 appellarunt.
1584 4296 1676 4353 Sic
1708 4310 1758 4352 et
1785 4298 2066 4368 Scriptura

496 4381 679 4434 divina
731 4381 905 4437 dicit:
949 4404 968 4435 ι
1010 4383 1185 4440 Stulta
1218 4387 1383 4457 hujus
1444 4390 1631 4443 mundi
1686 4392 1849 4461 elegit
1902 4391 2067 4458 Deus,

498 4473 885 4530 utconfundat
911 4476 1185 4541 sapientes
1216 4488 1265 4535 ι’.
1308 4498 1326 4530 ι
1372 4479 1436 4533 Ει
1462 4495 1689 4535 rursum
1719 4501 1732 4535 ε
1767 4503 1785 4533 ι
1827 4482 1927 4537 Ubi
1978 4499 2069 4537 sa-

2168 4121 2225 4175 δὲ
2255 4140 2317 4189 γε
2340 4124 2730 4195 ἀκριϐέστερον
2769 4127 2896 4197 περὶ
2925 4125 3017 4178 τοῦ
3045 4128 3101 4178 ἐν
3128 4127 3321 4198 ἐκείνῳ
3350 4129 3750 4198 ὲνεργήσαντος

2174 4212 2390 4282 εἴρηται
2424 4214 2697 4283 δαίμονος.
2749 4215 3002 4287 ’Δμαθῶς
3033 4216 3090 4270 δὲ
3127 4218 3177 4269 οἱ
3225 4218 3441 4287 ἀνόητοι
3486 4220 3580 4270 καὶ
3618 4219 3751 4280 τοὺς

2172 4306 2301 4374 περὶ
2352 4308 2478 4369 τοὺς
2536 4306 2738 4376 μύθους
2790 4309 3177 4379 ὲσχολακότας,
3222 4311 3420 4377 σοφοὺς
3474 4310 3751 4379 προσηγόα

2172 4413 2390 4467 ρευσαν.
2420 4396 2575 4451 Οὕτω
2591 4400 2684 4453 καὶ
2712 4400 2746 4470 ἡ
2782 4399 2903 4454 θεία
2946 4400 3137 4471 Γραφὴ
3175 4400 3345 4469 λέγει,
3382 4420 3400 4452 ι
3436 4386 3751 4466 Ἐξελέξατῗ)

2168 4485 2345 4549 ὁθεὺς
2371 4486 2438 4540 τὰ
2493 4488 2653 4560 μωρὰ
2680 4489 2775 4542 τοῦ
2824 4491 3054 4561 κόσμου,
3102 4491 3190 4545 ἵνα
3240 4492 3579 4562 καταισχύνῃ
3618 4493 3750 4555 τοὺς
3859 4541 3869 4552 ,

497 4566 655 4635 piens
697 4564 762 4619 ’ί
807 4585 826 4619 ι
861 4577 916 4623 et
974 4584 1072 4638 per
1134 4572 1491 4641 prophetam:
1539 4594 1557 4626 ι
1598 4573 1883 4644 Sapientes
1933 4586 2057 4631 sunt

2167 4579 2383 4647 σοφούς.
2444 4599 2467 4634 ι
2508 4582 2619 4636 Καὶ
2648 4583 2847 4636 πάλινο
2888 4604 2907 4636 ι
2944 4584 3053 4637 Ποῦ
3093 4584 3290 4652 σοφός;
3327 4604 3345 4636 ι
3377 4585 3471 4638 καὶ
3517 4585 3605 4637 διά
3645 4583 3748 4636 τοῦ

495 4660 566 4714 ad
615 4660 757 4716 male
780 4661 1049 4732 agendum
1094 4669 1139 4720 τ.
1178 4682 1197 4714 ι
1229 4664 1296 4718 Et
1328 4664 1418 4720 hic
1447 4680 1577 4721 sane
1602 4677 1907 4737 serpentem
1934 4686 2061 4739 pru-

496 4752 715 4809 dentem
747 4754 1070 4819 nominavit,
1109 4764 1172 4812 ut
1211 4756 1469 4813 callidum
1508 4768 1564 4814 et.
1614 4768 1908 4818 versutum.
1971 4762 2063 4818 Sic

498 4842 649 4897 enim
675 4853 729 4898 et
754 4844 950 4913 Aquila
972 4844 1362 4916 interpretatus
1394 4858 1514 4904 est:
1547 4868 1565 4902 ι
1599 4848 1665 4906 Et
1691 4866 1915 4922 serpens
1945 4864 2064 4911 erat

500 4944 753 4991 versutus
783 4950 895 5005 pm
921 4938 1177 4996 omnibus
1210 4940 1538 4999 animalibus
1562 4944 1700 5014 agri,
1730 4961 1850 5015 quae
1877 4962 1908 5001 a
1958 4947 2064 5003 Do-

486 5025 651 5082 ‘mino
678 5025 789 5081 Deo
811 5037 996 5083 creata
1018 5037 1169 5084 sunt.
1202 5047 1219 5081 ι

2170 4673 2473 4741 προφήτου·
2513 4693 2531 4725 ι
2565 4674 2726 4744 Σοφοί
2764 4677 2872 4728 εἰσι
2906 4674 3000 4730 τοῦ
3037 4676 3425 4747 κακοποιῆσαι.
3464 4695 3482 4728 ι
3508 4676 3750 4746 Τοιγάρ-

2165 4780 2247 4816 τοι
2301 4766 2579 4820 κάνταῦθα
2629 4768 2892 4839 φρόνιμον
2968 4770 3059 4822 τὸν
3112 4769 3237 4837 ὅφιν
3287 4770 3616 4840 ὠνόμασεν,
3667 4769 3752 4832 ὼς

2173 4855 2502 4927 πανοῦργον.
2528 4859 2685 4913 Οὕτω
2727 4859 2836 4931 γὰρ
2884 4860 2981 4913 καὶ
3021 4862 3050 4913 ὁ
3094 4860 3330 4924 Ἀκύλας
3359 4861 3707 4933 ἡρμήνευσεν
3734 4875 3751 4890 ο

2178 4965 2197 5000 ι
2238 4950 2346 5001 Καὶ
2367 4952 2396 5002 ό
2424 4950 2545 5018 ὄφις
2564 4947 2633 5023 ἦν
2658 4952 2969 5023 πανοῦργος
2988 4953 3101 5006 ἀπὸ
3129 4953 3333 5018 παντὸς
3356 4951 3495 5018 ζώου
3516 4951 3615 5022 τῆς
3638 4951 3756 5023 χὼ·-

2175 5037 2375 5110 ρας,οὗ
2411 5044 2667 5113 ἐποίησεν
2691 5043 2893 5116 Κύριος
2924 5046 2953 5097 ό
2977 5044 3130 5109 Θεός.
3174 5064 3193 5097 ι

571 5242 638 5324 ξ.
662 5234 915 5324 (ienuit,
961 5237 1068 5324 ἕρ.
1136 5236 1346 5324 fl‘ibid.
1388 5256 1449 5303 ιι,
1665 5242 1853 5299 Matth.
1887 5262 2000 5313 xu,
2033 5249 2057 5301 Ei

2165 5248 2308 5305 dare.
2354 5267 2405 5317 κ,
2430 5252 2461 5305 8
2488 5268 2501 5282 ο
2536 5250 2555 5305 1
2591 5252 2717 5309 Cor.
2743 5270 2819 5317 vr,
2868 5252 2975 5321 16;
3013 5252 3209 5324 Ephes.
3254 5268 3309 5316 ν,
3348 5250 3439 5305 ⁸51.
3520 5245 3582 5300 τι
3613 5245 3751 5303 Cor.

503 5313 546 5372 ι,
569 5305 661 5364 27.
737 5316 759 5346 ³
792 5310 925 5368 ibid.
961 5308 1052 5364 20.
1136 5312 1153 5347 ι
1183 5308 1382 5364 Jerem.
1426 5328 1499 5373 tv,
1531 5312 1620 5363 ‘22.

2008 5519 2047 5574 Ν
2061 5517 2212 5575 ΟΤᾸΞ
2223 5557 2236 5573 .

581 5691 661 5764 (ι)
690 5694 1053 5751 Ἑκκόπτων.
1091 5696 1224 5750 Cod.
1262 5696 1565 5764 ὲγκόπτων.

583 5693 640 5764 (ι
690 5694 1053 5751 Ἑκκόπτων.
1091 5696 1224 5750 Cod.
1262 5696 1565 5764 ὲγκόπτων.

583 5693 664 5836 (5i
695 5766 1092 5836 Ποθουμένου.
1133 5767 1267 5820 Cod.
1308 5767 1646 5836 πειθομένου.

2255 5693 2333 5766 (6)
2367 5694 2424 5748 Ἀ
2434 5694 2742 5766 κθρώποις.
2794 5693 2971 5750 Deest.

2257 5764 2334 5835 (7)
2377 5764 2632 5832 Μάρτυς.
2663 5765 2794 5820 God.
2834 5766 3123 5836 μαρτυρεῖ.
