3964 6540
475 306 571 412 127
1455 350 1941 413 THEODORETI
1983 346 2327 408 EPISCOPI
2367 343 2734 404 CYRENSIS
3604 345 3725 409 tes

471 466 659 529 postea
693 471 789 526 per
813 457 1080 526 quosdam
1113 466 1325 514 meatus
1352 459 1739 516 subterraneos
1762 472 2044 514 transeun-

2164 456 2248 527 ’ἀρ
2282 455 2513 519 ἐκεῖθεν,
2545 452 2621 517 ὦς
2644 470 2808 525 φησιν
2842 454 2876 525 ἡ
2900 452 3018 507 θεία
3046 452 3238 524 Γραφή
3258 470 3273 484 ο
3298 446 3416 507 εἶτα
3435 453 3523 507 διά
3548 469 3729 507 τινων

470 548 565 609 tia,
645 546 732 601 hic
783 548 1051 618 originem
1108 548 1273 602 aliam
1328 559 1572 604 sumunt.
1628 549 1779 612 Quod
1821 550 2038 619 quidem

2164 548 2411 614 νπογείων
2468 546 2696 607 διιόντες
2750 544 2956 617 πόρων,
3004 546 3199 615 ἐτέρας
3244 544 3420 615 ἀρχάς
3470 544 3727 599 ἐνταῦθα

475 651 581 689 non
617 637 819 693 frustra
861 639 1105 693 omnium
1142 638 1283 694 Deus
1331 639 1404 693 ita
1433 640 1789 710 dispensavit,
1827 641 1922 695 sed
1986 652 2043 695 ut

2164 639 2498 709 .αμ6άνουσι.
2526 637 2698 691 Τοῦτο
2734 636 2791 691 δὲ
2822 638 2883 690 ού
2929 637 3108 707 μάτην
3155 634 3330 698 οὕτως
3358 635 3729 705 ᾠκονόμησεν

472 737 781 789 ιιιιιτοιιιειιει
810 729 1136 799 superfluam
1169 730 1451 784 hominum
1479 731 1875 786 curiositatem.
1906 730 2041 786 Nam

2164 753 2169 781 ι
2204 732 2310 784 τῶν
2340 730 2477 784 ὅλων
2512 729 2668 795 Θεὸς,
2708 728 2845 783 ἀλλά
2887 729 2987 799 τὴν
3032 730 3296 798 περιττὴν
3351 727 3459 781 τῶν
3496 725 3725 797 ἀνθρὼ-

478 818 522 873 si
551 829 797 887 paterent
823 836 1012 875 eorum
1058 836 1248 877 omnes
1280 831 1511 887 meatus,
1575 825 1794 892 quidam
1862 828 2045 894 utique

2164 843 2261 877 των
2289 822 2843 894 πολυπραγμοσύνην
2874 821 3161 875 ἐκκόπτων
3188 822 3291 890 (4).
3322 821 3385 872 Εἰ
3413 820 3521 889 γὰρ
3556 818 3730 882 δῆλος

483 918 839 975 conarentur,
867 925 1061 965 eorum
1090 911 1240 981 ripas
1265 913 1560 981 prosecuti,
1593 914 1768 968 locum
1806 915 2046 983 paradisi

475 998 589 1071 ω
624 1002 992 1070 perlustrare;
1046 1002 1138 1055 sed
1173 1000 1565 1057 frustrarentur
1594 1004 1812 1073 optatis,
1843 1017 1895 1059 et
1926 1005 2048 1060 lon-

480 1090 725 1158 gitudine
759 1092 969 1147 itineris
1023 1092 1176 1156 fessi,
1239 1101 1403 1164 atque
1463 1095 1896 1150 necessariorum
1954 1112 2050 1167 pe-

480 1182 638 1235 nuria
672 1182 997 1247 laborantes,
1032 1183 1194 1235 modo
1221 1183 1272 1237 in
1308 1199 1500 1254 aspera
1542 1185 1661 1240 loca
1725 1186 2048 1253 incidentes,

482 1273 644 1326 modo
684 1273 737 1325 in
762 1274 995 1334 deserta.
1033 1274 1304 1329 interdum
1338 1276 1391 1331 iu
1428 1293 1622 1332 manus
1661 1279 1959 1332 crudelium
1998 1290 2051 1334 et

482 1362 836 1417 barbarorum
870 1366 1151 1420 hominum
1184 1367 1523 1423 devenirent.
1562 1370 1687 1423 Haec
1723 1372 1886 1441 igitur
1914 1388 2052 1440 prae-

2144 910 2211 985 ἦν
2251 913 2427 967 αὐτῶν
2452 912 2596 975 ἆπας
2630 914 2659 965 ὁ
2695 911 2860 982 πόρος
2899 910 3267 981 ἐπειράθησαν
3303 908 3401 979 μὲν
3447 908 3513 960 ἄν
3544 922 3730 966 τινες.

2148 1006 2295 1076 παρά
2327 1005 2423 1067 τὰς
2445 1004 2648 1058 τούτων
2679 1004 2844 1074 ὄχθας
2874 1003 3167 1067 ὁδεύοντες,
3208 1002 3267 1054 τὸ
3325 1000 3419 1053 τοῦ
3454 998 3736 1069 παραδεί-

2151 1112 2243 1147 σου
2278 1093 2648 1147 κατοπτεῦσαι
2672 1093 2894 1163 χωρίον.
2926 1094 3308 1163 Διημάρτανον
3328 1090 3385 1143 δὲ
3405 1090 3497 1143 τοῦ
3528 1090 3736 1141 ποθουο

2154 1184 2313 1254 μένου
2334 1183 2433 1253 (5),
2468 1184 2560 1235 καὶ
2594 1180 2670 1253 τῷ
2700 1183 2867 1252 μήκει
2890 1182 2988 1252 τῆς
3012 1181 3327 1252 ὁδοιπορίας
3362 1179 3732 1249 κοπτόμενοι,

2152 1279 2245 1330 καὶ
2266 1279 2330 1348 τῇ
2373 1276 2567 1329 σπάνει
2606 1275 2715 1328 τῶν
2760 1274 3079 1343 ἀναγκαίων
3107 1274 3580 1345 διαφθειρόμενοι’
3617 1271 3729 1325 καὶ

2156 1369 2253 1422 νῦν
2294 1368 2391 1438 μὲν
2440 1369 2521 1431 είς
2566 1364 2893 1437 δυσχωρίας,
2931 1364 3026 1417 νῦν
3085 1364 3141 1416 δὲ
3168 1366 3248 1427 είς
3290 1364 3524 1434 ἐρημίας
3556 1362 3736 1432 ἐμπε-

484 1455 669 1511 videns
721 1458 1035 1513 misericors
1061 1458 1224 1525 Deus,
1293 1460 1508 1530 ignotos
1568 1462 1784 1517 illorutn
1841 1477 2055 1522 meatus

2164 1476 2412 1524 πτοντες·
2447 1459 2644 1513 ἔστιδὲ
2692 1460 2782 1511 ὅτε
2835 1458 2933 1510 καὶ
2989 1457 3221 1528 ἀπηνέσι
3278 1457 3372 1510 καὶ
3424 1455 3737 1525 βαρϐάροις

484 1546 735 1603 reddidit.

1012 1833 1291 1891 INTERR.
1346 1836 1515 1892 XXX.

623 1951 736 2006 Cur
765 1968 830 2008 ex
857 1952 1021 2009 latere
1042 1956 1234 2010 Adami
1263 1958 1528 2012 mulierem
1554 1959 1799 2028 formavit
1820 1972 1845 2011 ι³
1870 1963 1894 2015 Τ

501 2156 510 2164 ,
558 2103 783 2163 Volebat
805 2108 1033 2164 Creator
1062 2123 1273 2168 naturae
1302 2116 1369 2169 ad
1401 2117 1749 2171 concordiam
1785 2119 2054 2176 adducere

483 2201 912 2271 unumquodque
941 2218 1135 2273 genus.
1183 2204 1297 2260 Hac
1330 2208 1398 2261 de
1426 2224 1592 2264 causa
1623 2210 1891 2265 Adamum
1923 2214 2045 2282 qui-

483 2290 605 2344 dem
633 2305 664 2345 e
694 2300 835 2345 terra
867 2292 1145 2361 formavit,
1184 2312 1251 2351 ex
1292 2298 1501 2352 Adamo
1554 2315 1682 2353 vero
1736 2302 2052 2357 muliercm:

487 2390 548 2436 ut
588 2392 643 2436 et
667 2384 913 2437 eamdem
942 2385 993 2437 in
1036 2386 1143 2442 illis
1175 2403 1296 2443 esse
1328 2400 1577 2443 naturam
1631 2392 2053 2457 demonstraret.

484 2481 539 2525 et
566 2473 866 2527 naturalem
898 2477 1189 2544 quamdam
1232 2483 1665 2536 benevolentiam
1705 2492 1946 2537 mutuam
2001 2488 2054 2538 in

485 2563 594 2618 illis
641 2564 920 2620 insereret.
955 2566 1011 2621 Si
1060 2572 1203 2622 enim
1242 2571 1405 2627 rebus
1462 2573 1540 2627 sic
1599 2590 1656 2629 se
1707 2575 2054 2641 habentibus,

483 2655 585 2707 viri
616 2669 742 2709 cum
776 2657 1094 2714 mulieribus
1124 2663 1482 2726 contendunt,
1542 2674 1596 2718 et
1623 2667 1877 2721 mulieres
1931 2684 2054 2722 cum

483 2745 635 2811 viris,
668 2748 799 2815 quid
826 2764 931 2802 non
983 2751 1353 2817 admisissent,
1407 2755 1455 2809 si
1507 2756 1725 2810 aliunde
1774 2760 2055 2814 mulierem

484 2835 811 2893 formasset?
844 2839 1135 2909 Sapienter
1160 2844 1324 2911 igitur
1344 2862 1439 2901 eos
1462 2846 1730 2914 distinxit,
1755 2858 1807 2905 et
1838 2867 2054 2906 rursum

2152 1550 2553 1623 ἀνθρώποις(6)
2613 1548 3066 1620 περιπίπτοντες.
3126 1549 3237 1602 Καὶ
3287 1545 3490 1599 τούτοιν
3543 1546 3737 1598 τοίνυν

2155 1643 2610 1714 προμηθούμενος
2634 1644 2663 1695 ό
2691 1640 3084 1711 φιλοικτίρμων
3103 1639 3255 1704 Θεὸς,
3286 1638 3514 1710 ἀδήλους
3542 1637 3737 1691 αὐτῶν

2155 1736 2279 1800 τοὺς
2310 1736 2508 1807 πόρους
2534 1734 2837 1805 ἀπέφηνεν.

2768 1846 2963 1900 ΕΡΩΤ.
3016 1846 3095 1900 A’.

2160 1962 2220 2016 Τί
2253 1960 2327 2028 δή
2378 1977 2524 2015 ποτε
2593 1959 2713 2015 ἀπὸ
2753 1957 2861 2027 τῆς
2905 1957 3173 2025 πλευρᾶς
3210 1956 3316 2011 τοῦ
3380 1954 3561 2024 Ἀδὰμ
3605 1951 3734 2021 τὴν

2611 2029 2869 2099 γυναῖκα
2887 2028 3218 2082 διέπλασεν
3235 2044 3253 2091 ;

2225 2124 2319 2187 Εἰς
2343 2122 2598 2195 ὁμόνοιαν
2633 2121 2908 2193 ἠϐουλήθη
2949 2123 3017 2175 τὰ
3046 2122 3181 2189 γένη
3213 2118 3545 2186 συναγαγεῖν
3569 2117 3597 2169 ὁ
3618 2114 3734 2184 τῆς

2156 2215 2374 2284 φύσεως
2414 2215 2670 2285 Ποιητής.
2715 2213 2918 2267 Τούτου
2953 2214 3114 2283 χάριν
3159 2211 3250 2264 τὸν
3285 2209 3384 2280 μὲν
3425 2208 3594 2277 Ἀδὰμ
3617 2206 3741 2259 ἀπὸ

2154 2305 2255 2374 τῆς
2282 2305 2385 2375 γῆς
2415 2304 2727 2367 διέπλασεν,
2763 2306 2828 2357 ὲκ
2877 2303 2933 2355 δὲ
2976 2300 3070 2355 τοῦ
3129 2301 3300 2371 Ἀδὰμ
3325 2300 3424 2371 τὴν
3450 2300 3694 2367 γυναῖκα
3718 2312 3736 2328 °

2156 2396 2245 2449 ἴνα
2273 2398 2368 2449 καὶ
2400 2396 2460 2448 τὸ
2488 2395 2685 2449 ταυτὸν
2733 2393 2973 2464 ἐπιδείξῃ
3015 2394 3113 2463 τῆς
3145 2392 3361 2461 φύσεως
3384 2408 3397 2422 ·
3440 2391 3531 2443 καὶ
3568 2406 3740 2458 φυσι-

2158 2488 2258 2558 κήν
2286 2504 2408 2540 τινα
2428 2486 2811 2558 φιλοστοργίαν
2833 2487 3013 2548 αὐτοῖς
3041 2486 3165 2556 περὶ
3190 2484 3454 2554 ἀλλήλους
3481 2484 3733 2556 ὲμφύσῃ.

2161 2579 2221 2630 Ei
2261 2578 2367 2646 γὰρ
2402 2578 2497 2630 καὶ
2526 2577 2731 2631 τούτων
2756 2576 2900 2629 οὕτω
2933 2575 3340 2646 γεγενημένων,
3384 2576 3478 2627 καὶ
3536 2575 3739 2643 ἄνδρες

2157 2668 2373 2734 γυναιξὶ⁵
2403 2668 2785 2739 διαμάχονται,
2822 2670 2916 2721 καὶ
2941 2672 3198 2737 γυναῖκες
3233 2667 3513 2737 ἀνδράσιν,
3557 2666 3740 2719 τίούκ

2160 2760 2226 2813 ἂν
2264 2760 2518 2830 ἔδρασαν,
2583 2762 2631 2814 εί
2681 2760 2946 2830 ἑτέρωθεν
3001 2761 3164 2814 ποθεν
3227 2760 3327 2829 τὴν
3376 2762 3605 2827 γυναῖκα
3649 2759 3741 2812 δι-

2159 2854 2397 2920 έπλασε;
2425 2855 2612 2924 Σοφῶς
2640 2850 2734 2908 οὖν
2760 2854 2868 2926 ἄρα
2900 2854 2991 2908 καὶ
3011 2854 3189 2918 διεῖλε,
3218 2854 3310 2906 καὶ
3342 2853 3503 2906 πάλιν
3527 2854 3739 2921 συνήρ-

480 2929 780 2997 copulavit.
809 2931 1023 3002 Nuptiae
1051 2937 1197 2991 enim
1238 2937 1293 2990 in
1325 2955 1495 2992 unum
1534 2942 1835 2996 conciliant
1892 2960 2055 2999 sexus

2164 2965 2345 3017 μοσεν.
2401 2948 2460 3001 '0
2512 2948 2622 3016 γὰρ
2667 2948 2845 3017 γάμος
2902 2949 2981 3010 εἰς
3041 2946 3100 2999 ἓν
3162 2946 3385 3013 συνάγει
3426 2944 3495 2997 τὰ
3555 2944 3740 3015 γένηο

486 3019 768 3076 diversos:
803 3043 821 3075 ι
855 3025 1027 3080 Erunt
1095 3029 1272 3092 enim,
1324 3030 1537 3100 inquit,
1588 3034 1695 3087 duo
1742 3036 1795 3088 in
1837 3052 2054 3091 carnem

2166 3058 2184 3090 ι
2218 3041 2470 3092 Ἔσονται
2505 3040 2633 3110 γὰρ,
2660 3042 2844 3109 φησιν,
2869 3041 2917 3092 οἱ
2949 3038 3040 3091 δύο
3072 3039 3151 3101 εἰς
3174 3038 3352 3108 σάρκα
3387 3038 3532 3106 μίαν.
3568 3058 3585 3087 ι
3622 3038 3743 3089 Καὶ

490 3128 654 3167 unam
678 3123 727 3168 (ι.
770 3133 788 3165 ι
823 3115 998 3187 Atque
1048 3120 1152 3174 hoc
1174 3136 1363 3176 verum
1394 3138 1516 3178 esse
1554 3134 1785 3180 testatur
1805 3127 1856 3181 id
1913 3129 2055 3198 quod

2164 3133 2242 3185 ὃτι
2274 3131 2431 3185 τοῦτο
2460 3132 2678 3203 ἀληθὲς.
2698 3134 2965 3202 μαρτυρεῖ
2989 3131 3064 3199 (⁸7)
3085 3130 3145 3183 τὸ
3166 3130 3478 3198 γενόμενον.
3497 3129 3596 3182 Διά
3623 3128 3746 3198 γὰρ

491 3202 617 3256 imle
650 3203 914 3258 nascitur.
956 3207 1236 3278 Siquidem
1270 3226 1366 3280 per
1416 3216 1887 3271 conversationem
1957 3234 2061 3272 nu-

2164 3226 2263 3292 τῆς
2294 3225 2538 3294 γαμικῆς
2567 3223 2781 3293 ὁμιλίας
2811 3218 2891 3287 εἷς
2922 3224 2979 3289 ἐξ
3016 3223 3217 3293 ἀμφοῖν
3259 3223 3542 3293 βλαστάνει
3594 3238 3742 3291 καρ-

490 3296 709 3366 ptialem
739 3296 954 3355 fructus
984 3316 1127 3356 unus
1155 3318 1223 3357 ex
1266 3304 1533 3361 ambobus
1585 3308 1781 3371 oritur,
1820 3313 1837 3331 ⁶
1866 3309 1934 3364 ab
1963 3310 2055 3365 hoc

2166 3317 2266 3377 πδς
2288 3356 2303 3380 ,
2335 3317 2399 3368 ἐκ
2459 3318 2556 3386 μὲν
2588 3315 2778 3370 τούτου
2805 3317 3180 3388 σπειρόμενος,
3216 3316 3354 3369 ἐκδὲ
3379 3316 3578 3385 ταύτης
3610 3314 3748 3385 τρέ-

489 3388 709 3458 quidem
744 3390 1067 3458 seminatus,
1097 3395 1166 3449 ab
1192 3390 1281 3450 illa
1323 3411 1454 3451 vero
1475 3399 1772 3463 enutritus,
1805 3415 2066 3456 consum-

491 3490 674 3536 matus
708 3492 893 3538 autem
931 3485 1001 3540 ab
1033 3485 1238 3556 Opifice
1266 3499 1498 3545 natura).

1050 3616 1327 3676 INTERR.
1361 3621 1553 3683 XXXI.

2167 3409 2419 3476 (ρόμενος,
2452 3409 3001 3479 τελεσιουργούμενος
3024 3409 3082 3463 δὲ
3123 3407 3227 3462 ὑπὸ
3251 3409 3345 3462 τοῦ
3374 3411 3470 3480 τῆς
3520 3407 3584 3476 φύ

2167 3503 2241 3570 Δη
2250 3501 2527 3570 μιουργοῦ.

2774 3641 2972 3694 ΕΡΩΤ.
3002 3639 3124 3695 AA'.

493 3726 557 3781 Si
578 3729 807 3798 prudens
843 3739 959 3784 erat
987 3735 1323 3825 inpensae!)
1356 3737 1411 3789 id
1443 3737 1747 3825 laudandus
1772 3753 1885 3798 erat
1916 3784 1931 3810 ,
1951 3761 2055 3799 cum

2171 3755 2238 3806 Ei
2270 3754 2558 3823 φρόνιμος
2582 3757 2615 3808 ὀ
2634 3754 2785 3823 ὄφις,
2806 3759 2901 3809 καὶ
2929 3756 3378 3824 ἐπαινούμενος·
3391 3757 3600 3825 μόριον
3628 3756 3751 3825 γὰρ

884 3802 1165 3870 prudentia
1191 3807 1261 3859 sit
1281 3821 1408 3875 pars
1434 3810 1670 3866 virtutis.

561 3910 727 3968 Multa
758 3915 980 3971 nomina
1017 3917 1274 3975 dicuntur
1299 3923 1612 3992 :equivoce;
1643 3941 1769 3983 nam
1821 3938 1876 3984 et
1924 3930 2065 3985 idola

2639 3827 2677 3893 ἠ
2709 3826 3003 3895 φρόνησις
3031 3825 3269 3894 ἀρετῆς.

2245 3936 2419 3990 Πολλὰ
2443 3937 2551 3990 τῶν
2577 3938 2860 4007 ὀνομάτων
2892 3939 3201 4009 ὁμωνύμως
3237 3940 3569 4011 προφέρεται
3595 3955 3608 3966 °
3644 3940 3747 3993 καὶ

492 4008 735 4077 gentium
782 4007 916 4063 deos
950 4022 1303 4069 vocaverunt.
1356 4013 1469 4071 lloc
1498 4032 1626 4071 vero
1655 4019 1828 4089 magis
1855 4023 2055 4090 preprit

2171 4028 2278 4099 γάρ
2312 4031 2380 4082 τά
2405 4029 2601 4084 εἴδωλα
2642 4030 2752 4084 τῶν
2785 4030 2958 4084 ἐθνῶν
2999 4031 3157 4094 θεοὺς
3196 4031 3534 4102 ὡνομάκασι.
3569 4032 3750 4085 Τοῦτο

495 4099 699 4153 dictum
733 4111 815 4155 est
853 4103 920 4157 de
946 4103 1217 4171 daemone,
1252 4107 1348 4176 qui
1378 4123 1474 4176 per
1506 4110 1656 4164 illum
1719 4113 2065 4182 operabatur.

497 4189 692 4244 Stolidi
721 4202 900 4247 autem
931 4195 1180 4263 imperite
1210 4212 1306 4253 eos
1338 4198 1447 4270 45
1503 4204 1665 4257 etiam
1722 4204 1816 4273 qui
1872 4206 2067 4261 fabulis

2168 4117 2225 4170 δέ
2255 4135 2317 4185 γε
2340 4119 2731 4190 ἀκριϐέστερον
2769 4122 2896 4192 περὶ
2924 4121 3017 4174 τοῦ
3044 4124 3100 4174 ὲν
3127 4123 3321 4195 ἐκείνῳ
3350 4125 3750 4195 ὲνεργήσαντος

2173 4207 2390 4277 εἴρηται
2424 4210 2697 4278 δαίμονος.
2749 4210 3001 4282 ’Δμαθῶς
3033 4212 3089 4265 δὲ
3127 4214 3176 4265 οἱ
3225 4214 3441 4284 ἀνόητοι
3486 4215 3580 4266 καὶ
3618 4214 3751 4275 τοὺς

496 4282 847 4349 studuerunt,
882 4288 1155 4356 sapientes
1188 4290 1549 4359 appellarunt.
1585 4291 1677 4347 Sic
1709 4305 1759 4347 et
1786 4293 2055 4363 Scriptura

2172 4301 2301 4369 περὶ
2352 4303 2477 4363 τοὺς
2535 4300 2738 4372 μύθους
2789 4303 3177 4374 ὲσχολακότας,
3221 4282 3420 4374 σοφοὺς
3473 4305 3752 4375 προσηγό-

496 4377 680 4430 divina
731 4376 904 4433 dicit:
949 4399 968 4430 ι
1009 4378 1185 4435 Stulta
1219 4381 1383 4451 hujus
1445 4384 1632 4437 mundi
1688 4386 1849 4455 elegit
1902 4386 2055 4451 Deus,

2172 4407 2389 4461 ρευσαν.
2420 4391 2574 4445 Οὕτω
2591 4395 2745 4466 καὶὴ
2782 4394 2902 4448 θεία
2946 4396 3137 4467 Γραφὴ
3174 4396 3345 4465 λέγει,
3383 4416 3399 4448 ι
3435 4384 3752 4462 Ἐξελέξατὸ

498 4469 884 4525 utconfundat
911 4471 1185 4537 sapientes
1217 4482 1265 4529 τ.
1308 4492 1327 4524 ι
1373 4472 1438 4528 Et
1463 4488 1691 4529 rursum
1721 4494 1734 4529 :
1768 4496 1786 4527 ε
1829 4476 1928 4531 Ubi
1979 4493 2069 4531 sa—

498 4562 655 4631 piens
697 4560 763 4615 '?
807 4581 826 4614 ι
860 4574 916 4619 et
973 4579 1071 4634 per
1134 4566 1492 4636 prophetam:
1540 4588 1558 4620 ι
1599 4566 1883 4638 Sapientes
1934 4580 2055 4625 sunt

2167 4573 2383 4641 σοφούς.
2444 4593 2467 4629 ι
2507 4578 2619 4631 Καὶ
2648 4578 2847 4632 πάλιν·
2887 4600 2906 4631 ‹
2944 4580 3053 4632 Ποῦ
3094 4579 3291 4648 σοφός
3328 4600 3346 4632 ι
3377 4581 3471 4634 καὶ
3516 4580 3605 4633 διὰ
3644 4579 3747 4632 τοῦ

496 4656 567 4710 ad
615 4656 757 4711 male
780 4658 1049 4728 agendum
1093 4665 1139 4716 τ.
1178 4678 1196 4710 ι
1228 4660 1296 4713 Ει
1329 4659 1419 4716 hic
1447 4675 1579 4716 sane
1604 4671 1908 4731 serpentem
1934 4680 2055 4734 pru-

2170 4668 2473 4736 προφήτοψ
2512 4688 2531 4720 ι
2565 4670 2725 4739 Σοφοί
2764 4673 2871 4725 εἱσι
2906 4670 3000 4725 τοῦ
3037 4672 3424 4743 κακοποιῆσαι.
3462 4690 3480 4723 ι
3507 4671 3749 4741 Τοιγάρ-

496 4748 715 4805 dentem
746 4750 1069 4815 nominavit,
1109 4760 1171 4808 ut
1211 4751 1470 4809 callidum
1509 4763 1565 4808 et
1615 4763 1909 4813 versutum.
1971 4756 2055 4813 Sic

2165 4776 2247 4811 τοι
2301 4761 2579 4815 κάνταῦθα
2628 4763 2891 4835 φρόνιμον
2968 4766 3059 4818 τὸν
3112 4765 3237 4833 ὅφιν
3287 4765 3615 4835 ὠνόμασεν,
3667 4764 3751 4827 ὼς

499 4838 649 4893 enim
675 4849 729 4894 et
754 4840 950 4909 Aquila
972 4840 1363 4912 interpretatus
1394 4854 1515 4899 est:
1548 4863 1565 4897 ι
1599 4843 1665 4900 Et.
1692 4860 1916 4916 serpens
1946 4858 2055 4904 erat

2172 4850 2501 4922 πανοῦργον.
2527 4854 2685 4908 Οὕτω
2727 4856 2835 4927 γάρ
2883 4856 2980 4909 καὶ
3021 4858 3049 4908 ὁ
3094 4856 3330 4920 Ἀκύλας
3358 4857 3705 4928 ἡρμήνευσεν
3730 4871 3747 4885 ·

501 4938 753 4987 versutus
783 4946 895 5000 prte
921 4934 1177 4991 omnibus
1209 4936 1539 4993 animalibus
1563 4938 1701 5009 agri,
1730 4955 1850 5009 qua:
1877 4956 1908 4995 a
1958 4940 2055 4997 Do-

2179 4959 2197 4994 ι
2239 4945 2345 4996 Καὶ
2366 4947 2395 4997 ὁ
2422 4945 2544 5014 ὅφις
2563 4943 2632 5018 ἦν
2658 4948 2969 5019 πανοῦργος
2988 4949 3101 5002 ἀπὸ
3130 4949 3332 5013 παντὸς
3355 4947 3494 5014 ζὼου
3516 4947 3614 5019 τῆς
3637 4947 3750 5020 χώ-

487 5020 651 5077 mino
678 5019 789 5076 Deo
810 5032 995 5078 creata
1018 5032 1168 5079 sunt.
1201 5042 1219 5076 ι
2030 5042 2031 5045 ‘

2176 5052 2296 5104 ρας,
2314 5032 2374 5091 οὗ
2411 5039 2667 5110 ἐποίησεν
2690 5039 2893 5112 Κύριος
2924 5042 2953 5094 ό
2977 5041 3130 5105 Θεός.
3173 5060 3192 5093 ι

572 5237 638 5320 ξ.
662 5228 829 5320 Gen."
852 5247 915 5320 tt,
1136 5231 1347 5320 .q'ibid.
1388 5251 1449 5297 tt,
1524 5236 1633 5320 ξμς
1665 5237 1853 5295 Matth.
1887 5258 2001 5308 χιι,
2034 5244 2055 5298 ἒ

2164 5243 2308 5301 dare.
2353 5262 2405 5311 κ,
2429 5248 2461 5301 8
2487 5264 2500 5278 ο
2535 5246 2555 5301 1
2590 5248 2717 5305 (.‘or.
2743 5266 2819 5314 vr,
2867 5249 2974 5317 l6;
3012 5248 3209 5320 Ephes.
3254 5263 3308 5312 ν,
3348 5246 3439 5301 5|.
3520 5242 3582 5296 τι
3614 5242 3745 5300 Cor.

504 5300 662 5367 3,27.
737 5311 759 5340 '
793 5304 926 5363 ibid.
962 5303 1053 5359 20.
1136 5307 1153 5342 ι
1183 5302 1383 5358 Jerem.
1427 5323 1499 5367 tv,
1532 5307 1620 5359 2:2.

2009 5513 2237 5570 NOTIE.

2256 5690 2332 5759 (6)
2367 5690 2741 5758 'Arﬂptbrzmg.
2794 5689 2969 5747 Deest.

692 5690 1053 5775 ’ἐκκόπτωη
1091 5690 1566 5775 Ομό..ἑγκόπτυ›ν.
2367 5690 2699 5775 ’.ἢιςθρώποίε

692 5690 1053 5745 Ἐκκόπτων.
1091 5690 1225 5744 Cod.
1262 5691 1566 5758 ἑγκόπτων.
2256 5690 2332 5759 (6)
2367 5690 2741 5758 Ἀνθρώποις.
2794 5690 2969 5747 Deest.

642 5690 1092 5831 gﬂoﬁovyérov.
1133 5762 1268 5815 God.
1309 5762 1647 5832 πειθομένου.
2256 5763 2333 5830 (7)
2376 5759 2630 5828 Μάρτυς.
2662 5762 2793 5817 God.
2833 5762 3121 5833 μαρτυρεῖ.

584 5759 665 5831 (5)
696 5761 1092 5831 Ποθουμένου.
1133 5762 1268 5815 God.
1309 5762 1647 5832 πειθομένου.

2169 4480 2345 4544 ὁΘεδς
2371 4481 2438 4536 τὰ
2493 4483 2653 4555 μωρὰ
2679 4484 2775 4538 τοῦ
2824 4487 3055 4556 κόσμου,
3103 4487 3191 4541 ἵνα
3241 4488 3579 4557 καταισχύνῃ
3617 4489 3750 4550 τοὺς
3854 4536 3865 4547 ,
