3964 6538
434 306 536 375 131

1381 298 1879 360 THEODORETI
1943 296 2291 359 EPISCOPI
2354 295 2726 357 CYRENSIS

3582 287 3692 353 132

438 420 684 474 videntes
722 420 1032 484 serpentem
1075 424 1288 481 repere,
1326 410 1643 464 etvolutari
1694 425 1858 480 super
1910 416 2057 471 ter-1

2153 407 2282 461 ,ενόν
2307 424 2367 459 τε
2392 409 2487 460 καὶ
2519 403 2907 472 ίλυσσώμενον,
2962 403 3062 473 τῆς
3102 402 3336 474 ἀρχαίας
3380 402 3523 474 ἀρᾶς
3554 403 3696 456 ἀναρ

432 525 574 573 ram,
642 503 1043 563 maledictionis
1092 502 1332 571 antiqua:
1383 501 1739 556 recordamur
1785 518 1799 552 :
1845 509 1898 553 et
1932 500 2014 552 di-

435 601 643 654 scimus
663 638 681 665 ,
712 604 920 667 quanta
952 594 1091 647 mala
1138 602 1428 663 peccatum
1462 601 1726 659 accersat,
1758 608 1865 646 non
1922 605 2014 645 so-

437 691 548 743 lum
607 688 690 743 his
762 686 856 756 qui
920 684 1054 739 illud
1107 684 1421 747 admittunt,
1506 684 1599 737 sed
1648 692 1703 737 et
1762 682 1871 737 illis
1921 681 2013 751 qui

438 782 807 841 subserviunt.
872 781 941 834 At
1002 778 1117 848 ipse
1183 777 1403 847 quidem
1490 791 1715 845 serpens
1804 774 2015 828 nullum

439 877 567 931 inde
617 876 879 930 damnum
926 871 1157 941 accepit,
1187 886 1310 923 cum
1367 869 1439 923 ita
1499 870 1649 939 gradi
1698 879 1859 923 natus
1906 868 2012 923 sit:

445 972 585 1023 hanc
616 967 761 1023 enim
802 963 964 1018 habet
994 978 1023 1015 a
1071 970 1268 1015 natura
1315 969 1496 1014 motus
1554 961 1833 1029 speciem;
1878 959 2016 1013 nihil

444 1067 626 1112 autem
666 1056 911 1111 naturale
944 1052 1235 1106 molestum
1288 1050 1502 1105 videtur
1526 1065 1667 1106 esse.
1695 1048 1869 1105 Homo
1889 1064 2017 1105 vero

443 1149 677 1203 multum
707 1147 831 1201 inde
853 1143 1129 1200 commodi
1176 1142 1551 1211 consequitur.

872 1280 977 1351 (,7
1030 1277 1309 1331 lNTEBR.
1374 1276 1589 1332 xxxv.

446 1398 628 1463 Quare
656 1395 799 1450 Deus
826 1402 1114 1461 serpentem
1139 1392 1355 1457 creavit,
1392 1408 1511 1445 cum
1535 1400 1820 1461 prcenosset
1866 1390 2019 1445 illum

796 1466 1036 1534 futurum
1092 1479 1352 1532 organum
1394 1464 1675 1532 nequitia?

520 1635 634 1691 Hoc
668 1635 843 1705 ipsum
875 1642 929 1688 et
955 1632 1021 1688 de
1052 1633 1271 1688 homine
1299 1634 1569 1704 quispiam
1613 1635 1796 1691 dicere
1828 1638 2019 1706 possit.

451 1729 780 1785 Praeviderat
806 1726 953 1781 enim
1000 1725 1143 1779 Deus
1174 1726 1320 1795 quod
1353 1727 1442 1781 ille
1470 1738 1801 1797 praeceptum
1841 1740 2022 1783 trans-
2058 1766 2100 1820 Β

452 1836 744 1893 gressurus
790 1826 954 1873 esset.
1005 1819 1271 1872 Caeterum
1317 1819 1538 1873 diabolo
1593 1819 1848 1890 perfacile
1890 1832 2027 1888 erat,

452 1915 677 1969 alterius
706 1912 893 1967 bestia:
922 1910 1224 1965 ministerio
1258 1909 1464 1965 fallere.

963 2043 1239 2099 INTERR.
1278 2044 1518 2103 XXXVI.

454 2164 566 2219 Cur
603 2164 742 2216 Deus
770 2161 963 2214 creavit
1006 2160 1301 2222 diabolum,
1342 2176 1460 2213 cum
1505 2161 1663 2214 sciret
1696 2161 1846 2215 illum
1879 2161 2033 2215 talem

1092 2230 1375 2297 futurum?

526 2342 671 2399 Deus
701 2341 1010 2396 universam
1045 2349 1293 2393 naturam
1331 2340 1785 2409 incorporearum
1811 2343 2034 2408 creavit,

460 2436 777 2491 rationalem
807 2450 927 2487 eam
959 2443 1012 2487 et
1040 2433 1404 2486 immortalem
1451 2432 1703 2488 eiliciens.
1736 2433 2038 2491 Rationalis

460 2538 641 2583 autem
672 2527 947 2598 proprium
978 2534 1095 2589 est,
1127 2525 1298 2579 libero
1353 2526 1578 2580 arbitrio
1618 2526 1798 2596 potiri.
1831 2526 2036 2582 Horum

460 2632 640 2675 autem
670 2618 758 2672 alii
789 2617 1220 2672 benevolentiam
1252 2632 1375 2687 erga
1407 2616 1718 2673 Creatorem
1747 2635 2041 2675 conserva-

462 2708 913 2777 verunt,»reliqui
963 2722 1092 2761 vero
1156 2706 1566 2764 declinaverunt
1626 2710 1683 2763 in
1754 2712 2036 2766 malitiam.

462 2802 614 2870 Quod
645 2810 699 2855 et
728 2801 869 2855 inter
899 2799 1147 2853 homines
1180 2798 1417 2867 reperire
1452 2799 1595 2855 licet.
1624 2798 1761 2855 Nam
1790 2802 1883 2856 alii
1914 2813 2043 2859 sunt

463 2893 679 2949 virtutis
704 2899 998 2955 amatores,
1032 2894 1051 2909 '
1071 2889 1162 2942 alii
1186 2904 1317 2943 vero
1345 2890 1643 2959 nequitiam
1674 2904 1947 2948 exercent.
1983 2894 2040 2951 Si

463 2985 585 3055 quis
612 2984 776 3054 igitur
807 2982 874 3037 de
922 2982 1295 3050 improborum
1332 2982 1608 3037 creatione
1652 2997 2039 3053 conqueratur,

468 3075 641 3145 pnivat
671 3073 858 3142 utique
888 3070 1108 3125 virtutis
1150 3069 1382 3125 athletas
1415 3072 1657 3140 praemiis
1684 3076 1944 3130 victoriae.
1982 3076 2039 3132 Si

465 3175 611 3231 enim
642 3174 694 3226 in
724 3173 987 3227 electione
1025 3171 1317 3226 voluntatis
1367 3186 1476 3225 non
1506 3169 1784 3235 {haberent
1830 3169 2042 3224 deside-

470 3269 610 3321 rium
641 3265 878 3328 virtutis,
911 3264 1006 3320 sed
1034 3272 1226 3318 natura
1249 3263 1621 3318 immutabiles
1643 3274 1851 3323 essent,
1874 3262 2040 3333 ignoti

466 3367 653 3413 essent
699 3356 897 3427 egregii
944 3355 1165 3426 pietatis
1212 3356 1444 3409 athletae.
1497 3354 1565 3409 At
1613 3370 1737 3410 cum
1789 3354 2042 3410 voluntas

470 3454 665 3509 habeat
700 3453 973 3522 optionem
1017 3449 1283 3504 bonorum
1330 3458 1385 3503 et
1415 3448 1707 3511 malorum,
1760 3447 1816 3500 hi
1850 3446 2041 3500 merito

472 3544 711 3599 victoriae
760 3557 1016 3597 coronam
1065 3548 1489 3609 consequuntur,
1540 3538 1618 3592 illi
1672 3551 1802 3592 vero
1851 3550 2042 3607 ρωπος

474 3639 629 3691 luunt
659 3650 757 3706 pro
787 3635 856 3690 iis
883 3649 1006 3704 quas
1034 3631 1275 3689 volentes
1311 3631 1669 3687 admiserunt.

961 3843 1237 3900 INTERR.
1287 3842 1550 3898 XXXVII.

471 3957 606 4013 Cum
631 3957 801 4012 Deum
832 3956 1018 4010 vocetis
1067 3956 1276 4017 bonum,
1328 3968 1422 4005 cur
1473 3960 1675 4005 tantam
1715 3951 2043 4004 severitatem

544 4028 627 4083 illi
652 4027 919 4082 tribuitis?
953 4024 1295 4080 Crudelitatis
1324 4025 1460 4076 enim
1485 4032 1563 4075 est
1595 4033 1643 4076 et
1670 4023 1902 4086 savium,
1931 4037 2045 4073 mo-

483 4093 488 4097 ’
545 4100 721 4152 dicum
754 4101 815 4150 ob
861 4096 1033 4149 cibum
1068 4104 1274 4147 tantum
1313 4092 1630 4161 supplicium
1676 4092 1893 4160 inferre.
1942 4107 2044 4143 non

544 4169 714 4221 solum
735 4167 813 4221 his
836 4166 1286 4236 quideliquerunt,
1315 4164 1405 4219 sed
1435 4163 1593 4217 etiam
1622 4162 1701 4217 his
1731 4163 1821 4233 qui
1849 4177 1912 4214 ex
1936 4161 2043 4214 illis

550 4241 654 4292 orti
677 4250 820 4292 sunt.

551 4416 611 4469 In
631 4413 824 4485 primis
854 4412 959 4467 hoc
987 4410 1092 4467 sibi
1126 4425 1449 4481 persuasum
1482 4410 1684 4466 habere
1713 4408 1932 4473 debent,
1951 4408 2044 4478 qui

480 4507 568 4576 pie
616 4506 799 4559 vivere
834 4510 1156 4566 statuerunt,
1209 4517 1373 4556 omne
1403 4502 1455 4555 id
1487 4501 1633 4572 quod
1681 4501 1750 4556 ab
1800 4500 2044 4556 omnium

477 4595 592 4669 48
624 4593 733 4649 Deo
762 4593 823 4648 lit
844 4601 938 4647 aut
961 4592 1286 4661 praecipitur,
1311 4602 1554 4647 sanctum
1594 4600 1649 4646 et
1672 4592 1877 4662 justum
1907 4606 2046 4656 esse,

481 4698 532 4743 et
564 4688 787 4750 bonum,
823 4693 877 4739 et
926 4684 993 4738 ad
1046 4684 1328 4738 hominum
1379 4682 1668 4737 utilitatem
1713 4681 2043 4737 institutum.

484 4778 543 4832 Si
587 4777 730 4832 enim
802 4776 1125 4831 conﬁtemur
1170 4774 1373 4845 ipsum.
1408 4776 1523 4829 haec
1578 4774 1762 4829 omnia
1824 4774 2045 4839 habere,

484 4870 671 4941 procul
698 4871 862 4925 dubio
901 4884 1021 4940 quae
1058 4869 1127 4924 ab
1161 4870 1277 4938 ipso
1321 4868 1704 4937 dispensantur
1734 4876 1828 4922 aut
1852 4868 2049 4936 juben-

485 4975 591 5031 tur,
623 4964 747 5019 talia
780 4978 899 5019 esse
943 4961 1301 5018 existimanda
1340 4970 1487 5017 sunt.
1538 4959 1743 5016 Deinde
1770 4961 2049 5017 sciendum

2119 499 2575 571 μιμνησκόμεθα·
2610 497 2709 551 καὶ
2750 495 3097 567 μανθάνομεν
3124 496 3201 559 ὼς
3232 494 3437 567 ἡλίκων
3485 494 3694 565 πρόξε-

2115 608 2204 654 νος
2264 592 2297 661 ἡ
2359 588 2606 661 ἁμαρτία
2657 587 2867 651 κακῶν,
2927 589 2990 641 οὐ
3072 587 3233 658 μόνον
3314 589 3427 651 τοῖς
3483 587 3701 659 ταύτην

2115 682 2449 754 ἐνεργοῦσιν,
2479 680 2617 738 ἀλλὰ
2654 681 2751 735 καὶ
2798 682 2914 743 τοῖς
2973 679 3330 751 ὑπουργοῦσι.
3362 680 3471 733 Καὶ
3522 680 3698 743 αὐτὸς

2124 775 2222 844 μὲν
2246 776 2273 827 ό
2297 774 2419 843 ὄφις
2452 771 2710 843 οὐδεμίαν
2746 770 3001 824 ἐντεῦθεν
3030 770 3246 841 δέχεται
3279 768 3505 842 βλάϐην,
3536 769 3688 822 οὓτω

2119 865 2358 934 βαδίζειν
2413 863 2525 934 (ﬂ)
2570 859 2851 931 πεφυκώςο
2909 860 2967 913 ἐν
3005 862 3074 931 τῇ
3120 858 3283 930 φύσει
3336 858 3446 929 γὰρ
3477 857 3591 929 ἔχει
3631 857 3702 911 τὸ

2115 953 2317 1007 τοιόνδε
2340 952 2440 1023 τῆς
2472 953 2740 1022 κινήσεως
2790 945 2934 1013 εἶδος
2957 965 2972 979 ο
3027 948 3180 1002 οὐδὲν
3210 947 3268 1002 δὶ
3298 947 3406 1002 τῶν
3445 947 3700 1019 φυσικῶν

2117 1043 2374 1113 φορτικὸν
2404 1036 2543 1095 εἶναι
2572 1040 2740 1094 δοκεῖ.
2775 1038 2835 1092 '0
2863 1039 2924 1092 δὲ
2948 1038 3236 1109 ἄνθρωπος
3270 1036 3473 1109 πολλὴν
3502 1037 3697 1092 ἐντεῦ-

2116 1136 2209 1189 θεν
2240 1134 2506 1204 ὠφέλειαν
2538 1131 2871 1204 καρποῦται.
3138 1120 3141 1123 ἢ

2677 1268 2873 1323 ΕΡΩΤ.
2925 1268 3034 1323 AE’
3062 1269 3133 1322 ⁵⁸.

2119 1384 2223 1438 Διὰ
2264 1384 2321 1437 τί
2363 1382 2432 1436 δὲ
2478 1383 2587 1463 τὸν
2619 1382 2758 1451 ὄφιν
2798 1381 3273 1463 ἐδημιούργησεν
3312 1385 3347 1438 d
3392 1384 3570 1463 θεὸς,

2188 1472 2377 1524 γανον
2442 1454 2632 1508 αὐτὸν
2678 1452 2964 1520 προειδὼς
3020 1452 3134 1521 τῆς
3190 1453 3484 1523 πονηρίας
3541 1453 3693 1507 ἐσό-

2186 1541 2377 1595 μενον
2388 1542 2408 1590 ;

2192 1638 2365 1693 Τοῦτο
2392 1637 2459 1692 ἄν
2496 1653 2583 1699 τις
2617 1635 2762 1689 εἴποι
2805 1636 2899 1689 καὶ
2930 1635 3061 1707 περὶ
3084 1635 3178 1690 τοῦ
3210 1634 3497 1708 ἀνθρώπου
3516 1651 3535 1671 ο
3565 1654 3715 1708 προ-

2126 1733 2242 1805 ᾑδει
2287 1730 2393 1800 γὰρ
2433 1729 2509 1793 ὡς
2555 1728 2652 1781 καὶ
2700 1722 2855 1791 οὗτος
2898 1729 2997 1800 τὴν
3036 1728 3257 1800 ἐντολὴν
3296 1729 3714 1800 παραὸἠσεται.

2136 1823 2346 1886 ’Λλλως
2371 1838 2430 1874 τε
2463 1819 2644 1891 ῥᾴδιον
2673 1815 2741 1890 ἦν
2771 1819 2851 1890 τῷ
2890 1819 3143 1891 διαϐόλῳ,
3173 1819 3269 1875 καὶ
3294 1818 3362 1875 δι’
3396 1820 3583 1892 ἐτέρου
3608 1821 3717 1893 Θη-

2134 1917 2250 1987 ρίου
2277 1914 2374 1987 τὴν
2402 1914 2621 1984 ἀπάτην
2647 1917 3059 1986 προσενεγκεῖν.

2648 2117 2663 2130 ⁹
2733 2051 2929 2104 arar.
2974 2052 3116 2118 Αςν.

2134 2169 2237 2219 Διὰ
2274 2167 2333 2217 τί
2352 2164 2420 2217 δὲ
2450 2164 2558 2218 τὸν
2585 2161 2869 2216 διάϐολον
2896 2161 3207 2230 ἐποίησεν,
3238 2161 3408 2229 εἰδὼς
3436 2163 3719 2217 τοιοῦτον

2768 2233 3066 2302 ἐσόμενον
3087 2248 3106 2295 ;

2220 2350 2278 2401 ὐ
2310 2350 2443 2413 Θεὸς
2492 2336 2673 2404 πᾶσαν
2729 2350 2839 2404 τῶν
2890 2351 3200 2421 ἀσωμάτων
3246 2350 3348 2423 τὴν
3396 2350 3557 2421 φύσιν
3591 2350 3723 2421 ὲδη-

2141 2438 2466 2512 μιούργησε,
2502 2440 2725 2513 λογικὴν
2762 2441 2931 2511 αὐτὴν
2976 2441 3070 2495 καὶ
3101 2441 3368 2496 ἀθάνατον
3396 2443 3716 2514 ἀποφήνας·

2138 2529 2231 2582 τοῦ
2271 2528 2495 2598 λογικοῦ
2545 2530 2602 2583 δὲ
2648 2530 2709 2583 τὸ
2754 2530 3103 2597 αὐτεξούσιον
3148 2533 3298 2587 ἴδιον.
3331 2531 3547 2586 Τούτων
3578 2532 3724 2586 δὲοὶ

2144 2621 2243 2691 μὲν
2291 2622 2389 2694 τὴν
2426 2622 2557 2694 περὶ
2588 2623 2681 2676 τὸν
2712 2624 2944 2695 ποιητὴν
2994 2623 3266 2693 ἐφύλαξαν
3311 2624 3544 2689 εὐνοιαν,
3578 2626 3626 2677 οἱ
3655 2623 3724 2677 δὲ

2140 2713 2219 2774 είς
2244 2712 2507 2783 πονηρίαν
2537 2712 2858 2767 ἀπέκλιναν.
2889 2713 3061 2767 Τοῦτο
3112 2714 3170 2768 δὲ
3218 2713 3310 2767 καὶ
3350 2714 3445 2766 ἐπὶ
3473 2713 3583 2767 τῶν
3620 2714 3727 2767 ἀν-

2142 2802 2375 2875 θρώπων
2408 2804 2556 2859 ἔστιν
2592 2805 2793 2875 εὑρεῖν.
2834 2805 2899 2857 Οί
2955 2806 3054 2876 μὲν
3077 2806 3199 2875 ίγάρ
3244 2806 3351 2859 εἰσι
3388 2805 3486 2876 τῆς
3512 2804 3725 2876 ἀρετῆς

2134 2896 2389 2967 ἐρασταὶ,
2426 2899 2476 2950 οἱ
2510 2896 2565 2950 δὲ
2594 2896 2695 2966 τῆς
2726 2896 2925 2960 κακίας
2960 2898 3210 2968 ἐργάται.
3246 2898 3311 2951 El
3349 2898 3530 2950 τοίνυν
3572 2897 3726 2967 μέμ-

2143 2988 2304 3057 φεταί
2347 3006 2432 3053 τις
2477 2989 2544 3059 τῇ
2592 2987 2702 3043 τῶν
2748 2987 3002 3059 πονηρῶν
3044 2988 3395 3060 δημιουργίᾳ,
3428 2988 3729 3058 ἀποστερεῖ

2066 3110 2109 3167 C
2142 3080 2252 3152 ἄρα
2276 3080 2385 3134 τῶν
2417 3081 2516 3151 τῆς
2539 3081 2696 3151 νίκης
2723 3080 2993 3151 βραδείων
3030 3083 3159 3147 τοὺς
3196 3083 3296 3153 τῆς
3322 3083 3521 3153 ἀρετῆς
3548 3082 3726 3153 ἀθλη-

2146 3171 2329 3235 τάςδί.
2370 3172 2433 3225 El
2468 3172 2577 3241 γὰρ
2613 3171 2688 3243 μὴ
2739 3173 2797 3224 ὲν
2830 3174 2897 3243 τῇ
2929 3172 3273 3244 αίρέσειτῆς
3315 3172 3537 3243 γνώμης
3574 3167 3726 3241 εἶχον

2146 3264 2241 3317 τὸν
2276 3263 2439 3317 πόθον
2462 3264 2562 3333 τῆς
2594 3264 2815 3335 ἀρετῆς,
2835 3263 2973 3317 ἀλλὰ
3004 3264 3322 3335 ἐμπεφυκὸς
3346 3264 3406 3317 τὸ
3429 3264 3723 3334 ἄτρεπτον,

2148 3355 2337 3411 ἔλαθον
2391 3356 2459 3410 ἂν
2504 3356 2555 3409 οἱ
2612 3356 2873 3421 ἀξιόνικοι
2918 3356 3017 3426 τῆς
3069 3354 3722 3423 εὐσεσείαςάγωνισταίο

2149 3448 2335 3520 ἐπειδὴ
2367 3448 2425 3502 δὲ
2454 3448 2556 3519 τὴν
2584 3448 2797 3518 αἵρεσιν
2850 3447 2961 3501 τῶν
2998 3446 3240 3516 ἅγσθῶν,
3290 3446 3383 3500 καὶ
3422 3445 3529 3499 τῶν
3571 3446 3730 3499 ὲναν-

2147 3542 2299 3608 τίων,
2339 3540 2454 3611 ἔχει.
2504 3542 2537 3611 ἡ
2579 3539 2795 3611 γνώμη,
2825 3539 3052 3604 δικαίως
3092 3539 3186 3593 καὶ
3219 3532 3367 3593 οὗτοι
3396 3537 3728 3608 τυγχάνουσι

2148 3634 2256 3688 τῶν
2289 3633 2605 3705 νικηφόρων
2634 3632 2937 3701 στεφάνων,
2969 3632 3213 3686 κάκεῖνοι
3241 3631 3397 3696 δίκας
3422 3629 3726 3686 τιννύουσιν

2150 3726 2287 3797 ὑπὲρ
2313 3718 2388 3780 ῶν
2415 3724 2559 3779 κατὰ
2599 3723 2826 3795 γνώμην
2858 3723 3192 3796 ἐξήμαρτον.

2742 3838 2940 3893 ΕΡΩΤ.
2995 3838 3115 3892 AZ'.

2161 3953 2400 4023 Ἀγαθὸν
2437 3954 2543 4006 τὸν
2582 3953 2730 4007 Θεὸν
2767 3951 3174 4021 ὀνομάζοντες,
3215 3951 3342 4018 πῶς
3374 3950 3533 4023 αὐτῷ
3556 3965 3721 4023 περι-

2219 4021 2434 4077 άπτετε
2465 4024 2770 4089 τοσαύτην
2814 4022 3181 4090 ἀποτομίαν;
3252 4022 3567 4091 Ὠμότητος
3611 4021 3724 4089 γὰρ

2219 4094 2319 4147 καὶ
2369 4093 2651 4161 ἀπηνιας,
2697 4093 2763 4146 τὸ
2810 4092 2907 4147 διὰ
2946 4092 3183 4161 ,βρῶσιν
3235 4093 3451 4160 ὀλίγην
3500 4093 3722 4145 τοσαύ-

2222 4182 2335 4230 την
2372 4163 2718 4232 ἐπενεγκεῖν
2749 4164 3050 4232 τιμωρίαν,
3084 4164 3157 4216 οὑ
3197 4163 3324 4227 τοῖς
3347 4162 3723 4231 ἡμαρτηκόσι

2216 4236 2431 4358 μένον,
2473 4231 2633 4288 ἀλλὰ
2680 4232 2779 4287 καὶ
2803 4231 2945 4299 θτοῖς
2992 4231 3062 4297 ἐξ
3105 4232 3354 4287 ἐκείνων
3378 4232 3723 4299 βεϐλαστη-

2222 4324 2259 4359 κ
2297 4320 2383 4359 σι.

2224 4419 2446 4489 Πρῶτον
2505 4418 2797 4473 πεπεῖσθαι
2845 4417 3114 4490 προσήκει
3148 4417 3274 4481 τοὺς
3313 4414 3558 4471 εὐσεϐεῖν
3584 4416 3726 4486 Ιδηρο-

2153 4510 2530 4582 αιρουμένους,
2564 4510 2640 4575 ῶς
2670 4513 2779 4564 πᾶν
2807 4509 2987 4566 ὁτιοῦν
3015 4510 3119 4564 ὑπὸ
3157 4509 3248 4563 τοῦ
3280 4508 3413 4563 Θεοῦ
3448 4508 3558 4561 τῶν
3585 4508 3725 4561 ὅλων

2154 4599 2435 4669 γινόμενον
2454 4600 2488 4670 ἧ
2515 4599 2893 4670 κελευόμενον,
2926 4598 3020 4651 καὶ
3043 4599 3207 4664 ὅσιον,
3242 4596 3339 4650 καὶ
3373 4595 3601 4659 δίκαιον,
3629 4596 3727 4648 καὶΙ

2154 4690 2380 4761 ἀγαθὸν,
2406 4692 2502 4744 καὶ
2523 4690 2926 4763 φιλάνθρωπον.
2954 4691 3017 4743 El
3045 4690 3155 4760 γὰρ
3183 4690 3355 4743 ταῦτα
3380 4688 3556 4742 πάντα
3579 4686 3725 4757 ἔχειν

2154 4783 2314 4837 αὐτὸν
2338 4782 2737 4854 ὁμολογοῦμενο
2766 4783 2859 4836 καὶ
2878 4782 2945 4835 τὰ
2971 4782 3062 4835 ὐπ’
3088 4780 3251 4834 αὐτοῦ
3296 4776 3729 4849 οίκονομούμενά

2152 4890 2214 4928 τε
2258 4874 2356 4928 καὶ
2398 4872 2845 4944 προσταττόμενα
2887 4870 2993 4943 χρὴ
3026 4870 3251 4925 τοιαῦτα
3281 4865 3421 4923 εἶναι
3464 4866 3727 4939 νομίζειν.

2160 4967 2391 5020 Ἔπειτα
2412 4965 2607 5021 εἰδέναι
2636 4965 2736 5031 δεῖ,
2759 4964 2835 5027 ώς
2858 4965 2965 5027 πᾶς
2988 4966 3171 5033 νόμος,
3196 4960 3300 5017 κᾶν
3324 4961 3453 5033 περὶ
3479 4957 3729 5033 σμικρῶν

1329 5162 1563 5217 VARIAZ
1622 5160 2004 5218 LECTIONES
2052 5164 2145 5218 EX
2199 5163 2472 5221 CATENA
2516 5163 2871 5223 LIPSIENSI.

534 5326 541 5337 ‘
570 5322 615 5353 ιθ
655 5323 859 5387 Quaest.
896 5320 966 5376 '55
992 5332 1044 5375 et
1064 5321 1133 5375 56
1166 5322 1220 5375 in
1252 5329 1359 5375 cat.
1390 5321 1797 5390 praemittuntur
1830 5320 2124 5391 trigesimae
2148 5334 2373 5391 quartae,
2406 5325 2702 5379 secundum
2732 5319 3127 5377 versiculorum
3176 5317 3442 5374 ordinem.
3518 5315 3561 5349 “
3601 5313 3722 5371 Cat.

491 5407 544 5461 p.
577 5392 665 5446 9|.
701 5393 996 5462 ἀποστερεῖ
1016 5392 1121 5446 τῶν
1152 5392 1430 5460 στεφάνων
1460 5392 1584 5455 τοὺς
1611 5393 1708 5462 τῆς
1735 5392 1933 5463 ἀρετὴς
1962 5392 2219 5461 ἐραστάς.

1973 5572 2204 5630 NOTAE.

564 5733 679 5809 (ιι)
723 5734 886 5793 οὕτω
905 5733 1170 5800 βαδίζειν
1192 5736 1316 5791 cod.
1346 5742 1399 5791 et
1427 5733 1541 5791 Pic.
1572 5735 1647 5798 ὡς
1674 5732 1733 5787 τδ
1764 5730 2023 5803 βαδίζειν.
