3964 6516
344 312 449 378 133

1435 311 1716 383 QUAEST.
1748 309 1830 370 IN
1869 308 2134 369 GENES.
2179 309 2336 369 CAP.
2366 310 2482 371 III.

3495 314 3598 381 134

336 443 505 479 τινων
529 421 854 495 διαγορεύῃ,
886 422 983 493 τὴν
1011 421 1131 491 ίσην
1161 421 1273 491 ἔχει
1295 419 1527 491 δύναμιν
1556 421 1634 491 τῷ
1658 419 1727 472 τὰ
1758 419 1896 490 μέγιι

2018 424 2121 477 est,
2170 430 2385 471 omnem
2431 417 2626 486 legem,
2677 417 2804 472 licet
2846 417 2914 473 de
2969 420 3212 477 minimis
3265 422 3595 497 quibusdam

334 533 441 569 στα
466 514 748 569 κελεύοντι
778 518 974 579 ποιεῖν,
1000 512 1462 585 ἦκὰπαγορεύοντι
1491 512 1644 583 δρᾷψ
1684 512 1778 565 καὶ
1800 512 1916 565 δια-

330 608 617 675 φερόντως
641 606 756 676 (15)
783 608 893 669 πᾶς
917 606 1058 668 θεῖος
1086 606 1268 674 νόμος.
1302 603 1512 656 Αὐτίκα
1541 603 1673 670 γοῦν
1700 604 1729 656 ὀ
1762 620 1916 674 περι-

328 697 637 766 τέμνεσθαι
677 697 936 760 κελεύων,
1002 694 1260 766 ούδεμίαν
1314 694 1789 765 παραϐαινόμενος
1836 696 1914 765 τῷ

328 789 510 845 πέλας
557 788 854 858 ἐργάζεται
901 786 1123 857 βλάϐην.
1183 785 1323 840 Ἀλλ’
1355 787 1505 856 ὅμως
1555 787 1584 839 ὀ
1616 786 1913 857 νομοθέτης

328 879 623 947 φησὶν,ὀτι
660 896 679 928 ι
710 878 827 940 Πᾶς
850 876 1224 947 ἀπερίτμητος
1250 876 1445 949 ἄρσην,
1469 875 1529 939 ὃς
1552 876 1614 930 ού
1640 892 1909 949 περιτμη-

330 968 564 1038 θήσεται
584 970 653 1038 τῇ
677 968 864 1039 ἡμέρᾳ
885 970 951 1037 τῇ
975 967 1161 1039 ὀγδόῃ.
1190 966 1719 1039 ἐξολοθρευθήσεται.
1744 988 1764 1019 ι
1801 969 1910 1022 Καὶ
1928 1032 1945 1051 ﬂ

326 1060 402 1129 ἢν
430 1060 598 1129 ῶρισε
626 1061 742 1123 τοῖς
760 1058 1108 1129 ἀνδροφόνοις
1133 1058 1227 1111 καὶ
1249 1059 1363 1120 τοῖς
1388 1060 1597 1129 μοιχοῖς
1616 1058 1904 1130 τιμωρίαν,

323 1151 540 1221 ταύτην
569 1152 667 1204 καὶ
696 1148 870 1220 τούτῳ
904 1151 1031 1219 ἐκλή
1043 1166 1259 1221 ρωσεν.-
1281 1149 1496 1221 Ἐπειδὴ
1523 1150 1580 1203 δὲ
1610 1152 1757 1216 είκὸς
1783 1152 1909 1213 τοὺς

320 1243 690 1313 δυσωνύμους
738 1241 1065 1312 αἱρετικοῦς,
1099 1242 1361 1312 ἄντικρυς
1400 1244 1467 1313 τῇ
1510 1242 1718 1315 παλαιᾷ
1750 1244 1906 1297 πολε-

324 1331 575 1402 μοῦντας
614 1332 832 1404 Γραφῇ,
872 1330 967 1383 καὶ
998 1328 1151 1383 τοῦδε
1176 1330 1550 1400 κατηγορῆσαι
1583 1330 1679 1383 τοῦ
1706 1331 1869 1401 νόμου
1888 1347 1902 1362 ·

321 1426 386 1477 ἐκ
408 1425 521 1495 τῆς
548 1422 912 1492 εύαγγελικῆς
940 1420 1263 1491 νομοθεσίας
1291 1422 1390 1484 τάς
1418 1420 1722 1486 ἀποδείξεις
1750 1423 1906 1494 ποιή-

323 1533 527 1585 σομαι.
563 1514 907 1585 Εὑρίσκομεν
946 1513 1054 1583 γὰρ
1084 1513 1142 1565 ἐν
1170 1513 1400 1577 ἐκείνοις
1425 1515 1539 1577 τοῖς
1569 1514 1773 1585 νόμοις,
1812 1514 1902 1568 τὸν

318 1605 550 1673 λάγνως
593 1605 801 1676 δρῶντα
843 1604 1069 1672 γύναιον
1109 1604 1357 1675 μοιχείας
1412 1605 1763 1676 κρινόμενον
1806 1608 1902 1659 καὶ

318 1698 415 1749 τὸν
447 1698 575 1767 εἰκῆ
615 1696 984 1767 ὀργιζόμενον,
1018 1696 1197 1767 ἔνοχον
1228 1696 1355 1751 ὄντα
1383 1700 1449 1769 τῇ
1480 1698 1689 1769 κρίσειο
1725 1697 1816 1751 τὸν
1844 1698 1900 1751 δὲ

325 1789 484 1858 ρακὰ
540 1789 632 1841 τὸν
681 1789 905 1857 ἀδελφὺν
938 1788 1294 1859 ὀνομάζοντα,
1336 1789 1556 1859 γραφῆς
1587 1789 1751 1843 πάλιν
1799 1792 1901 1844 ύπ-

322 1881 591 1933 εύθυνον·
628 1880 718 1933 τὸν
764 1880 820 1933 δὲ
862 1881 1045 1951 μωρὸν
1089 1880 1490 1943 ἀποκαλοῦντα,
1532 1884 1631 1951 τῆς
1675 1881 1901 1953 γεέννης

318 1968 519 2031 ἀξιον·
554 1968 768 2021 καὶτὸν
808 1968 1067 2039 ὀμνύντα,
1099 1969 1204 2022 κᾶν
1242 1969 1522 2041 ἀληθεύων
1562 1970 1760 2042 ὀμνύῃ*
1800 1970 1900 2041 τῆς

318 2061 649 2131 διαϐὠικῆς
671 2061 797 2115 ὄντα
825 2062 1154 2133 συμμορίας.
1186 2062 1249 2115 Τί
1273 2062 1335 2131 δή
1367 2079 1495 2115 ποτε
1518 2063 1695 2117 τοίνυν
1714 2063 1899 2117 τοῦτον

323 2151 431 2219 μὲν
461 2152 667 2218 ἀγαθὸν
689 2151 1062 2220 ὀνομάζουσιν,
1098 2154 1277 2223 ἀπηνῆ
1309 2152 1365 2205 δὲ
1402 2153 1493 2207 τὸν
1524 2154 1624 2224 τῆς
1668 2155 1900 2220 παλαιᾶς

317 2243 663 2313 νομοθέτην;
688 2242 859 2296 ταῦτα
886 2244 993 2313 γάρ
1024 2243 1249 2297 ἐκείνων
1271 2244 1411 2298 κατά
1433 2244 1524 2299 τὸν
1550 2246 1755 2301 τούτων
1776 2250 1899 2320 ὅρον

319 2334 615 2404 ὠμότερα.
656 2335 814 2388 Ἀλλά
837 2334 935 2403 τῆς
958 2336 1181 2387 ἐκείνων
1206 2335 1379 2389 ταῦτα
1414 2335 1758 2409 βλασφημίας
1784 2340 1900 2393 τολ-

320 2426 460 2494 μᾷν.
492 2424 683 2493 Ἡμεῖς
696 2425 752 2477 δὲ
772 2425 1056 2488 κάκείνους
1078 2427 1168 2479 καὶ
1187 2424 1404 2490 τούτους
1424 2429 1550 2491 τοὺς
1572 2428 1768 2497 νόμους
1782 2430 1900 2492 ἐνὸς

314 2516 495 2582 ἴσμεν
524 2513 694 2566 Θεοῦ·
723 2514 785 2566 τὸ
828 2514 885 2567 δὲ
923 2514 1177 2586 διάφορον
1217 2517 1250 2586 ἠ
1286 2515 1393 2569 τῶν
1426 2516 1898 2588 νομοθετουμένων

318 2604 555 2671 ποιότης
588 2604 902 2674 εἰργάσατο.
932 2601 1035 2657 Οἷα
1065 2606 1172 2675 γάρ
1210 2605 1372 2674 σοφὸς
1411 2606 1747 2672 διδάσκαλος,
1786 2610 1899 2671 τοῖς

316 2692 429 2760 μὲν
493 2691 710 2746 ἀτελέσι
755 2691 829 2744 τά
876 2692 1065 2763 ἀτελῆ,
1102 2696 1214 2757 τοῖς
1263 2694 1319 2747 δὲ
1364 2694 1589 2757 τελείοις
1618 2696 1687 2749 τά
1718 2697 1899 2751 τέλεια

319 2783 720 2852 προσενήνολε.
751 2780 895 2849 Πρὸς
922 2781 978 2834 δὲ
1014 2781 1223 2844 τούτοις
1252 2782 1553 2852 σκοπητὲον
1596 2785 1690 2835 καὶ
1718 2782 1895 2848 τοῦτο,

316 2876 398 2936 ῶς
426 2876 545 2935 τοῖς
574 2872 810 2943 πρώτοις
844 2873 954 2942 (16)
984 2872 1377 2943 παραϐαίνουσι
1405 2875 1534 2935 τοὺς
1561 2874 1755 2944 νόμους
1781 2878 1897 2928 ἐπι-

318 2966 589 3034 φέρονται
620 2964 743 3033 δίχα
772 2962 1103 3032 συγγνώμης
1127 2963 1425 3035 τιμωρίαι·
1460 2962 1599 3016 ὣστε
1640 2967 1766 3028 τοὺς
1800 2965 1898 3020 ἀλ-

317 3058 454 3118 λους
482 3055 729 3125 ὁρῶντας
756 3054 855 3126 τὴν
889 3055 1131 3118 κόλασιν,
1167 3054 1240 3126 μὴ
1268 3055 1473 3126 τολμᾷν
1512 3056 1610 3127 τὴν
1644 3058 1896 3128 παράϐα-
1923 3102 1966 3128 μ

320 3164 437 3201 σιν.
495 3146 667 3198 Τοῦτο
697 3144 791 3197 καὶ
842 3146 938 3199 ἐπὶ
977 3147 1077 3217 τῆς
1118 3144 1213 3198 τοῦ
1253 3146 1534 3199 Σαϐϐάτου
1576 3147 1894 3216 νομοθεσίας
1923 3143 1966 3163 “⁴

317 3240 577 3309 ἐγένετοο
608 3238 697 3292 τὸν
727 3238 835 3308 γὰρ
868 3240 928 3292 ἐν
963 3238 1228 3308 Σαϐϐάτῳ
1257 3238 1328 3291 τά
1356 3238 1489 3303 ξύλα
1524 3239 1772 3307 συλλέξαι
1803 3258 1895 3294 τε-

316 3329 667 3399 τολμηκότα,
696 3331 787 3382 καὶ
815 3329 1030 3400 πρῶτον
1060 3330 1151 3382 τὸν
1184 3330 1315 3401 περὶ
1340 3330 1533 3383 τούτου
1577 3333 1895 3405 παραϐεϐη-

315 3423 469 3475 κότα
508 3420 693 3488 νόμον,
723 3420 866 3484 ἄπας
888 3419 1215 3475 κατέλευσεν
1243 3422 1273 3474 ὁ
1306 3420 1434 3484 λαός
1452 3436 1468 3452 ·
1499 3421 1594 3475 τοῦ
1621 3422 1757 3476 Θεοῦ
1779 3424 1896 3478 τοῦ·

311 3529 383 3567 το
416 3512 873 3582 προστεταχότος,
915 3511 1003 3565 ῐνα
1030 3512 1320 3583 αὐτουργοὶ
1360 3513 1463 3584 τῆς
1489 3513 1759 3585 τιμωρίας
1803 3532 1896 3584 γε-

315 3605 575 3675 νόμενοι,
616 3603 873 3675 φρίττωσι
915 3604 1015 3675 τὴν
1055 3606 1423 3677 παρανομίαν,
1468 3607 1545 3668 ὡς
1581 3608 1680 3679 τὴν
1720 3626 1894 3679 τιμω-

316 3696 456 3765 ρίαν
486 3693 817 3762 ἐπάγουσαν.
842 3694 1032 3765 Χρόνῳ
1058 3694 1115 3748 δὲ
1140 3694 1385 3765 ὕστερον,
1419 3697 1630 3751 πολλῶν
1654 3697 1746 3753 τὸν
1768 3698 1894 3768 περὶ

314 3785 419 3841 τοῦ
456 3786 735 3840 Σαϐϐάτω
764 3787 1231 3858 παραϐεϐηκότων
1261 3788 1442 3859 νόμον,
1471 3790 1838 3860 μακροθύμως
1863 3791 1892 3843 ὁ

314 3878 631 3948 νομοθέτης
678 3880 875 3949 ἤνεγκε
927 3879 1025 3950 τὴν
1064 3878 1399 3949 παράϐασιν.
1429 3880 1584 3934 υῦτω
1624 3882 1717 3934 τὸν
1750 3882 1891 3935 Κάῖν

314 3966 550 4039 πρῶτον
581 3969 949 4036 πεφονευκότα
975 3970 1096 4033 ταῖς
1119 3970 1440 4041 ἀνηκέστοις
1466 3971 1701 4026 ὑπέϐαλε
1724 3991 1891 4042 τιμωο

324 4059 511 4129 ρίαις·
549 4060 638 4112 ἵνα
670 4061 796 4123 τοὺς
829 4060 915 4113 ἐπ’
944 4060 1174 4128 ἐκείνου,
1203 4062 1298 4115 καὶ
1334 4064 1451 4132 μετ’
1490 4064 1695 4119 ἐκεῖνον
1726 4082 1889 4135 γεγε-

317 4150 621 4222 νημένους.
674 4150 943 4222 δεδίξηται
999 4151 1067 4205 τά
1120 4152 1478 4224 παραπλήσια
1532 4153 1607 4226 μὴ
1661 4154 1886 4227 τολμᾷν.

314 4241 547 4297 Πολλῶν
596 4242 654 4296 δὲ
711 4240 935 4313 ὕστερον
981 4240 1321 4312 ἀνδροφόνων
1370 4244 1773 4314 γεγενημένων,
1824 4247 1885 4299 ού

309 4334 643 4407 παραυτίκα
692 4334 792 4397 τὰς
841 4334 1111 4405 τιμωρίας
1160 4335 1458 4406 ἐπήγαγεν.
1515 4338 1660 4391 Ἔδει
1709 4338 1888 4393 τοίνυν

2016 516 2221 562 statuat
2244 508 2373 578 quid
2402 508 2670 578 agendum
2708 509 2801 573 sit,
2833 524 3016 578 parem
3066 512 3267 569 habere
3294 514 3405 569 vim
3464 530 3591 572 cum

2014 610 2076 649 ea
2109 613 2229 666 quae
2263 598 2495 651 maxima
2532 599 2771 667 prazcipit
2821 609 2914 654 aut
2950 601 3233 670 prohibet:
3283 605 3373 658 sed
3403 607 3593 674 praeci-

2012 700 2117 753 pue
2144 688 2309 755 legem
2344 702 2561 740 omnem
2600 686 2860 741 divinam.
2885 686 3047 743 Verbi
3079 690 3269 758 gratia,
3291 693 3383 761 qui
3412 704 3592 750 trans-

2012 778 2251 844 greditur
2306 779 2473 848 legem
2509 795 2629 847 qua
2676 780 3146 835 circumcisionem
3183 783 3359 852 jubet,
3402 788 3590 854 proxi-

2011 884 2101 922 mo
2132 870 2339 923 nullum
2380 872 2637 925 damnum
2678 871 2856 927 infert.
2897 870 3266 928 Nihilominus
3318 876 3590 946 legislator

2010 962 2128 1017 ait:
2167 981 2186 1014 ι
2228 960 2417 1018 Omnis
2476 964 2749 1019 masculus
2796 965 3237 1031 incircumcisus,
3270 976 3325 1021 et
3358 969 3449 1038 qui
3480 985 3589 1025 non

2009 1045 2173 1107 fuerit
2217 1053 2573 1108 circumcisus
2614 1063 2806 1108 octavo
2846 1055 2953 1117 die.
2996 1056 3401 1114 interimetur'.
3441 1078 3460 1111 ι
3520 1061 3589 1114 Et

2007 1143 2220 1213 qualem
2248 1144 2536 1199 homicidis
2559 1152 2611 1199 et
2632 1144 2894 1200 adulteris
2923 1160 3137 1215 ptenam
3170 1149 3382 1215 statuit,
3424 1151 3587 1207 talem

2006 1235 2135 1289 huic
2182 1234 2391 1291 indicit.
2444 1235 2513 1290 At
2567 1238 2822 1305 quoniam
2871 1238 3167 1294 verisimile
3193 1248 3301 1302 est,
3354 1242 3584 1298 infames

2005 1325 2308 1390 haereticos,
2380 1327 2557 1394 palam
2613 1324 2904 1396 Scriptura:
2960 1331 3158 1386 veteris
3216 1333 3583 1398 adversarios,

2004 1415 2145 1471 hanc
2174 1416 2345 1485 legem
2372 1417 2782 1488 suggillaturos.
2805 1438 2870 1475 ex
2907 1423 3214 1491 evangelica
3247 1425 3582 1492 legislatione

2002 1519 2121 1559 eam
2170 1504 2579 1562 demonstrabo.
2623 1509 2947 1579 Reperimus
2999 1513 3145 1566 enim
3201 1515 3253 1567 in
3293 1516 3400 1571 illis
3454 1518 3583 1587 legi-

2000 1596 2169 1661 busa,
2218 1611 2342 1651 eum
2371 1598 2464 1666 qui
2507 1598 2707 1653 lascive
2750 1601 3030 1656 mulierem
3082 1606 3373 1673 aspexerit,
3407 1606 3582 1661 forni-

2000 1686 2230 1741 cationis
2259 1702 2410 1741 reum
2442 1703 2563 1743 esse
2617 1707 2630 1741 :
2676 1699 2729 1744 et
2760 1692 2851 1759 qui
2889 1701 3090 1748 temere
3120 1696 3395 1763 irascitur,
3428 1712 3578 1752 reum

2000 1793 2119 1832 esse
2164 1777 2404 1847 judicio:
2442 1779 2535 1847 qui
2585 1795 2713 1834 vero
2761 1781 2979 1835 fratrem
3019 1785 3386 1853 appellaverit,
3427 1804 3576 1843 raca.
3620 1760 3639 1781 ’

2001 1868 2347 1925 accusatione
2379 1869 2551 1925 teneri
2585 1886 2599 1924 :
2635 1870 2729 1940 qui
2763 1886 2889 1925 vero
2924 1874 3170 1941 stultum,
3217 1876 3461 1944 gehenna
3492 1879 3577 1931 di-

2000 1976 2163 2030 gnum
2197 1975 2352 2016 esse:
2381 1970 2433 2015 et
2461 1961 2553 2031 qui
2579 1962 2864 2031 iuraverit,
2896 1964 3021 2019 licet
3047 1980 3233 2021 verum
3273 1967 3438 2030 dicat.
3459 1969 3577 2023 dia-

2000 2052 2109 2107 boli
2135 2052 2346 2108 socium
2391 2054 2530 2108 ﬁeri.
2559 2054 2672 2108 Cur
2704 2056 2866 2125 igitur
2898 2056 3042 2112 hunc
3070 2060 3203 2128 legis
3241 2062 3569 2130 evangelica:

2000 2142 2224 2197 latorem
2264 2142 2468 2197 bonum
2516 2144 2807 2213 appellant,
2858 2145 3118 2200 immitem
3174 2162 3304 2201 vero
3334 2150 3573 2217 antiquae

1998 2233 2129 2302 legis
2160 2233 2471 2288 auctorem?
2497 2232 2630 2287 Nam
2671 2236 2801 2299 haec,
2854 2235 3071 2289 illorum
3124 2239 3413 2304 sententia,
3445 2250 3573 2296 sunt

1998 2323 2105 2378 illis
2128 2325 2429 2380 crudeliora
2452 2326 2758 2395 praeceptis.
2784 2324 2980 2379 Verum
3003 2327 3179 2396 quod‘
3196 2330 3297 2384 ista
3316 2331 3568 2395 audeant,

1999 2416 2210 2469 illorum
2244 2415 2599 2485 blasphemiae
2648 2427 2751 2471 est.
2787 2414 2897 2473 Nos
2928 2429 3108 2473 autem
3155 2431 3207 2474 et
3241 2421 3339 2475 has
3366 2432 3418 2477 et
3450 2422 3570 2478 illas

1997 2505 2141 2577 leges
2172 2506 2240 2561 ab
2268 2521 2377 2560 uno
2405 2506 2515 2561 Deo
2555 2508 2693 2563 latas
2726 2522 2848 2563 esse
2876 2509 3166 2565 didicimus
3195 2529 3207 2565 :
3260 2514 3352 2567 sed
3387 2514 3567 2569 diver-

1998 2598 2211 2652 sitatem
2266 2596 2442 2652 ell‘ecit
2474 2612 2664 2652 eorum
2694 2615 2817 2669 qua:
2853 2599 2969 2669 lege
3010 2601 3272 2670 iubentur
3309 2605 3564 2674 qualitas.

2004 2685 2157 2740 Velut
2186 2686 2328 2741 enim
2374 2696 2671 2756 praeceptor
2708 2688 2948 2757 sapiens,
3002 2690 3335 2759 imperfectis
3368 2693 3567 2764 imper-

1997 2776 2155 2843 fecta,
2186 2786 2241 2832 et
2270 2777 2521 2847 perfectis
2557 2778 2796 2848 perfecta
2829 2782 3130 2850 proposuit.
3161 2781 3272 2854 49
3300 2784 3565 2840 Praeterea

1996 2882 2125 2921 vero
2156 2867 2606 2922 considerandum
2638 2878 2740 2931 est,
2780 2870 2926 2938 quod
2958 2870 3148 2939 primis
3177 2872 3353 2942 legum
3383 2882 3565 2930 trans-

1998 2958 2336 3029 gressoribus
2369 2959 2487 3013 sine
2518 2960 2672 3013 venia
2703 2959 2968 3029 supplicia
3014 2958 3354 3031 infliguntur,
3385 2972 3445 3017 ut
3473 2964 3565 3017 alii

1996 3051 2277 3120 punitione
2311 3062 2601 3121 cormpecta
2632 3052 2931 3121 transgredi
2964 3067 3073 3107 non
3103 3052 3355 3108 audeant.
3407 3054 3562 3122 Quod

1994 3156 2050 3203 et
2079 3147 2283 3201 factum
2311 3154 2394 3201 est
2444 3146 2587 3201 circa
2621 3146 2790 3216 legem
2821 3145 2888 3202 de
2917 3144 3154 3213 Sabbatp
3184 3148 3368 3203 latam.
3426 3150 3563 3205 Eum

1994 3239 2159 3304 enim,
2199 3240 2290 3309 qui
2329 3239 2417 3293 die
2469 3238 2689 3293 Sal-bati
2741 3238 2885 3308 ligna
2920 3238 3175 3309 colligere
3216 3255 3385 3296 ausus
3418 3251 3562 3303 erat,

1993 3339 2047 3384 et
2074 3330 2148 3383 ita
2177 3329 2386 3399 primus
2414 3328 2584 3398 legem
2624 3328 2946 3399 transgredi,
2994 3328 3226 3398 populus
3273 3332 3562 3387 universus

1993 3420 2271 3490 lapidavit.
2316 3421 2372 3475 ld
2407 3420 2554 3475 enim
2612 3419 2754 3475 Deus
2802 3430 3167 3490 praeceperat,
3215 3430 3273 3477 ut
3310 3422 3404 3493 qui
3446 3425 3562 3478 suis

1992 3513 2241 3568 manibus
2284 3512 2351 3567 de
2384 3520 2610 3566 nocente
2639 3510 2961 3581 supplicium
3009 3523 3374 3583 sumpserant,
3407 3515 3561 3571 d‘ein-

1992 3618 2120 3673 ceps
2178 3604 2347 3672 legem
2400 3603 2705 3673 transgredi
2776 3602 3219 3667 reformidarent,
3300 3615 3557 3677 tanquam

1991 3692 2240 3762 supplicii
2289 3707 2533 3748 causam.
2590 3692 2773 3761 Longo
2801 3708 2928 3747 vero
2972 3703 3093 3763 post
3133 3707 3394 3765 tempore,
3430 3712 3555 3753 cum

1990 3784 2242 3853 permulti
2275 3784 2445 3855 legem
2475 3784 2542 3839 de
2572 3784 2809 3838 Sabbato
2846 3776 3015 3838 latam'
3039 3786 3354 3852 violassent,
3387 3796 3557 3846 trans-

1990 3876 2322 3945 gressionem
2381 3876 2655 3946 legislator
2700 3877 2964 3944 patienter
2996 3876 3137 3931 tulit.
3194 3877 3285 3933 Sic
3310 3888 3363 3933 et
3393 3879 3551 3948 Cain,

1988 3969 2084 4038 qui
2124 3967 2227 4022 fuit
2255 3968 2464 4037 primus
2502 3966 2796 4030 homicida,
2840 3966 3154 4036 inexpiabili
3207 3967 3387 4023 affecit
3419 3986 3551 4040 sup-

1986 4059 2188 4130 plicio:
2224 4068 2281 4114 ut
2308 4071 2416 4114 tam
2462 4058 2518 4113 hi
2554 4059 2645 4127 qui
2693 4068 2822 4113 tunc
2870 4060 3131 4129 temporis
3171 4070 3348 4125 erant,
3383 4077 3551 4132 quam

1986 4152 2080 4221 qui
2114 4160 2298 4221 postea
2324 4150 2435 4205 nati
2461 4159 2607 4213 sunt,
2643 4150 2766 4204 talia
2797 4159 3106 4219 perpetrare
3132 4165 3240 4204 non
3266 4150 3549 4209 auderent.

1985 4242 2381 4298 Posterioribus
2439 4252 2617 4297 tamen
2676 4241 3041 4310 temporibus,
3093 4241 3218 4297 licet
3265 4243 3552 4301 homicida:

1986 4335 2138 4390 multi
2191 4334 2412 4399 fuerint,
2460 4349 2571 4388 non
2608 4334 2857 4403 protinus
2894 4346 3083 4403 pmnas
3145 4333 3358 4389 inﬂixit.
3404 4335 3551 4392 Con-

310 4428 421 4481 καὶ
464 4426 554 4479 τὸν
581 4424 775 4497 ’Δδάμ,
812 4425 1028 4494 πρῶτον
1060 4425 1353 4498 δεξάμενον
1384 4427 1566 4498 νόμον,
1599 4428 1693 4483 καὶ
1723 4430 1887 4501 νόμον

1996 4426 2232 4483 veniebat
2260 4427 2425 4498 igitur
2448 4426 2736 4491 Adamum,
2786 4426 2879 4496 qui
2926 4426 3133 4496 primus
3177 4427 3348 4496 legem
3393 4443 3549 4485 acce-

283 4520 657 4595 ⁸κουφότατον
672 4536 688 4551 ο
713 4519 821 4573 τῶν
846 4518 1198 4573 παντοδαπῶν
1222 4519 1332 4592 γάρ
1359 4521 1505 4592 αὐτῷ
1524 4521 1751 4593 καρπῶν
1779 4523 1887 4576 ἐδε-

306 4609 489 4664 δώκει
518 4608 621 4679 τὴν
652 4608 933 4678 ἀφθονίαν,
972 4610 1093 4673 ἑνὸς
1125 4610 1183 4663 δὲ
1220 4610 1383 4680 μόνου
1414 4611 1511 4681 τὴν
1542 4611 1743 4683 ἐδωδὴν
1777 4613 1883 4665 ἀπ-

308 4700 618 4771 ηγορεύκει
657 4700 768 4770 (1⁸7)
795 4716 809 4731 ⁸
840 4700 1024 4753 δοῦναι
1080 4699 1236 4771 δίκην
1282 4701 1375 4755 τοῦ
1414 4701 1885 4773 πλημμελήματος

307 4795 400 4855 εἰς
422 4791 700 4860 ὠφέλειαν
724 4790 816 4844 τοῦ
848 4791 1057 4859 γένους.
1086 4792 1147 4844 El
1171 4792 1227 4845 δὲ
1256 4792 1583 4864 δυσόργητος
1617 4794 1711 4858 ὢν,
1748 4794 1823 4858 ὡς
1854 4797 1883 4849 ό

306 4884 639 4954 δυσώνυμος
664 4884 769 4953 ἔφη
791 4884 1079 4955 Μαρκίων,
1100 4884 1189 4939 διά
1219 4884 1419 4956 βρῶσιν
1451 4886 1639 4958 ὀλίγην
1666 4888 1765 4960 τὴν
1789 4889 1881 4942 τοῦ

307 4975 555 5029 θανάτου
580 4976 847 5045 τιμωρίαν
888 4977 1177 5046 ἐπήνεγκε,
1205 4976 1322 5040 πῶς
1367 4977 1666 5049 ἀνθρώπων
1708 4980 1883 5034 ἀπάν-

303 5087 428 5123 των
478 5070 560 5131 είς
612 5067 868 5122 ἀσέϐειαν
923 5068 1017 5121 καὶ
1071 5068 1412 5139 παρανομίαν
1459 5069 1879 5134 ἐξωκειλάντων,

302 5159 558 5229 ἐσχάτην
590 5159 651 5212 ού
688 5158 1060 5227 πανωλεθρίαν
1094 5160 1393 5229 ἐπήνεγκεν
1420 5175 1434 5191 ο
1465 5160 1599 5213 ἀλλά
1624 5160 1717 5212 τὸν
1750 5160 1876 5213 Υἱὸν

302 5250 484 5307 αὑτοῦ
516 5251 739 5316 δέδωκε,
762 5252 856 5304 καὶ
884 5250 979 5321 τὴν
1007 5250 1093 5305 διά
1120 5249 1352 5322 σταυροῦ
1388 5253 1480 5305 καὶ
1510 5251 1715 5315 πάθους
1745 5254 1877 5305 ἐδω-

382 5434 412 5464 ι
453 5423 588 5479 Gen.
621 5441 755 5491 χιιι,
790 5426 877 5481 14.
968 5438 993 5466 ιι
1018 5426 1202 5483 Matth.
1236 5440 1289 5491 v,
1327 5425 1398 5479 22
1425 5440 1575 5496 seqq.

1985 4528 2157 4591 perat,
2184 4529 2237 4573 et
2266 4534 2384 4573 eam
2415 4519 2630 4588 quidem
2672 4518 2997 4573 levissimam
3047 4518 3247 4589 (omnis
3276 4520 3420 4574 enim
3453 4536 3548 4591 ge-

1985 4611 2134 4665 neris
2183 4609 2455 4665 fructuum
2526 4609 2670 4663 Deus
2723 4608 2798 4662 illi
2850 4608 3071 4663 dederat
3117 4609 3348 4679 copiam,
3384 4611 3547 4667 unius

1986 4712 2193 4757 tantum
2225 4718 2319 4757 esu
2360 4701 2757 4771 interdixerat),
2795 4701 2944 4755 luere
2990 4716 3180 4771 pmuas
3229 4700 3432 4767 delicti,
3478 4704 3546 4759 ad

1983 4795 2262 4849 utilitatem
2294 4794 2505 4864 generis
2532 4792 2776 4847 humani.
2810 4792 2965 4857 Quod
2996 4794 3041 4847 si
3088 4808 3199 4862 prae
3230 4794 3398 4847 multa
3434 4794 3548 4849 ira-

1986 4887 2184 4942 cundia
2214 4884 2377 4950 Deus,
2414 4894 2474 4938 ut
2498 4884 2570 4938 ait
2597 4884 2959 4939 exsecrandus
2989 4884 3079 4937 ille
3111 4882 3377 4948 Marcion,
3410 4899 3546 4954 pau-

1988 4979 2162 5034 culam
2195 4978 2266 5032 ob
2296 4992 2472 5032 escam
2501 4976 2767 5047 supplicio
2811 4977 3003 5031 mortis
3039 4974 3237 5039 affecit,
3271 4976 3547 5046 quomodo

1988 5068 2240 5123 omnibus
2280 5068 2590 5122 hominibus
2638 5067 2704 5121 ad
2755 5066 3083 5135 impietatem
3133 5075 3189 5120 et
3235 5074 3540 5135 transgres-

1982 5161 2185 5215 sionem
2220 5168 2519 5214 extremam
2560 5160 2792 5227 delapsis
2824 5166 3067 5213 extrema
3119 5158 3379 5228 supplicia
3426 5172 3533 5212 non

1985 5252 2196 5319 inﬂixit,
2243 5252 2335 5306 sed
2372 5250 2563 5306 Filium
2622 5266 2780 5305 suum
2822 5249 2992 5317 dedit,
3019 5259 3073 5305 et
3106 5264 3205 5320 per
3233 5258 3448 5306 crucem
3480 5258 3535 5305 et

1801 5490 2034 5547 NOTAE.

529 5631 661 5707 Cod.
698 5644 753 5688 et
794 5633 926 5707 ‘Pic.
966 5633 1353 5707 διαφερόντων.

377 5702 497 5761 HS)
540 5703 664 5766 Τοῖς
686 5704 962 5771 πρώτοις.
991 5702 1197 5761 ιηιέόα.
1241 5718 1293 5763 et
1320 5708 1461 5779 apud
1486 5706 1600 5764 Pie.
1632 5706 1877 5779 sequitur

1979 5636 2159 5776 ᾰλΐῗ
2186 5704 2322 5761 Cod.
2352 5714 2407 5762 et
2428 5704 2551 5761 Pic;
2577 5705 2973 5777 ἀπηγόρευσε*
