3964 6520
493 280 593 344 135

1464 269 1954 331 THEODOBETI
2000 268 2341 328 EPISCOPI
2377 267 2743 328 CYRENSIS

3624 270 3725 335 136

488 389 791 462 passionem
853 383 1082 437 salutem
1133 378 1445 435 concessit?
1501 377 1627 432 Haec
1692 386 1873 430 autem
1936 374 2103 433 dico;

2189 376 2367 443 μήσατο
2406 376 2711 444 σωτηρίαν;
2756 373 2867 425 Καὶ
2897 373 3069 427 ταῦτα
3098 372 3241 441 λέγω
3280 373 3417 442 πρὸς
3455 376 3582 441 τοὺς
3613 380 3726 431 oio.

487 486 750 536 adversus
788 490 903 537 eos,
945 474 1039 543 qui
1081 473 1418 526 arbitrantur
1457 469 1623 524 Deum
1678 468 2057 523 universorum

492 573 567 623 ira
596 568 827 636 quadam
868 572 1174 634 permotum
1204 561 1306 614 ista
1348 569 1712 628 perpetrasse,
1750 557 2061 627 ignorantes

488 658 806 729 mysterium
838 652 1277 724 dispensationis.
1312 650 1533 705 Certum
1575 649 1720 704 enim
1768 663 1887 703 esse
1933 658 2063 716 puto

490 753 561 807 iis
600 752 693 820 qui
736 748 1044 802 doctrinam
1089 744 1327 799 divinam
1363 740 1707 801 didicerunt,
1737 738 1859 808 '50
1895 738 2061 792 Deum

491 843 876 899 universorum
928 853 1022 907 per
1060 834 1432 906 paenitentiam
1476 830 1611 885 nihil
1655 845 1814 898 agere
1845 830 2065 885 solere:

442 914 449 919 “
491 935 751 1005 quoniam
782 931 1007 985 atl‘ectus
1041 928 1128 981 hic
1166 927 1419 995 praprius
1449 934 1534 977 est
1567 938 1757 977 eorum
1808 921 1904 991 qui
1951 937 2067 975 mu-

494 1028 717 1082 tabilem
743 1024 941 1077 habent
970 1031 1242 1082 naturam,
1276 1028 1330 1070 et
1356 1031 1501 1069 nunc
1529 1013 1746 1082 quidem
1787 1014 1890 1080 his,
1922 1027 2071 1068 nunc

494 1135 624 1174 vero
662 1117 769 1171 illis
814 1115 1171 1175 delectantur,
1224 1118 1279 1163 et
1310 1123 1432 1177 quae
1467 1105 1649 1160 futura
1685 1115 1814 1160 sunt
1838 1105 2072 1175 ipenilus

498 1210 771 1280 ignorant.
808 1208 879 1259 At
908 1203 1283 1257 universorum
1316 1200 1456 1253 Deus
1482 1197 1835 1251 immutabilis
1862 1204 1947 1251 est
1978 1212 2074 1250 na-

495 1313 665 1356 turae:
696 1310 817 1368 quae
846 1308 972 1348 vero
1008 1294 1251 1346 nomium
1282 1288 1423 1343 facta
1454 1298 1602 1351 sunt.
1639 1288 1862 1357 perinde
1903 1288 2073 1352 novit,

495 1408 560 1447 ac
608 1391 653 1445 si
690 1390 803 1458 jam
850 1385 992 1439 facta
1029 1391 1233 1438 essent.
1287 1380 1629 1448 Quapropter
1677 1378 1981 1448 praevidens
2023 1388 2078 1433 et

496 1482 824 1552 ‘przesciens
856 1478 1100 1531 futurum
1128 1474 1377 1529 utAdam
1414 1472 1659 1526 mortalis
1684 1472 1832 1526 lieret
1861 1472 1932 1525 ob
1963 1470 2077 1524 vio-

492 1576 667 1628 latum
707 1571 1061 1632 mandatum,
1113 1566 1272 1620 talem
1321 1565 1441 1634 ejus
1495 1573 1745 1617 naturam
1791 1563 1905 1632 jam
1952 1571 2080 1616 ante

440 1734 447 1739 .
494 1664 845 1735 composuit;
897 1670 951 1715 et
998 1660 1052 1713 in
1094 1656 1400 1712 masculum
1450 1663 1506 1708 ct
1548 1654 1843 1707 femineum
1876 1667 2082 1721 corpus

2166 464 2358 534 μένους
2395 465 2532 533 ὀργῇ
2565 481 2671 515 τινι
2722 462 2894 516 ταῦτα
2939 463 3255 535 δεδρακέναι
3310 465 3401 518 τὸν
3437 465 3546 517 τῶν
3593 467 3732 521 ὅλων

2162 557 2316 619 Θεὸν,
2347 557 2443 608 καὶ
2482 556 2812 623 ἀγνοοῦντας
2851 557 2913 607 τὸ
2944 559 3041 628 τῆς
3069 556 3377 627 οἰκονομίας
3414 561 3731 631 μυστήριον·

2164 648 2320 719 δῆλον
2355 647 2462 716 γὰρ
2505 642 2660 717 οἶμαι
2713 646 2824 716 (18)
2876 648 2985 709 τοῖς
3012 648 3080 699 τὰ
3110 648 3226 701 θεῖα
3255 650 3735 719 πεπαιδευμένοις,

2144 741 2240 803 ’ώς
2277 740 2427 793 οὐδὲν
2488 741 2553 793 ὲκ
2602 740 2964 810 μεταμελείας
3008 741 3165 794 εἴωθε
3194 746 3370 797 ποιεῖν
3408 743 3437 794 ὁ
3464 744 3571 797 τῶν
3599 742 3742 797 ὅλων

2167 833 2335 896 Θεός·
2367 831 2525 886 τοῦτο
2578 833 2686 902 γὰρ
2740 832 2805 902 δὴ
2850 832 2912 884 τὸ
2950 832 3124 896 πάθος
3165 817 3303 887 ’ῐδιον
3346 834 3455 888 τῶν
3497 836 3742 906 τρεπτὴν

2170 927 2403 996 ἑχόντων
2430 923 2530 993 τὴν
2566 923 2748 993 φύσιν,
2782 924 2877 976 καὶ
2904 923 2998 977 νῦν
3024 925 3136 994 (19)
3174 925 3274 995 μὲν
3295 926 3526 993 τούτοις,
3561 926 3657 980 νῦν
3683 926 3745 979 δὲ

2169 1018 2398 1079 ἐκείνοις
2428 1014 2832 1085 ἀρεσκομένων,
2865 1016 2956 1068 καὶ
2978 1021 3037 1068 τὸ
3069 1015 3258 1086 μέλλον
3296 1015 3512 1069 ἔσεσθαι
3538 1018 3746 1071 παντά-

2171 1126 2341 1162 πασιν
2371 1108 2727 1176 ἀγνοούντων.
2772 1108 2832 1160 Ὀ
2866 1108 2921 1161 δὲ
2951 1108 3059 1161 τῶν
3117 1108 3253 1161 ὅλων
3297 1108 3429 1172 Θεὸς
3473 1109 3747 1179 ἄτρεπτον

2176 1201 2277 1270 μὲν
2307 1198 2418 1269 ἔχει
2446 1199 2545 1268 τὴν
2580 1194 2740 1266 φύσιν
2765 1214 2780 1229 ·
2810 1193 2918 1250 οἶδε
2946 1198 3023 1262 δὲ,
3052 1198 3127 1261 ώς
3152 1198 3252 1269 ήδη
3281 1200 3643 1269 γεγενημένα,
3671 1200 3749 1252 τά

2180 1294 2344 1363 μήπω
2392 1291 2770 1360 γεγενημένα.
2804 1290 3013 1344 Αὐτίκα
3042 1290 3173 1358 γοῦν
3203 1292 3299 1344 καὶ
3347 1291 3416 1344 τά
3466 1291 3608 1344 κατὰ
3649 1292 3747 1344 τὸν

2189 1383 2361 1453 Ἀδὰμ
2393 1382 2665 1453 προορῶν,
2693 1381 2789 1434 καὶ
2819 1382 3210 1453 προγινώσκων
3250 1383 3325 1445 ώς
3363 1383 3555 1454 θνητὸς
3581 1386 3749 1454 γενή-

2180 1490 2333 1526 σεται
2390 1472 2488 1542 τὴν
2525 1470 2746 1542 ἐντολὴν
2801 1473 3079 1545 παραϐάς,
3135 1474 3387 1543 τοιαύτην
3441 1475 3603 1528 αὑτοῦ
3650 1478 3751 1529 καὶ
3779 1470 3791 1483 ”

2186 1565 2284 1635 τὴν
2323 1563 2487 1633 φύσιν
2534 1566 3078 1637 προκατεσκεύασεν’
3137 1567 3217 1629 είς
3258 1567 3424 1638 ἄρρεν
3481 1568 3587 1638 γάρ
3650 1570 3753 1621 καὶ

2182 1656 2320 1724 θῆλυ
2375 1655 2470 1709 τοῦ
2499 1660 2751 1727 σώματος
2781 1658 3117 1728 ἐσχημάτισε
3144 1658 3243 1728 τὴν
3276 1659 3558 1713 διάπλασιν
3583 1677 3597 1689 ·
3634 1661 3753 1713 τῶν

500 1758 772 1813 formavit.
798 1756 923 1809 Haec
960 1751 1223 1820 siquidem
1264 1759 1348 1803 est
1401 1761 1693 1816 corporum
1740 1745 2071 1809 mortalium,

2189 1744 2239 1797 δὲ
2272 1745 2503 1815 θνητῶν.
2530 1747 2622 1799 καὶ
2645 1746 2990 1810 παιδοποιίας
3018 1747 3282 1817 δεομένων
3307 1750 3386 1811 είς
3414 1747 3510 1818 τὴν
3531 1748 3620 1801 τοῦ
3653 1751 3754 1818 γέ-

500 1856 555 1902 et
586 1850 968 1917 procreatione
1017 1843 1309 1896 liberarum
1347 1839 1703 1920 indigentium
1738 1839 1805 1892 ad
1855 1852 2079 1893 conser-

503 1943 777 1994 vationem
836 1935 1087 2007 generis,
1151 1932 1513 1987 constructio.
1572 1928 1707 1984 Nam
1757 1930 2081 1984 immortalis

501 2040 697 2085 natura
735 2044 841 2082 non
869 2042 1006 2095 Opus
1032 2025 1190 2078 habet
1221 2024 1454 2077 femineo
1484 2037 1644 2076 sexu.
1676 2019 1789 2074 Hac
1818 2020 1886 2074 de
1917 2035 2083 2075 causa

501 2133 718 2178 creator
762 2121 1207 2187 incorporearum
1254 2122 1629 2170 creaturarum
1680 2127 1964 2166 numerum
2011 2112 2085 2166 si-

503 2215 616 2269 mul
655 2213 947 2283 produxit:
986 2208 1237 2263 mortalia
1270 2222 1401 2261 vero
1441 2205 1699 2259 animalia
1731 2205 1858 2259 bina
1896 2205 2084 2272 cujus-

499 2320 609 2376 que
638 2303 832 2374 speciei
864 2300 1091 2366 creavit,
1140 2296 1444 2353 masculum
1472 2305 1526 2350 et
1557 2294 1851 2360 femellam,
1885 2293 2085 2364 quibus

500 2405 690 2466 postea
728 2391 1047 2447 incrementi
1098 2389 1530 2444 benedictionem
1582 2387 1853 2441 donavit:
1893 2404 1912 2437 ι
1952 2384 2086 2440 Cre-

503 2483 642 2538 scite
698 2482 865 2545 enim,
936 2479 1133 2549 inquit,
1186 2488 1242 2532 et
1284 2477 1790 2546 multiplicaminib.
1832 2498 1851 2528 ι
1905 2475 1997 2530 Sic
2033 2484 2088 2530 et

504 2576 783 2630 hominem
816 2573 1074 2627 formavit
1106 2570 1406 2626 masculum
1433 2579 1488 2624 ct
1511 2568 1790 2634 feminam,
1814 2569 2089 2623 eamdem-

500 2682 615 2737 que
656 2664 1088 2720 benedictionem
1142 2663 1252 2716 illis
1285 2662 1469 2716 dedit:
1511 2679 1529 2712 ι
1571 2660 1834 2721 Crescite.
1866 2670 1918 2712 et
1950 2659 2090 2712 Inul-

505 2752 852 2823 tiplicamini,
884 2760 938 2805 et
968 2751 1172 2820 replete
1217 2759 1443 2811 terram,
1477 2757 1531 2803 et
1555 2748 1610 2802 in
1641 2762 1761 2802 eam
1799 2747 2089 2815 imperium

500 2846 773 2900 ‘habetec.
820 2862 839 2895 ι
882 2842 997 2897 Hoc
1043 2843 1207 2913 igitur
1256 2840 1555 2911 praevidens
1610 2838 1754 2893 Deus
1808 2838 2087 2902 omnium,

505 2952 618 2991 non
654 2936 831 2991 solum
873 2949 969 2988 eos
1009 2934 1083 2988 ita
1116 2932 1411 2996 formavit,
1459 2931 1556 2987 sed
1587 2934 1749 2985 etiam
1790 2932 1856 2986 de
1884 2931 2091 2985 edendo

508 3026 682 3095 legem
731 3024 813 3078 eis
863 3022 1030 3076 dedit.
1072 3040 1089 3072 ι
1124 3021 1260 3075 Ecce
1304 3021 1470 3085 enim,
1518 3020 1717 3090 inquit,
1768 3018 1891 3074 dedi
1931 3020 2090 3073 vobis

2179 1854 2303 1899 νους
2331 1836 2615 1907 διαμονὴν,
2649 1838 2685 1909 ή
2715 1836 2939 1910 τοιαύτη
2966 1838 3076 1891 τῶν
3117 1839 3384 1909 σωμάτων
3413 1846 3750 1909 κατασκευή.

2191 1927 2259 1981 Ἦ
2281 1928 2389 2000 γὰρ
2417 1929 2683 1992 ἀθάνατος
2714 1928 2874 1998 φύσις
2898 1930 2956 1983 ού
2983 1931 3152 1983 δεῖται
3178 1931 3273 1984 τοῦ
3297 1931 3487 2002 θήλεος
3511 1948 3524 1960 ’
3555 1933 3754 1986 τούτου

2180 2022 2343 2091 χάριν
2374 2022 2402 2073 ὁ
2431 2022 2659 2091 ποιητὴς
2685 2020 2819 2090 ὁμοῦ
2848 2021 2938 2074 τὸν
2961 2022 3071 2074 τῶν
3100 2023 3408 2092 ἀσωμάτων
3433 2025 3756 2096 παρήγαγεν

2183 2111 2418 2183 ἀριθμόν
2443 2112 2508 2165 ⁸⁸.
2550 2112 2671 2165 Τῶν
2702 2112 2760 2165 δὲ
2799 2112 3006 2183 θνητῶν
3039 2112 3191 2177 ζώων
3218 2114 3321 2167 ἀνὰ
3353 2113 3446 2167 δύο
3474 2116 3593 2169 καθ’
3616 2117 3757 2168 Exa-

2185 2222 2309 2258 στον
2342 2204 2747 2275 ἐδημιούργησε
2777 2204 2953 2273 γένος,
2994 2206 3159 2278 ἄρσεν
3192 2206 3452 2277 stulti-7310
3479 2223 3492 2237 ·
3529 2208 3622 2261 καὶ
3651 2209 3761 2278 τῆς

2185 2296 2468 2367 αὐξήσεως
2497 2296 2680 2361 αὐτοῖς
2706 2296 2802 2368 τὴν
2828 2298 3078 2367 εὐλογίαν
3102 2300 3425 2371 ἐπήνεγκεν.
3468 2318 3487 2351 ι
3512 2300 3759 2366 Δὺξάνε-

2187 2392 2305 2455 cile,
2340 2391 2436 2444 καὶ
2470 2390 2828 2460 πληθύνεσθε,
2871 2392 2967 2446 κα)⁸
3013 2392 3339 2465 πληρώσατε
3381 2396 3481 2466 τήν
3504 2396 3625 2465 γῆν,
3658 2397 3761 2449 καὶ

2187 2482 2658 2552 κατακνριεύσατε
2704 2482 2897 2553 αὐτῆς.
2926 2501 2946 2534 ι
2983 2485 3167 2538 Ταῦτα
3210 2485 3389 2538 τοίνυν
3432 2487 3678 2556 προορῶν
3728 2489 3762 2540 ὁ

2186 2572 2296 2627 τῶν
2338 2574 2474 2626 ὅλων
2529 2574 2679 2640 Θεὸς,
2711 2574 2771 2627 ού
2822 2574 2982 2646 μόνον
3028 2575 3225 2639 αὐτοὺς
3265 2575 3408 2630 οὕτω
3443 2576 3757 2643 διέπλασεν,

2187 2663 2323 2716 ἀλλὰ
2346 2662 2439 2715 καὶ
2465 2662 2557 2714 τὸν
2591 2662 2682 2713 ἐπὶ
2716 2660 2813 2730 τῆς
2848 2662 3103 2733 βρώσεως
3128 2663 3311 2727 αὐτοῖς
3332 2664 3530 2718 δέδωκε
3559 2665 3753 2735 νόμον.

2195 2774 2213 2804 ι
2252 2754 2381 2808 Ἰδοὺ
2414 2753 2542 2823 γὰρ,
2572 2753 2730 2824 φησὶ,
2757 2754 2962 2808 δέδωκα
2995 2754 3121 2824 ύμῖν
3164 2756 3340 2809 πάντα
3380 2756 3570 2827 χόρτον
3618 2758 3757 2811 σπό-

2193 2859 2354 2913 ριμον
2385 2845 2605 2914 σπεῖρον
2646 2843 2890 2914 σπέρμα,
2919 2844 2948 2896 ὅ
2985 2844 3131 2897 ἐστιν
3155 2846 3338 2898 ἐπάνω
3364 2848 3463 2918 τῆς
3489 2847 3591 2917 γῆς
3611 2864 3625 2880 °
3659 2850 3762 2902 καὶ

2192 2936 2300 2987 πᾶν
2333 2933 2509 2999 ξύλον,
2545 2934 2573 2987 ὃ
2606 2934 2718 3005 ἔχει
2751 2937 2809 2989 ὲν
2832 2934 3011 3007 ἐαυτῷ
3048 2937 3258 3007 καρπὸν
3282 2937 3596 3009 σπέρματος
3625 2942 3765 2994 σπόο

2195 3041 2353 3095 ριμον
2378 3024 2447 3087 ⁸³,
2476 3025 2602 3095 ὑμῖν
2638 3026 2790 3079 ἔσται
2834 3026 2913 3089 είς
2942 3026 3167 3097 βρῶσιν,
3210 3028 3305 3080 καὶ
3337 3030 3470 3081 πᾶσι
3511 3034 3622 3094 τοῖς
3655 3032 3762 3102 θη-

509 3130 729 3170 omnem
761 3114 989 3168 herbam
1035 3113 1372 3177 seminalem,
1405 3113 1681 3167 seminans
1711 3126 1918 3172 semen.
1944 3111 2089 3180 quod

2199 3119 2332 3188 ρίοις
2374 3121 2473 3188 τῆς
2512 3117 2615 3187 γῆς
2647 3118 2714 3181 δ’,
2749 3118 2844 3171 καὶ
2874 3118 3009 3170 πᾶσι
3050 3120 3160 3182 τοῖς
3183 3122 3445 3182 πετεινοῖς
3471 3120 3565 3175 τοῦ
3595 3124 3764 3193 ούρα-

510 3215 595 3262 est
648 3220 811 3275 super
866 3203 1176 3258 universam
1242 3211 1487 3258 terram:
1547 3212 1603 3256 et
1650 3217 1813 3256 omne
1865 3202 2091 3272 lignum,

511 3296 658 3369 quod
690 3296 852 3349 habet
880 3292 1122 3348 fructum
1180 3294 1405 3347 seminis
1434 3293 1771 3355 semiualcm.
1809 3293 1964 3347 vobis
1989 3294 2097 3347 erit

513 3390 569 3442 in
619 3386 838 3451 cibum,
887 3392 943 3439 et
980 3382 1237 3437 omnibus
1290 3382 1476 3437 bestiis
1512 3392 1690 3447 terrae,
1739 3393 1794 3438 ct
1844 3382 2095 3438 omnibus

513 3478 825 3533 volatilibus
870 3475 1018 3538 coeli,
1054 3485 1108 3529 et
1149 3473 1302 3529 omni
1336 3474 1515 3543 reptili
1553 3476 1757 3543 repenti
1788 3491 1952 3545 super
1985 3487 2096 3530 ter-

516 3584 655 3635 ram,
703 3567 851 3639 quod
900 3566 1064 3635 habet
1094 3565 1150 3619 in
1182 3564 1364 3634 seipso
1399 3565 1635 3637 animam
1688 3568 1828 3620 vitae.
1870 3566 1938 3621 Et
1976 3584 2096 3623 om—

517 3676 642 3716 nem
674 3662 893 3714 herbam
940 3656 1169 3713 viridcm
1200 3656 1323 3710 dedi
1356 3657 1511 3712 vobis
1555 3658 1609 3711 in
1639 3672 1821 3712 escam
1837 3658 1887 3713 ά.
1934 3676 1953 3711 ι
1990 3658 2093 3728 51

520 3752 645 3809 Hac
662 3754 806 3807 enim
837 3750 974 3807 dixit
1003 3750 1144 3806 Deus
1176 3750 1384 3805 Adamo
1417 3759 1542 3803 ante
1571 3759 1920 3821 praeceptum.
1951 3750 2097 3805 Mor-

522 3845 618 3901 tali
665 3853 845 3897 autem
894 3851 1162 3897 creatura:
1230 3840 1574 3897 necessarius
1620 3850 1704 3897 est
1739 3842 1931 3897 cibus:
1970 3858 2094 3897 nam

522 3935 844 3991 immortalis
872 3943 1064 3988 natura
1097 3933 1219 3988 cibo
1249 3948 1357 3987 non
1384 3932 1614 4003 indiget.
1644 3934 1703 3990 Id
1731 3935 1877 4005 quod
1908 3934 2097 3990 Domi-

524 4042 630 4082 nus
656 4027 859 4080 docens
885 4028 989 4080 ait:
1045 4042 1065 4076 ι
1105 4022 1235 4080 Post
1271 4027 1727 4081 resurrectionem
1757 4026 1959 4097 nuptiis
1989 4041 2099 4082 non

526 4119 767 4181 tradunt,
799 4131 977 4187 neque
1006 4116 1294 4172 traduntur
1315 4158 1332 4185 ,
1368 4118 1465 4174 sed
1503 4128 1634 4173 sunt
1664 4118 1807 4174 sicut
1835 4118 2012 4190 angeli
2044 4120 2100 4174 in

527 4210 733 4264 melisa
772 4228 792 4261 ι
838 4210 1006 4279 Igitur
1046 4209 1267 4265 minime
1314 4212 1556 4281 procedit
1593 4211 1662 4265 ab
1710 4211 1790 4265 ira
1818 4211 1926 4266 tale
1972 4226 2102 4281 sup-

528 4302 782 4371 plicium,
846 4300 939 4355 sed
1000 4300 1332 4370 dispensatio
1388 4313 1472 4358 est
1518 4318 1743 4358 summa:
1799 4305 2098 4374 sapientiae.

2194 3208 2311 3273 νοῦ,
2343 3209 2437 3262 καὶ
2474 3209 2634 3261 παντὶ
2680 3205 2894 3279 ἑρπετῷ
2920 3207 3142 3278 ἕρποντι
3180 3207 3275 3261 ἐπὶ
3300 3209 3399 3281 τῆς
3426 3210 3549 3279 γῆς,
3578 3212 3607 3264 δ
3644 3214 3765 3284 ἔχει

2195 3302 2252 3353 ἐν
2299 3300 2449 3371 αὐτῷ
2494 3300 2671 3375 ψυχὴν
2721 3299 2902 3371 ζωῆς·
2956 3300 3049 3353 καὶ
3080 3303 3269 3356 ’πάντα
3315 3301 3505 3373 χόρτον
3552 3304 3764 3376 χλωρὸν

2196 3394 2323 3463 ὑμῖν
2345 3394 2552 3447 δέδωκα
2571 3394 2650 3457 εἰς
2685 3392 2909 3464 βρῶσιν.
2936 3412 2954 3444 ι
2991 3393 3177 3447 Ταῦτα
3206 3395 3316 3465 γὰρ
3348 3396 3455 3466 πρὸ
3480 3400 3581 3468 τῆς
3613 3400 3768 3451 ἐντος

2195 3486 2294 3556 λῆς
2339 3488 2477 3557 πρὸς
2534 3486 2626 3540 τὸν
2675 3484 2845 3554 Ἀδὰμ
2885 3487 2915 3538 ὁ
2954 3486 3064 3540 τῶν
3106 3486 3243 3541 ὅλων
3279 3487 3384 3557 ἔφη
3433 3489 3584 3553 Θεός.
3618 3490 3766 3560 Θνη-

2194 3578 2303 3631 τῶν
2333 3577 2446 3648 (20)
2468 3577 2526 3631 δὲ
2552 3579 2585 3648 ή
2620 3576 2856 3649 βρῶσις⁹
2887 3577 3155 3642 ἀθάνατος
3179 3578 3290 3651 γὰρ
3314 3580 3474 3648 φύσις
3501 3582 3561 3635 οὐ
3588 3582 3768 3637 δεῖται

2195 3672 2422 3740 τροφῆς.
2473 3668 2585 3724 Καὶ
2639 3669 2797 3722 τοῦτο
2844 3668 3108 3725 διδάσκων
3164 3672 3193 3724 ὁ
3247 3672 3449 3743 Κύριος
3498 3675 3623 3744 ἔφη,
3677 3676 3765 3729 ὅτι

2205 3778 2223 3811 ι
2260 3759 2413 3814 Μετὰ
2452 3758 2550 3830 τὴν
2578 3758 2873 3814 ἀνάστασιν
2897 3758 3022 3813 οὔτε
3051 3758 3323 3830 γαμοῦσιν
3352 3762 3485 3833 (21),
3508 3762 3630 3816 οὔτε
3658 3782 3768 3833 γα-

2203 3852 2508 3923 μίσκονται,
2568 3849 2683 3905 ἀλλ’
2732 3852 2870 3906 εἰσὶν
2911 3851 2989 3915 ὼς
3045 3852 3265 3922 ἄγγελοι
3315 3855 3376 3907 ὲν
3432 3857 3542 3919 τοῖς
3600 3858 3771 3927 οὐρα-

2198 3944 2309 4006 νοῖς
2332 3942 2467 4013 (22).
2508 3961 2527 3995 ι
2558 3944 2634 3997 Οὐ
2668 3943 2846 3998 τοίνυν
2874 3943 3045 4015 ὀργῆς
3074 3945 3109 4016 ή
3138 3944 3395 4016 τιμωρία,
3422 3944 3538 4000 ἀλλ’
3560 3948 3769 4001 οἰκονο-

2204 4032 2302 4106 μία
2335 4033 2528 4103 σοφίας
2562 4034 2828 4107 μεγίστης
2852 4034 2920 4089 ⁸³.
2954 4035 3073 4090 ’Ὶνα
3121 4035 3229 4105 γὰρ
3272 4039 3401 4109 μισῇ
3436 4037 3533 4109 τήν
3581 4039 3768 4111 ἁμαρ-

2200 4122 2321 4178 τίαν
2366 4125 2474 4179 τῶν
2524 4123 2826 4195 ἀνθρώπων
2870 4125 2931 4178 τὸ
2961 4124 3135 4193 γένος,
3181 4125 3258 4189 ώς
3304 4127 3482 4181 αἰτίαν
3529 4128 3767 4183 θανάτου

2201 4214 2593 4285 γεγενημένην,
2628 4214 2767 4286 μετὰ
2788 4214 2886 4287 τὴν
2914 4215 3225 4286 παράϐασιν
3261 4218 3361 4288 τῆς
3387 4218 3604 4290 ἐντολῆς
3637 4221 3769 4273 ἑπι-

2202 4305 2361 4377 φέρει
2406 4304 2502 4358 τοῦ
2545 4305 2775 4359 θανάτου
2804 4305 2901 4376 τὴν
2934 4305 3113 4376 ψῆφον
3158 4308 3187 4361 ὁ
3237 4308 3533 4376 πάνσοφος.
3576 4309 3769 4380 Τούτῳ

528 4387 733 4458 Nempe
761 4388 903 4444 Deus
930 4389 1363 4459 sapientissimus
1391 4400 1515 4462 post
1532 4394 1770 4448 mandati
1796 4403 2103 4465 transgres-

2207 4397 2306 4469 μὲν
2333 4397 2394 4450 τὸ
2420 4399 2546 4469 περὶ
2578 4397 2676 4469 τὴν
2701 4399 2975 4469 ἁμαρτίαν
3007 4398 3395 4470 μηχανώμενος
3422 4402 3598 4471 μῖσος,
3629 4417 3769 4471 προ-

531 4482 739 4536 sionem
771 4480 874 4536 fert
906 4482 1100 4537 mortis
1134 4483 1479 4553 sententiam,
1510 4495 1572 4539 ut
1607 4485 1905 4542 humanum
1932 4503 2103 4558 genus

2207 4487 2542 4557 ευτρεπίζων
2568 4487 2625 4541 δὲ
2648 4487 2727 4559 τῷ
2750 4488 2897 4558 γένει
2935 4490 3034 4560 τῆς
3065 4492 3335 4563 σωτηρίας
3361 4492 3422 4544 τὸ
3452 4492 3765 4562 φάρμακον,

533 4580 893 4640 prosequatur
937 4570 1064 4626 odio
1133 4582 1439 4641 peccatum,
1497 4576 1698 4646 quippe
1741 4577 1887 4647 quod
1934 4578 2098 4635 fuerit

635 4748 663 4787 δ
689 4747 821 4804 Gen.
856 4765 894 4815 ι,
930 4749 1022 4805 28.
1095 4753 1118 4781 ⁸
1151 4750 1285 4807 ibid.
1360 4750 1388 4791 ά
1417 4752 1548 4808 ibid.
1580 4754 1671 4819 29,
1703 4756 1790 4809 50.

2200 4578 2263 4632 τὸ
2283 4578 2371 4633 διὰ
2398 4580 2497 4651 τῆς
2535 4580 2645 4653 (25)
2676 4579 2769 4635 τοῦ
2795 4582 3131 4651 Μονογενοῦς
3161 4582 3641 4654 ὲνανθρωπήσεως,
3664 4571 3768 4654 τὴν

1900 4769 1923 4795 ο
1950 4756 2137 4811 Matth.
2168 4773 2299 4825 χιιι,
2335 4758 2425 4814 50.

1380 4870 2053 4972 ἾΑΒΙΔΞίΕΟΤΙῸΝΕΞ
2106 4912 2199 4969 ex
2250 4913 2527 4971 CA'I‘ENA
2566 4914 2922 4972 LlPSlENSl.

614 5062 659 5148 ξ’
685 5061 805 5148 (lat:
835 5078 883 5133 pi
916 5064 1221 5148 ξὶ7.παρήγ.
1246 5068 1542 5148 ὁρμαθόν.α
1580 5068 1628 5101 ⁸³
1652 5069 1963 5148 σπέρματος
1990 5087 2103 5141 σποι

2189 5088 2281 5127 .ου.
2359 5070 2406 5102 ⁵⁸
2434 5080 2557 5140 post
2586 5072 2685 5143 τῆς
2711 5071 2813 5141 γῆς
2841 5070 3085 5141 sequitur
3117 5071 3169 5124 in
3200 5080 3306 5125 cat.
3339 5088 3394 5142 p.
3419 5072 3511 5138 97,
3541 5070 3637 5125 καὶ
3660 5070 3752 5123 πᾶο

546 5130 704 5197 ξύλον
729 5134 758 5186 δ
776 5130 888 5204 ἔχει
914 5139 971 5189 ὲν
993 5130 1165 5207 ἑαυτῷ
1181 5130 1422 5210 καρπόν.
1498 5141 1543 5171 ⁸⁵
1575 5130 1770 5207 σοφίας
1795 5130 1985 5211 μεστή.

2061 5293 2288 5351 NOTAE.

774 5446 904 5522 god.
937 5457 991 5522 et
1018 5447 1125 5522 Pic.
1160 5449 1314 5522 δῆλον
1331 5449 1439 5522 γὰρ
1470 5448 1607 5505 εἶναι
1635 5447 1809 5521 οἶμαι.

651 5518 736 5589 Hi)
778 5516 1557 5589 Καὶνῦνμὲν-τὴνέρῦσιν,
1589 5516 1811 5577 Desunt.

646 5446 736 5513 18)
774 5446 904 5499 Cod.
937 5457 991 5501 et
1018 5447 1125 5502 Pic.
1160 5449 1314 5515 δῆλον
1331 5449 1439 5522 γὰρ
1470 5448 1607 5505 εἶναι
1635 5471 1653 5506 ι

651 5518 736 5583 l9)
778 5516 889 5569 Καὶ
903 5518 1017 5570 νῦν
1029 5519 1329 5587 μὲν-τὴν
1350 5524 1557 5589 φύσιν.
1589 5523 1653 5577 De

651 5586 749 5726 20;
783 5587 1041 5653 Θνητών.
1072 5589 1204 5643 Cod.
1233 5602 1286 5645 et
1304 5590 1413 5646 Pic.
1456 5592 1653 5664 θνητῷ.

700 5658 719 5708 1
774 5656 919 5711 οὔτε
946 5660 1259 5728 γαμοῦσιν.
1290 5661 1511 5718 Desunt.

700 5656 749 5726 I)
774 5656 919 5711 οὔτε
946 5660 1259 5728 γαμοῦσιν.
1290 5661 1511 5718 Desunt.

2288 5440 2411 5572 (Ξῖ)
2438 5452 2594 5507 Μετὰ
2620 5480 2687 5490 --
2707 5450 3004 5521 οὐρανοῖς.
3035 5448 3161 5507 Haec
3180 5467 3217 5521 ,a
3237 5454 3507 5509 communi
3542 5453 3779 5509 lectione

2288 5539 2353 5572 ΒΘ(
2378 5533 2493 5572 ιιιιῐ.

2218 5533 2493 5576 recedunt.

2217 5679 2251 5714 κ
2287 5592 2400 5711 (Ξὸ)
2437 5594 2505 5646 Τὸ
2555 5591 2651 5645 διὰ
2698 5589 2806 5660 τῆς
2857 5610 2913 5647 κ.
2950 5596 3008 5647 λ.
3061 5593 3192 5650 Cod.
3223 5605 3274 5650 et
3324 5593 3437 5651 Pic.
3486 5595 3547 5647 τὸ
3584 5594 3641 5647 δὲ
3671 5593 3779 5664 τῆς
