3964 6572
1353 418 1639 490 ΟΠᾹΞΞΤ.
1675 413 1753 474 ιΝ
1777 361 2229 473 GENES.LAP.
2288 409 2400 470 ΙΙΙ.

3371 485 3376 489 ,
3409 404 3516 472 138

237 555 300 602 ἑκ
349 545 567 616 νεκρῶν
613 545 938 607 ἀνάστασιν,
974 543 1069 594 καὶ
1097 542 1202 611 τὴν
1236 539 1541 594 ἀθανασίαν
1573 553 1828 607 πραγμα-
1856 539 1874 594 Α

1959 533 2122 589 nortis
2166 547 2330 587 causa
2367 571 2378 584 .
2431 529 2536 584 hoc
2564 539 2724 599 pacto
2765 543 3066 596 procurans
3099 531 3173 585 illi
3203 532 3393 587 odium
3424 533 3520 585 ad-

234 639 584 710 τευαάμενον
605 637 680 692 ⁸³.
712 637 780 690 Τί
816 635 874 690 δὲ
898 633 1107 705 ἀπηνὲς
1135 635 1170 705 ἡ
1209 632 1484 702 ἀπόφασις
1513 631 1648 703 ἔχει,
1697 649 1715 680 ι
1753 629 1828 698 Γῆ

238 729 310 795 εἷ,
367 730 466 784 καὶ
527 731 610 793 εἰς
653 731 757 800 γῆν
791 727 1102 799 ἀπελεύσῃ;
1138 745 1156 778 ι
1201 726 1334 778 Ἀπὸ
1384 724 1490 795 γῆς
1527 742 1609 788 σε,
1638 723 1829 794 φησὶν,

233 825 476 885 Exitum,
505 825 605 877 atat
627 825 708 886 εἰς
733 822 943 894 ἀμείνω
973 820 1155 893 πολλῷ
1187 819 1567 890 μετεσκεύασα
1593 817 1706 886 (24)
1738 817 1832 886 φύ-

237 935 354 972 σιν.
399 917 626 988 Ἐπειδὴ
657 917 714 971 δὲ
751 914 986 986 φυλάξαι
1022 932 1122 986 μου
1167 915 1268 984 τὴν
1312 913 1535 983 ἐντολὴν
1577 914 1680 966 οὐκ
1707 911 1833 982 nos-

237 1016 437 1081 λησας,
491 1011 635 1082 πρὸς
688 1010 789 1080 τὴν
835 1008 1110 1080 προτέραν
1155 1006 1420 1061 ὲπάνελθε
1464 1005 1647 1075 φύσιν.
1691 1005 1831 1058 Ἀνθ’

235 1106 372 1157 ὅτου
403 1104 459 1157 δὲ
485 1103 730 1174 σμικρὸν
771 1099 909 1156 εἶναι
941 1102 1094 1156 δοκεῖ
1125 1101 1187 1154 τὸ
1220 1101 1565 1178 ἀ-μάρτημας
1608 1098 1833 1153 Πάντων

233 1196 397 1266 αὐτῷ
415 1195 529 1248 τῶν
556 1195 741 1264 φυτῶν
763 1192 1017 1248 ἐδεδώκει
1040 1192 1139 1265 τὴν
1166 1191 1419 1256 ἐξουσίαν
1444 1205 1458 1220 ⁸
1499 1190 1617 1253 ἑνὸς
1646 1189 1703 1243 δὲ
1735 1190 1833 1260 μό-

234 1303 332 1340 νου
376 1287 478 1358 τὴν
511 1286 718 1355 ἐδωδὴν
748 1285 1145 1356 ἀπηγορεύκει.
1185 1283 1245 1336 ὐ
1282 1283 1339 1336 δὲ
1378 1283 1448 1337 τά
1489 1281 1626 1336 ἄλλα
1655 1282 1836 1335 πάντα.

231 1377 594 1442 καταλιπὼν,
629 1377 822 1430 τοῦτον
850 1377 958 1428 κα).
983 1371 1204 1446 πρῶτον
1234 1377 1330 1427 καὶ
1366 1374 1526 1444 μόνον
1557 1373 1833 1444 ἐτρύγησε

229 1467 330 1519 τὸν
376 1466 622 1537 καρπόν.
657 1465 826 1520 Τοῦτο
870 1464 980 1534 γὰρ
1014 1462 1163 1534 αύτῷ
1194 1463 1296 1516 καὶ
1337 1464 1366 1515 ὁ
1395 1463 1676 1533 Δεσπότης
1701 1462 1836 1524 Θεὸς

232 1556 543 1626 ἐμέμψατο
567 1573 582 1588 ο
615 1575 635 1608 ι
663 1557 706 1608 Τ
713 1556 761 1618 Ea;
792 1555 923 1626 γὰρ,
953 1557 1140 1625 φησὶν,
1169 1553 1459 1624 ἀνήγγειλέ
1499 1570 1583 1606 σοι
1627 1552 1709 1604 δτι
1739 1568 1838 1619 γυ-

227 1649 374 1717 μνὸς
412 1644 484 1712 εἴ,
517 1650 570 1701 εἰ
606 1647 682 1719 μὴ
730 1646 839 1700 ἀπὸ
871 1645 968 1700 τοῦ
1012 1644 1195 1710 ξύλου,
1239 1640 1300 1698 οὗ
1352 1643 1710 1713 ἐνετειλάμην
1754 1659 1854 1724 σοι.

230 1739 442 1792 τούτου
473 1739 644 1810 μάνου
681 1739 760 1808 μὴ
791 1739 1004 1806 φαγεῖν,
1033 1739 1129 1790 ἀπ’
1152 1736 1318 1790 αὐτοῦ
1350 1735 1591 1806 ἔφαγες;
1627 1755 1645 1786 ι
1677 1733 1841 1804 Δεδή-

231 1827 390 1879 λωκε
427 1829 488 1881 δὲ
522 1827 687 1881 τοῦτο
731 1828 824 1881 καὶ
881 1829 908 1880 ὁ
948 1827 1192 1890 διάϐολος
1231 1826 1298 1878 δι’
1329 1820 1403 1878 ὧν
1439 1825 1541 1896 ἔφη
1585 1827 1651 1896 τῇ
1690 1824 1835 1895 Εὕᾳο

233 1936 259 1969 4
294 1919 369 1970 Τί
405 1920 492 1973 ὅτι
522 1914 681 1972 εἶπεν
705 1919 734 1971 ὁ
759 1919 912 1983 Θεὸς,
940 1919 1002 1972 ού
1037 1918 1112 1990 μὴ
1137 1920 1349 1989 φάγητε
1383 1919 1492 1973 ἀπὸ
1527 1918 1727 1980 παντὸς
1754 1917 1844 1982 ξύο

229 2011 338 2064 λου
374 2012 478 2064 τοῦ
511 2013 572 2065 ὲν
596 2010 676 2082 τῷ
697 2012 1046 2082 παραδείσῳ;
1081 2031 1100 2062 ι
1141 2013 1204 2065 El
1233 2011 1289 2064 δὲ
1323 2010 1461 2065 εἶδεν
1499 2011 1844 2081 ἐδηδοκότας,

234 2105 344 2156 οὐκ
378 2103 454 2156 ἂν
487 2104 645 2175 ᾠήθη
675 2104 804 2175 περὶ
827 2105 1049 2156 πάντων
1073 2103 1270 2167 αὐτοὺς
1301 2104 1412 2156 τῶν
1440 2103 1671 2175 δένδρων
1698 2104 1847 2176 εἱλη-

229 2197 416 2263 φέναι
446 2194 547 2266 τὴν
584 2194 825 2266 ἐντολήν.
855 2194 934 2248 Οὐ
977 2196 1185 2266 σμικρὰ
1210 2194 1502 2266 τοιγαροῦν
1537 2197 1570 2264 ἡ
1601 2196 1848 2266 παράϐα-

237 2304 356 2351 σις.
389 2287 630 2357 Πρώτου
668 2287 780 2359 γὰρ
816 2287 1133 2358 μετέλαὸον,
1163 2281 1225 2342 οὗ
1257 2288 1420 2358 μόνου
1457 2288 1532 2360 μὴ
1557 2293 1848 2360 μετασχεῖν

236 2382 699 2452 ἐκελεύσθησαν.

1930 640 2124 680 versus
2176 633 2504 695 peccatum,
2551 630 2606 677 et
2641 635 2961 693 praeparans
3000 621 3050 694 ei
3098 623 3292 679 salutis
3338 639 3521 678 reme-

1931 716 2108 781 dium,
2144 717 2289 788 quod
2332 733 2428 788 per
2461 716 2718 770 humanae
2748 722 2956 768 natura:
2987 717 3420 785 assumptionem
3451 714 3522 769 ab

1933 809 2234 879 Unigenito
2271 807 2498 871 factam,
2535 821 2636 876 per
2670 804 3130 861 resurrectionem
3175 819 3210 857 a
3265 806 3519 868 mortuis,

1933 911 1988 956 et
2028 917 2122 971 per
2152 900 2624 956 immortalitatem
2651 899 2702 954 ei
2736 898 2967 968 peperit.
2994 896 3140 965 Quid
3173 896 3337 978 igitur
3366 912 3522 951 seve-

1935 994 2117 1048 ritatis
2173 993 2335 1048 habet
2387 993 2502 1048 haec
2544 990 2852 1047 sententia:
2909 1009 2929 1042 ι
2982 987 3153 1044 Terra
3211 1004 3312 1056 es,
3359 997 3414 1043 et
3466 987 3522 1042 in

1934 1096 2136 1142 terram
2171 1082 2491 1140 reverterisf
2519 1082 2543 1135 ἲ
2592 1101 2611 1136 ι
2649 1081 2690 1136 Ε
2719 1090 2886 1146 terra,
2930 1081 3128 1151 inquit,
3162 1078 3396 1136 formavi
3447 1089 3549 1144 te,-

1935 1187 1989 1231 et
2017 1178 2082 1230 ad
2115 1177 2286 1230 multo
2307 1175 2588 1232 meliorem
2621 1183 2874 1229 naturam
2898 1182 2956 1230 te
2981 1174 3204 1244 provexi
3237 1192 3252 1230 :
3285 1183 3341 1228 at
3371 1181 3526 1244 post-

1936 1283 2100 1337 quam
2134 1282 2353 1322 servare
2384 1274 2716 1337 praeceptum
2771 1281 2956 1321 meum
2994 1265 3248 1332 noluisti,
3282 1266 3334 1321 in
3373 1267 3526 1336 prio-

1936 1375 2050 1413 rem
2085 1369 2358 1414 revertere
2383 1367 2657 1413 naturam.
2696 1357 2838 1412 Num
2871 1359 2989 1412 leve
3015 1359 3113 1412 tibi
3155 1359 3370 1413 videtur
3395 1373 3527 1414 esse

1937 1451 2251 1522 peccatum?
2290 1450 2522 1507 Dederat
2555 1453 2603 1507 ei
2647 1452 2958 1521 plantarum
2993 1452 3238 1506 omnium
3289 1460 3528 1521 potesta-

1941 1553 2069 1606 tem,
2117 1545 2280 1598 unius
2342 1545 2514 1600 solius
2586 1545 3064 1601 manducationem
3126 1544 3526 1614 prohibuerat:

1940 1634 2031 1690 ille
2080 1651 2210 1692 vero
2276 1636 2503 1708 reliquis
2553 1638 2843 1693 omnibus"
2863 1638 3269 1708 praetermissis,
3313 1652 3380 1692 ex
3428 1638 3531 1693 hac

1941 1731 2116 1800 prima
2145 1741 2198 1785 et
2227 1731 2338 1786 sola
2378 1731 2574 1786 arbore
2615 1730 2853 1784 fructum
2895 1729 3187 1800 decerpsit.
3239 1728 3354 1785 Iloc
3381 1731 3531 1784 enim

1942 1833 1996 1877 et
2040 1822 2309 1878 Dominus
2342 1822 2486 1878 Deus
2516 1823 2593 1877 illi
2628 1821 2818 1892 objicit
2850 1841 2864 1876 :
2901 1841 2919 1873 ι
2955 1819 3091 1888 Quis
3133 1821 3302 1886 enim,
3331 1820 3529 1891 inquit,

1947 1917 2044 1972 tibi
2075 1917 2356 1979 indicavit,
2382 1915 2526 1987 quod
2558 1915 2741 1970 nudus
2769 1929 2945 1980 esses,
3003 1914 3110 1971 nisi
3141 1915 3269 1985 quia
3295 1914 3362 1969 de
3385 1914 3531 1984 ligno

1938 2009 2248 2074 ecmedisti,
2294 2009 2362 2064 de
2407 2024 2518 2080 quo
2566 2009 2684 2063 solo
2736 2022 3101 2077 praceperam
3155 2023 3225 2062 ne
3273 2006 3533 2062 comede-

1944 2120 2030 2158 rss
2046 2102 2115 2156 6?
2143 2121 2160 2154 ι
2199 2101 2506 2156 Declaravit
2535 2101 2700 2156 etiam
2729 2101 2834 2156 hoc
2857 2099 3130 2164 diabolus,
3153 2113 3250 2170 per
3273 2099 3388 2162 haec
3410 2114 3534 2168 quae

1945 2196 2081 2250 dixit
2112 2197 2266 2249 Evae:
2309 2213 2328 2246 ι
2365 2195 2544 2261 Quare
2581 2194 2726 2250 Deus
2761 2193 2918 2256 dixit,
2960 2209 3029 2248 ne
3071 2193 3433 2250 comederetis
3467 2194 3536 2248 de

1950 2289 2098 2342 einni
2139 2288 2304 2359 ligno,
2338 2287 2486 2358 quod
2519 2298 2600 2342 est
2632 2287 2684 2341 in
2722 2283 3068 2358 paradiso“
3113 2306 3130 2338 ι
3165 2284 3322 2352 Quod
3352 2286 3398 2340 si
3430 2285 3536 2340 sci-

1953 2385 2122 2438 visset
2155 2382 2279 2436 illos
2310 2381 2636 2443 comedisse.
2690 2396 2971 2451 nunquam
3017 2379 3122 2451 52
3171 2379 3538 2446 existimasse;

229 2490 344 2530 eos
398 2481 738 2545 praeceptum
795 2472 1074 2542 accepisse
1127 2473 1194 2528 de
1235 2473 1490 2528 omnibus
1537 2474 1844 2532 arboribus.
1887 2476 2003 2532 Non
2073 2473 2236 2544 igitur
2307 2471 2520 2526 modica
2572 2480 2656 2527 est
2704 2471 2818 2525 haec
2860 2469 3243 2540 transgressio.
3289 2468 3537 2526 Primum

239 2571 409 2625 enim
465 2571 534 2623 de
566 2582 636 2623 eo
666 2575 1040 2636 sumpserunt,
1078 2570 1142 2624 de
1171 2583 1283 2638 quo
1311 2569 1430 2622 solo
1469 2585 1685 2626 sumere
1734 2573 1986 2640 prohibiti
2016 2579 2191 2624 erant.
3440 2552 3444 2553 ν

873 2681 1072 2735 ΕΡΩΤ.
1111 2683 1240 2735 AH'.

249 2799 294 2850 Τ
292 2800 443 2866 ire;
469 2795 673 2860 ἕνεκα,
699 2793 817 2866 τοῦθ
851 2793 999 2866 Θεοῦ
1035 2795 1366 2866 εἰρηκότος,
1399 2789 1439 2866 ᾖ
1467 2794 1519 2847 δ’
1548 2795 1628 2851 ἂν
1666 2794 1858 2866 ᾑμέρᾳ.
1899 2817 1904 2822 ·

318 2865 501 2934 φάγῃ
550 2866 671 2918 ἀπὸ
714 2864 821 2917 τοῦ
872 2863 1088 2927 ξύλου,
1137 2863 1374 2931 θανάτῳ
1405 2863 1720 2933 datadari},
1748 2868 1859 2920 οὐκ

320 2933 520 3000 ὲὺθὺς
554 2933 819 2990 ἀπέθανε
849 2934 964 3001 τὴν
985 2934 1248 3002 ἐντολὴν⁹
1277 2935 1545 3004 παραϐάς
1563 2939 1638 3002 ";

336 3094 607 3148 Ἐναντξα
626 3092 768 3164 αὕτη
793 3094 1118 3164 κατηγορία.
1144 3092 1259 3160 Πρὸ
1283 3094 1512 3164 βραχέος
1538 3093 1646 3163 γὰρ
1673 3095 1854 3166 ἀπηνῆ

2443 2677 2722 2732 INTERR.
2763 2677 3051 2734 XXXVIII.

1955 2794 2332 2861 Quamobrem,
2387 2809 2505 2846 cum
2547 2794 2689 2847 Deus
2721 2794 2943 2848 dixisset
2979 2809 2999 2848 :
3035 2813 3054 2845 ι
3089 2793 3414 2864 Quacunquc
3455 2784 3541 2849 die

2028 2865 2314 2919 comederis
2354 2881 2418 2918 ea:
2466 2866 2563 2917 hoc
2618 2865 2782 2934 ligno,
2842 2875 3010 2918 morte
3054 2866 3316 2927 morieris,
3353 2885 3374 2918 ι
3436 2885 3543 2922 non

2029 2936 2303 3058 ἓυιιίεειεζη
2335 2945 2572 2988 mortuus
2610 2944 2710 3000 est,
2752 2936 2843 2989 ubi
2887 2946 3248 3006 transgressus
3285 2947 3362 2991 est
3397 2955 3544 2992 mau—

2070 3016 2217 3058 atum
2242 3045 2255 3058 .

2020 3022 2255 3058 .aatum:

2033 3093 2317 3149 Contraria
2373 3103 2457 3148 est
2518 3095 2634 3150 lucc
2675 3095 2973 3152 accusatio.
3026 3094 3161 3152 Nam
3207 3099 3367 3168 paulo
3419 3109 3545 3157 ante

245 3189 348 3240 τὸν
401 3187 546 3238 Θεὸν
591 3185 1019 3249 ἀποκαλοῦντες,
1079 3185 1174 3238 νῦν
1228 3185 1395 3238 αὑτοῦ
1444 3185 1857 3256 φιλανθρωπίαν

1962 3185 2131 3240 Deum
2161 3187 2440 3242 crudelem
2479 3188 2783 3251 vocabatis,
2822 3203 2970 3244 nunc
3011 3199 3191 3244 autem
3226 3193 3404 3262 ipsum
3436 3195 3546 3250 cle-

237 3281 657 3348 κατηγορεῖτε.
696 3278 918 3348 ’Υμνεῖν
948 3276 1006 3329 δὲ
1040 3276 1242 3346 μᾶλλον
1268 3276 1456 3347 ἐχρῆν,
1485 3275 1603 3328 ἀλλ’
1633 3277 1694 3329 οὺ
1726 3293 1856 3329 κατ-

250 3373 498 3440 ηγορεῖν
521 3370 624 3439 τῆς
646 3368 981 3439 ἁγαθῦτητος
1002 3367 1095 3420 τοῦ
1112 3367 1268 3420 Θεοῦ.
1295 3366 1466 3420 Εῖωθε
1493 3367 1603 3439 γὰρ
1636 3368 1858 3438 μείζονα

249 3461 368 3529 μὲν
400 3459 678 3524 ἀπειλεῖν,
709 3459 966 3522 ἐλάττους
995 3459 1052 3511 δὲ
1075 3459 1181 3512 τῶν
1202 3460 1444 3513 ἀπειλῶν
1467 3462 1566 3524 τὰς
1587 3461 1860 3534 τιμωρίας

251 3552 531 3620 ἐπάγειν.
563 3552 675 3605 Καὶ
706 3551 861 3604 τοῦτο
905 3551 1148 3622 πολλαχῆ
1182 3551 1328 3605 ἐστιν
1375 3553 1553 3624 εὑρεῖν
1597 3556 1751 3624 παρά
1791 3558 1860 3627 τῇ

249 3644 395 3715 Θείᾳ
447 3645 661 3715 Γραφῇ.
711 3643 978 3698 Ἐνταῦθα
1027 3646 1211 3716 μέντοι
1255 3646 1348 3698 τὸν
1386 3647 1486 3717 τῆς
1535 3646 1861 3718 θνητότητος

249 3737 398 3807 ὅρον
439 3736 696 3806 ὠνόμασε
731 3737 992 3790 θάνατον’
1037 3736 1182 3791 οὕτω
1227 3737 1337 3808 γὰρ
1374 3739 1470 3792 καὶ
1507 3739 1536 3791 ὁ
1568 3739 1863 3810 Σύμμαχος

249 3828 636 3898 ήρμήνευσεν
657 3845 674 3858 ‘
716 3823 820 3900 ι”ῌ
869 3829 913 3880 δ’
941 3828 1008 3882 ἂν
1037 3829 1222 3900 ἡμέρᾳ
1243 3828 1394 3900 φάγῃ
1423 3829 1534 3883 ἀπὸ
1565 3815 1660 3883 τοῦ
1680 3829 1862 3895 ξύλου,

255 3919 484 3988 θνητὸς
514 3921 638 3993 ἔσῃ.
667 3939 685 3972 ι
719 3921 872 3974 Μετά
894 3921 1006 3993 γὰρ
1025 3920 1091 3993 δὴ
1112 3924 1210 3990 τὴν
1233 3920 1384 3977 θείαν
1411 3923 1709 3992 ἀπόφασιν,
1742 3922 1866 3976 καθ’

249 4013 552 4082 ἑκάστην,
581 4011 656 4075 ὡς
678 4012 809 4076 ἔπος
832 4015 1034 4078 εἰπεῖν,
1067 4014 1282 4085 ἡμέραν
1309 4015 1402 4067 τὸν
1437 4015 1669 4069 θάνατον
1695 4033 1868 4087 προσ-

262 4104 504 4174 εδέχετο
526 4120 541 4134 ·
579 4103 752 4170 οὕτως
787 4106 841 4160 οὶ·
867 4107 1294 4170 πεπιστευκότες
1331 4108 1409 4178 τῷ
1439 4109 1682 4180 Δεσπότῃ
1734 4110 1869 4178 Χρι-

267 4195 426 4265 στῷ,
463 4198 552 4250 καὶ
582 4199 945 4271 σφαττόμενοι
985 4198 1144 4265 ζῶσι,
1172 4202 1578 4272 προσμένοντες
1607 4202 1707 4270 τὴν
1743 4201 1871 4255 ἀνά-

266 4307 506 4358 στασιν,
541 4293 639 4344 καὶ
667 4293 765 4364 τὴν
807 4293 914 4347 τῶν
961 4293 1207 4364 οὐρανῶν
1251 4293 1556 4364 βασιλείαν.
1587 4313 1605 4346 ι
1641 4294 1722 4365 Τῇ
1763 4292 1872 4364 γάρ

259 4381 473 4434 ἐλπίδι
502 4382 812 4452 ἐσώθημεν.
838 4402 866 4434 ι»

931 4497 1128 4551 ΕΡΩΤ.
1170 4497 1297 4554 ΔΘ.

359 4604 530 4671 Τοὺς
558 4606 818 4675 χιτῶνας
847 4606 990 4674 τοὺς
1009 4606 1404 4676 δερματίνους
1433 4609 1491 4662 τί
1514 4611 1804 4676 νοητέον;

341 4702 425 4754 Οἱ
488 4700 592 4770 μὲν
634 4699 1004 4772 ἀλληγορηταὶ
1054 4699 1155 4770 τὴν
1189 4699 1389 4771 θνητὴν
1431 4702 1611 4770 σάρκα
1644 4704 1778 4771 φασὶ
1807 4702 1880 4756 τά

270 4794 324 4808 δ’

1903 4545 1953 4600 D

1961 3279 2177 3331 mentite
2217 3286 2272 3332 et
2309 3279 3000 3354 humanitatisaccusatis.
3049 3280 3213 3352 Atqui
3260 3285 3548 3342 convenie-

1962 3373 2053 3423 bat
2105 3385 2228 3424 eum
2268 3371 2491 3426 laudare
2524 3371 2705 3440 potius
2736 3373 2807 3426 ob
2848 3373 2968 3442 ejus
3008 3373 3330 3442 bonitatem,
3380 3393 3546 3447 quam

1962 3477 2240 3517 accusare.
2289 3463 2439 3517 Solet
2486 3464 2632 3517 enim
2683 3465 2908 3518 duriora
2942 3465 3174 3530 minari,
3209 3468 3302 3521 sed
3355 3485 3546 3538 pinnas

1965 3553 2128 3608 minis
2161 3553 2395 3610 leviores
2426 3553 2689 3625 inﬂigere.
2723 3544 2880 3622 Quod
2920 3557 3139 3626 quidem
3164 3560 3364 3626 saapius
3399 3577 3552 3631 repe-

1965 3644 2073 3700 rire
2102 3647 2231 3700 licet
2261 3647 2312 3700 in
2356 3645 2637 3717 Scriptura
2667 3649 2868 3702 divina.
2901 3649 3168 3704 Caeterum
3204 3653 3292 3706 hic
3333 3659 3551 3711 sentcn-

1967 3738 2094 3792 tiam
2130 3739 2475 3796 mortalitatis
2528 3741 2816 3811 appellavit
2866 3755 3096 3797 mortem
3130 3762 3144 3798 :
3177 3745 3258 3800 sic
3286 3748 3430 3801 enim
3463 3749 3550 3804 in-

1959 3838 2295 3900 terpretatus
2350 3821 2434 3888 est
2482 3833 2867 3904 Symmachus.
2913 3855 2933 3888 ι
2966 3836 3304 3908 Quaeunqne
3342 3842 3430 3896 die
3459 3858 3553 3898 co.

1971 3922 2207 3979 mederis
2255 3925 2320 3979 de
2371 3925 2523 3996 ligno
2569 3927 2696 3992 hoc,
2763 3929 3011 3984 mortalis
3041 3932 3170 3986 eris.
3219 3953 3240 3984 ›
3270 3931 3550 4004 Siquidem

1969 4025 2093 4086 post
2119 4018 2447 4074 sententiam
2477 4019 2739 4086 divinam,
2762 4036 2859 4091 per
2888 4021 3134 4093 singulos
3160 4030 3550 4096 propemodum

1971 4105 2086 4162 dies
2145 4117 2376 4162 mortem
2443 4112 2818 4179 exspectabat.
2890 4112 2982 4168 Sic
3040 4117 3133 4185 qui
3202 4119 3556 4178 crediderunt

1967 4196 2191 4253 Christo
2229 4198 2493 4268 Domino,
2530 4204 2694 4258 etiam
2726 4204 2894 4260 occisi
2934 4205 3145 4273 vivunt,
3177 4223 3554 4280 exspectantes

1967 4291 2454 4356 resurreCtionem,
2503 4304 2559 4349 et
2611 4310 2838 4368 regnum
2875 4297 3162 4356 caelorum.
3214 4321 3234 4353 ι
3271 4301 3377 4374 Spe
3407 4306 3555 4362 enim

1975 4383 2109 4439 salvi
2137 4384 2265 4441 facti
2299 4401 2493 4442 sumus
2513 4387 2556 4441 ί.
2599 4407 2618 4440 ι

2489 4503 2770 4562 INTERR.
2805 4506 3048 4566 XXXIX.

2102 4614 2243 4681 Quid
2271 4633 2364 4687 per
2395 4628 2561 4672 vestes
2594 4619 2844 4688 pollicens
2877 4623 3281 4695 intelligendum
3310 4630 3436 4682 est?

2052 4709 2154 4776 Qui
2204 4711 2492 4782 allegorias
2538 4723 2966 4782 persequuntur,
3018 4715 3186 4784 pelles
3237 4717 3393 4772 aiunt
3439 4732 3563 4774 esse

267 4794 544 4864 δέρματα
565 4805 580 4818 ⁶
613 4791 760 4845 ἄλλοι
789 4792 845 4844 δέ
869 4810 1012 4856 τινες
1039 4792 1147 4846 ἀπὸ
1176 4791 1380 4860 φλοιῶν
1401 4792 1636 4863 δένδρων
1655 4795 1874 4860 τούτους

1977 4815 2196 4856 carnem
2237 4805 2544 4858 mortalem.
2589 4805 2823 4870 Quidam
2860 4822 2990 4863 vero
3032 4808 3122 4863 alii
3175 4825 3206 4864 e
3259 4810 3585 4868 corticibus-

265 4881 742 4936 κατεσκευᾶσθαι
767 4883 1076 4954 εἰρήκασιν.
1116 4883 1260 4951 Ἐγὼ
1287 4883 1343 4936 δέ
1365 4900 1429 4952 γε
1455 4885 1736 4958 οὐδέτερον
1757 4888 1880 4941 τού-

1979 4894 2238 4949 arborum
2273 4910 2367 4952 eas
2398 4907 2746 4967 comparatas
2771 4898 2943 4957 fuisse
2978 4902 3257 4959 dixerunt.
3294 4905 3404 4975 Ego
3435 4922 3568 4960 vero

269 4993 391 5027 των
430 4975 759 5045 προσίεμαι.
789 4976 862 5027 Τὸ
901 4975 1002 5044 μὲν
1041 4973 1149 5044 γὰρ
1196 4974 1510 5045 περίεργον,
1554 4979 1616 5029 τὸ
1653 4978 1710 5030 δὲ
1740 4980 1874 5048 ἄγαν

1988 4996 2240 5042 neutrum
2290 4991 2484 5044 horum
2537 4992 2819 5061 approbo:
2871 4993 2977 5050 hoc
3003 4997 3150 5050 enim
3181 4998 3347 5053 nimis
3380 4998 3569 5052 curio-

274 5064 574 5137 μυθῶδες.
609 5066 718 5136 Τῆς
749 5066 858 5138 γὰρ
889 5065 1038 5130 θείας
1061 5067 1287 5143 Γραφῆς
1321 5067 1417 5120 καὶ
1448 5068 1554 5137 πρὸ
1580 5073 1679 5141 τῆς
1702 5071 1879 5144 ψυχῆς

1988 5093 2132 5141 sum,
2163 5080 2294 5135 illud
2327 5097 2461 5136 vero
2490 5081 2648 5137 valde
2690 5082 3024 5141 fabulosum.
3067 5087 3204 5143 Cum
3235 5089 3380 5144 enim
3419 5089 3570 5143 Scri-

271 5163 339 5211 τὸ
371 5159 551 5226 σῶμα
581 5159 978 5214 διαπεπλᾶσθαι
1006 5161 1278 5233 φησάσης,
1311 5159 1428 5224 πῶς
1460 5162 1520 5213 οὐ
1554 5165 1796 5232 μυθῶδες
1819 5170 1874 5222 τὸ

1987 5179 2146 5240 ptura
2191 5173 2375 5227 divina
2421 5173 2620 5230 dixerit
2675 5191 2893 5249 .corpus
2936 5178 3235 5236 formatum
3269 5195 3398 5238 esse
3442 5188 3572 5235 ante

360 5319 387 5359 ι
437 5317 581 5372 Gen.
615 5333 694 5384 ιιι,
727 5317 816 5374 19.
903 5325 935 5363 -δ
958 5324 1116 5382 ibid..
1143 5322 1231 5376 II.
1310 5324 1337 5364 ιι
1369 5325 1526 5392 ibid.,
1560 5328 1611 5380 I.

1694 5327 1708 5366 ί
1739 5326 1900 5382 Rom.
1930 5343 2050 5394 νηί,
2082 5329 2171 5386 24.

1162 5477 1400 5534 VARIAE
1439 5481 1824 5538 LECTIONES
1871 5483 1957 5536 EX
2007 5483 2284 5539 CATENA
2317 5485 2680 5546 LIPSIENSI.

361 5622 416 5653 δ’
449 5620 550 5689 τὴν
585 5618 900 5690 ἀφθαρσίαν
935 5637 1222 5692 πραγματ.
1299 5626 1343 5656 ⁸⁷
1371 5625 1492 5681 Cat.
1524 5641 1578 5696 p.
1621 5627 1708 5688 99.
1742 5627 1874 5699 τὴνὲ

1962 5665 1978 5681 .
2017 5629 2274 5700 παραϐάς
2307 5647 2420 5687 om.

1859 5745 2089 5804 ΒιυΪίΕ.

366 5888 487 5961 (24)
530 5885 987 5950 Μετεσκεύασα,
1017 5884 1150 5940 Cod.
1185 5888 1251 5958 μὲ
1271 5893 1674 5947 κατεσκεύασα.
1705 5893 1892 5962 Picus,

590 5982 868 6042 PATROL.
908 5981 1022 6041 Gn.
1067 5983 1300 6044 LXXX.

1937 5895 1998 5949 σὲ
2029 5897 2426 5954 κατεσκεύασα.
