3964 6524
468 348 574 414 139

1443 340 1930 403 THEODORETI
1972 334 2316 397 EPISCOPI
2370 334 2739 395 CYRENSIS

3630 325 3737 391 140

469 463 728 520 animam,
758 454 1031 527 quomodo
1082 454 1393 511 fabulosum
1439 470 1550 508 non
1591 462 1675 508 est
1723 451 1926 515 dicere,
1960 463 2092 509 acu

2180 447 2335 514 έγειν
2372 446 2513 516 μετά
2541 446 2641 517 τὴν
2672 441 2985 513 παράϐασιν
3021 440 3125 511 τῆς
3158 440 3379 512 ἐντολῆς
3415 440 3597 513 σάρκα
3634 441 3739 494 αύ-

469 553 680 625 cepisse
731 550 854 603 illos
890 563 1110 603 carnem
1159 546 1446 602 mortalem
1480 554 1608 616 post
1655 540 2051 613 transgressio-

468 660 593 701 nem
620 641 909 697 mandati?
938 640 1041 711 53
1072 638 1274 695 Verum
1302 639 1541 705 jcuriose
1572 637 1875 707 inquirere,
1908 632 2053 688 unde

468 737 637 808 pelles
666 734 810 791 Deus
839 733 1109 797 habuerit,
1146 740 1200 787 et
1222 732 1291 786 ob
1322 731 1375 785 id
1410 744 1609 784 novam
1657 728 1893 783 amictus
1935 739 2057 794 spe-

472 830 611 885 ciem
660 826 991 897 excogitare,
1052 823 1388 893 superlluum
1451 836 1571 876 esse
1637 820 1772 874 mihi
1819 817 2054 871 videtur.

476 915 614 970 Sunt
657 912 1249 987 igitur‘famplectenda
1276 951 1291 976 ,
1349 926 1472 981 quae
1534 910 1739 978 scripta
1768 916 1897 963 sunt
1926 946 1941 972 ,
2003 912 2059 959 et

475 1008 781 1072 sciendum,
809 1005 952 1075 quod
993 1005 1237 1059 omnium
1268 1002 1514 1058 Creatori
1541 1001 1679 1055 nihil
1710 1000 1927 1055 dilIicile
1966 1009 2060 1053 aut

475 1097 795 1168 impeditum
858 1104 961 1150 est.
1032 1092 1136 1148 Sed
1186 1092 1444 1146 admirari
1506 1100 1721 1160 Oportet
1767 1104 2059 1159 perennem

476 1190 596 1258 ejus
647 1189 967 1251 bonitatem,
1020 1187 1221 1257 quippe
1266 1186 1358 1257 qui
1405 1186 1569 1240 etiam
1623 1184 2058 1253 delinquentium

476 1296 664 1335 curam
696 1290 867 1350 gerat,
902 1295 1001 1336 nec
1022 1280 1360 1334 vestimentis
1385 1277 1710 1334 necessariis
1740 1292 1930 1333 carere
1960 1292 2062 1331 nu-

476 1372 576 1426 dos
614 1372 910 1441 permittat.

549 1460 924 1516 TlIEODORl.
969 1461 1268 1527 Quaesitum
1308 1469 1411 1526 est,
1440 1476 1562 1530 quae
1589 1460 1701 1516 sint
1728 1469 1911 1516 vestes
1944 1461 2062 1531 pel-

479 1554 674 1608 liceze?
722 1552 859 1607 Nam
908 1553 954 1609 si
1012 1568 1079 1608 ex
1125 1552 1453 1608 animalibus
1502 1553 1699 1608 occisis
1744 1553 1886 1609 facta
1938 1562 2068 1607 sunt

480 1643 821 1705 indumenta,
869 1644 1219 1711 perspicuum
1264 1650 1347 1697 est
1389 1642 1535 1712 quod
1586 1643 1893 1698 occisorum
1950 1642 2069 1696 ani-

480 1737 706 1790 malium
756 1752 928 1806 genus
988 1736 1279 1801 defecerit,
1336 1753 1462 1791 cum
1520 1736 1665 1792 Deus
1717 1737 1881 1807 paulo
1944 1746 2069 1792 ante

2154 537 2283 601 τοὺς
2319 514 2607 607 εἰληφέναι.
2646 535 2883 605 θνητήν;
2914 534 2989 587 Τὸ
3021 533 3080 586 δέ
3125 550 3189 602 γε
3227 532 3739 603 πολυπραγμονεῖν,
3783 514 3806 547 θ

2155 629 2323 683 πόθεν
2357 628 2437 699 τῷ
2472 628 2592 698 Θεῴ
2618 627 2887 698 δέρματα,
2918 625 3014 679 καὶ
3059 623 3147 677 διά
3185 622 3347 677 τοῦτο
3378 623 3564 677 καινὸν
3598 619 3743 686 εῐδος

2157 719 2518 791 περιϐολαίων
2548 720 2807 784 ἐπινοεῖν,
2841 714 3096 789 περιττὸν
3123 711 3264 769 εἶναί
3298 732 3390 785 μοι
3425 716 3591 769 δοκεῖ.
3618 714 3747 786 Χρὴ

2158 812 2341 866 τοίνυν
2365 812 2616 881 στέργειν
2636 810 2706 864 τά
2725 806 3106 880 γεγραμμένα,
3136 807 3233 860 καὶ
3257 806 3457 860 εἰδέναι
3487 805 3564 870 ὡς
3586 806 3746 859 οὐδὲν

2160 906 2365 974 ἄπορον
2394 903 2473 975 τῷ
2496 903 2607 956 τῶν
2639 901 2777 956 ὃλων
2801 898 3151 973 Δημιουργῷ,
3186 898 3281 952 κα)⁸
3307 896 3610 966 θαυμάζειν
3641 896 3743 949 αύ-

2162 996 2256 1049 τοῦ
2278 996 2376 1067 τὴν
2411 995 2641 1067 ἄπειρον
2677 994 2789 1068 (25)
2816 992 3158 1063 ἀγαθότηταο
3194 990 3277 1043 ὅτι
3306 990 3399 1043 καὶ
3419 988 3745 1061 παραϐεϐη-

2165 1088 2337 1141 κότων
2360 1086 2703 1156 ἐπιμελεῖται
2726 1101 2739 1115 ·
2772 1085 2868 1139 καὶ
2890 1082 3190 1152 δεηθέντων
3224 1078 3573 1151 περιϐολαίου
3600 1078 3742 1148 (26),

2165 1184 2226 1235 ού
2256 1181 2497 1253 περιεῖδε
2523 1180 2768 1250 γυμνούς
2788 1174 2854 1230 ⁵⁸.

2167 1450 2182 1466 ⁸
2237 1443 2612 1499 ΘΕΟΔΩΡΟΥ.
2646 1440 2961 1512 Ἐζήτηται,
2999 1436 3052 1490 τί
3095 1437 3211 1489 ἐστι
3253 1434 3490 1506 χιτῶνας
3537 1432 3749 1504 δερμα-

2168 1539 2345 1601 τίνους
2370 1554 2383 1567 ’
2410 1536 2523 1591 ἀλλ’
2555 1537 2604 1588 εί
2637 1534 2735 1604 μὲν
2772 1531 2928 1597 ζώων
2964 1530 3285 1599 σφαγέντων
3311 1528 3371 1592 ἐξ
3406 1526 3586 1581 αὐτῶν
3620 1525 3752 1593 ἐγέ-

2170 1643 2322 1681 νοντο
2357 1626 2425 1678 τὰ
2466 1624 2761 1693 ἐνδύματα,
2805 1620 3051 1692 εὔδηλον,
3094 1621 3175 1673 ὅτι
3228 1616 3455 1671 ἐπέλιπε
3495 1616 3557 1668 τὸ
3586 1616 3754 1684 γένος

2170 1718 2281 1771 τῶν
2330 1716 2678 1787 σφαγέντων
2732 1716 2858 1785 ἄρτι
2916 1713 3014 1785 μὲν
3062 1712 3155 1765 τοῦ
3196 1709 3332 1763 Θεοῦ
3357 1711 3525 1779 ἄρρεν
3552 1725 3611 1761 τε
3650 1708 3755 1761 καὶ

481 1830 786 1883 masculum
818 1836 874 1883 et
906 1827 1166 1883 feminam
1201 1838 1461 1893 creasset,
1490 1846 1591 1885 nec
1615 1830 1795 1885 adhuc
1819 1831 1911 1885 ulli
1944 1845 2068 1900 par-

2180 1810 2306 1881 5ἧλυ
2353 1807 2736 1879 πεποιηκότος,
2768 1804 2921 1859 οὔπω
2965 1804 3022 1858 δέ
3070 1803 3283 1866 οὐδενὸς
3330 1802 3441 1872 (27)
3485 1798 3756 1871 τετογμέ-

482 1929 573 1973 tus
609 1920 964 1975 exstitissent.
996 1920 1263 1975 Praeterea
1304 1936 1466 1976 nemo
1517 1923 1833 1977 existimare
1890 1930 2069 1992 potest

484 2011 653 2066 Deum
704 2012 962 2067 animalia
1016 2012 1257 2083 jugulari
1306 2016 1652 2084 pralcepisse,
1683 2016 1902 2085 quando
1934 2031 2068 2070 non-

486 2102 614 2157 dum
639 2117 763 2157 esus
783 2104 1030 2159 carnium
1056 2114 1174 2160 erat
1204 2108 1505 2175 permissus
1532 2109 1865 2163 hominibus.
1902 2107 2069 2163 Multo

485 2195 669 2250 minus
704 2196 857 2251 decet
911 2211 1013 2252 nos
1066 2198 1319 2253 arbitrari
1374 2200 1539 2255 Deum
1587 2209 1766 2257 vestes
1810 2216 1930 2271 quae
1961 2217 2069 2256 non

487 2298 664 2355 erant,
712 2289 1075 2358 produxisse:
1113 2291 1207 2360 qui
1249 2292 1471 2349 homine
1501 2303 1690 2349 creato
1720 2295 1883 2349 desiit
1912 2295 2071 2365 quid-

488 2395 654 2449 quam
702 2396 910 2448 creare,
953 2384 1101 2452 quod
1142 2398 1256 2437 non
1284 2394 1449 2451 esset,
1483 2388 1640 2456 quasi
1678 2387 1730 2441 in
1763 2388 1879 2457 ipso
1918 2404 2071 2443 crea-

492 2472 692 2526 tionem
724 2472 966 2527 universi
997 2476 1184 2529 niundi
1218 2477 1574 2533 concludens.
1637 2476 1866 2532 Constat
1908 2478 2073 2549 igitur

492 2562 662 2618 Deum
719 2566 974 2635 pelliccas
1008 2579 1186 2622 vestes
1218 2584 1324 2624 non
1375 2585 1594 2625 creasse
1623 2585 1689 2624 ex
1724 2569 1918 2623 nihilo.
1967 2569 2071 2624 Sed

492 2656 728 2712 fortasse
778 2656 1120 2726 ignorabant,
1178 2668 1233 2713 ut
1287 2661 1584 2715 verisimile
1641 2669 1751 2723 est,
1800 2662 1892 2730 qui
1946 2662 2072 2717 talia

493 2757 767 2819 quazrunt,
800 2749 943 2819 quod
977 2750 1140 2819 pelles
1172 2766 1280 2805 non
1313 2754 1488 2806 solum
1518 2753 1622 2807 illae
1650 2754 1928 2818 dicuntur,
1954 2770 2075 2824 quae

495 2840 566 2894 ab
592 2840 920 2894 animalibus
947 2840 1291 2904 auferuntur,
1338 2842 1433 2897 sed
1468 2843 1632 2896 etiam
1664 2859 1785 2912 quae
1814 2843 1882 2898 ab
1915 2846 2075 2899 arbo-

495 2933 672 2995 ribus,
724 2948 863 3001 quas
917 2932 1150 2987 cortices
1199 2933 1471 3003 appellare
1527 2935 1721 3006 vulgus
1766 2938 2072 2992 consuevit.

498 3023 666 3092 Igitur
700 3024 871 3077 Adam
926 3025 1243 3080 indumenta
1274 3024 1507 3080 confecit
1553 3041 1620 3081 ex
1662 3028 1951 3083 arboribus
1981 3031 2077 3083 ha-

498 3115 752 3170 bentibus
786 3115 1016 3171 cortices
1043 3125 1198 3186 aptas
1224 3116 1290 3170 ad
1317 3118 1642 3171 vestimenta
1672 3119 2075 3187 componenda,

499 3206 613 3261 Deo
644 3206 812 3261 menti
866 3206 1011 3263 illius
1065 3218 1406 3278 suggerente,
1458 3210 1731 3278 quomodo
1762 3210 1814 3263 id
1845 3210 1961 3266 tieri
1990 3212 2083 3269 de-

501 3298 674 3352 heret.

575 3465 917 3526 ORIGENIS.
949 3465 1093 3533 Quid
1123 3466 1440 3524 existimare
1471 3467 1734 3525 debemus
1757 3485 1876 3526 esse
1906 3481 2082 3528 vestes

504 3562 629 3616 illas
657 3561 950 3631 pelliceas?
981 3560 1146 3615 Valde
1167 3561 1383 3630 quidem
1415 3562 1670 3617 stolidum
1703 3573 1807 3628 est,
1838 3574 1893 3620 et
1920 3566 2082 3632 anile,

506 3655 726 3723 Deoque
800 3654 1023 3707 minime
1076 3653 1339 3724 dignum,
1384 3654 1636 3709 arbitrari
1695 3655 1865 3712 Deum
1920 3658 2085 3727 pelles

507 3744 825 3800 animalium
860 3745 1251 3813 jugulatorum,
1287 3743 1394 3816 54
1421 3754 1517 3799 aut
1551 3746 1706 3803 aliter
1746 3760 2085 3805 mortuorum

506 3839 804 3909 accepisse,
857 3848 911 3893 et
943 3838 1067 3893 inde
1116 3838 1283 3908 pelles
1314 3839 1435 3893 illas
1479 3842 1818 3907 consuendo,
1866 3842 2086 3897 coriarii

507 3946 682 3995 more,
712 3931 765 3985 in
797 3931 1101 3985 vestimenti
1138 3930 1369 3984 formam
1401 3930 1692 4000 redegisse.
1732 3930 1989 3999 Rursum,
2032 3944 2089 3989 ut

508 4023 708 4077 vitetur
736 4023 849 4077 haec
878 4022 1211 4088 absurditas,
1243 4022 1443 4088 dicere,
1469 4032 1647 4079 vestes
1678 4023 1801 4080 illas
1830 4026 2087 4095 pelliccas

511 4115 648 4168 nihil
694 4114 840 4167 aliud
886 4128 1010 4168 esse
1053 4128 1216 4182 quam
1262 4128 1515 4183 corpora,
1545 4116 1826 4186 probabile
1867 4118 2086 4189 quidem

510 4214 616 4267 est,
652 4213 707 4260 et
734 4204 801 4258 ad
839 4204 1212 4260 asscnsionem
1266 4204 1587 4261 eliciendam
1637 4208 1822 4264 elﬁcax
1853 4232 1865 4266 :
1898 4220 1955 4265 at
1980 4226 2090 4268 non

511 4298 735 4355 evidens
782 4296 935 4367 quod"
975 4298 1045 4351 sit
1095 4312 1303 4351 verum.
1347 4296 1404 4351 Si
1433 4298 1579 4353 enim
1625 4301 1863 4371 pellicem
1914 4313 2089 4359 vestes

513 4398 643 4445 sunt
680 4403 873 4445 carnes
910 4398 965 4443 et
992 4403 1140 4453 ossa,
1182 4390 1454 4458 quomodo
1488 4402 1645 4447 antea
1688 4394 1823 4449 dixit
1872 4394 2085 4451 Adam:

2172 1921 2263 1956 νου
2291 1902 2359 1966 ⁸⁸,
2388 1901 2524 1971 πρὸς
2552 1901 2629 1971 τῷ
2659 1899 2878 1953 κάκεῖνο
2914 1895 2989 1966 μὴ
3030 1894 3343 1965 ἐνδέχεσθαι
3372 1893 3635 1964 νομίζειν,
3666 1893 3757 1945 ὅτι

2172 1994 2291 2059 ζῶα
2332 1992 2660 2062 σφάττεσθαι
2691 1989 2975 2042 ἐκέλευσεν
3000 1987 3028 2039 ὁ
3061 1986 3213 2050 Θεὸς,
3243 1986 3329 2038 ὅτε
3362 1987 3527 2056 μήπω
3588 2000 3757 2055 κρεο-

2173 2087 2347 2158 φαγία
2388 2082 2456 2157 ἦν
2501 2082 2945 2154 ἐπιτετραμμένη
3002 2081 3114 2143 τοῖς
3139 2078 3480 2150 ἀνθρωποις’
3514 2079 3639 2141 τοὺς
3676 2076 3761 2148 μὴ

2170 2180 2332 2243 ὄντας
2378 2179 2435 2232 δὲ
2476 2175 2712 2250 χιτῶνας
2769 2176 2851 2229 ἔτι
2891 2173 3057 2227 πλέον
3096 2172 3345 2243 ἀπρεπὲς
3392 2170 3636 2242 νομίζειν
3665 2171 3759 2223 ὃτι

2172 2270 2494 2337 παρήγαγεν
2541 2267 2569 2318 ὁ
2597 2264 2751 2331 Θεὸς,
2801 2263 2859 2328 ὃς
2882 2264 2940 2315 ἐν
2972 2264 3038 2333 τῇ
3085 2259 3177 2314 τοῦ
3215 2261 3502 2331 ἀνθρώπου
3536 2261 3757 2331 ποιήσει

2170 2358 2265 2411 τοῦ
2294 2360 2468 2411 ποιεῖν
2502 2375 2553 2410 τι
2596 2357 2673 2427 μὴ
2714 2356 2773 2410 ὃν
2815 2355 2927 2427 (28)
2959 2354 3338 2419 ἀπεπαύσατο,
3372 2353 3447 2416 ὡς
3488 2356 3544 2405 ἐν
3576 2353 3761 2423 τούτῳ

2171 2450 2267 2503 τοῦ
2318 2450 2529 2519 κόσμου
2571 2448 2775 2514 παντὸς
2824 2448 3182 2519 συμπεράνας
3231 2447 3330 2517 τὴν
3377 2447 3614 2517 ποίησιν.
3656 2445 3764 2499 Εὖ-

2172 2543 2331 2613 δηλον
2381 2540 2493 2609 οὖν,
2524 2543 2600 2606 ὡς
2631 2542 2742 2596 οὐδ’
2777 2542 2844 2596 ἂν
2885 2542 3122 2612 χιτῶνας
3158 2543 3518 2613 δερματίνους
3564 2544 3628 2595 ἐκ
3656 2540 3759 2593 τοῦ

2178 2637 2253 2708 μὴ
2287 2637 2438 2699 ὄντος
2463 2638 2809 2707 παρήγαγεν.
2858 2635 3017 2689 Ἀλλά
3054 2636 3163 2704 γάρ
3203 2634 3505 2706 ἠγνόησαν,
3537 2634 3610 2697 ὡς
3645 2635 3764 2688 ἐοι-

2126 2758 2133 2767 -
2175 2748 2293 2793 κεν,
2322 2731 2371 2782 οἱ
2411 2730 2539 2801 περῖ¹
2576 2728 2783 2781 τούτων
2828 2727 3140 2798 ζητοῦντες,
3167 2729 3248 2782 ὃτι
3286 2728 3530 2800 δέρματα
3560 2728 3620 2781 οὐ
3653 2729 3763 2799 μό-

2176 2841 2266 2877 νον
2293 2824 2362 2876 τά
2385 2823 2449 2875 ἐκ
2478 2821 2584 2875 τῶν
2620 2820 2775 2884 ζώων
2809 2820 3193 2891 ἀφαιρούμενα
3221 2821 3463 2889 λέγεται,
3492 2821 3629 2875 ἀλλὰ
3660 2823 3764 2876 καὶ

2176 2916 2245 2969 τά
2287 2916 2352 2967 ἐκ
2396 2914 2505 2967 τῶν
2541 2913 2796 2984 δένδρων,
2844 2912 2879 2966 ἃ
2911 2914 3004 2966 καὶ
3038 2913 3255 2982 φλοιοὺς
3298 2912 3588 2984 ὀνομάζειν
3633 2913 3766 2977 ἔθος

2177 3008 2291 3069 τοῖς
2319 3004 2555 3066 πολλοῖς.
2610 3004 2706 3056 Ἐκ
2755 3003 2989 3073 δένδρων
3019 3003 3199 3056 τοίνυν
3246 3003 3588 3074 ἐπιτηδείους
3640 3021 3769 3066 πως

2182 3096 2397 3165 φλοιοὺς
2445 3096 2681 3166 ἐχόντων
2708 3097 2789 3157 εἰς
2827 3095 3143 3166 ἐνδυμάτων
3168 3095 3536 3166 κατασκευὴν,
3557 3096 3770 3165 ἐποίη-

2186 3206 2285 3241 σαν
2309 3190 2357 3241 οἱ
2386 3188 2515 3257 περὶ
2552 3188 2644 3241 τὸν
2673 3187 2847 3259 Ἀδὰμ
2869 3187 2937 3240 τὰ
2956 3187 3250 3258 ἐνδύματα,
3272 3186 3369 3241 τοῦ
3398 3187 3534 3241 Θεοῦ
3557 3188 3603 3219 ⁸⁸
3636 3188 3768 3241 κατ’

2185 3282 2393 3336 ἔννοιαν
2427 3283 2614 3345 αὐτοῖς
2668 3280 3029 3351 ὑποθεμένου,
3081 3282 3199 3346 πῶς
3240 3281 3346 3353 χρὴ
3395 3281 3555 3336 τοῦτο
3600 3281 3769 3350 ποιῆ-

2188 3392 2299 3430 σαι.

2256 3467 2659 3522 ΩΡΙΓΕΝΟΥΣ.
2687 3466 2753 3519 Τί
2788 3466 2870 3520 δεῖ
2918 3470 3058 3521 νοεῖν
3095 3469 3222 3531 τοὺς
3281 3467 3637 3539 δερματίνους
3673 3485 3769 3537 χι-

2186 3561 2399 3627 τῶνας;
2433 3560 2650 3633 Σφόδρα
2679 3562 2779 3630 μὲν
2817 3556 2908 3614 οὖν
2936 3560 3164 3631 ἠλίθιον,
3215 3562 3309 3615 καὶ
3350 3559 3617 3630 γραῶδες,
3665 3561 3769 3611 καὶ

2187 3656 2405 3722 ἀνάξιον
2429 3654 2522 3708 τοῦ
2556 3654 2715 3720 Θεοῦ,
2745 3654 2808 3707 τὸ
2836 3653 3044 3707 οἴεσθαι
3067 3652 3222 3718 ζώων
3248 3653 3409 3706 τινῶν
3442 3652 3769 3723 περιελόντα

2186 3748 2432 3819 δέρματα
2457 3748 2550 3801 τὸν
2578 3747 2732 3807 Θεὸν,
2760 3746 3179 3817 ἀναιρεθέντων,
3206 3745 3239 3816 ἢ
3265 3744 3441 3809 ἄλλως
3469 3760 3587 3808 πως
3620 3746 3767 3798 ἀπο⁴

2190 3841 2462 3896 θανόντων
2486 3880 2501 3906 ,
2541 3840 2903 3911 πεποιηκέναι
2946 3839 3202 3909 σχήματα
3249 3836 3523 3908 χιτώνων,
3560 3841 3771 3909 καταρ-

2190 3933 2440 4005 ράψαντα
2479 3932 2729 4003 δέρματα
2766 3931 2924 4001 δίκην
2970 3931 3325 4000 σκυτοτόμου.
3370 3931 3538 3985 Πάλιν
3566 3947 3625 3984 τε
3657 3948 3769 4000 φυ-

2189 4026 2355 4095 γόντα
2384 4023 2447 4078 τὸ
2478 4023 2651 4088 οὕτως
2678 4025 2902 4086 ἄτοπον,
2926 4022 3103 4091 λέγειν
3144 4025 3268 4088 τοὺς
3297 4024 3656 4094 δερματίνους
3684 4040 3772 4092 χι-

2188 4116 2367 4180 τῶνας
2404 4116 2506 4169 οὐκ
2528 4114 2719 4178 ἄλλους
2758 4109 2918 4179 εἶναι,
2948 4115 2981 4185 ἢ
3012 4114 3079 4167 τά
3112 4113 3339 4184 σώματα
3372 4114 3504 4185 (29),
3538 4113 3770 4167 πιθανὸν

2194 4209 2315 4280 μὲν,
2339 4209 2434 4262 καὶ
2472 4209 2552 4271 εἰς
2576 4206 2978 4277 συγκατάθεσιν
3002 4205 3412 4260 ἐπισπάσασθαι
3433 4206 3731 4276 δυνάμενον
3748 4222 3767 4236 ο

2190 4305 2252 4357 οὐ
2284 4304 2389 4375 μὴν
2425 4303 2596 4373 σαφὲς
2625 4303 2701 4366 ὡς
2745 4301 2966 4371 ἀληθές.
2999 4300 3060 4353 Εἰ
3103 4299 3212 4370 γὰρ
3242 4300 3291 4352 οἱ
3331 4299 3645 4370 δερμάτινοι
3676 4316 3771 4368 χι-

2190 4397 2361 4459 τῶνες
2403 4396 2605 4467 σάρκες
2645 4394 2741 4449 καὶ
2769 4394 2932 4447 ὀστέα
2963 4394 3090 4457 sici,
3123 4392 3242 4455 πῶς
3288 4391 3395 4461 πρὸ
3424 4390 3629 4445 τούτων
3664 4407 3774 4461 φη-

520 4500 538 4533 ι
573 4481 687 4536 Hoc
735 4496 880 4535 nunc
924 4495 987 4534 os
1038 4495 1107 4534 ex
1144 4480 1361 4536 ossibus
1404 4483 1564 4549 meis,
1597 4494 1651 4539 et
1675 4501 1804 4542 caro
1827 4486 1894 4542 de
1922 4502 2090 4544 carne

2196 4489 2280 4542 σὶν
2304 4491 2333 4541 ό
2374 4487 2568 4558 Ἀδὰμ,
2593 4505 2611 4537 ι
2641 4486 2814 4540 Τοῦτο
2842 4486 2935 4539 νῦν
2970 4484 3166 4539 όστοῦν
3198 4487 3263 4539 ἐκ
3292 4484 3398 4537 τῶν
3426 4483 3599 4537 ὀστῶν
3635 4501 3768 4555 μου,

515 4574 720 4631 meai?
754 4594 773 4627 ι
811 4574 909 4628 His
935 4573 1100 4644 igitur
1139 4573 1585 4645 ambiguitatibus
1614 4577 1795 4633 obruti
1826 4580 2089 4647 nonnulli,

518 4674 874 4721 asseruerunt
944 4674 1122 4719 vestes
1185 4662 1437 4732 pclliceas
1512 4682 1633 4724 esse
1700 4672 2087 4727 mortalitatem

569 4839 583 4891 i
624 4840 757 4895 Gen.
793 4857 851 4901 ll,
884 4842 970 4894 2.3.

2198 4578 2293 4631 καί⁵
2317 4576 2454 4648 σὰρξ
2478 4579 2541 4630 ἐκ
2572 4580 2672 4648 τῆς
2706 4577 2908 4649 σαρκός
2937 4594 3039 4648 μου
3065 4594 3081 4644 ;
3108 4596 3126 4627 ›
3155 4576 3370 4641 Ταύτας
3393 4572 3487 4630 οὖν
3504 4576 3602 4638 τὰς
3627 4578 3771 4629 ἁπο-

2199 4670 2323 4742 ρίας
2351 4671 2763 4742 περιϊστάμενοί
2783 4688 2949 4738 τινες,
2985 4670 3340 4742 δερματίνους
3383 4670 3637 4740 χιτῶνας,
3666 4668 3769 4740 τὴν

1371 5000 1605 5058 VARle
1657 4997 2039 5054 LECTIONES
2087 4998 2171 5053 EX
2225 4999 2502 5055 CATENA
2543 4999 2895 5056 LlPSlENSl.

593 5160 639 5192 “
671 5160 788 5238 Qut.
809 5174 861 5227 p.
889 5156 1012 5238 109.
1034 5156 1146 5238 ν’τὴν
1168 5157 1408 5238 ἄρρητον
1430 5155 1786 5238 ἀγαθότηταιξ
1808 5155 2010 5238 δτι-καὶ
2042 5154 2505 5238 πιαραόεξηκότων
2530 5157 2627 5225 οὐχ
2652 5156 2922 5238 ύπερεῑδε,
2956 5157 3377 5238 καὶδεῃθεντων
3405 5156 3771 5238 περιϐολαίων

525 5221 883 5300 ἐπιμελεῖται
905 5229 980 5297 μὴ
1006 5221 1144 5300 εἶναι
1178 5221 1375 5300 αὐτοὺς
1403 5221 1664 5295 γυμνούς.

524 5293 823 5369 τὸν“Ἀδὰμ
853 5293 1011 5369 ἧκον,
1042 5296 1133 5351 τοῦ
1166 5295 1321 5363 Θεοῦ,
1352 5307 1456 5352 ctc.

1742 5226 1786 5256 δ’
1815 5225 1934 5280 Cat.
1962 5240 2015 5294 p.
2048 5226 2167 5279 ωε.
2200 5225 2412 5287 οὐδενὸς
2436 5225 2794 5297 τεταγμένου.
2876 5227 2920 5257 ⁵ο
2954 5228 3034 5290 εἰς
3062 5225 3251 5297 ἐνδυμ.
3293 5225 3527 5282 κατασκ.
3556 5228 3609 5281 οἱ
3640 5229 3770 5298 περὶ

2042 5410 2272 5466 NOTAE.

500 5600 501 5603 η
747 5558 1052 5632 ξΑπειροίζ.
1078 5557 1213 5613 Cod.
1242 5558 1442 5632 et_Pic_.
1482 5558 1822 5632 ἀπόρρητον.

495 5641 503 5663 ν
740 5626 873 5681 Cod.
912 5625 969 5682 et
998 5628 1108 5698 Pic.
1151 5629 1533 5698 περιϐολαίων.

606 5695 717 5766 (27)
752 5698 885 5752 Cod.
920 5708 977 5754 et
1007 5696 1121 5754 Pic.
1146 5695 1505 5771 τεταγμένου.

2281 5558 2390 5625 (28)
2426 5556 2481 5611 T1
2503 5558 2588 5626 μὴ
2620 5557 2709 5611 ὄν.
2735 5557 2871 5611 Cod.
2902 5565 2955 5611 et
2983 5556 3094 5611 Pic.
3131 5557 3333 5625 τίμιον.

2280 5621 2389 5694 (‘29)
2420 5621 2539 5681 00}:
2566 5621 2633 5667 4-
2667 5628 2928 5697 σώματα.
2954 5630 3092 5697 Coll.
3134 5621 3200 5697 ct
3223 5626 3336 5697 Pic.
3370 5625 3472 5679 οὐκ
3517 5621 3647 5681 ἄλλο
3694 5624 3775 5696 (in

2208 5702 2330 5753 cod.
2364 5698 2543 5761 ἄλλος,
2579 5694 2890 5771 perperam)
2924 5696 3063 5753 εἶναι
3093 5695 3189 5749 τοῦ
3214 5694 3487 5767 σώματος.
