3964 6550
263 363 347 427 141
1395 362 1681 432 ΟΙΙᾸΞΞΤ.
1704 360 1786 420 IN
1809 360 1855 420 G

1941 360 2075 422 IES.
2103 363 2262 423 CAP.
2292 361 2407 422 III.
3426 363 3530 431 142

255 478 535 545 νέκρωσιν,
564 473 638 543 ἢν
673 472 1035 543 ἀμφιέννυται
1070 475 1097 527 ὀ
1136 472 1327 543 Ἀδάμ,
1376 475 1471 526 καὶ
1499 476 1533 542 ἡ
1572 471 1709 535 Εὕα,
1741 470 1832 525 διὰ

1941 471 2105 537 illam,
2150 487 2255 540 qua
2296 467 2617 525 circumdati
2668 475 2794 521 sunt
2842 469 3013 524 Adam
3068 480 3121 526 et
3161 471 3292 539 Eva,
3347 477 3520 533 morti

253 572 344 639 τὴν
376 569 659 636 ἁμαρτίαν
692 565 1120 630 θανατωθέντες,
1142 567 1495 636 ἀπεφήναντο
1515 565 1831 636 τυγχάνειν.

1941 576 2159 634 propter
2192 572 2477 632 peccatum
2506 561 2730 615 addicti.
2767 560 2874 615 Sed
2907 563 2999 616 isti
3040 579 3149 619 non
3188 566 3349 624 facile
3389 584 3522 638 pro-
3563 599 3581 641 τ

256 662 330 712 οὐ
366 658 512 709 πάνυ
545 675 597 709 τι
632 657 754 709 οὐδὲ
794 658 949 710 αὐτοὶ⁸
992 657 1236 728 εὐχερῶς
1261 656 1549 727 δυνάμενοι
1576 655 1688 727 (50)
1727 673 1827 708 πα-

254 752 540 819 ραστῆσαι,
574 748 695 812 πιῖις
735 751 764 802 ό
785 749 940 815 Θεὸς,
968 750 1063 802 καὶ
1102 750 1223 819 οὐχ)⁴
1268 749 1537 820 ἁμαρτία,
1568 748 1836 817 νέκρωσιν

249 845 465 912 ἐμποιεί
490 841 573 911 τῷ
635 841 1070 912 παραδεὸηκότι.
1119 842 1266 912 Πρὸς
1310 842 1542 903 τούτοις,
1590 842 1836 912 ἀνάγκην

250 933 430 1004 ἔχουσι
476 934 664 1001 λέγειν
692 934 871 1005 σάρκα
914 934 1011 987 καὶ
1039 934 1205 988 ὀστέα
1233 933 1313 1006 τῷ
1343 934 1457 1006 ίδίῳ
1482 934 1627 1007 λόγῳ
1652 934 1728 1005 μὴ
1755 929 1836 985 εἷ-

254 1045 342 1079 ναι
373 1027 607 1098 φθαρτὰ,
644 1026 700 1079 εἴ
730 1044 794 1095 γε
821 1026 1050 1097 ὕστερον
1077 1027 1176 1097 τὴν
1212 1028 1482 1098 νέκρωσιν
1506 1029 1558 1081 οἰ
1593 1026 1835 1097 πατέρες

252 1121 406 1191 ἡμῶν
424 1120 515 1172 διὰ
542 1119 643 1191 τὴν
675 1119 950 1190 ἁμαρτίαν
980 1118 1268 1189 εἰλήφασιν
1283 1120 1446 1175 ’.Αλλ’
1467 1123 1517 1174 εί
1542 1122 1657 1191 (51)
1686 1120 1782 1173 καὶ
1808 1122 1836 1170 ὁ

251 1211 584 1279 παράδεισος
603 1210 747 1263 θεῖόν
771 1228 823 1263 τι
839 1208 1041 1280 χωρίον
1064 1210 1202 1277 ἐστὶ,
1224 1210 1540 1279 λεγέτωσαν
1564 1210 1681 1273 πῶς
1704 1208 1833 1262 ἕκα-

252 1319 378 1355 στον
411 1305 533 1356 ἐκεῖ
576 1303 692 1355 τῶν
744 1302 919 1373 μελῶν
966 1303 1041 1374 μὴ
1072 1304 1251 1373 μάτην
1292 1303 1834 1375 δεδημιουργημένον

250 1396 348 1462 τὴν
385 1393 602 1446 οἰκείαν
652 1394 933 1463 ἐνέργειαν
976 1396 1201 1465 ἐνήργει
1238 1395 1377 1465 (5‘2).
1418 1396 1559 1467 Περὶ
1601 1396 1702 1467 μὲν
1739 1394 1833 1451 οὖν

251 1484 340 1537 τοῦ
361 1485 628 1555 μυκτῆρα
651 1484 903 1552 λέγεσθαι
919 1485 1068 1557 παρά
1084 1485 1160 1556 τῷ
1183 1485 1389 1558 ’Λκύλᾳ
1410 1488 1505 1542 καὶ
1528 1488 1830 1559 Συμμάχῳ,

248 1578 279 1643 ἦ
326 1578 628 1646 πρόσωπον
666 1580 818 1648 παρὰ
862 1581 977 1643 τοῖς
1019 1580 1423 1650 Ἑϐδομήκοντα
1476 1580 1571 1633 τοῦ
1622 1584 1833 1634 πεπλα-

250 1670 470 1737 σμένου,
523 1672 604 1732 εἰς
641 1670 672 1722 ὃ
708 1670 1046 1742 ἐνεφύσησεν
1078 1672 1106 1725 ὁ
1134 1672 1269 1736 Θεὸς
1322 1672 1490 1742 πνοὴν
1533 1673 1678 1744 ζωῆς
1700 1690 1714 1704 ⁸
1748 1673 1835 1726 λε-

1936 655 2068 709 hare
2097 663 2350 733 possunt,
2391 652 2669 724 quomodo
2696 650 2861 719 Deus,
2893 661 2947 709 et
2983 670 3089 709 non
3130 658 3305 713 multo
3348 662 3522 732 magis
3564 650 3571 661 ’

1936 757 2243 816 peccatum,
2278 744 2665 800 mortalitatem
2715 746 2889 814 pariat
2931 750 3346 818 transgressori.
3379 752 3525 809 Prm-

1937 848 2081 893 terea
2107 853 2329 893 necesse
2352 845 2437 893 est
2465 852 2559 892 eos
2581 836 2763 890 dicere
2810 852 3033 892 carnem
3064 851 3118 893 et
3144 854 3273 896 ossa
3304 846 3525 913 propria

1936 933 2149 987 ratione
2193 945 2300 987 non
2348 945 2471 987 esse
2507 929 3085 1000 corruptibilia,*cum
3117 942 3309 1003 postea
3339 944 3527 1004 patres

1937 1025 2109 1080 nostri
2163 1034 2382 1097 propter
2437 1036 2722 1097 peccatum
2765 1027 3114 1083 mortalitatis
3152 1030 3525 1086 conditionem

1937 1122 2264 1188 acceperint.
2291 1118 2584 1186 Caeterum,
2614 1120 2661 1175 si
2692 1120 2979 1189 paradisus
3007 1130 3092 1177 est
3120 1121 3274 1178 locus
3299 1123 3523 1194 quidam

1934 1210 2168 1274 divinus,
2225 1212 2552 1281 exprimant,
2605 1213 2881 1281 quomodo
2932 1213 3042 1269 illic
3091 1216 3525 1286 unumquodque

1934 1304 2273 1369 membrum,
2324 1318 2433 1357 non
2485 1304 2688 1360 frustra
2738 1315 3023 1371 creatura,
3079 1309 3353 1378 propriam
3413 1311 3521 1364 vim

1933 1396 2237 1451 exercebat.
2283 1395 2363 1452 Ac
2400 1397 2466 1452 de
2523 1413 2589 1452 eo
2644 1399 2861 1468 quidem
2912 1402 3057 1470 quod
3100 1418 3270 1457 nasus
3323 1404 3524 1459 dicitur

1934 1490 2076 1559 apud
2109 1490 2365 1559 Aquilam
2402 1500 2457 1545 et
2516 1489 2929 1561 Symmachum,
2973 1495 3115 1563 apud
3168 1496 3520 1566 Septuaginta

1932 1580 2279 1648 vero‘facies,
2312 1600 2375 1638 ea
2405 1599 2533 1654 pars
2559 1584 2778 1638 formati
2814 1584 3069 1651 hominis,
3102 1587 3341 1656 inquam
3376 1587 3521 1644 Deus

1932 1671 2224 1727 insumavit
2248 1674 2502 1742 spiritum
2546 1674 2712 1741 vitae;
2759 1676 3047 1730 dicendum
3090 1685 3172 1732 est
3218 1694 3322 1732 non
3355 1692 3521 1748 opor—

245 1761 400 1813 κτέον
430 1762 572 1831 (ὦ),
616 1764 700 1815 ὅτι
732 1763 791 1815 ού
832 1762 913 1816 δεῖ
965 1764 1319 1836 περιέχεσθαι
1362 1764 1460 1819 τοῦ
1500 1767 1833 1837 γράμματος

1941 1776 2050 1821 tere
2093 1767 2374 1822 adluererc
2416 1768 2576 1823 nudae
2611 1768 2802 1823 littera:
2870 1766 3200 1838 Scriptura,
3258 1781 3521 1841 tanquam

241 1854 339 1921 τῆς
372 1854 603 1925 Γραφῆς
627 1854 705 1917 ὡς
744 1855 1010 1927 ἀληθοῦςο
1030 1832 1196 1910 τὸνῖδὲ
1221 1832 1606 1929 κεκρυμμένον
1618 1832 1834 1929 *θῆσαυ-

1941 1871 2113 1912 verae:
2159 1858 2253 1912 sed
2286 1858 2602 1913 thesaurum
2636 1859 2687 1913 in
2720 1859 2897 1914 littera
2947 1859 3201 1916 latentem
3253 1877 3497 1930 quaerere

248 1948 335 2015 ρὸν
373 1948 436 1998 ὲν
472 1947 558 2017 τῷ
589 1947 884 2018 γράμματι
914 1948 1104 2020 ζητεῖν
1139 1950 1209 2003 ⁸⁸.

875 2064 1073 2119 ΕΡΩΤ.
1105 2065 1194 2118 Μ’.

247 2178 305 2228 Τί
360 2175 496 2227 ἐστι
571 2176 673 2241 τὸ,
713 2194 731 2226 ι
781 2174 968 2248 ἸδοὺΑ
989 2178 1234 2245 γέγονεν
1281 2176 1467 2248 Ἀδὰμ
1507 2178 1587 2244 ὡς
1633 2177 1715 2241 εἰς
1764 2179 1834 2243 ἐξ

846 2245 1018 2316 ἡμῶν
1049 2250 1157 2316 (34)
1188 2266 1201 2315 ;
1237 2267 1256 2300 ι

320 2336 550 2406 Ἐπειδὴ
567 2336 853 2401 όδιάϐολος
877 2333 1051 2403 εἶπεν,
1078 2358 1097 2390 ι
1112 2336 1340 2390 Ἕσεσθε
1360 2338 1436 2401 ὠς
1455 2338 1567 2391 θεοὶ
1590 2339 1724 2407 (55),
1750 2356 1836 2407 γι-

242 2425 551 2491 νώσκοντες
572 2428 735 2481 καλὸν
756 2430 847 2482 καὶ
866 2430 1119 2501 πονηρὸν,
1145 2449 1163 2483 ι
1185 2429 1405 2496 ἐδέξατο
1419 2430 1475 2483 δὲ
1492 2431 1585 2483 τοῦ
1600 2431 1832 2484 Θανάτου

240 2521 328 2568 τὸν
355 2519 486 2587 ὅρον
512 2518 618 2590 τὴν
655 2519 877 2589 ἐντολὴν
921 2519 1197 2589 παραϐὰς,
1231 2519 1538 2590 εἰρωνικῶς
1563 2520 1722 2574 τοῦτο
1757 2522 1835 2574 εἷ-

239 2628 413 2681 ρηκεν
437 2612 464 2662 ὁ
480 2612 595 2664 τῶν
615 2611 756 2664 ὅλων
774 2612 927 2675 Θεὸς,
946 2612 1158 2675 δεικνὺς
1200 2612 1300 2683 τῆς
1321 2612 1636 2683 διαϐολικῆς
1662 2615 1834 2682 ἐπαγ·

239 2705 433 2770 γελίας
473 2705 536 2757 τὸ
573 2705 771 2775 ψεῦδος
799 2706 864 2759 ⁸².
899 2704 1240 2759 Μεταλαϐεῖν
1274 2705 1331 2759 δὲ
1366 2706 1530 2759 αὐτὸν
1575 2706 1669 2759 τοῦ
1696 2724 1832 2778 καρ-

240 2795 342 2846 ποῦ
379 2796 496 2864 ('56)
531 2795 627 2848 τοῦ
684 2796 841 2862 ξύλου
878 2799 976 2867 τῆς
1020 2796 1167 2867 ζωῆς
1197 2796 1525 2851 διεκώλυσεν
1548 2814 1561 2828 ο
1597 2799 1657 2851 ού
1702 2799 1833 2867 φοο-

239 2889 347 2941 νῶν
397 2888 555 2958 αὐτῷ
600 2890 701 2958 τῆς
732 2889 1002 2943 ἀθανάτου
1048 2890 1210 2960 ζωῆς,
1252 2890 1390 2942 ἀλλὰ
1427 2891 1527 2959 τῆς
1553 2890 1831 2961 ἁμαρτίας

234 2982 463 3053 ἐπέχων
514 2983 610 3035 τὸν
655 2981 877 3052 δρόμον.
917 2979 1149 3052 Ἰατρεία
1184 2982 1363 3035 τοίνυν
1404 2984 1433 3036 ὁ
1472 2981 1723 3049 θάνατος,
1770 2982 1831 3035 ού

238 3076 490 3145 τιμωρία
538 3075 649 3144 (37)
690 3075 856 3128 ἐστίν.
896 3074 1115 3144 Ἐπέχει
1161 3075 1268 3147 γάρ
1313 3076 1413 3147 τῆς
1442 3077 1716 3149 ἁμαρτίας
1735 3077 1839 3149 τὴν,

2455 2055 2559 2127 55
2593 2056 2870 2115 mean.
2901 2060 3010 2115 XL.

1943 2174 2084 2239 Quid
2115 2175 2250 2230 illud
2285 2190 2360 2233 est
2394 2196 2411 2233 :
2450 2201 2466 2233 ι
2504 2179 2856 2303 Εεεεᾏᾼίίανηι
2903 2178 3074 2247 fartus
3100 2186 3175 2233 est
3206 2186 3263 2232 ut
3287 2195 3427 2233 unus
3455 2194 3519 2233 ea:

2586 2268 2651 2303 no
2690 2266 2733 2303 ιδ
2799 2291 2811 2303 .
2847 2268 2866 2300 ι

2586 2266 2733 2305 ηοοιδ
2752 2266 2775 2289 ι
2798 2266 2816 2303 .’
2847 2268 2866 2300 )

2009 2341 2149 2396 Cum
2183 2342 2435 2398 diabolus
2458 2342 2723 2397 dixisset:
2766 2359 2784 2392 ι
2822 2339 2988 2396 Eritis
3023 2339 3166 2395 sicut
3195 2339 3290 2405 dii,
3320 2355 3520 2410 cogno-

1942 2444 2155 2489 scentes
2190 2436 2391 2490 bonum
2432 2443 2486 2489 et
2519 2434 2723 2489 malum
2750 2431 2794 2498 ι,
2824 2452 2842 2485 ι
2870 2434 3117 2487 Adamus
3167 2447 3298 2488 vero
3335 2447 3521 2487 susce-

1940 2526 2109 2594 pisset
2136 2527 2462 2581 sententiam
2510 2527 2725 2590 mortis,
2788 2525 2918 2595 quia
2978 2534 3358 2596 transgressus
3405 2534 3521 2579 erat

1940 2616 2279 2681 mandatum,
2313 2617 2457 2672 Deus
2505 2618 2749 2672 omnium
2784 2617 2887 2672 hoc
2935 2632 3029 2686 per
3069 2615 3303 2670 ironiam
3358 2616 3517 2679 dixit,

1939 2707 2323 2764 demonstrans
2374 2709 2763 2778 promissionis
2798 2709 3086 2763 diabolicae
3146 2708 3516 2763 mendacium.

1940 2798 2301 2855 Prohibuerat
2324 2812 2505 2854 autem
2538 2800 2640 2868 ipsi
2666 2799 2832 2865 Deus,
2854 2816 2921 2853 ne
2956 2800 3224 2869 acciperet
3258 2801 3325 2854 de
3370 2800 3520 2869 ligno

1938 2895 2083 2959 vitae,
2116 2907 2225 2947 non
2260 2893 2406 2962 quod
2451 2892 2716 2946 invideret
2773 2892 2978 2945 homini
3000 2892 3164 2945 vitam
3216 2899 3517 2949 aeternam:

1939 2985 2033 3040 scd
2084 2992 2141 3038 ut
2180 2982 2386 3053 peccati
2439 2996 2660 3037 cursum
2715 2982 3016 3037 cohiberet.
3056 2981 3322 3037 Medicina
3357 2984 3521 3053 igitur

1939 3091 2089 3131 mors
2116 3085 2220 3140 est,
2251 3089 2359 3129 non
2392 3088 2574 3144 poena.
2630 3072 2901 3144 Reprimit
2930 3075 3074 3129 enim
3104 3076 3311 3144 peccati
3346 3075 3519 3145 impe-

232 3171 446 3240 ὁρμήν.
477 3188 497 3219 ι
538 3170 600 3221 Ὀ
631 3167 740 3238 γὰρ
791 3167 1104 3235 ἀποθανὼν,
1139 3168 1293 3238 φησὶ,
1334 3168 1676 3223 δεδικαίωται
1723 3171 1831 3224 ἀπὸ

1941 3176 2075 3220 ιιιιη.
2102 3164 2237 3219 Nam
2276 3182 2295 3216 ι
2332 3172 2584 3217 mortuus
2641 3162 2976 3232 justilicatus
3030 3171 3133 3225 est,
3179 3162 3274 3227 ait,
3316 3178 3347 3216 a
3390 3177 3519 3231 pec-

236 3261 338 3329 τῆς
370 3260 677 3330 ἁμαρτίας.
706 3277 725 3309 ι
754 3259 1104 3328 Καταντικρὺ
1134 3258 1190 3311 δὲ
1219 3258 1313 3312 τοῦ
1349 3260 1682 3332 παραδείσου
1714 3261 1833 3315 διά-

234 3370 361 3419 τείν
424 3352 589 3405 αὐτὸν
632 3351 998 3421 προσέταξενο
1036 3351 1122 3405 ἵνα
1156 3352 1255 3422 τῆς
1281 3352 1490 3406 ἀλύπου
1534 3353 1720 3424 βιοτῆς
1750 3356 1833 3418 εἰς

239 3448 476 3515 μνήμην
498 3444 814 3515 ἐρχόμενος,
845 3447 978 3515 μισῇ
1014 3444 1114 3517 τὴν
1145 3444 1444 3515 ἁμαρτίαν,
1465 3444 1541 3509 ὼς
1564 3445 1828 3516 πρόξενον

231 3539 338 3607 τῆς
379 3537 649 3590 ἐπιπόνου
678 3535 844 3609 ζωῆς.

303 3717 699 3771 ΘΕΟΔΩΡΟΥ.
731 3717 846 3770 Ούκ
890 3717 1156 3787 ἀοράτους
1192 3717 1349 3781 τινὰς
1391 3717 1653 3787 δυνάμεις
1684 3718 1833 3787 λέγει

234 3811 307 3864 τὰ
338 3810 667 3878 Χερουϐὶμ,
700 3808 776 3873 ὥς
798 3826 940 3873 τινες
966 3810 1167 3863 οἴονται
1188 3827 1203 3842 ι
1230 3810 1353 3862 ἐπεὶ
1388 3810 1524 3881 μηδὲ
1562 3811 1834 3863 συνετέλει

230 3922 291 3956 τι
326 3902 574 3973 ἀόρατος
619 3901 780 3971 φύσις
817 3903 954 3967 ἐκεῖ,
990 3900 1253 3971 αἰσθητῆς
1300 3899 1475 3970 ὅψεως
1511 3900 1835 3971 ὀφειλούσης

234 3993 396 4049 εἶναι
446 3997 547 4065 τῆς
582 3994 673 4047 τὸν
706 3994 879 4065 Ἀδὰμ
914 3994 1301 4065 παιδευούσης.
1341 3993 1480 4048 Οὔτε
1517 3991 1609 4048 οὖν
1636 3998 1670 4065 ἡ
1704 3995 1831 4064 φλορ

237 4090 378 4158 γένη
420 4089 663 4160 ῥομφαία
709 4089 869 4157 φύσις
917 4085 985 4159 ἦν
1036 4089 1233 4160 πυρὸς,
1275 4089 1389 4143 ἀλλ’
1419 4089 1541 4159 ὄψις
1568 4089 1789 4159 τοιαύτη
1816 4107 1830 4119 ·

238 4182 377 4236 οὔτε
404 4183 471 4234 τὰ
498 4182 782 4253 Χερουϐὶμ
812 4180 947 4249 ζῶα,
978 4183 1094 4236 ἀλλ’
1122 4183 1244 4252 ὄψις
1272 4184 1519 4254 τοιαύτη.
1554 4185 1709 4238 Ἐπεὶ
1739 4184 1833 4237 καὶ

247 4274 526 4343 Ἰεζεκιὴλ
569 4273 1010 4345 τετραπρόσωπα
1050 4275 1119 4327 τὰ
1150 4275 1433 4345 Χερουϐὶμ
1464 4276 1565 4346 ὁρᾷ
1591 4292 1603 4305 ·
1636 4293 1831 4345 τετρα-

234 4366 546 4437 πρόσωπος
565 4366 622 4418 δὲ
648 4366 883 4435 ἀοράτου
915 4365 1079 4434 φύσις
1101 4367 1203 4420 οὐκ
1225 4367 1373 4419 ἐστιν
1396 4368 1463 4420 ⁵³.
1517 4368 1678 4421 Ἀλλὰ
1727 4370 1833 4421 Χε-

234 4460 455 4533 ρουϐὶμ
507 4462 665 4515 καλεῖ
713 4462 820 4514 πᾶν
862 4461 924 4513 τὸ
973 4462 1218 4516 δυνατόν.
1275 4462 1463 4526 Οὕτως
1509 4464 1676 4533 λέγει,
1713 4484 1731 4517 ι
1772 4465 1831 4516 '0

846 4635 861 4672 ι
890 4637 1019 4691 ihid.
1050 4638 1103 4691 5.

314 4638 343 4675 ιι
386 4636 527 4690 Gen.
553 4652 635 4699 ιιι,
668 4635 757 4690 22.
846 4635 861 4672 ι
890 4637 1019 4691 ibid.
1050 4638 1103 4691 5.
1179 4646 1217 4667 ’⁸
1244 4637 1402 4691 Rom.
1438 4653 1508 4702 vi,
1534 4637 1586 4692 7.

1937 3265 2134 3312 ριιιοω.
2168 3276 2186 3308 ι
2220 3254 2395 3311 Jussit
2454 3262 2634 3309 autem
2690 3252 2835 3308 Deus
2901 3254 3170 3309 Adamum
3209 3270 3241 3310 e
3297 3254 3520 3324 regione

1934 3348 2181 3404 Paradisi
2229 3362 2413 3418 agere,
2462 3355 2523 3401 ut
2560 3344 2847 3415 pristinam
2896 3346 3063 3400 vitam
3099 3345 3287 3401 dolore
3320 3360 3519 3401 caren-

1934 3450 2043 3496 tem
2095 3454 2361 3496 revocans
2418 3438 2476 3492 in
2525 3437 2869 3505 memoriam,
2916 3437 3043 3492 odio
3092 3445 3518 3507 prosequeretur

1933 3544 2239 3605 peceatum,
2282 3541 2541 3602 tanquam
2593 3537 2875 3585 auctorem
2932 3529 3223 3586 laboriosae
3261 3538 3316 3585 et
3373 3544 3519 3586 aeru-

1935 3642 2139 3681 mnosa:
2170 3626 2316 3679 vitae.

2004 3718 2373 3775 THEODORI.
2427 3717 2705 3774 Cherubim
2761 3716 2892 3772 dicit
2927 3731 3035 3771 non
3094 3715 3325 3770 virtutes
3355 3731 3516 3785 quas-

1932 3812 2059 3868 dam
2125 3810 2451 3875 invisibiles,
2502 3818 2562 3864 ut
2593 3809 2815 3878 quidam
2867 3807 3220 3874 existimant;
3253 3808 3515 3877 quoniam

1933 3904 2223 3959 invisibilis
2260 3911 2454 3958 natura
2503 3902 2637 3956 nihil
2669 3902 2777 3955 illic
2819 3900 3184 3967 contulisset;
3217 3917 3343 3955 cum
3373 3902 3514 3956 visio

1933 3995 2206 4052 sensibilis
2243 4010 2368 4053 esse
2413 3995 2656 4055 deberet,
2691 4009 2811 4062 quae
2856 3992 3129 4046 Adamum
3182 3994 3510 4047 institueret.

1932 4088 2120 4159 Neque
2150 4088 2314 4156 igitur
2335 4087 2548 4158 gladius
2578 4086 2666 4139 ille
2689 4085 2971 4139 flanmreus
3003 4094 3197 4138 natura
3215 4084 3354 4154 ignis
3370 4093 3506 4151 erat,

1934 4183 2028 4237 sed
2070 4180 2188 4235 visu
2226 4180 2349 4234 talis
2386 4196 2398 4229 :
2448 4194 2624 4247 neque
2676 4177 2971 4230 Cherubitn
3015 4184 3174 4231 erant
3230 4177 3510 4241 animalia,

1933 4274 2027 4330 sed
2057 4274 2182 4328 talia
2214 4271 2554 4326 videbantur.
2595 4269 2879 4338 Siquidem
2915 4276 2968 4321 et
3000 4267 3253 4323 Ezechiel
3300 4269 3512 4323 Cheru-

1932 4368 2043 4423 bim
2100 4366 2247 4420 videt
2284 4364 2547 4419 habentes
2605 4371 2841 4431 quatuor
2909 4359 3123 4415 facies:
3165 4376 3291 4415 cum
3333 4368 3512 4413 tamen

1934 4458 2226 4515 invisibilis
2250 4467 2443 4512 natura
2471 4454 2884 4525 quadruplicem
2919 4451 3115 4507 faciem
3148 4468 3255 4508 non
3294 4450 3508 4507 habeat.

1115 4790 1344 4845 VARle
1387 4789 1770 4846 LECTIONES
1827 4786 1921 4842 EX
1976 4784 2252 4841 CATENA
2308 4781 2660 4839 LIPSIENSI.

310 4958 357 4987 ⁸⁸
398 4956 529 5023 περὶ
558 4957 745 5025 μὲν-
767 4955 824 5005 ἐν
862 4953 942 5023 τῷ
991 4972 1079 5024 γρ.
1133 4955 1336 5025 ζητεῖν.
1366 4954 1505 5025 iniec
1563 4955 1616 5007 in
1654 4963 1777 5025 rcat.
1820 4951 1855 5004 lt

1948 4960 2078 5025 ιιιιιιδ
2132 4965 2185 5025 p_.
2220 4948 2309 5025 60,
2351 4948 2416 5025 ad
2446 4947 2591 5025 Gen._
2621 4962 2682 5011 ιι,
2720 4946 2792 5009 7;
2833 4943 3372 5025 εειίρτεπλανηκότος
3409 4944 3509 5025 leg.

241 5042 341 5089 pro
373 5024 795 5094 πετελατμένου,
833 5026 1016 5078 minus
1046 5024 1209 5079 recte.
1286 5026 1332 5056 ⁸³
1364 5024 1476 5090 Illa,
1512 5043 1551 5093 μ

1554 5022 1838 5077 εταλαὸεἵν
1854 5054 1855 5059 η

1942 5021 2108 5074 δέδικ.
2135 5014 2259 5072 ’ἀπὸ
2296 5036 2347 5075 τ.
2383 5017 2659 5087 ἁμαρτίας
2691 5024 2910 5070 exstant
2942 5016 3221 5087 irrcat._p.
3261 5015 3376 5067 105.
3407 5014 3512 5087 lle-

240 5084 423 5167 quua,
466 5084 819 5165 Κατάντικρὺ
843 5126 910 5137 ——
931 5095 1188 5149 ἐπιπόνου
1243 5096 1387 5165 ζωῆς
1420 5084 1569 5159 vero,
1604 5095 1734 5149 ibid.
1765 5109 1819 5163 p.
1854 5110 1855 5117 η

1941 5093 1975 5145 l.
2053 5091 2100 5122 ⁵³
2131 5089 2250 5144 Cat.
2283 5105 2336 5159 p.
2374 5084 2973 5157 104ξτετραπρόσωπα
3003 5084 3060 5136 δὲ
3090 5085 3319 5154 ἀόρατος
3350 5084 3511 5153 φόσις

238 5171 341 5221 οὐκ
370 5169 541 5221 ἔστιν.

1763 5315 1999 5372 NOTAE.

313 5534 439 5603 (50)
469 5531 604 5588 Cod.
630 5536 687 5586 et
707 5529 823 5603 lfic.
864 5526 1284 5603 δυναμούμενοι.

309 5598 436 5675 (51)
468 5604 606 5675 Cod.
649 5611 702 5655 et
873 5598 1011 5675 άλλά
1050 5600 1142 5675 καὶ
1182 5598 1227 5648 εί
1254 5598 1304 5651 ὁ.

311 5669 437 5746 (52)
469 5674 603 5729 Cod.
644 5682 699 5746 ct
727 5670 841 5746 Pic.
884 5669 1117 5746 ὲ-νεργεῖ.

466 5745 737 5819 alacrem:
759 5740 869 5793 ὅτι.
898 5739 1023 5819 Des.
1272 5807 1284 5817 .
1373 5815 1383 5819 Δ
1446 5798 1451 5802 ,

309 5802 434 5894 (35)
466 5814 531 5870 1n
550 5812 672 5871 cod.
706 5812 942 5882 August.
979 5810 1092 5865 lucc
1126 5807 1458 5879 adjiciuntur
1494 5823 1505 5858 :
1550 5805 1670 5857 Ὅτι
1697 5802 1826 5873 ψευ-

1933 5519 2021 5584 δὲς
2051 5518 2280 5588 λέγειτὸ
2310 5517 2553 5589 γράμμα
2590 5516 2689 5588 τῆς
2716 5515 2865 5579 θείας
2891 5510 3136 5584 γραφῆς.

2029 5590 2118 5654 55)
2153 5590 2263 5654 Ὡς.
2308 5588 2484 5642 Deest.

2031 5647 2117 5726 56)
2160 5647 2279 5712 Τοῦ
2316 5658 2568 5726 καρποῦ.
2588 5656 2722 5711 Cod.
2756 5665 2809 5711 et
2840 5652 3085 5726 Ρίαᾼτοῦ
3115 5647 3295 5726 ξύλου.

2005 5722 2116 5801 (57)
2166 5730 2229 5782 '0
2256 5722 2511 5794 θάνατος
2546 5730 2615 5783 οὐ
2650 5727 2907 5797 τιμωρία.
2944 5722 3078 5780 Cod.
3106 5733 3156 5779 et
3181 5724 3289 5779 Pic.
3320 5722 3380 5778 ού
3418 5722 3513 5779 Θά-

1933 5800 2105 5865 νατος
2132 5802 2166 5871 ἡ
2205 5800 2468 5871 τιμωρία.
