3964 6570
215 471 314 538 145

1304 477 1588 550 QUIEST.
1611 476 1695 538 IN
1712 475 1982 539 GENES.
2011 475 2167 537 CAP.
2197 477 2296 538 IV.
2329 478 2393 538 V.

3378 470 3478 536 146

212 600 412 656 μησαν,
440 584 490 636 εί
521 584 588 638 ἐκ
615 584 899 661 διαφόρων
924 586 1356 660 βεϐλαστηκέναι
1394 588 1649 660 πατέρων
1682 587 1795 659 ᾠή-
1820 635 1828 651 .

1914 587 2069 643 sedes
2126 587 2508 652 admittuntur,
2539 587 2671 657 quid
2731 600 2842 641 non
2883 593 3310 657 perpetrassent,
3361 586 3407 640 si
3446 602 3470 643 ε

211 677 380 745 θησαν
403 695 420 743 ;
448 676 662 732 Τούτου
689 679 853 751 χάριν
877 680 977 737 Eva
1011 681 1113 752 μέν
1142 683 1207 735 ἐκ
1230 680 1329 752 τῆς
1371 681 1476 752 γῆς
1505 680 1797 737 διέπλασεν

1914 678 2121 735 liversis
2146 679 2393 749 patribus
2427 687 2576 735 ortos
2603 694 2664 735 se
2683 692 2807 735 esse
2822 678 3274 732 existimassem?
3302 676 3478 747 liuius

208 770 379 840 ἄνδρα
402 786 417 799 ·
449 771 517 823 ἐκ
552 770 613 824 δέ
658 771 853 826 τούτου
886 774 1020 845 μίαν
1071 773 1480 847 ἐδημιούργησε
1525 776 1789 844 γυναῖκα·

205 864 271 916 ἐκ
314 862 378 916 δὲ
424 862 639 917 τούτων
682 867 867 920 πᾶσαν
921 868 1024 939 τὴν
1083 868 1411 941 οἰκουμένην
1461 866 1561 922 τοῦ
1599 868 1794 939 γένους

206 954 520 1026 ἐπλήρωσε.
544 956 650 1010 Διά
669 958 830 1029 τήνδε
850 958 1031 1013 τοίνυν
1054 960 1156 1031 τὴν
1181 960 1387 1026 αἰτίαν,
1414 959 1793 1033 συνεχώρησεν

205 1043 270 1096 ἐν
296 1045 437 1115 ἀρχῇ
468 1044 584 1099 τῶν
617 1046 870 1116 ἀδελφῶν
895 1048 996 1120 τὴν
1026 1049 1314 1121 ἐπιμιξίαν
1337 1065 1352 1081 ο
1387 1050 1579 1121 ἐπειδὴ
1602 1050 1663 1104 δὲ
1684 1051 1790 1122 ηὐ-

207 1137 349 1208 ξήθη
371 1138 433 1192 τὸ
463 1137 650 1207 γένος,
670 1139 747 1205 ὡς
777 1141 1096 1214 παράνομον
1126 1143 1318 1199 τοῦτον
1337 1142 1679 1215 ἀπαγορεύει
1697 1143 1792 1198 τὸν

206 1231 407 1301 γάμον.
440 1231 551 1285 Διά
578 1250 667 1287 τοι
701 1233 861 1289 τοῦτο
900 1236 1001 1290 σὺν
1031 1236 1111 1308 τῷ
1159 1236 1285 1291 Νῶε
1328 1237 1425 1292 καὶ
1468 1239 1585 1301 τοῖς
1627 1237 1790 1301 υἱέσι,

206 1324 299 1378 καὶ
329 1326 437 1387 τὰς
485 1325 721 1381 ἐκείνων
771 1329 1039 1396 γυναῖκας
1083 1327 1342 1383 διέσωσεν
1373 1331 1432 1384 ἐν
1457 1332 1522 1401 τῇ
1548 1329 1788 1402 κιϐωτῷ,

207 1418 290 1469 ίνα
324 1420 453 1483 ταῖς
498 1418 755 1490 ἀνεψιαῖς
806 1420 858 1474 οἱ
880 1421 1106 1477 ἐκείνων
1162 1421 1277 1494 (41)
1324 1421 1639 1493 ωναφθῶσι
1663 1425 1792 1478 παϊ-

200 1510 305 1571 ὗες.

839 1627 1040 1685 ΕΡΩΤ.
1091 1629 1221 1683 MA'.

628 1741 801 1808 Τίνας
841 1742 1095 1797 ἀνεῖλεν
1114 1745 1149 1798 d
1176 1742 1381 1815 Λάμεχ
1404 1761 1424 1809 ;

266 1832 343 1887 οὐ
372 1832 497 1897 δύο,
539 1833 688 1888 καθά
732 1850 879 1899 τινες
906 1834 1277 1907 ὑπειλήφασιν
1302 1852 1315 1866 °
1349 1836 1472 1889 οὐδὲ
1500 1836 1592 1889 τὸν
1627 1836 1789 1901 Κάῖν,

1898 770 1978 826 rei
2012 770 2183 841 gratia
2221 786 2391 826 unum
2420 770 2639 841 quidem
2668 770 2848 825 virum
2875 785 2906 825 e
2934 779 3079 825 terra
3113 769 3392 834 formavit,
3425 781 3480 825 et

1898 879 1963 919 ex
1994 878 2062 919 eo
2096 880 2261 919 unam
2314 864 2523 919 creavit
2556 863 2863 929 mulierem,
2887 872 2942 918 et
2978 879 3044 918 ex
3067 878 3258 919 eorum
3284 878 3478 934 genere

1898 957 2127 1028 replevit
2156 958 2470 1013 universam
2514 966 2739 1013 terram.
2770 958 2926 1013 Hane
2955 956 3119 1028 igitur
3153 956 3225 1012 ob
3253 972 3477 1012 causam

1900 1052 2045 1107 Deus
2077 1051 2147 1107 ab
2174 1050 2330 1107 initio
2353 1050 2606 1121 permisit
2645 1051 2880 1106 fratrum
2914 1050 3358 1107 commistionem
3389 1058 3480 1105 :at

1898 1156 2189 1215 postquam
2216 1144 2427 1199 creavit
2452 1144 2757 1198 humanum
2801 1158 2997 1215 genus,
3033 1142 3347 1212 hujusmodi
3375 1158 3479 1195 nu-

1896 1240 2064 1311 ptias,
2098 1248 2358 1311 tanquam
2420 1240 2657 1307 iniquas,
2714 1239 3019 1311 prohibuit.
3071 1237 3137 1293 Et
3183 1238 3251 1293 ob
3283 1239 3335 1291 id
3370 1253 3477 1291 una

1898 1348 2022 1389 cum
2052 1330 2168 1387 Noe
2189 1334 2239 1387 el
2264 1331 2391 1387 ﬁliis
2412 1332 2555 1401 ejus,
2576 1331 2721 1387 Deus
2749 1330 3094 1388 conservavit
3114 1346 3304 1386 eorum
3338 1345 3477 1384 uxo-

1898 1439 1988 1480 res
2012 1424 2069 1478 in
2100 1438 2249 1488 arca,
2287 1434 2345 1480 ut
2395 1440 2588 1479 eorum
2640 1422 2800 1480 liberi
2862 1422 3206 1479 consobrinis
3257 1421 3480 1493 copula-

1899 1524 2108 1573 rentur.

2422 1629 2701 1688 INTERR.
2738 1629 2927 1687 XLIV.

2264 1745 2535 1810 Quasnam
2562 1743 2824 1814 interfecit
2847 1742 3073 1798 Lamech
3089 1746 3115 1799 ?
3290 1814 3299 1821 α

1969 1838 2087 1893 Νοη
2110 1838 2361 1903 ἀυ,οε,υι
2409 1839 2631 1909 quidam
2670 1847 3019 1908 putaverunt,
3069 1850 3247 1906 neque
3296 1835 3479 1905 ipsum

201 1924 276 1987 ὡς
324 1926 520 1996 ἕτεροι
575 1926 1089 1999 μεμυθολογήκασιν
1113 1944 1130 1960 ο
1162 1927 1279 1982 ἀλλ’
1313 1928 1430 1994 ἐνα,
1474 1928 1568 1983 καὶ
1604 1928 1793 1984 τοῦτον

1914 1930 2059 1996 Zain,
2096 1941 2159 1987 ut
2187 1931 2280 1987 alii
2336 1931 2563 1986 fabulati
2605 1938 2781 1986 sunt:
2818 1929 2914 1987 sed
2972 1945 3166 1992 unum,
3221 1936 3276 1983 et
3330 1928 3483 1984 hunc

203 2017 340 2071 νέον.
382 2036 404 2068 ‹
439 2017 653 2090 Ἄνδρα
682 2016 812 2089 γὰρ,
868 2021 1055 2090 φησὶν,
1116 2020 1413 2075 ἀπέκτεινα
1466 2022 1548 2086 είς
1576 2020 1798 2095 τραῦμα

1914 2028 2175 2093 iuvenem.
2216 2044 2235 2077 τ
2272 2022 2464 2079 Virum
2505 2024 2674 2090 enim,
2730 2022 2930 2094 inquit,
2958 2021 3134 2077 occidi
3179 2020 3231 2075 in
3275 2020 3479 2077 vulnus

206 2110 351 2179 ἐμοὶ,
381 2109 483 2163 καὶ
500 2110 792 2164 νεανίσκον
842 2112 923 2175 είς
962 2110 1209 2183 μώλωπα
1242 2113 1366 2184 ἐμοί
1386 2132 1399 2147 ο
1431 2135 1450 2167 ι
1495 2116 1795 2183 τουτέστιν,

1899 2134 2083 2176 meum
2111 2127 2166 2174 et
2190 2117 2658 2176 adolescentulum
2690 2117 2747 2172 in
2775 2116 3004 2173 livorem
3027 2131 3211 2171 meum
3227 2125 3292 2181 εις
3333 2132 3354 2166 ι
3377 2115 3482 2168 hoc

206 2205 377 2276 ἀνδρα
401 2205 537 2260 νέαν
574 2206 776 2275 ἄγοντα
799 2207 901 2277 τὴν
943 2207 1183 2278 ἡλικίαν.
1216 2209 1453 2282 Διέφυγε
1485 2210 1670 2281 μέντοι
1698 2214 1799 2283 τὴν

1914 2222 2004 2280 3st,
2021 2213 2200 2268 virum
2231 2221 2479 2282 agentem
2502 2210 2797 2282 juvenilem
2830 2219 3068 2267 aetatem.
3130 2208 3353 2264 Poenam
3398 2217 3481 2262 ta-

207 2298 507 2369 τιμωρίαν,
536 2296 628 2351 διὰ
653 2297 751 2369 τὴν
777 2298 877 2370 τῆς
902 2299 1180 2371 ἁμαρτίας
1198 2300 1493 2371 ὁμολογίαν
1516 2320 1530 2333 ·
1555 2303 1650 2359 καὶ
1674 2304 1801 2358 καθ’

208 2389 409 2444 ἐαυτοῦ
450 2390 572 2461 (ιὲ)
599 2390 701 2463 τὴν
721 2390 902 2465 ψῆφον
934 2392 1261 2463 ἐξενεγκὼν,
1289 2394 1392 2465 τὴν
1418 2393 1570 2449 θείαν
1595 2394 1803 2451 διεκώ-

206 2482 336 2536 λυσε
363 2482 579 2554 ψῆφον.

844 2594 1039 2653 ΕΡΩΤ.
1076 2598 1212 2654 ME’.

212 2707 338 2761 Ποῦ
368 2710 712 2778 μετέθηκεν
730 2710 843 2782 (45)
884 2713 919 2766 ὁ
944 2710 1065 2765 τῶν
1083 2711 1245 2767 ὅλων
1272 2713 1419 2780 Θεὸς
1437 2712 1549 2768 τὸν
1576 2714 1804 2784 Ἐνώχ;

282 2800 361 2853 υύ
386 2800 476 2854 δεῖ
516 2803 706 2872 ζητεῖν
734 2803 807 2858 τά
849 2807 1189 2876 σεσιγημένα
1212 2821 1227 2836 ο
1254 2806 1505 2877 στέργειν
1546 2806 1602 2860 δὲ
1631 2824 1803 2879 προσ-

210 2892 338 2961 ήκει
382 2892 461 2947 τὰ
503 2896 893 2966 γεγραμμένα.
937 2894 1337 2967 Ἐγὼδὲοῖμαι
1380 2898 1542 2954 τοῦτο
1576 2917 1805 2970 πεποιη-

212 2987 375 3042 κέναι
405 2986 503 3042 τὸν
532 2988 643 3041 τῶν
684 2988 821 3044 ὅλων
863 2989 1018 3057 Θεὸν,
1050 2990 1131 3056 είς
1161 2990 1526 3062 ψυχαγωγίαν
1564 2992 1673 3047 τῶν
1704 2993 1806 3065 τῆς

210 3079 429 3150 ἀρετῆς
468 3080 744 3152 ἀθλητῶν.
785 3082 1008 3154 Ἐπειδὴ
1040 3083 1153 3155 γὰρ
1186 3086 1216 3137 ὁ
1240 3084 1431 3151 Ἀϐελ,
1469 3085 1687 3156 πρῶτος
1712 3102 1807 3154 γε-

213 3169 398 3236 γονὼς
418 3171 520 3241 τῆς
538 3172 892 3245 δικαιοσύνης
907 3174 1141 3247 καρπὸς,
1165 3176 1419 3248 πρόωρός
1439 3194 1500 3231 τε
1524 3179 1620 3233 καὶ
1642 3178 1809 3251 πρόρ-

1901 2320 2025 2369 men
2051 2304 2245 2372 evasit,
2278 2314 2500 2375 propter
2526 2302 2737 2375 peccati
2767 2300 3174 2359 confessionem
3205 2309 3316 2355 :‘et
3344 2314 3479 2354 cou-

1902 2408 1984 2457 tra
2013 2414 2074 2455 se
2104 2397 2288 2455 ferens
2344 2396 2692 2463 sententiam,
2742 2394 2967 2451 evitavit
3014 2393 3337 2450 sententiam
3398 2391 3481 2447 di-

1902 2505 2107 2546 vtnam.

2462 2596 2744 2655 INTERR.
2773 2597 2937 2655 XLV.

1906 2719 2073 2787 Quem
2095 2720 2151 2772 in
2180 2726 2355 2771 tecum
2382 2714 2522 2769 Deus
2573 2713 2807 2767 omnium
2853 2711 3133 2767 transtulit
3166 2709 3441 2763 Enochum
3460 2708 3487 2760 .’

1970 2811 2089 2867 Non
2125 2810 2448 2881 inquirenda
2483 2818 2630 2875 sunt,
2658 2822 2779 2878 qua:
2825 2804 3045 2862 silentio
3092 2812 3222 2859 sunt
3260 2801 3483 2867 tradita,

1906 2905 2001 2963 sed
2032 2902 2341 2960 veneranda
2396 2917 2516 2973 quae
2570 2903 2774 2973 scripta
2835 2907 2983 2955 sunt.
3010 2896 3123 2968 Ego
3169 2910 3299 2951 vero
3352 2900 3493 2963 puto

1906 2997 2076 3053 Deum
2098 2995 2345 3053 omnium
2390 2994 2496 3049 hoc
2524 2991 2741 3057 fecisse,
2766 2991 2831 3047 ad
2858 2986 3228 3046 consolandos
3254 2985 3491 3053 ,virtutis

1907 3090 2161 3147 athletas.
2184 3090 2331 3144 ‘(Ium
2366 3086 2515 3143 enim
2549 3085 2683 3141 Abel
2714 3084 2927 3156 primus
2980 3082 3210 3154 iustitia:
3249 3079 3485 3146 fructus,

1909 3181 2238 3236 immaturus
2278 3178 2457 3234 adhuc
2482 3176 2744 3231 radicitus
2773 3173 3054 3229 abscissus
3076 3179 3241 3236 esset,
3261 3179 3317 3225 et
3343 3184 3487 3225 non-

216 3260 701 3368 ﬁtfx.é§euém'
730 3265 889 3330 ἐλπὶς
931 3265 989 3320 δὲ
1030 3267 1132 3339 τῆς
1195 3270 1550 3332 ἀναστάσεως
1593 3270 1808 3325 ούδέπω

1914 3273 2040 3329 dum
2066 3270 2488 3328 resurrectionis
2523 3285 2648 3340 spes
2677 3267 2928 3323 homines
2953 3264 3064 3337 58
3086 3262 3487 3328 consolaretur,

211 3356 351 3419 τοὺς
374 3356 707 3427 ἀνθρώπους
733 3358 1105 3430 ἐψυχαγώγει,
1142 3362 1444 3433 μετέθηκεν
1499 3364 1804 3435 εὐαρεστή-

216 3462 397 3500 σαντα
427 3445 523 3501 τὸν
566 3446 739 3518 Ἑνὼχ
762 3450 792 3501 ὁ
814 3448 923 3502 τῶν
951 3450 1088 3504 ὅλων
1108 3450 1261 3516 Θεὸς,
1294 3453 1388 3506 καὶ
1420 3454 1523 3524 τῆς
1553 3452 1664 3506 τῶν
1685 3452 1809 3523 θνη-

210 3538 330 3591 τῶν
363 3538 609 3610 ἐχώρισε
639 3540 821 3612 βιοτῆς
840 3556 858 3575 ο
893 3541 981 3596 ἵνα
998 3542 1227 3608 ἕκαστος
1245 3543 1360 3597 τῶν
1399 3544 1643 3598 εὐσεϐεῖν
1671 3562 1807 3617 προ-

212 3629 577 3699 αιρουμένων
600 3630 902 3704 λογίζηται,
936 3628 1024 3687 οἶα
1051 3634 1115 3706 δὴ
1144 3635 1292 3706 λόγῳ
1312 3637 1695 3707 τετιμημένος,
1731 3637 1808 3702 ὼς

213 3720 251 3772 ὁ
278 3720 483 3773 τοῦτον
518 3723 853 3793 τετιμηκὼς,
875 3725 1180 3797 ἀγέραστον
1205 3730 1308 3782 οὐκ
1332 3728 1486 3782 ἐάσει
1502 3729 1596 3783 τὸν
1620 3728 1807 3795 ’Δσελ,

216 3812 320 3867 Et:
375 3814 449 3884 δὴ
472 3814 685 3880 δίκαιος
704 3816 801 3883 ὢν,
821 3820 915 3873 καὶ
934 3819 1157 3885 δικαίως
1179 3822 1377 3877 ἰθύνων
1398 3823 1469 3877 τά
1490 3822 1808 3895 σύμπαντα.

214 3905 442 3959 Τούτου
484 3907 555 3979 δὴ
583 3908 763 3981 χάριν,
808 3911 900 3966 τὸν
945 3913 1044 3983 μὲν
1082 3914 1345 3987 παρεῖδεν
1391 3915 1810 3988 ἀναιρούμενον,

215 3994 317 4048 τὸν
350 3994 417 4048 δὲ
455 3998 758 4070 μετέθηκεν
782 4016 798 4032 ο
830 4001 920 4057 ἵνα
941 4005 1009 4075 τῇ
1041 4005 1345 4077 ἀναρρήσει
1378 4007 1443 4077 τῇ
1472 4005 1667 4059 τούτου
1706 4024 1814 4077 μη-

216 4087 371 4159 νύσῃ
422 4088 528 4157 τὴν
571 4090 839 4165 ἐσομένην
884 4095 1202 4151 ἀνάστασιν.
1250 4097 1310 4152 '0
1344 4097 1454 4170 γὰρ
1481 4098 1625 4153 κατά
1661 4100 1815 4155 τόνδε

218 4181 325 4235 τὸν
366 4182 486 4253 βίον
520 4185 637 4239 τῶν
669 4186 769 4256 τῆς
783 4187 988 4260 ἀρετῆς
1013 4189 1091 4261 μὴ
1120 4189 1437 4262 τετυχηκὼς
1467 4191 1813 4260 ἀντιδόσεων,

218 4272 402 4342 δῆλον
440 4274 517 4340 ὡς
544 4276 608 4331 ἐν
644 4277 815 4350 ἐτέρῳ
836 4278 1044 4334 τούτων
1075 4282 1441 4337 ἀπολαύσεται
1464 4283 1585 4354 βίῳ.

838 4480 1035 4537 sper.
1061 4482 1193 4550 MC,"
1220 4482 1289 4537 ὀ.

1911 3364 2192 3421 transtulit
2217 3362 2463 3417 omnium
2494 3359 2638 3415 Deus
2666 3358 2841 3431 ipsum
2869 3357 3053 3412 Enoeh
3106 3354 3211 3411 sibi
3241 3352 3497 3425 gratissi-

1912 3470 2082 3520 mum,
2123 3467 2357 3523 eumque
2396 3449 2636 3521 seiunxit
2662 3465 2695 3504 a
2736 3447 3047 3503 mortalium
3075 3446 3230 3500 vita:
3275 3451 3335 3498 ut
3361 3442 3491 3514 qui-

1910 3562 2125 3618 cunque
2158 3546 2245 3617 pie
2289 3546 2471 3599 vivere
2496 3542 2773 3605 statuerit,
2797 3540 2873 3595 ita
2895 3538 3274 3602 ratiocinetur,
3304 3544 3501 3605 utpote

1912 3641 2125 3697 ratione
2162 3638 2441 3708 praeditus,
2500 3651 2628 3690 cum
2687 3635 2832 3690 Deus
2886 3632 3154 3698 omnium,
3186 3630 3281 3701 qui
3308 3629 3497 3701 justus

1912 3742 2017 3800 est,
2061 3731 2287 3801 etjuste
2342 3729 2607 3800 gubernat
2639 3726 2917 3790 universa,
2964 3722 3250 3779 Enochum
3284 3722 3499 3777 honore

1913 3832 2235 3893 prosecutus
2258 3821 2349 3886 sit,
2375 3834 2499 3876 eum
2526 3818 2751 3873 Abelem
2778 3830 2999 3887 quoque
3041 3820 3365 3869 ornamento
3398 3827 3496 3868 ca-

1914 3931 2036 3973 rere
2056 3930 2166 3971 non
2187 3913 2604 3985 permissurum.
2647 3909 2759 3967 Hac
2792 3911 2859 3965 de
2887 3922 3055 3963 causa
3090 3908 3243 3961 illum
3269 3905 3499 3975 quidem

1914 4007 2091 4065 occidi
2143 4005 2409 4077 permisit,
2465 4003 2749 4059 Enochum
2809 4010 2992 4057 autem
3059 3999 3339 4054 transtulit
3384 4008 3498 4054 :ut

1916 4100 2080 4171 hujus
2113 4096 2499 4169 praedicatione
2536 4094 2778 4150 futuram
2839 4093 3106 4148 indicaret
3138 4088 3498 4147 resurrectio-

1916 4208 2061 4247 nem.
2091 4190 2195 4257 Qui
2218 4189 2366 4244 enim
2396 4187 2452 4242 in
2486 4187 2591 4243 hac
2620 4185 2728 4241 vita
2756 4183 2975 4241 virtutis
2998 4180 3497 4238 remunerationem

1918 4300 2025 4339 non
2062 4282 2225 4338 fuerit
2248 4281 2497 4351 adeptus,
2528 4279 2677 4334 illam
2707 4278 2763 4334 in
2786 4279 2959 4333 altera
2990 4276 3099 4331 vita
3132 4282 3281 4331 certo
3304 4289 3499 4330 conse-

1918 4384 2135 4447 quetur.

2456 4484 2734 4542 INTERR.
2776 4480 2957 4540 XLVI.

227 4589 294 4643 Τί
328 4587 420 4657 δὴ
460 4588 571 4644 τοῦ
611 4591 783 4674 Ἀδᾲμ
821 4594 1258 4676 Δ’ἡμιιρτηιιότνρς
1296 4599 1476 4653 Ἅϐελ
1511 4603 1544 4654 ὁ
1584 4600 1819 4668 δίκαιος

1924 4600 2123 4667 Quare,
2161 4617 2283 4654 cum
2334 4599 2507 4653 Adam
2562 4608 2847 4669 peccasset,
2891 4597 3074 4676 justus
3112 4596 3253 4666 Abel
3297 4595 3503 4665 primus

707 4665 1065 4734 ἐτελεύτησε
1093 4666 1325 4735 πρῶτος
1349 4685 1367 4733 ;

303 4750 524 4822 Σαθρόν
570 4753 844 4826 ἠϐουλήθη
889 4758 918 4809 ὁ
958 4756 1091 4821 Θεὸς
1132 4759 1389 4828 γενέσθαι
1414 4761 1506 4813 τὸν
1531 4760 1626 4814 τοῦ
1650 4761 1819 4816 θανά-

228 4861 328 4896 του
366 4843 651 4913 θεμέλιον.
694 4846 757 4901 El
781 4848 893 4919 γὰρ
930 4850 1106 4922 Ἀδὰμ
1147 4853 1417 4924 πρότερος
1438 4855 1821 4926 ἐτελεύτησεν,

228 4936 401 5006 ἔσχεν
456 4937 524 4992 ἂν
569 4939 774 5003 ἐκεῖνος
803 4942 1031 5013 ίσχυράν
1057 4944 1156 5016 τὴν
1193 4947 1456 5017 κρηπῖδα,
1487 4948 1706 5019 πρῶτον
1743 4966 1824 5002 νε-

228 5030 372 5100 κρὸν
396 5030 497 5084 τὸν
526 5032 888 5103 ἡμαρτηκότα
910 5034 1221 5108 δεξάμενος.
1269 5038 1487 5111 Ἐπειδὴ
1519 5039 1577 5093 δέ
1596 5039 1687 5095 τὸν
1702 5039 1816 5096 ἀδί-

306 5218 337 5258 ιι
379 5206 524 5265 Gen.
553 5208 629 5273 tv,
652 5208 744 5266 23.

1853 4680 1900 4739 D

2519 4679 2759 4724 mortuus
2799 4670 2913 4722 est?

2001 4764 2184 4819 Debile
2209 4764 2377 4821 voluit
2406 4762 2549 4818 Deus
2584 4778 2706 4817 esse
2761 4761 2955 4817 mortis
2986 4760 3426 4815 fundamentum.
3448 4757 3503 4811 Si

1929 4856 2073 4910 enim
2110 4854 2283 4911 Adam
2328 4853 2478 4926 prior
2536 4852 2784 4917 obiisset,
2846 4852 3088 4907 firmiore
3150 4850 3506 4905 fundamento

1931 4963 2080 5003 mors
2137 4946 2419 5009 niteretur,
2470 4946 2704 5015 primum
2740 4953 3015 4999 mortuum
3070 4942 3351 5011 excipiens
3381 4956 3505 5012 pec-

1920 5047 2183 5095 catorem.
2214 5037 2355 5105 Quia
2402 5053 2531 5093 vero
2573 5036 2805 5107 primum
2847 5035 3054 5106 recepit
3099 5050 3252 5102 eum,
3292 5034 3386 5105 qui
3422 5033 3509 5087 in-

1110 5363 1344 5422 VARIE
1394 5363 1777 5423 LECTIONES
1824 5366 1917 5424 EX
1970 5364 2245 5425 CATENA
2274 5361 2635 5425 LIPSIENSl.

318 5530 370 5563 "
398 5527 645 5597 Quastio
670 5529 740 5587 46
766 5531 877 5588 alio
905 5530 1096 5588 ordine
1119 5532 1338 5603 ponitur
1362 5531 1419 5586 in
1444 5540 1551 5588 cat.
1592 5549 1649 5590 ο.
1684 5531 1806 5587 NO.

1767 5689 1996 5749 NOTAE.

318 5847 445 5919 (Μ)
480 5851 549 5904 οι
570 5848 833 5905 ἐκείνων.
871 5849 1040 5905 Abest
1060 5865 1089 5903 a
1115 5851 1235 5905 cod.
1264 5858 1318 5907 et
1339 5852 1465 5908 edit.
1490 5850 1622 5908 Pici.

324 5918 449 5991 (42)
474 5920 608 5978 Cod.
648 5930 702 5978 et
744 5921 865 5979 Pic.
892 5920 1012 5975 κατ’
1038 5920 1222 5976 αὑτοῦ.

2018 5849 2128 5921 (45)
2165 5850 2296 5905 Cod.
2350 5857 2402 5903 ct
2435 5843 2546 5901 Pic.
2576 5839 2949 5914 μετατέθεικε.
