3964 6526
535 453 634 519 147

1514 458 2003 519 THEODORETI
2054 458 2391 519 EPISCOPI
2443 455 2830 518 CYRENSIS'

3688 450 3829 518 148

526 573 671 641 jnste
715 569 930 627 occisus
974 577 1112 635 erat,
1164 569 1390 626 dubium
1460 570 1870 625 fundamentum
1920 570 2102 625 habet.

2218 588 2320 634 κως
2360 569 2706 641 ἀνῃρημένον
2749 567 2970 634 ἐδέξατο
3018 567 3258 639 πρῶτον,
3297 567 3568 638 σφαλερὸν
3597 564 3659 619 τὸ
3690 566 3826 619 θε-

1038 762 1315 818 INTERR.
1346 763 1554 820 XLVII.

783 876 1052 943 Quasnam
1087 876 1257 931 Moses
1299 877 1498 930 vocavit
1534 877 1675 946 ﬁlios
1706 876 1847 929 Dei?

600 989 829 1057 Quidam
875 990 1038 1045 nimis
1111 989 1312 1059 stupidi
1365 998 1419 1044 et
1475 989 1655 1044 stolidi
1720 988 2106 1044 existimarunt

531 1100 625 1141 eos
657 1084 879 1155 angelos
909 1099 1050 1144 esse.
1075 1091 1329 1153 putantes
1378 1098 1491 1138 suae
1520 1084 1701 1137 forsan
1740 1082 2106 1153 intemperan-

533 1179 621 1233 tiae
653 1178 1013 1248 patrocinium
1077 1191 1136 1231 se
1175 1175 1481 1241 habituros,
1525 1176 1570 1229 si
1604 1175 1827 1245 angelos
1859 1175 2103 1244 ejusdem

530 1272 777 1326 criminis
806 1285 930 1325 reos
953 1276 1217 1323 tenerent.
1246 1268 1541 1338 Oportebat
1564 1277 1743 1323 autem
1771 1284 1866 1324 eos
1887 1268 2107 1324 audisse

534 1365 702 1418 Deum
761 1362 1007 1416 omnium
1066 1362 1139 1414 ita
1196 1361 1465 1415 dicentem
1502 1376 1515 1410 :
1556 1379 1572 1411 ι
1606 1358 1723 1415 Νοη
1768 1359 2108 1431 permanebit

537 1456 773 1527 Spiritus
807 1470 961 1509 mens
1008 1453 1059 1507 in
1088 1453 1406 1509 hominibus
1438 1452 1545 1508 illis
1574 1453 1627 1507 in
1660 1462 1947 1518 mternum,
1978 1452 2106 1524 quia

532 1563 727 1602 carnes
759 1554 906 1601 sunt.
934 1543 1107 1598 Erunt
1137 1554 1318 1598 autem
1350 1544 1467 1599 dies
1518 1544 1733 1599 illorum
1776 1553 1993 1599 centum
2023 1545 2107 1598 vi—

533 1639 669 1709 ginti
704 1638 915 1705 anni';
947 1657 965 1689 ι
999 1649 1053 1692 et
1102 1636 1226 1692 inde
1270 1637 1576 1707 perspicere
1626 1646 1874 1692 naturam
1930 1638 2110 1692 incor-

531 1746 754 1799 porcam
789 1744 981 1784 carnes
1037 1742 1146 1782 non
1197 1727 1417 1789 habere,
1451 1743 1628 1797 neque
1679 1729 1903 1799 angelos
1936 1727 2107 1781 vitam

530 1823 734 1877 habere
758 1830 1003 1890 tempore
1032 1820 1305 1874 deﬁnitam
1346 1838 1361 1875 :
1391 1820 1730 1876 immortales
1770 1821 1915 1875 enim
1939 1821 2107 1875 creati

2210 662 2395 734 μέλιον
2437 663 2571 732 ἔχει.

2818 779 3019 832 ΕΡΩΤ.
3045 779 3179 832 ΜΖ’.

2314 896 2485 961 Τίνας
2507 894 2676 961 υἱοὺς
2705 893 2812 948 τοῦ
2838 893 2986 947 Θεοῦ
3024 890 3332 958 κέκληκεν
3362 892 3394 942 ὀ
3418 888 3682 956 Μωσῆς;

2289 1007 2680 1079 Ἐμϐρόντητοί
2721 1023 2867 1069 τινες
2913 1004 3009 1058 καὶ
3051 1003 3193 1072 ἄγαν
3246 1002 3466 1073 ἠλίθιοι,
3516 1002 3820 1069 ἀγγέλους

2203 1100 2427 1165 τούτους
2457 1099 2749 1165 ὑπέλαϐον,
2782 1098 2881 1168 τῆς
2927 1097 3134 1161 οἰκείας
3173 1097 3303 1158 ἴσως
3329 1095 3625 1157 ἀκολασίας
3650 1096 3819 1147 ἀπο-

2205 1192 2389 1262 λογίαν
2416 1193 2641 1262 σχήσειν
2682 1191 3003 1262 ήγούμενοι,
3048 1190 3098 1241 εἰ
3132 1187 3241 1241 τῶν
3281 1186 3529 1255 ἀγγέλων
3563 1184 3816 1239 τοιαῦτα

2206 1289 2564 1358 κατηγοροῖεν
2583 1285 2809 1338 ⁵⁷.”Εδει
2830 1284 2885 1338 δὲ
2910 1283 3104 1345 αὐτοὺς
3135 1278 3365 1333 ἀκοῦσαι
3396 1278 3490 1332 τοῦ
3516 1277 3652 1331 Θεοῦ
3683 1278 3816 1330 τῶν

2204 1381 2342 1435 ὅλων
2360 1379 2611 1448 λέγοντος
2633 1393 2649 1409 ο
2679 1396 2697 1429 ι
2734 1376 2808 1431 Οὐ
2836 1375 2911 1446 μὴ
2942 1374 3245 1444 καταμείνῃ
3270 1371 3333 1425 τὸ
3354 1369 3709 1440 Πνεῢμάίμου
3739 1369 3817 1420 ὲν

2206 1476 2318 1536 τοῖς
2367 1470 2682 1541 ἀνθρώποις
2722 1468 2934 1530 τούτοις
2984 1468 3063 1529 εἰς
3096 1465 3189 1519 τὸν
3215 1462 3410 1527 αἰῶνα,
3441 1460 3530 1514 διὰ
3555 1460 3616 1513 τὸ
3650 1456 3814 1514 εἶναι

2206 1561 2406 1623 αὐτοὺς
2437 1560 2648 1629 σάρκας
2667 1574 2680 1587 ·
2709 1557 2921 1610 ἔσονται
2945 1555 3002 1608 δὲ
3028 1556 3085 1607 αἰ
3108 1553 3314 1624 ἡμέραι
3340 1551 3520 1605 αὐτῶν
3542 1550 3637 1622 ἔτη
3660 1551 3816 1603 ἑκα-

2205 1652 2297 1706 τὸν
2327 1651 2500 1703 εἴκοσι
2528 1666 2543 1680 ο
2587 1668 2606 1699 ι
2633 1648 2729 1701 καὶ
2764 1645 2996 1701 συνιδεῖν
3028 1642 3301 1708 ἐντεῦθεν,
3325 1642 3402 1706 ὡς
3426 1640 3552 1696 οὔτε
3576 1641 3815 1711 σάρκας

2208 1743 2318 1813 ἔχει
2348 1742 2457 1795 τῶν
2491 1740 2800 1811 ἀσωμάτων
2835 1740 2868 1809 ἡ
2903 1736 3088 1806 φύσις,
3118 1734 3242 1788 οὒτε
3292 1734 3468 1805 χρόνῳ
3497 1732 3652 1805 ρητῷ
3690 1749 3814 1786 πε-

2210 1832 2581 1904 ριωρισμένην
2616 1830 2798 1901 ἔχουσι
2845 1828 2944 1899 τὴν
2981 1828 3165 1899 ζωήν·
3201 1826 3460 1880 ἀθάνατοι
3499 1826 3607 1895 γὰρ
3646 1825 3814 1877 ἐκτί-

532 1923 682 1971 sunt.
717 1912 781 1967 Et
814 1928 935 1983 quae
966 1920 1288 1982 sequuntur,
1313 1912 1414 1966 sub
1440 1913 1684 1967 eamdem
1738 1911 1847 1982 59
1888 1922 2107 1968 senten-

2218 1926 2433 1995 τθησαν.
2482 1924 2593 1978 Καὶ
2638 1924 2707 1975 τά
2745 1922 2872 1988 ἑξῆς
2911 1920 2968 1973 δὲ
3009 1918 3106 1990 τὴν
3152 1917 3321 1989 αὐτὴν
3356 1916 3469 1986 ἔχει
3500 1916 3752 1969 διάνοιαν
3790 1926 3810 1940 ’

533 2009 663 2062 tiam
686 2007 885 2061 cadunt
910 2024 923 2060 :
963 2005 1192 2060 «Videns
1218 2005 1385 2066 enim,
1409 2005 1604 2074 inquit,
1628 2004 1894 2061 Dominus
1918 2005 2060 2062 Deus
2089 2022 2103 2059 :

533 2100 678 2170 quod
713 2099 997 2169 completa:
1052 2098 1559 2169 essent‘nequitiae
1614 2098 1895 2154 hominum
1944 2114 2110 2170 super

532 2206 755 2257 terram,
800 2200 855 2247 et
901 2192 1045 2263 quod
1109 2192 1489 2261 unusquisque
1540 2193 1690 2247 omni
1754 2201 2000 2262 tempore
2052 2192 2107 2246 in

532 2284 703 2341 corde
733 2300 835 2340 suo
867 2285 1107 2341 intentus
1141 2292 1283 2340 esset
1306 2284 1373 2338 ad
1408 2284 1572 2350 mala,
1620 2285 1876 2354 paenituit
1915 2284 2105 2351 Deum,

534 2376 679 2446 quod
709 2377 927 2433 fecisset
957 2377 1231 2432 hominem
1257 2392 1421 2445 super
1446 2376 1751 2432 terram.Et
1770 2377 1906 2432 dixit
1926 2377 2105 2433 Deus:

536 2469 738 2523 Delebo
778 2469 1051 2523 hominem
1096 2483 1258 2538 quem
1292 2468 1415 2533 feci,
1460 2485 1487 2524 a
1550 2468 1689 2523 facie
1716 2476 1895 2533 terrae,
1922 2468 1990 2523 ab
2015 2468 2110 2523 ho-

535 2561 683 2616 mine
706 2577 879 2631 usque
907 2561 971 2615 ad
1006 2576 1192 2631 pecus,
1214 2571 1267 2617 et
1297 2577 1327 2616 a
1349 2561 1633 2631 reptilibus
1662 2575 1834 2629 usque
1866 2559 1933 2615 ad
1959 2560 2109 2614 vola-

536 2652 652 2707 tilia
674 2653 821 2717 caali,
863 2653 991 2722 quia
1016 2655 1243 2722 poenitet
1270 2668 1377 2717 me,
1410 2654 1555 2721 quod
1587 2651 1807 2708 fecerim
1836 2651 1984 2721 ipsos
2007 2653 2103 2706 τ’.»

536 2744 602 2800 Ει
625 2745 725 2815 ipsi
767 2744 881 2801 Noe
903 2747 1040 2800 dixit
1074 2746 1270 2801 iterum
1314 2760 1328 2797 :
1366 2765 1384 2797 ι
1417 2744 1568 2801 Finis
1603 2745 1876 2802 universa:
1925 2745 2112 2801 carnis

534 2840 684 2892 venit
713 2852 895 2893 coram
928 2853 1034 2893 me.
1077 2836 1216 2905 Quia
1248 2837 1451 2908 repleta
1492 2846 1577 2892 est
1623 2847 1767 2893 terra
1827 2837 2112 2907 iniquitate

536 2931 805 3003 ipsorum,
834 2949 961 2989 ecce
988 2933 1242 3003 disperdo
1272 2947 1388 2995 eos,
1422 2941 1476 2986 et
1502 2940 1700 2986 terram
1724 2939 1769 2984 ⁸.
1794 2950 1812 2980 ι
1850 2931 1973 2985 [hnc
2005 2930 2111 2985 uti-

536 3041 643 3097 que
670 3026 851 3079 omnia
910 3026 1151 3080 indicant
1207 3025 1456 3078 homines
1493 3039 1612 3078 esse
1661 3022 1751 3091 qui
1804 3023 1963 3076 vitam
2002 3023 2111 3077 ini-

536 3132 701 3187 quam
731 3115 963 3185 amplexi
1017 3126 1163 3169 sunt.
1201 3115 1353 3181 Quod
1393 3115 1439 3169 si
1491 3114 1664 3184 angeli
1697 3114 1910 3169 ﬁliabus
1934 3114 2114 3168 homi-

536 3224 667 3262 num
704 3206 946 3277 permisti
979 3214 1179 3270 essent,
1238 3205 1487 3259 homines
1548 3204 1616 3257 ab
1667 3203 1874 3273 angelis
1927 3214 2112 3259 essent

537 3300 739 3369 injuria
780 3298 980 3363 aﬂ‘ecti,
1016 3298 1143 3369 quia
1193 3299 1245 3351 vi
1291 3299 1485 3351 horum
1523 3296 1661 3351 tilias
1713 3296 2109 3367 corrupissent.
2141 3290 2182 3347 C

537 3391 796 3462 lnjuriam
834 3406 1053 3460 quoque
1110 3390 1257 3459 passi
1313 3399 1497 3444 essent
1542 3405 1570 3443 a
1613 3387 1721 3442 Deo
1756 3397 2020 3450 creatore,
2049 3404 2115 3443 eo

538 3484 686 3554 quod
715 3498 814 3552 pro
844 3483 1071 3553 angelis,
1094 3484 1186 3552 qui
1209 3482 1486 3538 libidinosi
1519 3481 1755 3546 fuerant,
1793 3482 1897 3550 ipsi
1939 3482 2112 3552 puniti

538 3583 741 3629 essent.
776 3570 978 3627 Verum
1038 3572 1174 3637 haec,
1216 3581 1275 3626 ut
1305 3571 1561 3638 arbitror,
1602 3587 1669 3626 ne
1699 3580 1851 3642 pater
1892 3572 2111 3640 quidem

538 3664 810 3721 mendacii
857 3664 1037 3719 dicere
1069 3663 1313 3720 auderet.
1356 3663 1535 3718 Multis
1581 3663 1724 3718 enim
1751 3663 1935 3718 docuit
1960 3679 2116 3719 sacra

542 3758 820 3829 Scriptura
865 3767 979 3812 tum
1034 3756 1283 3811 homines
1330 3755 1648 3825 deliquisse,
1689 3766 1803 3809 tum
1852 3758 2114 3812 adversus

539 3867 636 3907 eos
661 3852 899 3906 divinam
954 3850 1275 3906 sententiam
1327 3863 1446 3904 esse
1478 3848 1663 3903 latam.
1701 3849 1969 3903 Caeterum
2001 3850 2115 3918 ple-

539 3944 697 4016 rique
726 3946 930 4002 idcirco
957 3944 1011 3998 in
1062 3943 1421 4014 ignorantiam
1452 3941 1719 4009 incidunt,
1757 3942 1905 4007 quod
1963 3942 2112 3997 Scri-

540 4043 754 4107 pturam
784 4037 1023 4091 divinam
1072 4036 1369 4092 oscitanter
1399 4035 1601 4103 legant.
1635 4033 1770 4088 Nam
1826 4050 1948 4089 cum
1988 4051 2114 4089 nar-

541 4139 718 4185 rasset
744 4129 942 4195 Moses,
966 4131 1240 4200 quomodo
1268 4129 1394 4183 Seth
1425 4144 1490 4182 ex
1518 4129 1723 4182 Adamo
1755 4139 1915 4183 natus
1948 4138 2113 4193 esset,

543 4239 607 4277 ex
643 4221 771 4277 Setb
800 4235 981 4277 autem
1036 4223 1207 4288 Enos,
1237 4221 1522 4292 subiunxit
1555 4240 1567 4274 :
1607 4241 1624 4273 ι
1649 4221 1740 4276 llle
1767 4222 2003 4291 speravit
2034 4222 2116 4275 in-

545 4328 742 4368 vocare
794 4314 907 4383 60
943 4329 1138 4367 nomen
1179 4313 1393 4367 Domini
1444 4312 1536 4367 Dei
1567 4314 1651 4363 τ.»
1694 4314 1850 4379 Quod
1893 4313 2113 4384 quidem

543 4408 741 4478 Aquila
764 4407 1148 4478 interpretatus
1166 4408 1367 4462 estsic.
1410 4426 1428 4457 ι
1456 4407 1611 4461 Tunc
1632 4417 1866 4477 emptum
1892 4418 1975 4463 est
2017 4425 2114 4462 vo-

543 4500 654 4554 cari
682 4499 902 4554 nomine
937 4498 1170 4552 Domini.
1200 4518 1218 4550 ι
1264 4498 1584 4553 Subindicat
1608 4509 1786 4553 autem
1805 4515 1982 4555 sermo
2004 4499 2112 4566 ille,

2222 2038 2239 2070 ι
2280 2017 2424 2071 Ἰδὼν
2453 2017 2584 2088 γὰρ,
2612 2016 2767 2086 φησὶ,
2806 2013 3011 2082 Κύριος
3042 2014 3071 2064 ὁ
3093 2011 3245 2074 Θεὸς,
3273 2010 3356 2063 ὅτι
3380 2008 3816 2080 ὲπληθύνθησαν

2214 2112 2270 2163 αἱ
2316 2108 2504 2162 κακίαι
2551 2108 2661 2160 τῶν
2708 2105 3011 2176 ἀνθρώπων
3056 2103 3150 2155 ἐπὶ
3178 2102 3275 2172 τῆς
3296 2103 3420 2173 γῆς,
3448 2102 3544 2153 καὶ
3568 2104 3679 2163 πᾶς
3712 2118 3813 2164 τις

2213 2204 2502 2259 διανοεῖται
2529 2202 2585 2253 ὲν
2619 2200 2686 2271 τῇ
2718 2198 2917 2269 καρδίᾳ
2962 2195 3127 2249 αὑτοῦ
3171 2194 3450 2265 ἐπιμελῶς
3474 2195 3568 2248 ἐπὶ
3590 2195 3660 2248 τά
3698 2211 3812 2248 πο-

2215 2296 2356 2368 νηρά
2391 2294 2569 2357 πάσας
2594 2291 2693 2355 τὰς
2724 2291 2939 2363 ἡμέρας
2964 2288 3096 2361 (45),
3124 2288 3220 2342 καὶ
3255 2287 3564 2357 ἐνεθυμήθη
3587 2288 3615 2340 ὁ
3636 2285 3807 2350 Θεὸς,

2214 2389 2296 2441 ὅτι
2329 2387 2554 2457 ἐποίησε
2594 2384 2685 2438 τὸν
2716 2383 3003 2453 ἄνθρωπον
3034 2380 3124 2434 ἐπὶ
3160 2380 3259 2449 τῆς
3290 2381 3415 2449 γῆς.
3451 2379 3564 2433 Καὶ
3594 2373 3753 2431 εἶπεν
3778 2379 3814 2430 ὁ

2215 2479 2368 2543 Θεὸς,
2394 2476 2678 2546 ἀπαλείψω
2692 2474 2782 2529 τὸν
2804 2473 3089 2544 ἄνθρωπον
3116 2472 3174 2524 ὃν
3208 2471 3441 2541 ἐποίησα
3485 2468 3591 2523 ἀπὸ
3619 2484 3813 2539 προσ-

2216 2572 2368 2626 ώπου
2395 2571 2495 2641 τῆς
2518 2570 2645 2638 γῆς,
2691 2569 2799 2623 ἀπὸ
2821 2564 3109 2638 ἀνθρώπου
3139 2564 3245 2627 ἕως
3270 2564 3524 2635 κτήνους,
3563 2562 3657 2615 καὶ
3690 2560 3813 2613 ἀπὺ

2217 2660 2461 2732 ἑρπετῶν
2494 2659 2597 2722 ἓως
2652 2655 2916 2711 πετεινῶν
2945 2654 3040 2708 τοῦ
3100 2652 3352 2724 οὐρανοῦ,
3406 2654 3488 2706 ὃτι
3530 2651 3813 2706 ὲνεθυπὰ-

2217 2752 2315 2823 θην
2338 2751 2449 2823 (45)
2478 2752 2558 2804 ὅτι
2594 2750 2827 2820 ἐποίησα
2871 2746 3087 2811 αὐτούς.
3128 2766 3148 2799 ι
3182 2746 3295 2800 Καὶ
3345 2744 3424 2816 τῷ
3475 2744 3601 2798 Νῶε
3632 2743 3814 2816 μήλιν

2216 2844 2341 2915 ἔφη·
2401 2863 2420 2895 ι
2448 2842 2655 2913 Καιρὸς
2691 2841 2894 2905 παντὸς
2925 2839 3218 2910 ἀνθρώπου
3241 2840 3366 2910 ἥκει
3387 2838 3628 2892 ἐναντίον
3652 2853 3756 2906 μου
3782 2850 3807 2868 ο

2216 2941 2299 2992 ὅτι
2322 2938 2568 3009 ἐπλήσθη
2595 2939 2626 3008 ἡ
2651 2938 2720 3007 γῆ
2754 2936 2969 2999 ἀδικίας
2998 2936 3093 2989 ἀπ’
3123 2934 3302 2988 αὐτῶν
3328 2948 3342 2964 ⁸
3377 2933 3473 2986 καὶ
3504 2931 3612 2985 ἰδοὺ
3631 2947 3811 2984 κατα-

2218 3030 2423 3100 φθείρω
2454 3030 2672 3092 αὐτοὺς,
2703 3030 2798 3082 καὶ
2834 3029 2935 3100 τὴν
2965 3029 3087 3098 γῆν.
3129 3046 3147 3078 ι
3184 3025 3372 3080 Ταῦτα
3402 3024 3460 3077 δὲ
3494 3025 3673 3078 πάντα
3697 3025 3806 3076 ἀν-

2218 3121 2469 3192 θρώπους
2497 3115 2637 3174 εἶναι
2658 3120 2828 3189 δηλοῖ,
2858 3120 2985 3182 τοὺς
3023 3119 3116 3172 τὸν
3156 3116 3477 3188 παράνομον
3520 3114 3633 3186 βίον
3659 3114 3811 3184 ἠγα-

2218 3213 2484 3281 πηκότας;
2520 3213 2584 3264 Εἰ
2613 3212 2670 3264 δὲ
2696 3211 2919 3280 ἄγγελοι
2968 3211 3087 3272 ταῖς
3121 3207 3229 3261 τῶν
3256 3206 3562 3277 ἀνθρώπων
3596 3202 3809 3273 ἐπεμί-

2217 3320 2392 3373 γησαν
2414 3303 2773 3372 θυγατράσιν,
2807 3302 3094 3373 ἠδίκηνται
3127 3302 3179 3354 οἰ
3208 3300 3489 3370 ἄνθρωποι
3517 3297 3667 3369 παρά
3684 3296 3809 3350 τῶν

2216 3394 2470 3464 ἀγγέλων
2499 3412 2514 3427 ο
2551 3394 2642 3464 βία
2685 3394 2796 3466 γὰρ
2842 3394 3088 3464 δηλονότι
3125 3393 3225 3455 τὰς
3256 3391 3461 3445 τούτων
3489 3388 3809 3458 θυγατέρας

2216 3488 2535 3557 διέφθειραν
2555 3501 2570 3515 ⁸
2598 3487 2887 3557 ἠδίκηνται
2917 3486 2974 3539 δὲ
3001 3487 3096 3540 καὶ
3126 3485 3278 3556 παρά
3304 3484 3399 3537 τοῦ
3431 3481 3811 3551 πεποιηκότος

2216 3580 2376 3647 Θεοῦ,
2406 3579 2545 3650 ὑπὲρ
2575 3579 2823 3649 ἀγγέλων
2843 3578 3281 3647 λελαγνευκότων
3316 3576 3470 3629 αὐτοὶ
3493 3573 3606 3644 (46)
3632 3574 3811 3626 κολα-

2218 3673 2455 3743 ζόμενοι.
2492 3672 2654 3725 Ἀλλά
2700 3671 2875 3724 ταῦτα
2918 3670 3039 3723 οὐδὲ
3086 3668 3250 3723 αὐτὸν
3298 3666 3413 3737 (47)
3446 3662 3599 3736 οἶμαι
3626 3664 3806 3733 φάναι

2216 3764 2487 3834 τολμῆσαι
2514 3764 2604 3817 τὸν
2638 3763 2731 3817 τοῦ
2757 3762 2985 3833 ψεύδους
3020 3764 3253 3832 πατέρα.
3293 3760 3391 3813 Διά
3431 3757 3640 3812 πολλῶν
3685 3757 3808 3828 γὰρ

2216 3854 2456 3919 ἐδίδαξεν
2483 3857 2516 3926 ἡ
2535 3855 2652 3908 θεία
2678 3855 2892 3926 Γραφὴ,
2926 3855 3020 3908 καὶ
3037 3852 3359 3925 ἀνθρώπους
3376 3848 3796 3921 ἡμαρτηκέναι,

2217 3948 2314 4001 καὶ
2363 3948 2485 4001 κατ’
2533 3947 2838 4019 ἀνθρώπων
2888 3948 2988 4018 τὴν
3040 3947 3188 4000 θείαν
3215 3943 3565 4015 ἐξενηνέχθαι
3589 3943 3798 4013 ψῆφον.

2218 4042 2369 4094 Ποιεῖ
2401 4041 2460 4094 δὲ
2486 4043 2594 4104 τοῖς
2627 4041 2841 4101 πολλοῖς
2874 4040 2972 4111 τὴν
2991 4040 3216 4107 ἄγνοιαν
3248 4038 3308 4091 τὸ
3339 4038 3634 4108 παρέργως
3659 4035 3803 4088 ἀνα-

2217 4131 2505 4200 γινώσκειν
2536 4132 2633 4203 τὴν
2656 4131 2803 4185 θείαν
2831 4133 3071 4203 Γραφήν.
3098 4130 3350 4201 Είρηκὼς
3365 4129 3473 4200 γὰρ
3494 4131 3522 4181 ό
3550 4144 3798 4198 συγγρα-

2219 4224 2374 4292 φεὺς,
2424 4223 2571 4285 ὅπως
2620 4223 2683 4274 ἐκ
2726 4221 2823 4292 μὲν
2851 4221 2944 4274 τοῦ
2995 4220 3163 4289 Ἀδὰμ
3196 4223 3224 4273 ὁ
3261 4220 3368 4290 Σὴθ
3403 4219 3685 4289 ἐγεννήθη,
3730 4219 3799 4270 ὲκ

2217 4315 2274 4369 δὲ
2307 4315 2403 4368 τοῦ
2452 4314 2559 4385 Σὴθ
2590 4316 2619 4367 ό
2660 4314 2843 4379 Ἐνὼς,
2886 4312 3247 4385 προσέθηκεν,
3283 4331 3301 4364 t
3340 4304 3509 4373 Οὗτος
3563 4311 3798 4380 ἤλπισεν

2218 4406 2593 4459 ἐπικαλεῖσθαι
2628 4405 2687 4458 τὸ
2709 4404 2880 4476 ὄνομα
2916 4404 3119 4476 Κυρίου
3143 4402 3237 4455 τοῦ
3267 4402 3399 4455 Θεοῦ
3423 4399 3558 4469 (48).
3594 4417 3612 4449 ι
3648 4397 3706 4451 ὐ
3736 4397 3798 4450 δὲ

2231 4495 2644 4560 Ἀκύλαςοῦτως
2667 4495 2824 4549 τοῦτο
2849 4496 3213 4565 ἡρμήνευσεν,
3257 4512 3275 4543 ι
3313 4491 3444 4543 Τότε
3496 4488 3673 4561 ήρχθη
3697 4486 3795 4539 τοῦ

542 4593 687 4662 quod
714 4599 933 4662 pr0pter
962 4592 1210 4661 pietatem
1239 4590 1447 4660 primus
1488 4592 1578 4646 hic
1603 4590 1841 4645 divinam
1867 4593 2107 4661 appella-

2218 4588 2494 4641 καλεῖσθαι
2528 4588 2604 4657 τῷ
2636 4588 2860 4657 ὀνόματι
2892 4587 3001 4659 (49)
3039 4586 3247 4657 Κυρίου
3271 4601 3286 4617 ·
3322 4603 3340 4635 ›
3361 4583 3655 4636 αἰνίττεται
3685 4580 3743 4632 δὲ
3768 4583 3797 4632 ὁ

545 4686 745 4738 tionem
777 4685 1003 4740 sortitus
1026 4692 1128 4747 est,
1157 4692 1211 4738 et
1239 4698 1267 4737 a
1298 4683 1544 4754 cognatis
1572 4694 1794 4739 vocatus
1814 4693 1896 4738 est
1923 4684 2066 4739 Deus
2091 4701 2104 4737 :

546 4774 689 4828 unde
721 4782 773 4828 et
808 4774 901 4844 qui
924 4790 989 4828 ex
1026 4789 1091 4828 eo
1123 4773 1235 4827 nati
1264 4782 1411 4837 sunt,
1457 4774 1633 4829 vocati
1683 4784 1809 4828 sunt
1840 4773 1942 4842 ﬁlii
1970 4773 2108 4827 Dei:

619 4901 641 4928 τ
666 4889 801 4945 Gen.
825 4906 897 4951 Vl,
931 4889 983 4942 5.
1064 4892 1118 4925 τ’
1145 4888 1300 4952 ibid.,
1329 4890 1441 4944 5-7.
1521 4900 1541 4925 ³
1579 4888 1734 4953 ibid.,
1767 4887 1853 4943 15.

2218 4680 2393 4749 λόγος,
2430 4680 2504 4744 ὼς
2535 4680 2623 4733 διὰ
2646 4680 2744 4751 τὴν
2769 4680 3051 4733 εὐσέϐειαν
3068 4673 3223 4741 οὗτος
3264 4677 3477 4747 πρῶτος
3505 4674 3604 4743 τῆς
3640 4673 3796 4736 θείας

2221 4773 2594 4844 προσηγορίας
2631 4773 2921 4844 τετύχηκε,
2956 4772 3049 4826 καὶ
3080 4770 3184 4824 ὑπὸ
3214 4770 3321 4823 τῶν
3350 4766 3626 4837 συγγενῶν
3652 4765 3794 4817 ὠνο-

1934 4888 1951 4923 ¹
1982 4888 2117 4943 Gen.
2147 4904 2220 4953 tv,
2254 4887 2341 4942 26.

1390 5003 1621 5058 VARle
1664 5004 2047 5060 LECTIONES
2102 5005 2192 5058 EX
2248 5004 2521 5059 CATEN‘A
2557 4999 2917 5056 LIPSIENSI.

615 5096 660 5128 ⁵⁷
682 5096 801 5150 Cat.
834 5111 886 5152 ο.
916 5096 1037 5163 127,
1061 5098 1108 5149 εἰ
1134 5098 1241 5151 τῶν
1264 5128 1331 5136 —
1356 5101 1709 5167 κατηγοροῖεν
1750 5116 1858 5153 om.

2051 5190 2285 5248 NOTAE.

615 5276 730 5349 (44)
763 5275 1034 5345 Ἡμέρας.
1060 5275 1196 5331 Cod.
1222 5268 1516 5350 ἁμαρτίας.
1561 5278 1737 5335 Minus
1775 5281 1928 5337 bene.

615 5366 729 5434 (45)
779 5364 1211 5434 Ἐνεθυμήθην.
1249 5366 1556 5421 Secundum
1591 5367 1876 5422 lectionem
1910 5369 2110 5427 codicis

542 5433 792 5490 Vaticani
820 5433 1254 5495 :Alexandrinus
1277 5446 1456 5490 autem
1486 5437 1667 5505 habet,
1694 5438 2000 5510 ὲθυμώθην.

620 5522 1018 5598 “(illia/laris.
1054 5524 1244 5598 αὐτοί.
1280 5524 1421 5598 _Cod.
1458 5525 1897 5598 λελατρευκότων
1930 5530 2105 5584 αὐτοί.

546 5589 663 5647 Pic.
690 5589 1128 5665 λελατρευκότων
1166 5595 1332 5665 αὐτῷ.

620 5682 734 5752 (47)
763 5683 916 5737 Οὐδὲ
943 5686 1151 5741 αὐτόν.
1185 5684 1317 5739 Cod.
1358 5693 1411 5738 et
1442 5684 1556 5739 Pic.
1590 5686 1758 5741 οὐδέν.

618 5772 731 5843 (48)
756 5768 944 5839 Οὗτος
961 5774 1137 5825 υ-τοῦ
1164 5773 1329 5827 Θεοῦ.
1357 5772 1554 5828 Multos
1588 5775 1775 5831 fefellit
1803 5776 1934 5831 falsa
1974 5776 2111 5830 LXX

548 5844 906 5914 interpretum
941 5846 1138 5906 versio,
1176 5844 1261 5899 cui
1325 5845 1553 5901 omnino
1600 5847 1651 5901 h.
1710 5848 1746 5901 l.
1779 5848 2109 5917 praeferenda

2221 5294 2305 5339 est
2342 5283 2551 5353 Aquilae
2582 5282 2973 5349 interpretatio.
3004 5264 3136 5358 '1th
3162 5280 3306 5334 enim
3360 5294 3469 5334 non
3510 5280 3794 5338 descendit

2220 5405 2251 5444 a
2409 5390 2654 5459 speravit,
2685 5388 2819 5444 seda
2840 5387 3011 5454 solvit,
3050 5371 3379 5472 Ἶῇζιίηεευίι.
3414 5386 3536 5443 Vid.
3564 5386 3792 5444 Drusius

2221 5496 2256 5548 l.
2288 5512 2337 5551 c.
2371 5513 2423 5561 p.
2464 5496 2553 5549 9i.

2290 5565 2571 5646 $49).Tgi§_
2605 5566 2926 5646 καλεῖσθαι.
2976 5566 3056 5631 τῷ
3098 5566 3362 5646 ὀνόματι.
3413 5563 3555 5646 βοὰ..
3592 5571 3644 5615 et
3674 5561 3790 5615 Pic.

2223 5634 2317 5687 τοῦ
2350 5634 2531 5689 καλεῖν
2556 5639 2613 5689 ὲν
2639 5638 2882 5705 ὀνόματι.
2909 5637 2983 5690 lla
3015 5651 3233 5705 quoque
3268 5635 3494 5688 Drusius
3528 5634 3561 5687 l.
3592 5648 3641 5685 c.
3663 5648 3787 5700 pag.

2225 5707 2310 5766 i-i.
2348 5706 2493 5766 legit.
2548 5708 2683 5762 Cum
2745 5708 3123 5762 Sirtnontliana
3164 5706 3392 5760 lectione
3443 5705 3697 5758 convenit
3724 5718 3791 5756 ea

2221 5770 2701 5844 ‘luamlllontl‘auc.
2738 5779 2769 5832 l.
2807 5796 2853 5835 c.
2883 5795 2933 5848 ιι.
2960 5778 3049 5846 ‘20,
3079 5776 3318 5842 exhibet,
3361 5775 3452 5831 ubi
3480 5786 3658 5831 tamen
3710 5770 3791 5826 le—

2220 5848 2364 5919 gitur
2391 5850 2447 5901 ὲν
2469 5848 2709 5918 ὀνόματι.
