3964 6542
271 372 367 437 149

1387 369 1665 437 QUEST.
1694 374 1778 435 IN
1811 374 2082 435 GENES.
2114 377 2273 437 CAP.
2313 375 2413 438 VI.

3416 371 3518 434 150

269 483 443 555 pd,an
462 481 600 545 Θιός
620 497 636 510 ’
657 481 783 536 ὅθεν
799 483 849 536 οἱ
882 483 945 535 ἐκ
968 479 1158 535 τούτου
1178 480 1374 551 φύντες
1388 482 1495 535 υἱοὶ
1519 480 1653 535 Θεοῦ
1672 482 1835 551 ἐχρη-
1863 518 1872 539 Α

1959 468 2390 550 ιυεῐηοάωοιῖιιῐη
2442 491 2495 536 ει
2529 472 2645 537 nos’
2689 496 2908 552 quoque
2937 496 2999 536 ex
3048 481 3270 536 nomine
3300 479 3503 536 Christi

270 574 517 648 μάτιζοψ
548 577 743 640 ὥσπερ
776 574 839 645 δὴ
866 576 961 629 καὶ
994 575 1156 646 ἡμεῖς
1187 576 1253 628 ἐκ
1286 575 1387 645 τῆς
1424 572 1519 627 τοῦ
1558 566 1829 627 Δεσπότου

1959 572 2151 625 )omini
2182 587 2560 641 nuncupamur
2592 571 2910 628 Christiani.
2947 571 3099 638 Quod
3140 573 3187 625 si
3218 571 3344 637 quis
3371 570 3519 625 hunc

267 665 500 740 Χριστοῦ
541 666 919 738 προσηγορίας
955 666 1273 736 Χριστιανοὶ
1311 664 1645 736 καλούμεθα.
1677 665 1741 719 Εἰ
1778 663 1836 716 δέ

265 780 345 824 τις
360 761 571 830 ταύτην
602 761 666 813 ού
693 760 912 829 δέχεται
940 759 1041 830 τὴν
1064 760 1327 825 διάνοιαν,
1356 758 1446 812 διὰ
1473 758 1532 811 τὸ
1556 757 1646 810 τὸν
1680 756 1838 811 Ἀκύ-

265 854 364 906 λαν
385 852 559 914 οῦτως
587 850 1016 923 ήρμηνευκέναι,
1042 851 1328 905 ἀκουσάτω
1348 853 1443 903 τοῦ
1468 848 1603 902 Θεοῦ
1627 849 1715 902 διὰ
1734 850 1841 901 Δα-

270 946 357 998 ϐιδ
374 945 461 998 τοῦ
488 948 776 1016 προφήτου
804 944 1057 1010 λέγοντος
1083 961 1097 976 ο
1131 964 1150 995 1
1193 943 1335 1012 Ἐγὼ
1360 939 1509 1008 εἶπα,
1541 942 1665 995 Θεοί
1693 943 1836 1003 ἐστε,

268 1042 362 1093 καὶ
394 1038 499 1091 υἱοὶ
552 1037 811 1106 Ὑψίστου
838 1039 1063 1101 πάντες.
1097 1056 1116 1089 ι
1154 1037 1284 1101 Καὶ,
1317 1056 1336 1089 1
1382 1036 1439 1091 Ὀ
1462 1035 1595 1098 Θεὸς
1624 1035 1753 1105 ἔστη
1782 1036 1840 1087 ἐν

270 1131 561 1200 συναγωγῇ
613 1129 795 1195 θεῶν,
862 1130 920 1182 ἐν
979 1129 1127 1201 μέσῳ
1172 1128 1230 1180 δὲ
1275 1128 1431 1192 θεοὺς
1480 1127 1767 1198 διακρινεῖ.
1816 1142 1835 1175 ι

266 1220 420 1274 οὕτω
452 1220 510 1273 δὲ
542 1219 802 1291 ὀνομάζει
838 1220 964 1284 τοὺς
1006 1220 1294 1290 ἄρχοντας,
1322 1220 1398 1282 ὠς
1417 1219 1568 1290 δηλοῖ
1597 1218 1666 1271 τὰ
1689 1217 1838 1285 ἑξῆς,

270 1329 291 1362 1
314 1312 457 1373 Ἕως
493 1310 632 1364 πότε
657 1311 872 1383 κρίνετε
899 1311 1133 1377 ἀδικίαν,
1173 1310 1268 1363 καὶ
1285 1311 1551 1379 πρόσωπα
1581 1311 1841 1380 ἁμαρτω-

262 1403 371 1457 λῶν
400 1403 753 1473 λαμϐάνετε;
784 1403 1017 1475 Κρίνετε
1045 1404 1267 1475 ὀρφανῷ
1288 1405 1384 1457 καὶ
1404 1402 1625 1473 πτωχῷ,
1650 1420 1843 1456 ταπει-

264 1494 352 1550 νὸν
378 1496 477 1549 καὶ
506 1495 720 1567 πένητα
742 1494 1094 1560 δικαιώσατε,
1127 1513 1149 1547 ι
1178 1496 1273 1548 καὶ
1314 1495 1382 1549 τὰ
1434 1495 1579 1565 ἑξῆς.
1614 1495 1725 1549 Καὶ
1747 1491 1844 1548 αὗ·-

264 1586 369 1649 θις,
402 1606 422 1638 1
459 1586 599 1651 Θεὸς
634 1588 771 1639 θεῶν
801 1587 1005 1659 Κύριος
1043 1588 1292 1659 ἐλάλησε,
1339 1589 1431 1642 καὶ
1470 1589 1697 1642 ἐκάλεσε
1744 1587 1844 1661 τὴν

263 1679 383 1749 γῆν.
427 1697 447 1729 ›
484 1679 712 1732 Τούτων
744 1678 925 1732 αὐτῶν
954 1678 1194 1749 δηλονότι
1223 1680 1332 1733 τῶν
1355 1679 1538 1751 χάριτι
1559 1680 1658 1751 τῆς
1682 1696 1845 1751 προσ-

264 1770 499 1841 ηγορίας
536 1770 745 1840 ταύτης
777 1771 1117 1840 ἠξιωμένων.
1173 1771 1330 1825 Οῦτω
1370 1772 1515 1825 καὶὸ
1544 1771 1845 1843 νομοθέτης

266 1864 423 1933 φησι,
446 1883 465 1914 1
493 1864 670 1927 Θεοὺς
685 1864 746 1917 οὐ
762 1864 1177 1935 κακολογήσεις,
1207 1865 1302 1917 καὶ
1318 1863 1587 1935 ἄρχοντας
1609 1864 1722 1934 (50)
1750 1862 1843 1917 τοῦ

263 1958 393 2011 λαοῦ
420 1976 518 2011 σου
545 1958 649 2012 ούκ
668 1960 811 2029 ἐρεῖς
842 1958 1046 2023 κακῶς.
1078 1977 1095 2010 ι
1122 1960 1382 2011 Κάκεῖνοι
1399 1959 1581 2012 τοίνυν
1598 1959 1672 2022 ὡς
1694 1958 1847 2011 εύσε-

265 2052 381 2114 Es‘t;
414 2052 821 2124 ὠνομάσθησαν
874 2052 983 2105 υἱοὶ
1024 2051 1121 2105 τοῦ
1149 2052 1307 2107 Θεοῦ.
1347 2052 1713 2123 Ἐκεχὼριστο
1742 2051 1852 2120 γὰρ

263 2144 359 2197 τοῦ
397 2144 509 2214 Σὴθ
552 2145 618 2197 τὸ
658 2146 835 2213 γένος,
871 2145 967 2199 καὶ
1004 2145 1104 2198 ούκ
1146 2145 1479 2213 ἐπεμίγνυτο
1515 2146 1630 2208 τοῖς
1665 2144 1731 2196 ἐκ
1757 2143 1851 2196 τοῦ

264 2236 431 2301 Κάῖν,
447 2235 546 2287 διὰ
573 2233 673 2305 τὴν
700 2235 1081 2304 ἐπενεχθεῖσαν
1104 2235 1255 2305 αὐτῷ
1279 2234 1431 2305 παρά
1457 2232 1553 2287 τοῦ
1580 2233 1716 2287 Θεοῦ
1746 2232 1852 2286 τῶν

266 2328 409 2381 ὅλων
443 2328 613 2399 ἀράν.
655 2327 821 2380 Ἀλλά
845 2328 1038 2399 χρόνου
1075 2327 1271 2399 συχνοῦ
1305 2327 1611 2390 διελθόντος
1635 2344 1649 2359 ο
1686 2326 1855 2398 (μετά

267 2419 493 2475 πλείονα
546 2418 659 2490 γὰρ
699 2418 732 2488 ἢ
777 2419 1010 2489 δισχίλια
1050 2418 1145 2490 ἐτη
1194 2419 1286 2472 τὸν
1324 2419 1709 2488 κατακλυσμὸν
1757 2420 1855 2471 ἐπ-

268 2515 478 2584 ήγαγεν
494 2513 525 2565 ὁ
548 2512 728 2580 Θεὸς),
747 2511 976 2575 εὐειδεῖς
997 2510 1316 2580 θεασάμενοι
1337 2510 1437 2581 τῆς
1460 2511 1552 2563 τοῧ
1565 2509 1706 2564 Κάῖν
1722 2526 1855 2578 συγ-

269 2605 495 2672 γενείας
527 2602 629 2666 τὰς
676 2602 1003 2672 θυγατέρας,
1050 2604 1142 2655 καὶ
1171 2601 1654 2671 καταθελχθέντες,
1685 2602 1760 2665 ὡς
1786 2603 1857 2656 εἰ·

268 2698 388 2760 κὸς,
437 2698 559 2759 τοῖς
601 2696 730 2766 παρ’
767 2695 948 2749 αὐτῶν
994 2694 1323 2764 ἐπινοηθεῖσι
1362 2696 1644 2765 μουσικοῖς
1684 2695 1853 2766 ὀργάν

270 2806 385 2851 νοις
423 2790 473 2857 (ὁ
504 2788 615 2859 γὰρ
656 2786 868 2840 Ἰουϐἀλ
916 2785 976 2851 ἐξ
1019 2786 1201 2840 αὐτῶν
1247 2787 1510 2857 ἀνθήσας,
1558 2786 1855 2857 ψαλτήριον

271 2882 370 2932 καὶ
399 2878 640 2950 κιθάραν
663 2878 1019 2949 κατέδειξεν),
1050 2878 1393 2950 ἐπεμίγησαν
1420 2880 1633 2943 αὐταῖς,
1666 2879 1761 2932 καὶ
1779 2880 1871 2931 δια

272 2972 546 3043 ἑφθειραν
577 2970 676 3041 τὴν
722 2971 931 3025 οἰκείαν
975 2971 1256 3039 εὐγένειαν
1282 2988 1297 3002 ο
1333 2971 1428 3025 καὶ⁸
1460 2971 1531 3024 τὰ
1569 2971 1709 3025 αὑτά
1742 2974 1856 3035 τοῖς

287 3061 662 3131 Ἰσραηλίταις
694 3061 1016 3132 ὑπέμειναν,
1046 3063 1096 3114 οἱ
1114 3064 1238 3126 ταῖς
1258 3062 1366 3115 τῶν
1392 3061 1741 3116 Μαδιανιτῶν
1762 3062 1856 3114 θυ-

276 3152 524 3223 γατράσι
555 3153 826 3223 μιγέντες,
852 3151 944 3205 καὶ⁵
988 3154 1087 3223 τῆς
1114 3152 1332 3207 ἐκείνων
1374 3152 1693 3217 δυσσεϐείας
1728 3169 1858 3224 μετ-

1944 663 2271 718 intellectum
2297 679 2404 718 non
2431 664 2639 734 recipit,
2681 673 2965 735 propterea
2999 668 3144 733 quod
3180 666 3296 718 ha-c
3345 664 3515 718 inter-

1943 757 2172 826 pretatio
2200 756 2268 810 ab
2296 756 2491 826 Aquila
2538 757 2779 827 profecta
2835 766 2952 821 est,
3004 756 3175 811 Deum
3207 756 3394 810 audiat
3437 756 3520 809 di-

1944 858 2152 904 centem
2168 864 2264 919 per
2291 849 2611 918 prophetam
2643 849 2843 906 David:
2867 870 2885 902 1
2922 849 3037 918 Ego
3061 849 3174 904 dixi
3208 847 3327 905 :Dii
3361 847 3516 913 estis,

1944 955 1997 997 et
2018 943 2111 997 ﬁlii
2144 944 2354 999 Excelsi
2382 960 2572 999 omnes
2588 956 2638 999 ιι.
2672 964 2691 996 ι
2721 944 2787 1000 Ει
2815 964 2829 1000 :
2872 964 2891 997 1
2920 945 3065 1001 Deus
3095 944 3242 999 stetit
3268 943 3323 996 in
3357 958 3520 1013 syna-

1946 1051 2078 1107 goga
2108 1037 2351 1104 deorum,
2400 1038 2455 1093 in
2488 1037 2672 1092 medio
2724 1047 2908 1093 autem
2950 1039 3082 1093 deos
3134 1036 3462 1106 dijudicet'.
3493 1053 3514 1085 ι

1948 1128 2040 1184 Sic
2069 1131 2215 1184 enim
2245 1131 2482 1202 appellat
2514 1133 2789 1202 principes
2839 1142 2894 1187 et
2941 1131 3316 1202 magistratus,
3346 1137 3411 1183 ut‘
3435 1144 3521 1183 se-

1947 1220 2166 1289 quentia
2216 1220 2493 1275 declarant
2531 1238 2543 1272 :
2579 1242 2598 1273 1
2629 1222 2926 1293 Quousque
2954 1222 3216 1292 iudicatis
3253 1220 3520 1291 iniquita-

1948 1320 2079 1376 tem,
2114 1320 2168 1367 ct
2212 1311 2380 1368 facies
2427 1324 2781 1383 peccatorum
2844 1316 3095 1370 sumitis?
3148 1314 3400 1370 Judicate
3431 1329 3521 1368 or-

1947 1406 2129 1475 phano
2143 1413 2197 1460 et
2217 1418 2405 1475 egeno,
2437 1405 2700 1461 humilem
2717 1416 2770 1463 et
2800 1423 3092 1478 pauperem
3128 1406 3518 1477 justiﬁeatexn

1949 1507 2002 1551 et
2029 1513 2152 1567 qua:
2182 1506 2503 1567 sequuntur.
2529 1499 2594 1553 Et
2626 1499 2824 1553 iterum
2866 1518 2879 1553 :
2919 1520 2937 1550 1
2983 1499 3128 1554 Deus
3162 1499 3389 1553 deorum
3416 1497 3521 1553 Do-

1950 1593 2134 1645 minus
2174 1590 2388 1646 locutus
2432 1600 2533 1655 est,
2584 1600 2638 1647 et
2669 1592 2885 1646 vocavit
2930 1600 3128 1646 terram
3147 1602 3195 1645 γ.
3242 1610 3260 1642 ι
3296 1589 3517 1656 Illorum

1951 1699 2164 1753 nempe,
2188 1684 2281 1754 qui
2310 1684 2459 1754 digni
2492 1685 2661 1739 habiti
2692 1693 2821 1740 sunt
2851 1686 2953 1738 hac
2979 1684 3358 1755 appellationis
3398 1698 3522 1755 gra-

1952 1777 2046 1830 tia.
2080 1775 2169 1830 Sic
2207 1785 2262 1830 et
2293 1777 2568 1847 legislator
2626 1777 2734 1831 ait:
2769 1796 2787 1828 1
2830 1775 2943 1831 Diis
2985 1792 3095 1831 non
3152 1776 3430 1842 detrahes,
3472 1783 3527 1829 et

1954 1869 2291 1939 principibus
2314 1870 2499 1939 populi
2540 1871 2618 1924 tui
2648 1885 2755 1924 non
2808 1870 3160 1925 maledices‘.
3188 1889 3206 1921 ι
3245 1869 3325 1924 11ιί
3364 1869 3529 1940 igitur

1952 1962 2139 2025 etiam,
2187 1971 2445 2032 tanquam
2476 1963 2550 2033 pii
2578 1974 2632 2018 et
2664 1963 2816 2026 boni,
2867 1963 3241 2033 cognominati
3279 1972 3407 2019 sunt
3433 1962 3528 2017 lilii

1954 2053 2071 2109 Dei.
2106 2055 2426 2125 Separatum
2470 2056 2615 2110 enim
2652 2066 2770 2111 erat
2794 2071 2969 2127 genus
2991 2055 3143 2122 Seth,
3176 2066 3230 2111 et
3259 2072 3367 2111 non
3406 2072 3529 2126 per-

1954 2144 2438 2201 miscebatur'cum
2470 2146 2798 2217 cognatione
2852 2145 3009 2210 Cain,
3053 2155 3276 2217 propter
3318 2146 3527 2200 illatam

1955 2237 2023 2291 ab
2050 2238 2292 2291 omnium
2330 2236 2437 2291 Deo
2464 2236 2926 2292 maledictionem.
2955 2235 3124 2292 Multo
3170 2245 3351 2291 autem
3409 2247 3531 2306 post

1957 2339 2199 2400 tempore
2230 2330 2378 2398 (nam
2417 2342 2538 2399 post
2581 2345 2755 2384 annos
2808 2330 2929 2399 plus
2971 2330 3053 2384 bis
3084 2330 3233 2384 mille
3261 2329 3547 2382 diluvium.

1956 2421 2170 2476 induxit
2199 2419 2385 2492 Deus),
2419 2422 2664 2475 videntes
2697 2422 2838 2475 ﬁlias
2872 2420 3213 2490 cognationis
3242 2419 3375 2474 Cain
3408 2434 3533 2489 spe-

1956 2515 2159 2582 ciosas,
2199 2523 2253 2568 et
2282 2515 2470 2581 illecti,
2506 2525 2567 2569 ut
2602 2516 2898 2570 verisimile
2923 2516 3027 2587 61
3058 2524 3166 2580 est,
3195 2515 3532 2569 instrumen-

1958 2606 2030 2661 tis
2056 2607 2283 2663 musicis
2307 2608 2377 2661 ab
2429 2607 2508 2662 eis
2539 2608 2860 2677 excogitatis
2889 2606 3070 2676 (Jubal
3096 2606 3239 2660 enim
3275 2620 3341 2659 ex
3388 2606 3531 2675 ipsis

1956 2707 2254 2768 prognatus
2283 2698 2603 2768 psalterium
2640 2708 2695 2753 et
2747 2699 3013 2753 citharam
3048 2697 3378 2768 invenerat),
3408 2713 3533 2766 per-

1958 2790 2105 2845 misti
2125 2799 2252 2844 sunt
2280 2790 2407 2856 illis,
2425 2800 2478 2845 et
2498 2790 2943 2845 contaminarunt
2967 2804 3121 2845 suam
3145 2789 3481 2843 nobilitatem
3513 2805 3525 2839 :

1956 2891 2011 2938 et
2043 2883 2230 2937 eadem
2265 2884 2509 2953 perpessi
2559 2892 2707 2946 sunt,
2735 2898 2857 2953 qua:
2894 2883 3169 2949 lsraelitze,
3194 2882 3287 2952 qui
3321 2880 3529 2935 Madia-
3582 2864 3587 2871 ’

1959 2972 2197 3026 nitarum
2232 2972 2448 3026 ﬁliabus
2476 2972 2740 3042 permisti,
2767 2981 2821 3026 et
2850 2970 3143 3041 impietatis
3166 2985 3355 3026 eorum
3405 2985 3533 3040 par-

1960 3064 2149 3133 ticipes
2177 3062 2302 3116 facti
2343 3069 2491 3126 sunt,
2517 3071 2570 3116 et
2595 3061 2837 3115 divinam
2876 3060 3139 3115 ultionem
3168 3059 3531 3129 pertulerunt.

1960 3152 2034 3209 De
2066 3155 2150 3210 his
2175 3154 2390 3208 divinus
2419 3153 2583 3207 David
2617 3152 2795 3223 inquit
2833 3172 2847 3207 :
2883 3172 2901 3204 1
2932 3150 3180 3207 Permisti
3219 3160 3348 3204 sunt
3396 3150 3535 3203 inter

277 3243 469 3313 έσχον,
505 3243 606 3296 καὶ
640 3242 901 3313 θεήλατον
920 3243 1192 3313 τιμωρίαν
1238 3243 1506 3309 ἐδέξαντο.
1552 3242 1858 3315 Περὶ-τού-

1962 3255 2169 3315 gentes,
2220 3255 2275 3300 et
2314 3244 2619 3299 didicerunt
2666 3258 2829 3311 opera
2874 3257 3088 3307 eorum,
3141 3248 3195 3296 et
3232 3241 3538 3296 servierunt

275 3350 393 3387 των
418 3334 515 3387 καὶ
544 3335 575 3387 ὁ
606 3334 748 3396 θεῖος
788 3334 892 3402 ἔφη
923 3334 1111 3398 Δαὸὶδ,
1149 3354 1167 3386 1
1205 3336 1313 3386 Καὶ
1354 3334 1625 3404 ἐμίγησαν
1656 3336 1713 3387 ἐν
1745 3336 1859 3399 τοῖς

275 3424 489 3489 ἔθνεσι,
516 3426 613 3479 καὶ
652 3424 854 3496 ἔμαθον
890 3427 957 3479 τὰ
986 3426 1122 3497 ἔργα
1166 3426 1366 3493 αὐτῶν,
1400 3428 1494 3480 καὶ
1538 3426 1861 3479 ἐδούλευσαν

276 3520 400 3579 τοῖς
428 3516 689 3584 γλυπτοῖς
724 3516 922 3571 αὐτῶν.
956 3536 974 3569 ι
1010 3516 1197 3580 Οὕτως
1227 3519 1275 3571 οἱ
1316 3519 1381 3571 ἐκ
1418 3518 1512 3571 τοῦ
1545 3518 1651 3590 Σὴθ
1677 3519 1738 3572 τὸ
1766 3518 1860 3588 γέ·-

278 3625 377 3670 νος
420 3611 775 3677 κατάγοντες,
814 3609 980 3662 πάλαι
1026 3608 1125 3680 μὲν
1154 3611 1230 3673 ὡς
1260 3611 1462 3681 ἀρετῆς
1496 3611 1860 3681 ἐπιμελούμε-

280 3718 370 3754 νοι
433 3701 541 3754 υἱοὶ
589 3700 720 3754 Θεοῦ
764 3701 1164 3773 ἐχρημάτιζον·
1203 3704 1308 3756 ὑπὸ
1339 3704 1396 3757 δὲ
1436 3705 1535 3775 τῆς
1569 3703 1719 3775 ὥρας
1754 3705 1863 3759 τῶν

281 3794 532 3847 ἀνοσίων
563 3794 835 3860 γυναικῶν
864 3795 1262 3861 δελεασθέντες,
1312 3796 1597 3866 συνέχειαν
1628 3798 1725 3867 μὲν
1745 3796 1863 3849 δια-

281 3885 606 3955 κεκριμένα
630 3886 699 3939 τά
720 3887 849 3958 γένη
876 3904 889 3918 ·
923 3889 1133 3957 καρπὸν
1156 3888 1269 3959 (51)
1287 3888 1343 3942 δὲ
1374 3889 1738 3960 κληρονομίας
1762 3891 1861 3960 τὴν

282 3979 678 4050 πανωλεθρίαν
724 3979 991 4044 ἐδέξαντο.
1037 3983 1244 4035 Ἐκεῖνο
1296 3981 1478 4051 μέντοι
1504 3982 1551 4013 ⁸⁸
1589 3983 1861 4053 ἐπισημή-

285 4071 497 4125 νασθαι
529 4072 658 4143 χρὴ,
685 4072 759 4136 ὡς
790 4075 887 4145 οὐχ
914 4075 1101 4138 ἁπλῶς
1142 4074 1321 4128 αὐτῶν
1355 4075 1633 4145 ἁμαρτίαν
1660 4077 1687 4128 ὁ
1725 4076 1864 4138 θεῖος

287 4164 458 4231 λόγος
470 4168 771 4235 κατηγορεῖ
788 4183 804 4197 ο
823 4166 958 4219 ἀλλά
978 4167 1076 4235 τὴν
1110 4167 1226 4237 μετ’
1243 4168 1560 4237 ἐπιμελείας
1589 4169 1683 4220 καὶ
1702 4185 1866 4221 σπου-

285 4255 393 4325 δῆς
430 4257 794 4326 παρανομίαν.
820 4257 991 4311 Τοῦτο
1020 4259 1128 4329 γὰρ
1154 4259 1305 4328 δηλοί
1335 4259 1414 4325 τὸ,
1445 4277 1463 4310 1
1498 4261 1612 4323 Πᾶς
1637 4277 1722 4322 τις
1750 4260 1866 4313 διαο

284 4350 503 4401 νοεῖται
533 4350 594 4401 ἐν
625 4353 690 4421 τῇ
724 4351 921 4423 καρδίᾳ
956 4351 1119 4404 αὐτοῦ
1146 4351 1422 4423 ἐπιμελῶς
1446 4353 1538 4405 ἐπὶ
1567 4353 1635 4407 τά
1657 4352 1870 4423 πονηρὰ

286 4442 484 4504 πάσας
511 4443 614 4505 τάς
660 4442 892 4512 ἡμέρας.
944 4462 963 4495 ι
1010 4444 1073 4497 Οἱ
1115 4444 1216 4514 μὲν
1271 4444 1380 4515 γὰρ
1423 4444 1870 4516 δυσχεραίνοντες
1923 4446 1933 4455 ’

285 4533 399 4602 τῆς
437 4533 715 4603 ἁμαρτίας
747 4535 844 4604 τὴν
876 4535 1205 4607 προσϐολὴν,
1235 4535 1538 4607 ἡττώμενοι
1576 4537 1633 4589 δὲ
1658 4536 1745 4590 διὰ
1773 4535 1871 4607 τὴν

1964 3336 2306 3407 sculptilibus
2337 3350 2524 3390 eorum
2547 3347 2596 3389 ιι.
2629 3353 2647 3385 ι
2685 3334 2775 3389 Sic
2802 3342 2857 3389 et
2895 3332 2951 3387 hi
2976 3332 3069 3403 qui
3101 3347 3170 3387 ex
3230 3329 3397 3385 Setho
3440 3346 3534 3401 ge-

1966 3446 2069 3484 nus
2104 3429 2395 3492 duxerunt,
2443 3428 2571 3482 olim
2615 3427 2857 3495 quidem,
2889 3433 2951 3479 ut
2980 3424 3242 3478 virtutum
3284 3421 3539 3485 studiosi,

1966 3522 2301 3575 vocabantur
2338 3519 2431 3573 ﬁlii
2472 3518 2587 3573 Dei.
2617 3517 2818 3573 Verum
2880 3517 3215 3586 impurarum
3251 3516 3533 3568 mulierum

1968 3612 2375 3685 pulchritudine
2427 3610 2567 3680 capti
2614 3608 2982 3665 confuderunt
3030 3607 3265 3661 familias
3329 3605 3533 3675 alioqui

1969 3708 2273 3772 distinctas,
2303 3713 2355 3760 ct
2378 3720 2475 3775 pro
2517 3702 2696 3757 fructu
2730 3701 3073 3758 haereditario
3101 3715 3391 3754 commune
3414 3700 3531 3755 exi-

1970 3801 2106 3855 tium
2134 3809 2471 3868 receperunt.
2497 3795 2613 3850 Hoc
2647 3804 2825 3849 tamen
2861 3792 3403 3848 animadvertendum
3428 3801 3537 3858 est,

1970 3892 2116 3963 quod
2137 3891 2355 3946 divinus
2377 3888 2568 3944 Sermo
2599 3903 2706 3941 non
2761 3884 3079 3955 simpliciter
3128 3892 3409 3952 peccatum
3443 3896 3538 3935 eo-

1971 4001 2094 4042 rum
2122 3986 2364 4047 damnat,
2386 3982 2480 4038 sed
2513 3996 2641 4036 cura
2674 3988 2729 4034 et
2756 3978 2936 4033 studio
2966 3976 3252 4047 quaesitam
3282 3974 3541 4045 iniquita-

1971 4088 2077 4132 tem
2120 4075 2481 4146 reprehendit.
2535 4072 2649 4127 lloc
2701 4071 2846 4125 enim
2904 4068 3196 4139 signiﬁcat,
3230 4066 3375 4137 quod
3430 4066 3537 4119 ait:

1981 4186 1999 4218 1
2034 4164 2424 4235 Unusquisque
2448 4163 2739 4218 meditatur
2767 4161 2821 4215 in
2859 4158 3025 4214 corde
3071 4173 3171 4212 suo
3206 4157 3448 4213 studiose
3472 4157 3542 4212 ad

1974 4257 2113 4311 mala
2134 4256 2437 4327 peragenda
2474 4254 2727 4310 omnibus
2752 4251 2942 4307 diebus
2961 4250 3011 4303 ι).
3046 4268 3062 4300 ι
3097 4249 3201 4315 Qui
3231 4249 3375 4303 enim
3402 4262 3544 4315 aegre

1973 4350 2157 4406 ferunt
2218 4349 2453 4403 oblatam
2517 4347 2620 4402 sibi
2659 4343 2913 4416 peccandi
2971 4342 3335 4406 occasionem,
3377 4352 3409 4391 a
3445 4352 3544 4389 ne-

1974 4444 2144 4515 quitia
2180 4452 2357 4499 tamen
2388 4442 2517 4498 victi
2546 4457 2641 4512 per
2670 4439 2867 4495 mentis
2894 4437 3189 4509 ignaviam,
3218 4442 3411 4503 postea
3437 4431 3538 4486 do-

1982 4538 2089 4591 lent
2139 4545 2193 4591 et
2222 4536 2429 4605 lugent,
2481 4533 2806 4588 mediocrem
2853 4529 3146 4601 quamdam
3193 4527 3543 4596 aliquatenus

286 4625 389 4681 τοῦ
419 4625 513 4678 νοῦ
545 4626 815 4697 ρᾳθυμίαν
838 4631 904 4699 τῇ
935 4630 1191 4701 πονηρίᾳ,
1206 4625 1305 4683 εἷθ’
1324 4629 1551 4701 ὕστερον
1574 4629 1867 4699 ἀλγοῦντες

1979 4629 2176 4682 habent
2195 4626 2626 4682 excusationem.
2657 4622 2759 4689 Qui
2784 4636 2912 4677 vero
2934 4620 3207 4675 declinant
3224 4632 3452 4688 prorsus
3476 4614 3543 4668 ad

289 4721 395 4772 καὶ
431 4718 730 4783 στένοντες,
764 4719 945 4791 ἔχουσί
974 4739 1095 4775 τινα
1120 4724 1350 4793 μετρίαν
1379 4725 1644 4795 ἁμηγέπη
1673 4723 1876 4793 παραί-

290 4828 465 4881 τησιν
493 4828 508 4841 ·
544 4812 593 4863 οἱ
619 4811 676 4863 δέ
698 4813 778 4875 είς
798 4814 1093 4867 ἀκολασίαν
1119 4817 1214 4868 καὶ
1232 4817 1500 4887 πονηρίαν
1526 4816 1877 4870 παντάπασιν

291 4900 717 4964 ἀποκλίνοντες,
765 4902 860 4955 καὶ
894 4903 1082 4958 δοῦλον
1126 4905 1235 4958 τῶν
1278 4906 1469 4959 παθῶν
1494 4906 1584 4959 τὸν
1621 4906 1877 4977 λογισμὸν

371 5109 403 5135 ιι
437 5098 581 5153 Psai.
611 5114 797 5163 Lxxxi,
836 5101 888 5156 6.

965 5109 992 5136 ν
1032 5099 1187 5166 ibid.,
1217 5100 1268 5155 1.

296 5170 328 5209 δ
364 5168 509 5225 Gen.
540 5183 612 5233 VI,
655 5168 708 5225 5.

1347 5111 1371 5137 κ
1404 5099 1557 5168 ibid.,
1587 5100 1643 5167 2,
1677 5103 1727 5157 '5.
1802 5112 1830 5148 1
1858 5100 2003 5157 Psal.
2039 5118 2188 5167 xm,
2215 5103 2263 5156 l.

1976 4719 2441 4790 intemperantiam
2503 4725 2558 4771 et
2596 4715 2880 4778 malitiam,
2927 4711 3237 4767 subservire
3286 4708 3546 4763 facientes

1975 4812 2350 4868 aﬂectionibus
2384 4810 2675 4870 rationem,
2729 4807 2990 4862 utetiam
3045 4803 3353 4873 excogitent
3411 4800 3546 4854 alias

1976 4906 2228 4978 nequitiae
2258 4904 2485 4975 species,
2512 4912 2566 4956 et
2598 4902 2698 4957 hoc
2728 4914 2838 4955 non
2862 4897 3030 4956 semel
3056 4904 3153 4951 aut
3189 4895 3294 4961 bis,
3333 4896 3427 4951 sed
3452 4908 3547 4963 por

2367 5108 2388 5135 ι
2422 5097 2594 5153 Exod.
2632 5112 2767 5162 xxu,
2790 5096 2883 5152 28.
2989 5109 3014 5138 α
3044 5094 3188 5153 Psal.
3225 5108 3313 5160 cv,
3334 5090 3425 5157 55,
3455 5085 3546 5142 56.

1160 5317 1392 5374 νΑῐιιιιΕ
1436 5318 1816 5373 LECTIONES
1867 5319 1957 5373 EX
1986 5319 2260 5375 CATENA
2296 5318 2653 5377 LIPSIENSI.

254 5466 263 5483 '
357 5458 416 5493 ³⁵
436 5458 614 5512 ἐκεῖνο
646 5455 827 5527 μέντοι
861 5462 915 5509 ct
946 5470 1066 5524 qua:
1090 5454 1293 5525 reliqua
1321 5464 1448 5509 sunt
1474 5469 1537 5508 ex
1566 5453 1664 5507 hac
1695 5454 1872 5507 seclim

1979 5464 2195 5510 exstant
2231 5456 2283 5509 in
2317 5471 2435 5526 cap.
2462 5472 2515 5527 p.
2552 5457 2673 5513 155.

1821 5606 2056 5661 ΝΟΤᾸΕ.

376 5728 497 5798 (50)
526 5725 752 5797 Recepta
786 5726 947 5781 lectio
986 5729 1107 5798 cod.
1138 5724 1384 5798 Vaticani
1414 5740 1564 5795 atque
1603 5739 1665 5779 ac
1713 5721 1865 5777 Alex.

1959 5734 1983 5775 ηι
2016 5723 2267 5797 ἄρχοντα.

380 5796 497 5870 (Si)
521 5796 740 5854 Cod.ict
769 5799 881 5853 Pic.
915 5797 1065 5866 παρὰ
1106 5796 1331 5867 καρπὸν.
