3964 6550
471 340 567 407 151

1447 341 1905 403 THEODORET
1912 340 1938 398 Ι
1989 337 2331 398 EPISCOPI
2370 338 2737 399 CYRENSIS

3617 337 3744 404 152

469 464 637 508 totam
669 452 861 517 vitam,
892 466 997 522 qua
1048 451 1206 507 venia
1243 452 1396 522 digni
1441 454 1619 509 sunt?
1654 455 1802 523 quod
1836 452 2044 525 suppli-

2158 448 2564 517 ξποφαίνοντες,
2589 449 2732 503 ὥστε
2766 451 2861 503 καὶ
2886 452 3268 522 προσεπινοεῖν
3300 450 3492 522 ἑτέρας
3522 454 3749 515 κακίας

467 548 613 601 cium
641 544 751 601 illis
789 560 902 600 non
945 544 1084 611 leve,
1118 546 1212 616 qui
1247 546 1323 601 ita
1373 546 1585 617 seipse:
1608 548 1776 602 exitio
1815 550 2043 604 devove-

466 632 622 688 rint?

893 898 1002 977 62
1055 903 1334 963 INTERR.
1376 907 1612 965 XLVIII.

672 1012 816 1079 Quos
848 1028 996 1071 vocat
1029 1017 1307 1089 Scriptura
1349 1022 1529 1076 divina
1567 1025 1801 1096 gigantes
1821 1029 1851 1081 .7

538 1103 708 1161 Aiunt
755 1110 975 1178 quidam
1005 1126 1100 1167 eos
1130 1129 1274 1176 esse,
1309 1116 1402 1185 qui
1452 1118 1652 1174 multos
1686 1135 1863 1175 annos
1895 1124 2045 1179 vixe-

471 1206 620 1251 runt.
660 1198 913 1256 Nonnulli
937 1220 1066 1260 vero
1101 1206 1292 1261 dicunt
1332 1223 1455 1265 esse
1491 1209 1584 1264 Dei
1632 1227 1842 1279 osores,
1873 1225 1927 1271 et
1949 1217 2043 1273 Dei

472 1286 812 1345 adversarios
833 1293 1106 1351 homines.
1129 1295 1232 1364 Qui
1257 1298 1372 1354 haec
1398 1300 1479 1356 sic
1509 1302 1915 1371 intellexerunt,
1935 1324 2043 1363 non

468 1374 659 1432 dicunt
693 1379 814 1436 illos
865 1386 1155 1452 grandiora
1192 1390 1405 1447 caeteris
1450 1392 1765 1451 hominibus
1791 1397 2044 1456 habuisse

468 1481 717 1534 corpora.
743 1470 854 1544 Ego
885 1490 1034 1539 vero.
1070 1494 1194 1533 cum
1220 1481 1383 1538 audio
1428 1484 1767 1555 Seripturam
1798 1492 2039 1548 divinam

467 1557 734 1617 dicentem
768 1564 837 1621 de
865 1565 1014 1624 Enac
1041 1580 1087 1634 α.
1124 1574 1271 1641 quod
1310 1594 1329 1626 ι
1367 1591 1397 1630 a
1436 1579 1746 1647 gigantibus
1775 1584 2044 1642 oriundus

467 1660 701 1745 eratpet
723 1654 789 1710 de
813 1656 893 1728 0g
912 1655 939 1695 δ
968 1663 1148 1731 :quod
1180 1684 1198 1716 ι
1222 1666 1401 1722 cubile
1429 1670 1603 1739 ipsius
1629 1673 1863 1731 ferreum
1900 1689 2041 1745 erat,

470 1741 676 1799 habens
708 1746 1105 1816 longitudinem
1149 1769 1339 1811 novem
1393 1759 1725 1831 cubitorum,
1754 1776 1807 1821 et
1854 1741 2042 1823 latitu;

466 1828 649 1887 dinem
709 1846 946 1906 quatuor
997 1842 1420 1912 cubitorum,»et
1447 1851 1594 1919 quod
1634 1828 2042 1927 isteureliquus

468 1921 645 1981 factus
668 1936 752 1982 est
793 1929 861 1985 de
914 1930 1369 2003 Rapbaimpitem
1418 1954 1543 1996 cum
1585 1921 2043 2018 audio‘explora-

466 2022 614 2072 tores
639 2029 928 2078 narrantes
946 2031 994 2090 ο,
1026 2026 1173 2095 quod
1210 2045 1230 2078 ι
1259 2042 1481 2086 eramus
1523 2032 1579 2088 in
1626 2048 1925 2106 conspectu
1948 2057 2043 2097 eo-

469 2121 589 2163 rum
621 2119 881 2183 tanquam
908 2116 1159 2184 locustae,
1187 2137 1207 2170 ι
1233 2129 1287 2175 et
1314 2119 1485 2178 Deum
1506 2127 1919 2188 conﬁrmantem
1944 2135 2046 2192 hos

468 2211 778 2268 sermones,
839 2214 895 2259 et
955 2206 1305 2277 dicentem‘;
1359 2230 1380 2265 ι
1417 2212 1639 2271 Tradidi
1690 2218 1790 2275 tibi
1845 2223 2044 2280 Amor-

468 2286 695 2359 rhzeum,
715 2294 873 2365 cujus
910 2298 1139 2357 altitudo
1191 2312 1309 2359 erat
1368 2314 1628 2379 tanquam
1651 2314 1824 2381 cedri,
1871 2325 1926 2371 et
1958 2332 2047 2371 ro-

468 2380 680 2480 bustus.
719 2399 838 2444 erat
889 2402 949 2447 ut
997 2411 1267 2466 quercus;
1299 2407 1397 2453 aet
1434 2400 1501 2456 de
1559 2380 1855 2462 Goliad‘i:
1901 2412 2045 2480 quod

472 2470 931 2544 «longitudinem
1008 2484 1243 2543 habebat
1310 2498 1549 2559 quatuor
1609 2470 1934 2554 cubitorum.
1990 2514 2046 2559 et

465 2563 671 2633 palmi;
709 2588 729 2659 ι
767 2572 1005 2630 arbitror
1031 2576 1205 2635 fuisse
1255 2585 1521 2651 quosdam
1552 2593 1904 2659 praegrandes
1939 2595 2041 2651 ho-

464 2658 660 2715 mines.
688 2652 798 2718 ι)υο
821 2667 923 2722 hoc
944 2671 1106 2726 etiam
1139 2676 1415 2745 sapienter
1449 2681 1818 2751 dispensante,
1854 2699 1912 2743 ut
1950 2707 2046 2745 eo-

465 2764 733 2818 gnoscant
782 2756 1095 2817 Creatorem
1141 2782 1253 2821 non
1292 2768 1568 2828 inlirmum
1626 2783 1832 2833 tantam
1870 2782 2047 2837 homi-

466 2842 628 2898 nibus
654 2848 971 2907 attribuisse
1029 2870 1384 2917 mensuram:
1431 2866 1688 2934 perfacile
1741 2871 1887 2926 enim
1925 2884 2047 2931 erat

465 2934 515 2987 ei
542 2936 706 2991 etiam
750 2943 986 3011 majores
1033 2947 1280 3007 homines
1308 2970 1518 3023 creare,
1552 2961 1646 3015 sed
1679 2969 1739 3016 ut
1774 2967 2045 3035 superbiae

468 3032 736 3082 tumorem
758 3032 1097 3102 reprimeret,
1122 3048 1178 3093 et
1203 3048 1573 3115 arrogantiam
1604 3032 1908 3118 cohiberet,
1932 3074 2042 3113 non

464 3117 615 3173 dedit
644 3120 958 3182 hominibus
1012 3132 1253 3188 maxima
1292 3150 1545 3207 corpora.
1576 3140 1713 3197 Nam
1750 3146 1798 3201 si
1831 3149 2042 3219 exiguis
2073 3159 2118 3221 ο

466 3214 790 3282 corporibus
822 3220 1029 3287 praediti
1061 3239 1169 3279 non
1193 3237 1387 3284 contra
1422 3247 1482 3286 se
1515 3236 1700 3301 modo,
1730 3240 1823 3293 sed
1849 3214 2041 3297 contra

467 3302 639 3360 Deum
663 3320 963 3368 creatorem
1021 3318 1360 3382 attolluntur.
1395 3326 1523 3393 quid
1577 3345 1683 3383 non
1737 3335 2047 3392 commisis-

468 3408 612 3463 sent,
640 3402 686 3456 si
714 3407 949 3463 maxima
980 3425 1212 3480 corpora
1240 3417 1416 3471 sortiti
1441 3422 1661 3476 essent?

921 3521 1030 3592 33
1066 3523 1343 3585 INrEnn.
1395 3530 1581 3585 xux.

667 3629 844 3694 Quare
877 3634 1032 3704 longo
1063 3646 1289 3706 tempore
1327 3645 1563 3700 vivebant
1599 3652 1843 3720 antiqui?

538 3716 610 3772 Ut
652 3720 897 3790 longiore
934 3729 1196 3797 temporis
1223 3734 1402 3801 spatio
1439 3739 1622 3807 augeri
1660 3716 1888 3796 numero
1915 3761 2044 3813 pos-

470 3820 609 3864 sent.
658 3813 803 3871 Nam.
828 3829 1047 3889 propter
1084 3822 1187 3877 hoc
1226 3826 1392 3880 etiam
1433 3829 1618 3898 plures
1651 3849 1851 3890 uxores
1881 3838 2047 3894 duce—
2088 3852 2091 3861 ’

470 3898 622 3954 bant.
651 3901 837 3973 Itaque
858 3910 1022 3964 etiam
1057 3922 1178 3981 post
1202 3914 1490 3982 diluvium,
1516 3936 1692 3988 usque
1712 3925 1779 3978 ad
1806 3933 2047 3997 tempora

468 3993 901 4058 patriarcharum
924 4038 941 4064 ,
992 4000 1221 4073 longzcvi
1253 4016 1430 4062 erant.
1463 4011 1822 4083 POSIeaquam
1865 4027 2047 4072 autem

472 4089 669 4137 terram
702 4089 1080 4159 repleverunt,
1119 4095 1423 4154 diminutus
1453 4112 1537 4156 est
1575 4104 1831 4175 deinceps
1864 4125 2040 4163 anno-

470 4188 591 4229 rum
639 4194 922 4237 numerus.

1069 4276 1347 4334 INTER“.
1384 4283 1443 4338 L.

599 4359 707 4413 (Zur
738 4362 937 4420 diluvio
970 4368 1360 4427 multitudinem
1391 4376 1662 4431 hominum
1689 4381 1923 4435 delevit?

540 4512 732 4573 Delere
757 4519 1002 4579 sobolem
1031 4524 1169 4583 Cain
1198 4531 1374 4586 voluit
1406 4551 1419 4587 :
1460 4542 1514 4589 et
1542 4536 1669 4605 quia
1701 4538 1918 4607 piorum
1955 4543 2055 4596 tri—
2084 4497 2126 4550 0

470 4607 575 4702 bus
604 4610 680 4666 illi
711 4615 968 4683 permista
993 4630 1133 4689 erat,
1167 4624 1238 4677 ob
1266 4624 1318 4678 id
1347 4629 1598 4698 supplicii
1628 4632 1899 4702 particeps
1931 4633 2052 4694 fuit.

475 4700 675 4761 Volens
704 4708 850 4763 enim
884 4711 1029 4768 Deus
1077 4715 1408 4784 principium
1438 4722 1711 4790 quoddam
1744 4740 1897 4779 novae
1919 4726 2056 4794 {vitae

473 4798 655 4855 facere
677 4843 692 4868 ,
732 4809 1079 4863 conservavit
1108 4826 1287 4880 Ipsum
1319 4811 1434 4868 Noe
1462 4823 1517 4869 et
1546 4815 1747 4872 liberos
1778 4818 1897 4885 ejus
1926 4835 2051 4874 cum

475 4896 741 4953 uxoribus
775 4918 788 4954 :
818 4899 951 4968 Noe,
985 4903 1233 4975 inquam,
1269 4907 1449 4961 virum
1482 4909 1627 4973 pium
1660 4920 1714 4966 et
1743 4913 1975 4981 justum,
2002 4924 2055 4968 et

550 5044 574 5074 ⁸
603 5037 765 5095 Num.
799 5056 917 5109 xm,
941 5043 1031 5100 '54.

2148 540 2314 605 ἰδέας,
2358 543 2451 595 καὶ
2489 543 2649 596 τοῦτο
2675 544 2773 614 οὐχ
2803 542 3002 615 ἂπαξῆ
3028 545 3132 609 δὶς,
3162 542 3301 597 ἀλλὰ
3339 546 3495 615 παρὰ
3543 547 3747 600 πάντα

2143 636 2233 687 τὸν
2259 634 2393 705 βίον,
2435 637 2596 702 ποίας
2629 638 2773 704 ἄξιοι
2823 636 3192 707 συγγνώμης;
3223 636 3355 691 ποία
3406 638 3463 692 δὲ
3502 640 3750 703 κόλασις

2144 730 2205 783 ού
2228 733 2439 804 σμικρὰ
2483 737 2595 798 τοῖς
2636 734 2780 789 οὕτω
2817 736 2958 803 σφᾶς
2998 734 3198 798 αὐτοὺς
3250 735 3609 789 ὲκδεδωκόσιν
3646 735 3751 796 είς

2144 821 2365 895 ὄλεθρον
2385 842 2400 889 ;

2738 920 2936 973 ΕΡΩΤ.
2978 920 3119 973 MH’.

2327 1030 2503 1097 Τίνας
2528 1030 2709 1084 καλεῖ
2743 1032 3030 1100 γίγαντας
3059 1032 3097 1097 ἡ
3131 1030 3259 1088 θεία
3295 1033 3544 1102 I‘pagni;

2212 1120 2370 1184 Τινές
2401 1138 2534 1191 φασι
2564 1124 2693 1187 τοὺς
2733 1122 2827 1192 ἔτη
2874 1122 3047 1177 πολλὰ
3083 1123 3420 1195 βεϐιωκότας
3442 1142 3456 1155 υ
3496 1124 3641 1188 τινὲς
3674 1124 3743 1177 δὲ

2142 1212 2270 1276 τοὺς
2302 1213 2577 1284 θεομισεῖς
2607 1216 2699 1267 καὶ
2742 1215 3025 1280 ἀντιθέους
3066 1216 3406 1288 ἀνθρώπους.
3459 1218 3522 1271 Οἱ
3551 1216 3743 1270 ταῦτα

2144 1302 2285 1357 οὕτω
2317 1305 2651 1373 νενοηκότες,
2689 1304 2751 1357 οὗ
2802 1323 2935 1374 φασι
2981 1307 3206 1370 τούτους
3244 1308 3466 1378 μείζονα
3497 1308 3606 1361 τῶν
3636 1308 3745 1360 ἄλ-

2145 1392 2253 1445 λων
2300 1393 2605 1461 ἀνθρώπων
2650 1394 2880 1465 σώματα
2919 1397 3238 1466 ἐσχηκέναι.
3300 1397 3442 1467 Ἐγὼ
3493 1399 3549 1451 δὲ
3599 1400 3744 1452 ὅταν
3848 1454 3861 1465 4

2144 1482 2363 1536 ἀκούσω
2391 1484 2489 1553 τῆς
2519 1483 2671 1549 θείας
2701 1487 2924 1557 Γραφῆς
2956 1486 3222 1558 λεγούσης
3252 1488 3381 1561 περὶ
3412 1488 3505 1543 τοῦ
3539 1490 3737 1553 Ἑνὰκ,

2144 1574 2225 1628 ὃτι
2260 1594 2279 1627 ι
2303 1576 2567 1645 ἀπόγονος
2590 1572 2659 1648 ἦν
2685 1577 2793 1631 τῶν
2817 1578 3093 1648 γιγάντων
3122 1598 3141 1631 ι
3171 1580 3284 1651 (52)
3304 1595 3321 1610 ’
3352 1583 3447 1635 καὶ
3478 1583 3604 1653 περὶ
3632 1581 3740 1635 τοῦ

2148 1665 2271 1733 Ὢγ,
2296 1666 2376 1718 ὄτι
2408 1685 2427 1717 ι
2464 1668 2496 1736 η
2530 1666 2685 1736 κλίνη
2715 1668 2881 1721 αὐτοῦ
2916 1668 3113 1739 σιδηρᾶ
3142 1665 3232 1740 ἦν,
3259 1670 3415 1723 ἐννέα
3444 1671 3635 1740 πηχῶν
3673 1672 3743 1725 τὸ

2076 1806 2117 1862 Β
2149 1758 2343 1827 μῆκος,
2391 1758 2485 1811 καὶ
2534 1760 2818 1829 τεσσάρων
2873 1761 3091 1831 πήχεων
3138 1763 3202 1814 τδ
3235 1758 3428 1833 εὖρος·
3468 1782 3485 1813 ι
3520 1765 3614 1817 καὶ
3646 1764 3741 1818 ὅτι

2174 1842 2204 1862 σ
2401 1852 2414 1862 ι
2545 1850 2570 1862 an
2656 1851 2710 1862 an
2824 1851 2851 1862 Α
2924 1854 2938 1862 .
3024 1855 3039 1862 ι
3095 1855 3107 1862 ι
3157 1854 3176 1862 Α
3343 1854 3386 1862 ..-
3431 1858 3439 1862 -
3526 1856 3551 1862 ..

2144 1842 2300 1913 οὗτος
2338 1870 2357 1902 ι
2397 1852 2462 1903 ὲκ
2502 1850 2612 1905 τῶν
2656 1851 2884 1921 Ῥαφαῖν
2916 1854 3243 1926 ὑπελείφθη.
3287 1874 3307 1907 ι
3343 1854 3451 1910 Καὶ
3482 1856 3591 1910 τῶν
3629 1875 3742 1910 κα-

2144 1942 2438 1997 τασκόπων
2475 1944 2872 2015 διηγουμένων,
2919 1947 3002 2000 ὃτι
3034 1964 3054 1999 ι
3103 1943 3246 2018 ἦμεν
3279 1949 3513 2003 ἐνώπιον
3545 1951 3744 2004 αὐτῶν

2146 2033 2281 2087 ὡσεὶ
2308 2035 2531 2104 ἀκρίδες
2552 2052 2568 2065 ’
2608 2056 2627 2089 ι
2676 2039 2770 2091 καὶ
2801 2039 2894 2092 τοῦ
2922 2039 3060 2093 Θεοῦ
3103 2040 3449 2111 βεϐαιοῦντος
3484 2046 3612 2107 τοὺς
3639 2044 3741 2096 λό-

2145 2128 2411 2194 γους,καὶ
2433 2128 2702 2197 λέγοντος,
2729 2132 2811 2185 ὅτι
2841 2149 2859 2182 ι
2894 2132 3264 2201 Παραδέδωκά
3297 2151 3380 2187 σοι
3408 2134 3499 2187 τὸν
3532 2137 3742 2208 ’Λμοῤ-

2149 2220 2320 2288 ραίον,
2356 2212 2419 2273 οὗ
2448 2220 2510 2274 τὸ
2543 2221 2675 2291 ὓψος
2708 2219 2776 2294 ἦν
2807 2224 2883 2287 ὡς
2912 2224 3129 2296 κέδρου,
3173 2226 3268 2279 καὶ
3300 2226 3518 2298 ἰσχυρὸς
3551 2222 3634 2298 ἦν·
3656 2228 3745 2289 ὡς

2145 2308 2307 2378 δρῦςο
2347 2329 2365 2362 ι
2402 2314 2499 2365 καὶ
2529 2315 2658 2386 περὶ
2686 2313 2782 2368 τοῦ
2817 2315 3027 2381 Γολιὰδ,
3080 2318 3161 2371 ὃτι
3211 2338 3230 2370 ι
3281 2318 3565 2391 τεσσάρων
3615 2320 3741 2388 (55)

2148 2403 2371 2473 πήχεων
2416 2407 2512 2459 καὶ
2563 2407 2847 2478 σπιθαμῆς
2880 2409 2941 2461 τὸ
2977 2408 3152 2479 μῆκος
3191 2405 3339 2480 εἶχεν
3365 2427 3378 2441 ’
3424 2431 3443 2461 ι
3481 2412 3742 2483 ἡγοῦμαι

2146 2494 2481 2564 γεγενῆσθαι
2503 2499 2657 2562 τινὰς
2680 2502 3064 2571 παμμεγέθεις
3094 2501 3190 2555 ἀνθ
3201 2501 3437 2572 ρώπους.
3459 2503 3565 2557 Τοῦ
3591 2504 3742 2560 Θεοῦ

2148 2587 2243 2640 καὶ
2273 2586 2434 2642 τοῦτο
2466 2590 2648 2659 σοφῶς
2699 2592 2811 2663 (54)
2862 2595 3362 2665 πρυτανεύσαντος,
3397 2596 3483 2651 ἵνα
3526 2600 3745 2666 γνῶσιν

2148 2678 2225 2741 ὡς
2248 2679 2350 2731 οὐκ
2376 2680 2620 2736 ἀσθενῶν
2648 2684 2678 2735 ὁ
2706 2685 3052 2756 Δημιουργὺς
3086 2686 3343 2740 τοσοῦτον
3375 2691 3491 2752 τοῖς
3518 2689 3743 2761 ἀνθρώ-

2148 2787 2272 2834 ποις
2304 2772 2570 2844 ἀπένειμε
2603 2775 2800 2847 μέτρον
2820 2793 2834 2808 ·
2861 2778 3041 2849 ῥᾴδιον
3062 2779 3171 2851 γὰρ
3198 2777 3268 2852 ἦν
3299 2780 3450 2853 αὐτῷ
3478 2782 3571 2836 καὶ
3605 2783 3738 2854 pel-

2149 2862 2276 2926 ζους
2306 2863 2712 2937 δημιουργῆσαι
2734 2883 2749 2899 ’
2782 2868 2919 2923 ἀλλὰ
2950 2871 3044 2924 τὸν
3081 2872 3251 2941 τύφον
3293 2873 3602 2939 ἐκκόπτων,
3634 2876 3744 2928 καὶ

2146 2950 2245 3020 τὴν
2300 2952 2627 3016 ἀλαζονείαν
2666 2957 2911 3023 κωλύων,
2980 2960 3215 3031 μέγιστα
3258 2964 3372 3026 τοῖς
3414 2963 3741 3035 ἀνθρώποις

2147 3040 2247 3094 οὐκ
2280 3041 2449 3096 ἔδωκε
2480 3043 2726 3115 σώματα.
2758 3048 2819 3101 Ei
2848 3049 2956 3120 γὰρ
3003 3052 3061 3103 ὲν
3097 3055 3353 3122 σμικροῖς
3383 3052 3629 3124 σώμασιν
3663 3057 3740 3108 οὐ

2148 3134 2272 3187 κατ’
2301 3135 2571 3207 ἀλλήλων,
2630 3138 2767 3195 ἀλλὰ
2818 3140 2943 3196 κατ’
2976 3142 3142 3197 αὐτοῦ
3195 3144 3600 3219 μεγαλαυχοῦσι
3633 3151 3738 3203 τοῦ

2149 3227 2397 3297 ποιητοῦ,
2433 3230 2485 3283 τί
2532 3231 2633 3285 οὐκ
2677 3234 2744 3286 ἂν
2786 3234 3021 3304 ἔδρασαν
3053 3238 3101 3289 εί
3137 3238 3411 3308 μεγίστων
3459 3244 3740 3313 σωμάτων

2152 3321 2449 3392 μετέλαχον
2475 3342 2490 3390 ;

2708 3520 2904 3575 ΕΡΩΤ.
2955 3523 3070 3576 ΜΘ’
3097 3526 3162 3578 ⁸⁹.

2332 3637 2494 3690 Διατί
2524 3637 2725 3690 πολὺν
2754 3638 2976 3706 χρόνον
3006 3638 3153 3700 ἔζων
3181 3642 3235 3693 οἱ
3265 3641 3550 3705 animai;

2222 3730 2384 3783 Ὥστε
2412 3728 2715 3800 αὐξηθῆναι
2745 3730 2824 3799 τῷ
2854 3731 3059 3784 πλείονι
3090 3732 3267 3803 χρόνῳ
3288 3748 3302 3761 °
3333 3732 3422 3785 διὰ
3447 3731 3604 3785 τοῦτο
3634 3736 3740 3787 καὶ

2151 3821 2373 3884 πολλαῖς
2408 3824 2741 3893 συνήπτοντο
2772 3822 2886 3895 (55)
2914 3823 3175 3892 γυναιξίν.
3221 3826 3430 3879 Αὐτίκα
3471 3824 3603 3896 γοῦν
3634 3829 3738 3881 καὶ

2153 3915 2293 3986 μετὰ
2324 3915 2415 3968 τὸν
2450 3915 2837 3985 κατακλυσμὸν
2886 3916 3049 3987 μέχρι
3082 3916 3193 3969 τῶν
3234 3916 3591 3987 πατριαρχῶν
3627 3934 3736 3987 μα-

2150 4007 2360 4078 κρόὸιοι
2386 4004 2527 4079 ἦσαν
2546 4025 2560 4038 ⁶
2587 4008 2776 4078 ἐπειδὴ
2804 4007 2862 4061 δὲ
2894 4009 2994 4078 τὴν
3023 4008 3352 4079 οἰκουμένην
3375 4009 3731 4080 ἐπλήρωσαν,

2149 4099 2439 4171 ἠλαττώθη
2466 4098 2653 4153 λοιπὸν
2676 4101 2704 4153 ὁ
2729 4100 2837 4153 τῶν
2871 4101 3009 4154 ἐτῶν
3040 4100 3294 4172 ἀριθμός.

2789 4275 2985 4329 ΕΡΩΤ.
3029 4276 3112 4333 N'.

2160 4373 2219 4427 Tl
2265 4370 2489 4439 δήποτε
2530 4367 2612 4435 τῷ
2625 4366 3205 4506 ποᾶιζὶτόιέλᾶἷὲἕξὲιέῗν
3226 4365 3344 4466 τῶν
3403 4366 3734 4436 ἀνθρώπων

2238 4532 2550 4603 Ἐξαλεῖψαι
2582 4531 2678 4585 τοῦ
2703 4532 2846 4585 Κάῖν
2872 4530 2933 4584 τὸ
2964 4530 3122 4599 γένος
3156 4531 3459 4603 ἠθέλησενο
3492 4531 3730 4600 ἀνεμίγη

2152 4628 2209 4682 δὲ
2242 4626 2390 4697 αύτῷ
2435 4626 2531 4680 καὶ
2560 4624 2669 4679 τῶν
2696 4624 2938 4677 εὐσεϐῶν
2977 4624 3011 4694 ὴ
3062 4623 3203 4693 φυλή
3225 4640 3239 4653 ·
3275 4623 3356 4677 διὸ
3392 4624 3486 4677 καὶ
3518 4624 3614 4693 τῆς
3644 4640 3728 4674 τι-

2156 4721 2369 4793 μωρίας
2420 4718 2780 4789 μετέσχηκεν.
2841 4715 3042 4787 ’Ᾱρχὴν
3078 4715 3135 4768 δέ
3188 4733 3313 4769 τινα
3366 4715 3554 4769 καινοῦ
3610 4713 3727 4782 βίου

2153 4812 2486 4885 ποιήσασθαι
2537 4810 2840 4882 βουληθεὶς,
2889 4809 2980 4862 τὸν
3024 4808 3148 4861 Νῶε
3199 4808 3295 4861 καὶ
3340 4809 3467 4868 τοὺς
3514 4806 3727 4859 ἐκείνου

2152 4908 2351 4972 παῖδας
2385 4907 2482 4960 σὺν
2507 4907 2629 4971 ταῖς
2654 4902 2873 4975 γυναιξὶ
2897 4902 3237 4974 διετήρησεν,
3282 4900 3480 4972 εὐσεϐῆ
3509 4915 3566 4952 τε
3597 4899 3728 4952 ὄντα

1106 5045 1134 5085 ἀ
1156 5046 1313 5104 Deut.
1343 5065 1424 5119 ιιι,
1457 5052 1511 5105 2.
1551 5064 1575 5092 θ
1596 5050 1759 5109 Num.
1798 5072 1916 5120 xm,
1940 5054 2029 5111 3L

2171 5054 2338 5109 Amos
2362 5066 2425 5115 ιι,
2453 5051 2509 5106 9.
2592 5052 2618 5091 ⁸
2648 5049 2672 5104 Ι
2704 5049 2838 5118 Reg.
2870 5063 3002 5114 ml,
3030 5045 3084 5099 4.

1325 5188 1559 5245 VARI/13
1612 5192 1995 5249 LECTIONES
2028 5195 2117 5249 EX
2168 5189 2450 5249 CATENA
2488 5185 2845 5243 LIPSIENSI.

544 5298 591 5330 ’⁸
616 5298 821 5364 Quaest.
850 5301 919 5357 49
940 5302 994 5357 in
1025 5313 1129 5360 eat.
1157 5322 1210 5375 p.
1246 5306 1345 5362 151
1380 5310 1601 5378 ponitur
1629 5321 1753 5365 ante
1784 5320 1975 5381 quarst.
2002 5327 2122 5381 qurc
2150 5317 2329 5365 exstat
2358 5306 2490 5362 ibid.

1951 5429 2179 5485 ΝΟΤᾹΞ.

696 5512 897 5586 ’ξοτι-
919 5517 1220 5586 γιγάντων.
1255 5518 1382 5575 "rec
1403 5522 1647 5576 referunt
1675 5537 1795 5577 sese
1825 5524 1891 5577 ad
1922 5539 2044 5577 ver-

481 5580 546 5634 ha
582 5582 669 5635 illa
716 5583 878 5663 Num.
908 5580 1028 5663 illi,
1053 5588 1122 5643 54
1148 5607 1183 5663 :_
1199 5590 1365 5663 ξξίοὺς
1402 5592 1567 5646 Ἐνὰκ
1608 5596 1672 5646 ὲκ
1713 5592 1823 5644 τῶν
1856 5594 2044 5663 γιγάν-

480 5665 607 5732 Ξων,
632 5669 759 5732 quae
784 5657 835 5708 in
867 5658 1116 5732 versione
1163 5659 1305 5714 LXX
1354 5662 1715 5732 interpretum
1771 5657 2044 5728 desimus

482 5718 681 5847 Crathio
715 5736 892 5782 autem
925 5738 979 5785 ct
1000 5728 1335 5803 Breitingero
1362 5718 1626 5793 asterisco
1645 5734 1830 5790 addito
1851 5718 2047 5791 inserta

482 5806 581 5847 sun
616 5834 627 5847 .

480 5806 627 5848 IIII“.

2221 5521 2333 5591 (53)
2361 5518 2690 5591 τεσσάρωνς.
2726 5513 3035 5591 Secundum
3066 5509 3350 5565 lectionem
3379 5506 3497 5563 cod.
3526 5504 3721 5571 Valic.,

2153 5584 2836 5665 scd__c_od_ex_Alcx_.‘habet.
2863 5585 2927 5665 ἐξ
2952 5584 3190 5653 πήχεων.

2226 5659 2709 5737 ροάΑφι-Ρίο.
2743 5659 2951 5737 σαφῶς.
3091 5722 3127 5737 Π
3184 5722 3196 5737 _
3301 5733 3311 5737 _
3368 5719 3454 5737 ΝΑ
3524 5717 3637 5737 Δί,

2227 5717 2337 5798 (55)
2364 5730 2627 5795 Πολλοῖς
2651 5717 3055 5794 σι’νήὲιτοντο.
3087 5722 3218 5777 Cod.
3265 5733 3318 5776 ct
3368 5719 3478 5775 Pic.
3516 5717 3722 5771 πλεέοσι

2163 5803 2507 5858 συνάπτοντο.
