3964 6554
185 370 270 439 133
1256 376 1538 449 QUIEST.
1568 378 1648 439 IN
1695 379 1961 441 GENES.
1999 382 2154 443 CAP.
2191 385 2289 445 VI.

3330 395 3431 460 154

180 486 258 539 καὶ
289 484 521 547 δίκαιον,
564 487 636 539 ἐκ
670 486 778 557 τῆς
805 486 915 541 τῶν
966 490 1208 545 εὐσεϐῶν
1257 496 1577 564 συγγενείας
1626 496 1752 567 βλα-

1863 514 1882 552 e
1911 500 2119 568 piorum
2150 500 2355 555 familia
2384 509 2563 555 ortum
2593 546 2607 567 ,
2652 514 2707 558 et
2748 506 2840 575 qui
2871 509 3280 575 permistionem
3317 514 3430 568 ini-

184 579 457 649 στήσαντα.
485 580 585 632 καὶ
613 581 712 651 τὴν
751 582 851 652 τῆς
880 585 1227 655 παρανομίας
1257 590 1539 657 ἐπιμιξίαν
1582 594 1747 662 μισή-

184 689 347 725 σαντα.
380 672 459 725 Οὐ
509 675 647 743 μὴν,
676 674 756 737 ῶς
794 676 939 740 τινές
973 695 1158 745 φασιν,
1187 681 1323 750 ὀργῇ
1355 699 1484 745 τινι,
1518 684 1609 736 καὶ
1653 702 1750 753 με-

178 766 423 837 ταμελείᾳ
441 766 627 820 ταῦτα
660 770 955 840 πεποίηκε.
987 772 1173 826 Ταῦτα
1196 775 1305 846 γάρ
1329 793 1414 829 τοι
1436 778 1752 849 ἀνθρώπινα

178 859 315 929 πάθη
337 876 351 889 ·
384 861 415 928 ἡ
446 859 507 911 δὲ
551 860 680 915 θεία
716 862 879 930 φύσις
911 864 1172 937 ἐλευθέρα
1205 868 1419 923 παθῶν.
1456 871 1661 935 Ἄλλως
1690 890 1750 926 τε

175 954 204 1019 ἡ
238 951 572 1020 μεταμέλεια
606 958 725 1018 τοῖς
757 957 893 1027 μετὰ
920 958 1022 1028 τὴν
1049 962 1246 1028 πεῖραν
1276 962 1610 1033 μανθάνουσι
1642 964 1751 1018 τῶν

177 1044 510 1109 πραγμάτων
541 1044 646 1115 τὴν
682 1045 845 1114 φύσιν
882 1048 1220 1120 κατάλληλος
1244 1067 1256 1080 ’
1289 1054 1611 1121 ἀγνοοῦντες
1642 1056 1753 1126 γὰρ

178 1136 231 1186 τὸ
254 1135 531 1203 ἐσόμενον,
562 1138 1025 1207 προϐουλεύονται
1045 1158 1060 1173 ο
1090 1139 1209 1196 εἷτα
1249 1146 1314 1217 τῇ
1354 1146 1521 1217 πείρᾳ
1547 1146 1754 1216 μανθά-

178 1243 366 1288 νοντες,
403 1227 483 1289 ὡς
528 1228 635 1281 οὐκ
679 1229 856 1300 ὀρθῶς
888 1232 1300 1299 ἐϐουλεύσαντο,
1334 1237 1747 1307 μεταμέλονται.

189 1319 241 1370 Ὀ
265 1318 319 1370 δὲ
349 1318 486 1382 Θεὸς
528 1320 707 1384 οὕτως
750 1325 852 1394 ὁρᾷ
884 1324 951 1377 τὰ
987 1327 1125 1395 μετὰ
1156 1326 1356 1391 πολλὰς
1391 1329 1627 1399 ἐσόμενα
1656 1347 1752 1398 γε-

181 1409 313 1471 νεάς,
348 1409 425 1469 ὡς
463 1411 571 1481 ἠδη
624 1414 993 1483 γεγενημένα.
1039 1416 1126 1481 Ὠς
1169 1420 1422 1489 προορῶν
1447 1421 1627 1474 τοίνυν
1656 1424 1753 1475 καὶ

155 1501 590 1569 ⁶πριογινὼωιων,
622 1504 796 1569 οὕτως
823 1505 1039 1561 ἅπαντα
1063 1512 1416 1581 πρυτανεύει.
1458 1516 1522 1566 Τί
1550 1515 1753 1585 δήποτε

180 1595 347 1646 τοίνυν
399 1598 816 1667 μεταμελεῖται,
868 1601 1086 1656 ἅπαντα
1134 1603 1273 1672 πρὸς
1301 1605 1397 1673 τὴν
1446 1607 1754 1676 πρόγνωσιν

179 1688 263 1755 τὴν
300 1687 518 1740 οἰκείαν
544 1690 875 1760 οίκονομῶν;
908 1693 1105 1747 οὐκοῦν
1144 1696 1237 1749 ἐπὶ
1275 1695 1409 1750 Θεοῦ
1439 1698 1548 1768 (56)
1584 1716 1753 1769 μετα-

181 1779 365 1847 μέλεια
420 1782 744 1851 οἰκονομίας
773 1786 892 1835 ἐστὶ
924 1784 1218 1857 μεταϐολή.
1274 1806 1294 1839 ι
1348 1789 1753 1861 Μεταμεμέληι-

182 1843 269 1939 μαι
297 1871 415 1940 (57)
446 1872 584 1942 γὰρ,
615 1843 804 1945 ιρησὶν,
835 1843 1322 1949 ὅτιυκέχρικαι(58)
1348 1879 1438 1933 τὸν
1469 1843 1642 1935 Σέιοῦλ
1672 1843 1754 1947 είς
1781 1843 1827 1899 Β

181 1962 419 2029 βασιλέα,
450 1983 470 2014 ι
519 1966 642 2017 ἀντὶ
675 1967 791 2031 τοῦ,
819 1967 1147 2038 Ἐδοκίμασα
1173 1970 1274 2039 μὲν
1305 1972 1513 2025 παῦσαι
1540 1971 1753 2039 τοῦτον,

176 2054 358 2125 ἕτερον
400 2055 457 2107 δὲ
491 2058 895 2127 χειροτονῆσαι.
932 2059 1089 2113 Οὕτω
1136 2060 1439 2127 κάνταῦθα,
1488 2063 1757 2136 ἐνεθυμή-

180 2150 271 2215 θην
306 2151 393 2200 ὅτι
428 2150 669 2221 ἐποίησα
715 2152 804 2207 τὸν
837 2152 1145 2223 ἄνθρωπον.
1179 2154 1479 2224 ὲδοκίμασα
1519 2157 1756 2212 διολέσαι

178 2242 281 2293 τῶν
330 2241 648 2312 ἀνθρώπων
698 2244 761 2297 τὸ
810 2246 965 2313 γένος
991 2262 1004 2275 ⁸
1061 2247 1197 2300 ἀλλὰ
1248 2248 1633 2321 φιλάνθρωπος
1682 2253 1760 2306 ὢν

180 2334 404 2404 σπέρμα
431 2334 531 2387 τὸν
577 2335 702 2388 Νῶε
732 2338 799 2407 τῇ
848 2336 1009 2406 φύσει
1042 2338 1152 2408 (59)
1181 2341 1504 2411 τετήρηκεν.
1547 2345 1760 2417 Ἐπειδὴ

177 2423 228 2475 ἃ
264 2425 363 2476 καὶ
416 2426 535 2478 τῶν
596 2426 811 2496 ἀλόγων
861 2429 931 2481 τά
971 2431 1101 2500 γένη
1158 2431 1259 2501 τῆς
1305 2433 1414 2486 τῶν
1456 2434 1763 2506 ἀνθρώπων

178 2516 338 2568 ἕνεκα
395 2517 866 2590 δεδημιούργηται
910 2522 1119 2593 χρείας,
1165 2525 1259 2577 καὶ⁹
1300 2526 1476 2580 ταῦτα
1510 2531 1622 2591 τοῖς
1664 2530 1760 2582 ἀν-

180 2608 423 2678 θρώποις
466 2611 858 2683 συνδιεφθάρη,
895 2613 1035 2683 πλὴν
1077 2614 1186 2668 τῶν
1224 2618 1285 2670 ἐν
1312 2620 1378 2687 τῇ
1416 2618 1631 2690 κιϐωτῷ
1667 2622 1764 2674 σὺν

181 2700 253 2770 τῷ
282 2701 415 2752 Νῶε
445 2701 825 2757 διασωθέντων
857 2706 922 2761 ⁶⁰.
971 2705 1254 2761 Ἑκέλευσε
1287 2710 1330 2740 ⁶¹
1363 2710 1472 2781 γάρ
1505 2711 1532 2762 ό
1561 2711 1764 2764 Δεσπό-

183 2808 276 2855 της
325 2791 467 2854 Θεὸς
496 2793 605 2846 ἀνὰ
654 2793 749 2846 δύο
784 2795 885 2864 μὲν
937 2798 995 2862 ἐξ
1028 2798 1261 2851 ἑκάστου
1310 2799 1503 2868 γένους
1541 2800 1650 2853 τῶν
1676 2800 1764 2853 δο-

184 2883 429 2937 κούντων
468 2886 804 2957 ἀκαθάρτων
847 2890 1199 2961 διασωθῆναι,
1232 2892 1337 2946 ἀνὰ
1381 2892 1520 2946 ἑπτὰ
1553 2893 1611 2948 δὲ
1655 2893 1766 2947 τῶν

183 2977 468 3047 καθαρῶν.
515 2979 733 3051 Ἐπειδὴ
784 2981 894 3053 γὰρ
931 2983 1133 3054 ἤμελλε
1186 2988 1487 3056 συγχωρεῖν
1534 2989 1645 3045 τοῖς
1674 2989 1767 3039 ἀν-

184 3069 432 3137 θριὶιποις
462 3071 904 3141 μεταλαμϐάνειν
943 3077 1138 3145 κρεῶν,
1176 3078 1406 3147 ἤμελλον
1448 3078 1504 3131 δὲ
1550 3080 1643 3132 καὶ⁸
1676 3079 1768 3131 θυ-

1849 591 2074 659 quitatis
2105 606 2321 644 summo
2353 592 2479 645 odio
2510 593 2758 648 habebat.
2782 593 2899 649 Non
2932 608 3135 665 autem,
3166 614 3224 656 ut
3250 602 3431 658 ferunt

1848 684 2092 752 quidam,
2128 684 2201 737 ira
2231 684 2467 753 quadam
2500 694 2553 738 et
2577 685 2894 754 paenitentia
2921 688 3120 744 ductus
3146 689 3288 746 Deus
3317 695 3433 749 lucc

1847 775 1976 843 egit.
2014 773 2105 829 Ha:
2134 786 2267 829 sunt.
2305 777 2450 829 enim
2500 775 2753 830 humanae
2794 778 3116 846 passiones,
3154 794 3182 831 a
3231 783 3432 850 quibus

1851 879 2049 923 natura
2079 869 2260 923 divina
2296 860 2522 937 prorsus
2560 877 2645 923 est
2678 868 2869 924 libera.
2908 869 3140 924 Maxime
3161 888 3283 926 cum
3320 888 3434 942 pte-

1851 961 2080 1015 nitentia
2127 961 2418 1015 conveniat
2466 961 2581 1025 cis,
2622 962 2715 1030 qui
2766 962 3011 1030 periculo
3058 962 3205 1017 facto
3250 979 3430 1017 rerum

1851 1054 2216 1108 cenditionem
2251 1052 2580 1108 didicerunt.
2620 1052 2942 1124 lgnorantes
2976 1056 3121 1109 enim
3158 1057 3302 1125 quod
3349 1055 3433 1108 fu-

1853 1161 2033 1202 turum
2071 1155 2192 1210 est,
2224 1158 2385 1201 antea
2425 1147 2739 1203 consultant
2772 1166 2785 1201 :
2822 1156 2933 1200 tum
2992 1148 3236 1216 periculo
3291 1148 3434 1202 facto

1851 1240 2123 1294 discentes
2145 1240 2288 1309 quod
2324 1255 2429 1293 non
2463 1248 2608 1294 recte
2634 1240 3081 1304 deliberaverint,
3116 1241 3432 1309 poenitentia

1850 1332 2146 1385 ducuntur.
2178 1330 2319 1385 Deus
2346 1339 2526 1386 autem
2559 1331 2782 1399 perinde
2806 1332 2953 1385 videt
2982 1347 3045 1385 ea
3076 1348 3197 1401 qua:
3233 1334 3434 1387 multas

1851 1436 1974 1492 post
2000 1424 2378 1493 generationes
2405 1422 2588 1476 futura
2617 1432 2763 1486 sunt,
2790 1438 2855 1475 ac
2878 1422 2924 1475 si
2957 1422 3067 1491 jam
3105 1424 3431 1478 evenissent.

1854 1514 1993 1569 llinc
2028 1515 2086 1568 tit
2138 1525 2196 1568 ut
2222 1525 2483 1584 tanquam
2521 1515 2819 1583 praevidens
2847 1521 2901 1568 et
2932 1516 3223 1582 prmscicns
3251 1516 3433 1568 omnia

1850 1607 2453 1678 dispenset.Quomodo
2476 1623 2606 1677 ergo
2632 1611 2647 1629 ‘
2679 1608 2997 1677 poenitentia
3021 1607 3179 1660 cadat
3204 1607 3258 1659 in
3280 1623 3431 1670 eum,

1853 1702 1947 1770 qui
1978 1717 2076 1756 sua
2098 1700 2436 1771 prazscientia
2465 1700 2602 1769 regit
2632 1700 2882 1753 universa
2919 1714 2932 1750 :
2970 1714 3140 1768 quare
3174 1699 3437 1768 pmnitcn-

1857 1797 1931 1851 tia
1966 1794 2057 1848 Dei
2097 1794 2235 1848 nihil
2262 1793 2409 1848 aliud
2438 1802 2518 1847 est
2542 1836 2557 1858 ,
2594 1808 2760 1862 quam
2805 1791 3038 1844 mutatio
3073 1791 3437 1859 dispensatio-

1857 1887 1943 1943 nis
1978 1886 2141 1954 ejus:
2189 1904 2207 1936 ι
2243 1884 2475 1939 Paenitet
2502 1899 2618 1947 me,
2659 1883 2770 1954 64,
2800 1883 3015 1951 inquit,
3054 1882 3200 1952 quod
3234 1881 3437 1936 consti-

1856 1979 2054 2032 tuerim
2083 1977 2212 2031 Saul
2234 1992 2415 2047 regem
2438 1977 2466 2016 ιι
2493 2017 2508 2039 ,
2544 1992 2647 2045 pro
2676 1992 2743 2031 eo
2773 1976 2918 2043 quod
2948 1984 3032 2030 est
3051 2018 3066 2041 ,
3090 1975 3252 2029 statui
3285 1975 3436 2027 illum

1858 2074 2163 2139 deponere,
2191 2079 2245 2124 et
2267 2070 2496 2123 alterum
2524 2084 2733 2123 creare.
2772 2067 2865 2122 Sic
2919 2077 2973 2121 et
3029 2067 3082 2121 in
3148 2069 3250 2121 hoc
3283 2068 3436 2133 loco,

1866 2173 1884 2207 ι
1913 2154 2143 2209 Paenitet
2203 2170 2290 2209 me
2336 2154 2530 2209 fecisse
2556 2153 2829 2208 hominem
2857 2192 2871 2217 ,
2904 2171 2923 2204 ι
2958 2152 3061 2206 hoc
3087 2161 3203 2214 est,
3226 2152 3439 2205 decrevi

1859 2246 2087 2317 perdere
2111 2246 2394 2300 hominum
2420 2252 2627 2316 (genus.
2670 2243 2868 2298 Verum
2894 2286 2909 2310 ,
2935 2259 3061 2299 cum
3086 2243 3352 2313 benignus
3388 2254 3443 2297 et

1860 2340 2102 2395 clemens
2138 2348 2322 2406 esset,
2365 2354 2551 2395 semen
2595 2339 2763 2393 totius
2808 2338 3044 2407 generis,
3101 2338 3278 2405 ipsum
3328 2334 3443 2389 Noe

1862 2436 2070 2483 natura:
2090 2428 2344 2485 humanae
2368 2430 2732 2485 conservavit.
2751 2430 2818 2483 Et
2837 2429 3094 2498 quoniam
3120 2428 3441 2481 animalium

1864 2518 2264 2573 irrationalium
2324 2535 2522 2589 genera
2580 2521 2636 2574 in
2700 2536 2861 2575 usum
2926 2519 3209 2572 hominum
3261 2527 3443 2572 creata

1863 2617 2058 2670 erant,
2089 2608 2254 2661 etiam
2285 2608 2399 2662 haec
2431 2624 2555 2662 cum
2587 2608 2906 2663 hominibus
2938 2608 3115 2663 deleta
3149 2617 3316 2670 sunt,
3347 2624 3445 2660 ex-

1865 2698 2036 2767 ceptis
2061 2699 2166 2762 his,
2197 2715 2319 2767 qua:
2351 2686 2403 2753 in
2435 2715 2563 2754 arca
2589 2716 2714 2753 cum
2741 2698 2856 2753 Noe
2881 2707 3095 2755 servata
3124 2708 3274 2754 sunt.
3294 2698 3448 2751 Man-

1866 2790 2015 2845 davit
2042 2790 2184 2844 enim
2222 2790 2482 2846 Dominus
2515 2791 2658 2847 Deus
2713 2792 2840 2845 bina
2867 2806 2931 2845 ex
2969 2807 3296 2861 unaquaque
3324 2807 3447 2859 spe-

1866 2884 1951 2939 cie
1983 2882 2325 2947 animalium,
2354 2899 2475 2952 qua:
2506 2884 2849 2938 habebantur
2877 2883 3179 2945 immunda,
3216 2882 3443 2943 servari,

1867 2984 1921 3030 et
1949 2975 2275 3029 mundorum
2311 2974 2628 3028 animalium
2659 2985 2904 3044 septena.
2935 2972 3071 3027 Nam
3110 2988 3232 3027 cum
3273 2972 3448 3027 homi-

1870 3068 2032 3123 nibus
2055 3067 2606 3135 essetpermissurus
2635 3067 2968 3121 manducare
3000 3080 3217 3129 carnes,
3254 3072 3308 3117 et
3346 3063 3448 3115 ho-

188 3157 304 3220 σίας
354 3157 512 3228 αὐτῷ
560 3162 887 3231 προσφέρειν
932 3164 1033 3232 τῆς
1071 3167 1355 3231 εὐσεϐείας
1393 3170 1439 3220 οί
1490 3168 1768 3238 τρόφιμοι,

1872 3165 2047 3218 mines
2069 3162 2142 3233 pii
2162 3161 2466 3217 sacriticatu
2477 3162 2517 3214 ri
2540 3170 2727 3216 essent
2748 3162 2847 3226 illi,
2871 3161 3131 3230 majorem
3158 3174 3448 3213 numerum

184 3249 416 3304 πλείονα
468 3251 542 3305 τὰ
596 3252 814 3324 καθαρὰ
880 3257 1221 3328 φυλαχθῆναι
1277 3261 1613 3329 προσέταξε·
1667 3262 1767 3326 τὰς

187 3343 281 3409 μὲν
310 3346 475 3413 τρεῖς
502 3345 769 3413 συζυγίας
804 3349 884 3411 είς
920 3351 1021 3420 τὴν
1057 3349 1284 3421 αὔξησιν
1321 3352 1415 3406 τοῦ
1446 3354 1672 3421 γένους·
1707 3355 1768 3408 τὸ

182 3433 234 3484 δὲ
259 3433 324 3485 ἒν
344 3434 415 3486 τὸ
441 3437 702 3505 περιττὸν
730 3439 810 3502 είς
837 3439 1048 3494 θυσίαν.
1081 3442 1257 3506 Εὐθὺς
1284 3442 1393 3514 γὰρ
1414 3446 1441 3499 ό
1464 3446 1609 3509 Νῶε,
1631 3447 1769 3517 μετὰ

184 3526 279 3595 τὴν
313 3525 543 3579 παῦλαν
579 3528 682 3597 τῆς
705 3532 997 3601 τιμωρίας,
1035 3532 1229 3587 θυσίαν
1260 3535 1338 3604 τῷ
1363 3535 1483 3606 Θεῷ
1510 3539 1768 3608 χαριστήο

187 3634 300 3687 ριον
330 3621 775 3690 προσενήνοχεν
810 3624 917 3676 ἀπὸ
949 3624 1186 3690 πάντων,
1229 3627 1387 3698 φησι,
1419 3629 1526 3681 τῶν
1557 3630 1769 3700 κτηνῶν

182 3711 293 3762 τῶν
337 3711 630 3781 καθαρῶν,
668 3716 761 3767 καὶ
805 3716 912 3769 ἀπὸ
956 3719 1171 3771 πάντων
1220 3721 1327 3773 τῶν
1366 3722 1629 3775 πετεινῶν
1660 3725 1769 3776 τῶν

184 3801 473 3872 καθαρῶν.
516 3803 608 3865 Ὠς
652 3799 791 3858 εἶναι
839 3806 1015 3878 δῆλον,
1065 3811 1147 3864 ὅτι
1182 3812 1439 3881 τούτουγε
1472 3815 1631 3886 χάριν
1667 3816 1771 3870 ἀνὰ

184 3894 330 3946 ἑπτὰ
365 3896 707 3964 προσέταξεν
753 3898 811 3963 ἐξ
848 3900 1076 3956 ἑκάστου
1126 3903 1323 3970 γένους
1368 3906 1478 3960 τῶν
1511 3907 1770 3979 καθαρῶν

185 3986 264 4047 εἰς
293 3986 406 4054 τὴν
437 3987 668 4041 κιϐωτὸν
702 3991 1041 4063 εἰσαχθῆναι,
1075 3994 1162 4047 ἵνα
1201 3995 1263 4048 τὸ
1302 3994 1359 4049 ἓν
1395 3995 1534 4060 ζῶον
1572 3997 1629 4064 ἐξ
1647 3998 1772 4053 ἑκά-

189 4092 324 4128 στου
363 4077 560 4143 γένους
591 4081 620 4132 ὁ
663 4080 787 4135 Νῶε
829 4084 1157 4156 προσφέρων
1200 4088 1274 4157 μὴ
1320 4088 1605 4161 διαφθείρῃ
1671 4090 1772 4153 τὰς

189 4166 485 4236 συζυγίας.

801 4313 1001 4369 ΕΡΩΤ.
1042 4315 1173 4369 NA’.

411 4470 475 4523 Τί
504 4470 717 4540 ἤσθιεν
753 4473 825 4527 ἐν
860 4471 937 4544 τῇ
978 4475 1202 4541 κιϐωτῷ
1242 4478 1314 4531 τὰ
1358 4478 1572 4548 θηρία;

1869 3256 2196 3311 mundorum
2229 3255 2552 3309 animalium
2587 3254 2854 3308 custodiri
2888 3254 3090 3322 jussit;
3125 3268 3318 3320 nempe
3354 3267 3447 3305 sex

1867 3348 2371 3417 eonnubiojuncta,
2397 3346 2463 3399 ad
2486 3345 2982 3415 augmentationem
3012 3344 3249 3411 generis,
3281 3356 3449 3395 unum

1868 3456 1996 3495 vero
2032 3439 2237 3494 animal
2275 3439 2585 3507 reliquum,
2634 3438 2702 3492 ad
2754 3437 3197 3492 sacriﬁcandum.
3251 3434 3450 3489 Statim

1867 3530 2011 3584 enim
2044 3528 2133 3582 ubi
2162 3530 2399 3584 cessavit
2423 3527 2578 3593 ultio,
2604 3526 2717 3581 Noe
2738 3527 3068 3582 sacriﬁcium
3092 3526 3289 3582 obtulit
3319 3524 3449 3588 Deo,

1868 3622 2165 3693 gratiarum
2212 3630 2415 3676 actioni
2452 3619 2824 3675 conveniens:
2872 3638 2889 3670 ι
2924 3618 3002 3671 Ex
3036 3617 3296 3673 omnibus
3318 3657 3332 3679 ,
3367 3616 3422 3669 in
3496 3670 3508 3684 ,

1868 3718 1986 3787 quit
2011 3755 2025 3780 ,
2058 3715 2349 3785 pecoribus
2380 3714 2600 3768 mundis
2621 3754 2636 3779 ,
2670 3723 2725 3768 et
2753 3729 2822 3768 ex
2852 3712 3112 3765 omnibus
3139 3708 3454 3766 volatilibus

1870 3812 2089 3866 mundis
2116 3813 2157 3866 ί.
2195 3830 2213 3861 ›
2254 3811 2331 3864 lta
2371 3817 2431 3863 ut
2465 3818 2675 3863 certum
2707 3808 2779 3862 sit
2832 3807 2935 3861 hac
2979 3805 3048 3860 de
3089 3819 3251 3858 causa
3282 3803 3450 3856 Deum

1866 3904 2096 3972 jussisse
2115 3920 2181 3957 ex
2205 3917 2531 3972 unaquaque
2555 3900 2737 3972 specie
2772 3900 3100 3954 mundorum
3133 3898 3451 3951 animalium

1871 4006 2087 4065 septena
2132 3995 2187 4049 in
2230 4010 2412 4049 arcam
2453 3992 2749 4057 introduci,
2802 4000 2864 4046 ut
2895 3989 3010 4045 Noe
3049 4006 3220 4044 unum
3250 3988 3451 4043 animal

1873 4087 2126 4151 oﬂ‘erens,
2165 4101 2231 4139 ex
2286 4098 2614 4153 unaquaque
2649 4080 2871 4153 specie,
2921 4095 3031 4135 non
3094 4078 3307 4134 tolleret
3334 4092 3455 4147 qua:

1875 4180 2149 4237 connubio
2180 4178 2368 4249 juncta
2400 4183 2580 4233 erant.

2468 4310 2749 4367 INTERR.
2790 4310 2878 4366 ιι.

2148 4476 2288 4543 Quid
2318 4475 2708 4531 manducabant
2740 4475 2795 4528 in
2826 4490 2953 4528 arca
2986 4472 3200 4527 bestiae?

250 4564 445 4634 Δῆλον
471 4538 559 4617 act
585 4564 731 4636 χιλόν
757 4584 818 4620 τε
848 4538 942 4622 καί
971 4538 1282 4641 σπέρματα.
1320 4538 1463 4643 Ἔφῆ
1500 4538 1609 4645 γάρ
1638 4575 1774 4645 πρὸς

1954 4574 2181 4628 Constat.
2238 4571 2421 4625 fenum
2483 4579 2537 4624 ct
2597 4567 2807 4623 semina
2874 4564 3258 4619 manducasse.
3314 4557 3461 4613 Dixit

185 4658 355 4712 αὑτὸν
410 4658 444 4710 ό
475 4656 641 4722 Θεός·
682 4678 701 4712 ι
747 4660 820 4714 Σὺ
862 4660 920 4715 δὲ
972 4661 1118 4735 λήψῃ
1173 4664 1384 4735 σεαυτῷ
1416 4666 1527 4719 άπὸ
1559 4667 1775 4720 πάντων

255 4858 289 4899 1³
324 4859 345 4915 l
380 4860 522 4931 Reg.
553 4875 642 4923 xv,
670 4861 755 4916 li.
838 4864 854 4902 ί
889 4860 1027 4918 Gen.
1055 4877 1175 4926 vm,
1199 4860 1293 4915 20.

1887 4666 2031 4723 enim
2064 4664 2206 4721 Deus
2250 4664 2317 4719 ad
2346 4661 2501 4717 Noe:
2550 4680 2568 4713 ι
2605 4660 2687 4715 Tu
2723 4673 2853 4714 vero
2886 4672 3073 4713 sumes
3108 4655 3204 4709 tibi
3239 4668 3304 4708 ex
3337 4666 3461 4705 om-

1054 5015 1286 5073 VARIIE
1338 5015 1722 5073 LECTIONES
1767 5013 1856 5067 EX
1903 5011 2181 5069 CATENA
2232 5009 2581 5065 LIPSIENSI.

263 5207 311 5238 “
335 5204 471 5260 Cat.
508 5218 565 5272 ι).
602 5201 721 5256 135.
761 5200 861 5255 σὺν
890 5198 969 5272 τῷ
1092 5198 1581 5272 διαφᾉυλαχθέντων.
1658 5196 1699 5227 ⁶¹
1734 5194 1779 5259 Ο

1863 5194 1947 5272 :jn
1978 5194 2065 5248 ed.
2101 5200 2289 5272 nostra
2328 5198 2651 5261 sequuntur,
2698 5189 2973 5255 ἐκέλευσε,
3007 5199 3137 5245 etc..
3161 5195 3377 5243 exstant
3408 5187 3457 5237 in

191 5287 307 5331 cat.
346 5292 406 5345 p.
443 5263 569 5336 “3,
594 5272 659 5326 ad
684 5289 735 5326 c.
770 5288 865 5336 vn,
893 5263 952 5326 ἓξ
994 5263 1258 5325 Praecedit
1289 5263 1471 5324 autem
1510 5270 1564 5323 in
1606 5276 1712 5321 cat.
1753 5282 1807 5335 p.
1839 5265 1943 5319 “'5
1969 5264 2198 5333 quaestio
2231 5263 2318 5316 5|.

1715 5448 1944 5506 NOTIL.

268 5612 397 5684 (56)
436 5608 567 5665 Ἐ’πὶ
590 5604 773 5684 Θεοῦ.-
796 5607 937 5664 Cod.
960 5618 1013 5684 e_t
1045 5607 1323 5684 P_ic._perdt
1346 5604 1505 5684 Θεοῦ.

431 5678 1054 5756 Μπαμεμέληέιαιτηιια
1078 5675 1275 5756 legitur
1290 5678 1474 5756 etiam3
1510 5684 1566 5730 ut
1596 5675 1783 5756 Lamb.

196 5743 314 5810 Bo‘c
364 5743 617 5813 testatur,
655 5743 710 5805 in
760 5743 896 5805 edit.
928 5743 1202 5821 Complut.
1236 5749 1369 5805 Cod.
1412 5747 1563 5801 Alex.
1599 5754 1652 5800 et
1685 5743 1786 5800 Va-

194 5828 307 5882 tic.
338 5824 545 5881 habent
570 5821 1021 5893 παρακέκλημαι.

1966 5602 2077 5670 (58)
2135 5600 2406 5670 Κέχρικα.
2460 5597 2693 5668 Recepta
2729 5595 2887 5651 lectio
2938 5602 3055 5656 est,
3109 5590 3454 5646 ἐϐασίλευσα.

1897 5672 1999 5726 Alii
2035 5673 2219 5743 legunt
2258 5671 2509 5743 Ἔχρισα.

1970 5734 2191 5814 (ἲ›9)’Τῇ
2218 5734 2417 5812 φύσίέι.
2452 5739 2582 5795 Cod.
2614 5747 2669 5793 et
2691 5738 2805 5793 Pic.
2843 5736 2923 5790 ἔτι
2962 5734 3138 5803 φύσει.
