3964 6548
556 334 665 402 155
1535 341 2025 404 THEODORETI
2066 345 2407 407 EPISCOPI
2467 348 2835 421 CYRENSIS

553 453 716 507 nibus
755 451 893 508 cibis
927 466 1070 524 quos
1115 453 1437 521 comeditis,
1486 463 1543 511 et
1584 459 1936 515 coacervabis
1985 462 2128 531 apud

2232 462 2337 518 τῶν
2371 462 2676 535 βρωμάτων
2724 458 2801 520 ὦν
2830 466 3036 534 ἔδεσθε,
3072 468 3166 525 καὶ
3198 470 3465 537 ’συνάξεις
3505 474 3641 546 πρὸς
3684 477 3855 529 ἐαυ-

552 547 829 616 teipsum:
879 555 934 601 et
975 555 1137 601 erunt
1181 547 1278 602 tibi
1325 556 1379 602 et
1424 548 1531 604 illis
1569 551 1686 606 esui
1714 563 1761 606 ι.
1793 571 1813 604 ο
1862 551 1970 624 65
2016 552 2131 611 Hoc

2232 555 2340 620 τὸν,
2378 556 2470 610 καὶ
2502 556 2653 610 ἔσται
2691 558 2774 611 σοὶ
2804 560 2897 612 καὶ
2942 560 3171 624 ἐκείνοις
3209 565 3423 630 φαγεῖν.
3476 582 3494 616 ι
3532 563 3711 618 Ταυτὺ
3752 565 3851 619 δὲ

552 648 731 692 autem
773 638 948 707 ipsum
990 639 1155 692 etiam
1199 639 1507 695 hominibus
1545 642 1704 697 edere
1757 644 1874 714 lege
1925 662 2127 716 praece-

2232 650 2325 704 καὶ
2365 652 2478 714 τοῖς
2519 650 2832 721 ἀνθρώποις
2876 652 3075 707 ἐσθίειν
3113 656 3538 727 ἐνομοθέτησεν⁹
3588 675 3608 709 ι
3669 658 3847 712 Ἰδοὺ

551 734 665 801 pit:
706 751 723 782 ι
756 730 893 786 Ecce
921 732 1063 785 enim
1102 731 1223 785 dedi
1250 732 1406 788 vobis
1435 749 1650 790 omnem
1694 736 1916 792 herbam
1960 740 2127 794 semi-

2232 743 2358 813 γὰρ,
2408 744 2565 815 φησὶ,
2618 745 2828 799 δέδωκα
2879 747 3009 816 ὑμῖν
3058 749 3239 802 πάντα
3290 750 3481 819 χόρτον
3533 752 3844 822 σπόριμον

550 826 766 890 nalem,
798 826 1078 880 seminans
1119 842 1339 890 semen,
1390 827 1535 896 quod
1584 837 1669 883 est
1712 846 1874 900 super
1910 833 2129 887 univer-

550 931 665 968 sam
696 925 917 977 terram,
953 925 1007 969 et
1038 932 1198 971 omne
1230 916 1434 987 lignum
1467 918 1671 974 habens
1703 921 1753 974 in
1793 938 1851 976 se
1884 922 2125 979 fructum

550 1003 778 1057 seminis
811 1004 1128 1058 seminalem
1159 1007 1262 1058 erit
1291 1005 1444 1059 vobis
1480 1006 1531 1059 in
1563 1006 1743 1062 cibum
1776 1019 1825 1064 et
1857 1012 2126 1069 universis

550 1097 740 1151 bestiis
765 1109 955 1161 terrae,
987 1106 1041 1151 et
1070 1098 1324 1152 omnibus
1354 1098 1666 1156 volatilibus
1697 1103 1819 1157 coeli
1843 1144 1857 1167 ,
1908 1114 1962 1159 et
2006 1105 2128 1159 uni-

552 1204 711 1243 verso
744 1190 919 1259 reptili
951 1190 1158 1259 repenti
1193 1207 1357 1260 super
1388 1202 1620 1259 terram,
1662 1196 1807 1265 quod
1847 1197 1901 1249 in
1937 1213 1996 1253 se
2027 1199 2124 1252 ha-

550 1282 641 1335 bet
679 1282 913 1335 animam
944 1282 1067 1336 vitae
1099 1300 1111 1336 :
1147 1292 1201 1337 ct
1229 1300 1444 1339 omnem
1477 1287 1703 1341 herbam
1733 1288 1961 1344 viridem
2001 1292 2125 1347 dedi

546 1370 705 1425 vobis
738 1370 791 1423 in
823 1363 1003 1425 escam
1037 1371 1084 1425 ιι,
1128 1390 1146 1423 ι
1183 1371 1258 1425 lta
1294 1381 1351 1426 ut
1390 1374 1738 1430 manifestum
1770 1378 1861 1443 sit,
1898 1380 2040 1449 quod
2072 1388 2127 1436 et

548 1462 799 1515 homines
833 1470 889 1516 et
920 1463 1176 1517 animalia
1211 1466 1280 1518 ab
1317 1481 1411 1521 esu
1446 1469 1690 1523 carnium
1733 1469 2119 1526 abstinebant:

548 1568 647 1621 pro
689 1552 949 1607 alimento
980 1570 1155 1620 vero,
1199 1556 1469 1613 fructibus
1525 1574 1554 1613 c
1594 1568 1739 1614 terra
1777 1563 2125 1619 nascentibus

550 1644 859 1699 utebantur.
893 1645 1030 1700 Illud
1051 1650 1066 1669 ⁴
1091 1657 1295 1712 autem,
1318 1667 1335 1699 ι
1359 1650 1636 1707 seminans
1663 1668 1871 1721 semen,
1892 1673 1909 1706 ι
1928 1654 2122 1725 Aquila

550 1735 937 1805 interpretatus
966 1746 1075 1802 est,
1126 1759 1143 1789 ι
1178 1739 1485 1808 producens
1524 1758 1729 1798 semen.
1762 1763 1780 1795 ι

1111 1849 1390 1908 INTERR.
1446 1853 1556 1909 LII.

550 1961 822 2026 Quomodo
848 1964 1241 2034 intelligendum
1279 1978 1357 2023 est
1399 1971 1533 2024 illud
1565 1988 1583 2025 :
1629 1989 1647 2023 ι
1697 1971 1766 2025 Et
1813 1976 2122 2030 recordatus

1027 2047 1104 2089 est
1144 2038 1399 2093 Dominus
1441 2041 1594 2098 Noe?
1628 2062 1646 2094 ι

616 2122 895 2195 Scriptura
922 2128 1104 2183 divina
1132 2130 1393 2200 loquitur,
1420 2142 1585 2203 prout
1610 2136 1927 2193 hominibus
1957 2156 2123 2210 expe-

544 2218 653 2281 dit,
687 2231 739 2273 ct
768 2236 867 2290 pro
896 2232 1058 2291 captu
1100 2225 1413 2280 auditorum
1447 2228 1627 2282 varias
1662 2228 1823 2284 habet
1863 2232 2123 2302 loquendi

545 2309 770 2367 formas.
815 2312 1285 2378 Quemadmodum
1336 2332 1466 2387 ergo
1538 2319 1859 2387 poenitentia
1907 2323 1958 2375 in
2013 2323 2123 2378 Deo

543 2410 627 2456 cst
654 2402 1145 2458 administrationis
1175 2404 1475 2460 adversitas
1502 2424 1514 2460 :
1552 2424 1571 2457 ι
1610 2408 1841 2463 Paenitet
1865 2410 2009 2464 enim
2037 2425 2125 2465 me

544 2493 689 2562 quod
722 2495 971 2549 unxerim
1010 2494 1140 2550 Sanl
1171 2497 1223 2550 in
1254 2512 1437 2570 regem
1461 2503 1509 2565 ⁸,
1546 2519 1565 2551 ι
1604 2516 1703 2570 pro
1732 2516 1798 2557 eo
1826 2504 1970 2572 quod
2004 2511 2084 2558 est
2105 2545 2121 2570 ,

540 2588 759 2643 decrevi
805 2589 971 2644 alium
1016 2590 1069 2645 in
1117 2592 1235 2661 ejus
1276 2592 1457 2647 locum
1504 2597 1837 2652 constituere
1877 2615 1891 2651 :
1938 2596 2020 2652 sic
2071 2606 2125 2653 et

542 2680 630 2736 hic
682 2699 695 2735 :
747 2701 765 2732 ι
798 2682 1032 2739 Paenitet
1072 2700 1159 2738 me
1207 2685 1353 2754 quod
1402 2685 1501 2741 feci
1550 2687 1913 2754 hominemm,
1952 2708 1971 2740 ι
2023 2705 2123 2759 pro

540 2789 608 2828 eo
660 2774 807 2845 quod
867 2786 986 2842 est,
1044 2779 1209 2832 statui
1266 2778 1582 2835 hominibus
1622 2780 1821 2836 inferre
1869 2782 2118 2838 exitium.

539 2865 653 2922 Hoc
684 2867 880 2937 igitur:
924 2888 945 2921 ι
970 2869 1307 2927 Recordatus
1336 2883 1418 2928 est
1446 2872 1707 2930 Dominus
1737 2873 1852 2931 Noe
1868 2883 1916 2941 η,
1955 2895 1974 2928 ι
2012 2893 2122 2933 non

538 2960 775 3028 priorem
807 2960 977 3017 fuisse
1000 2963 1327 3018 oblivionem
1361 2965 1641 3036 designat,
1685 2967 1778 3022 sed
1822 2970 2120 3024 maximam

541 3051 714 3123 ipsius
766 3052 1158 3108 humanitatem
1201 3056 1423 3109 denotat
1453 3072 1479 3127 ξε
1533 3056 1679 3126 quod
1728 3073 1947 3113 summo
1996 3075 2123 3132 erga

2153 1812 2202 1872 Β

2230 838 2452 907 σπεῖρον
2488 838 2707 909 σπέρμα
2738 838 2766 891 ὅ
2793 840 3151 894 ἐστιν.ὲπάνω
3192 842 3370 912 πάσης
3406 842 3506 912 τῆς
3539 845 3673 914 γῆς·
3710 845 3831 897 καὶ

2230 930 2336 981 πᾶν
2369 928 2545 995 ξύλον,
2576 930 2605 982 ὂ
2640 930 2754 1001 ἔχει
2787 932 2845 983 ὲν
2878 932 3055 1002 ἑαυτῷ
3085 932 3297 1002 καρπὸν
3325 934 3637 1003 σπέρματος
3669 937 3835 989 σπό-

2232 1038 2409 1092 ριμον,
2441 1023 2572 1093 ὑμῖν
2598 1022 2750 1077 ἔσται
2780 1025 2860 1087 είς
2891 1024 3114 1096 βρῶσιν,
3140 1025 3235 1078 καὶ
3270 1027 3404 1079 πᾶσι
3430 1029 3544 1089 τοῖς
3586 1028 3831 1095 θηρίοις

2225 1110 2328 1180 τῆς
2352 1111 2475 1181 γῆς,
2507 1112 2601 1165 καὶ
2632 1113 2765 1165 πᾶσι
2813 1114 2925 1175 τοῖς
2968 1115 3236 1175 πετεινοῖς
3268 1112 3361 1165 τοῦ
3410 1112 3667 1182 οὐρανοῦ,
3707 1112 3824 1165 καὶ

2228 1200 2443 1272 ἑρπετῷ
2466 1201 2687 1272 ἕρποντι
2715 1202 2807 1254 ἐπὶ
2830 1203 2930 1272 τῆς
2958 1203 3081 1271 γῆς,
3109 1203 3136 1257 ὃ
3168 1203 3279 1273 ἔχει
3322 1205 3379 1256 ὲν
3423 1202 3599 1272 ἑαυτῷ
3625 1202 3825 1273 ψυχὴν

2226 1293 2391 1365 ζωῆς,
2421 1296 2515 1347 καὶ
2544 1296 2717 1348 πάντα
2747 1296 2937 1366 χόρτον
2967 1294 3173 1365 χλωρὸν
3195 1298 3273 1358 εἰς
3305 1294 3526 1364 βρῶσιν.
3554 1314 3572 1345 ι
3611 1294 3701 1357 Ὠς
3732 1290 3827 1346 εἶ-

2225 1408 2315 1443 ναι
2335 1388 2511 1462 δῆλον,
2526 1391 2606 1443 ὅτι
2637 1391 2729 1443 καὶ
2749 1392 2797 1443 οἱ
2820 1390 3093 1460 ἄνθρωποι
3110 1389 3205 1443 καλ⁹
3221 1389 3287 1442 τὰ
3310 1389 3427 1452 ζῶα
3451 1388 3819 1459 κρεωφαγίας

2225 1482 2530 1552 ἀπείχοντο,
2560 1483 2764 1551 τροφὴν
2791 1482 2848 1535 δὲ
2873 1479 3017 1552 εἶχον
3044 1482 3169 1545 τοὺς
3211 1481 3319 1535 ἀπὸ
3364 1481 3467 1549 γῆς
3498 1480 3818 1549 φυομένους

2226 1575 2490 1645 καρπούς.
2514 1576 2588 1628 Τὸ
2606 1576 2662 1628 δὲ
2680 1595 2695 1624 ‹
2711 1577 2930 1645 σπεῖρον
2955 1574 3195 1644 σπέρμα,
3212 1593 3228 1625 ι
3258 1575 3619 1643 ισπερμαῖνον
3637 1570 3817 1641 σπέρ-

2229 1683 2305 1735 μα
2336 1664 2477 1738 (60)»
2514 1666 2543 1717 ὁ
2592 1665 2819 1728 ’Λκύλας
2847 1666 3207 1735 ἡρμήνευσεν.

2823 1860 3022 1917 ΕΡΩΤ.
3066 1861 3196 1915 NB’.

2226 1979 2358 2047 Πῶς
2389 1975 2640 2046 νοητέον
2666 1978 2754 2043 τὸ,
2790 1996 2809 2030 ι
2862 1977 3161 2047 Ἐμνήσθη
3192 1978 3407 2046 Κύριος
3428 1975 3535 2029 τοῦ
3561 1972 3695 2027 Νῶε
3720 1989 3745 2039 ;
3788 1989 3811 2025 ι

2298 2137 2630 2207 Προσφόρως
2674 2135 2786 2197 τοῖς
2819 2132 3128 2204 ἀνθρώποις
3173 2133 3206 2203 ή
3241 2130 3357 2184 θεία
3390 2130 3579 2201 Γραφὴ
3628 2124 3821 2181 διαλέο

2224 2246 2379 2298 γεται
2398 2246 2413 2262 ·
2439 2231 2532 2283 καὶ
2551 2228 2626 2290 ὡς
2653 2226 2875 2280 ἀκούειν
2900 2224 3155 2278 δύνανται
3189 2219 3655 2295 μετασχηματίξει
3677 2218 3819 2282 τοὺς

2224 2322 2435 2391 λόγους.
2467 2321 2679 2389 Ὥσπερ
2718 2317 2901 2371 τοίνυν
2940 2317 3033 2369 ἐπὶ
3061 2314 3197 2368 Θεοῦ
3228 2315 3263 2384 ὴ
3294 2311 3628 2384 μεταμέλεια
3660 2312 3820 2363 οἰκο-

2223 2412 2416 2483 νομίας
2450 2409 2568 2463 ἐστὶ
2588 2408 2821 2480 διαφορά
2851 2423 2865 2438 ο
2899 2425 2918 2458 ι
2951 2404 3428 2476 Μεταμεμέλημαι
3456 2400 3564 2473 γὰρ
3594 2401 3679 2454 ὅτι
3717 2398 3821 2452 κέ·-

2222 2522 2389 2578 χρικα
2415 2504 2506 2557 τὸν
2529 2503 2701 2557 Σαοὺλ
2730 2502 2811 2565 είς
2836 2500 3081 2571 βασιλέα,
3108 2518 3126 2551 ι
3160 2498 3284 2551 ἀντὶ
3310 2495 3429 2562 τοῦ,
3470 2494 3819 2562 Ἐδοκίματα

2223 2597 2381 2652 ἄλλον
2424 2597 2539 2650 ἀντ’
2586 2593 2751 2647 αὑτοῦ
2786 2592 3157 2662 καταστῆσαιο
3206 2588 3349 2643 οὕτω
3425 2586 3517 2643 καὶ
3566 2583 3820 2641 ἐνταῦθα

2223 2684 2463 2757 νοητέον,
2486 2702 2505 2735 ι
2550 2682 2920 2753 Ἐνεθυμήθην
2940 2682 3022 2734 ὅτι
3052 2679 3285 2750 ἐποίησα
3309 2678 3401 2731 τὸν
3439 2676 3751 2747 ἄνθρωπον,
3788 2695 3808 2726 ι

2224 2780 2344 2832 ἀντὶ
2370 2777 2487 2842 τοῦ,
2536 2777 2866 2848 Ἐδοκίμασα
2912 2776 2993 2838 εἰς
3033 2774 3231 2836 αὐτοὺς
3292 2770 3667 2839 πανωλεθρίαν
3712 2770 3817 2820 ἐπ-

2225 2875 2473 2942 αγαγεῖν.
2507 2872 2619 2925 Καὶ
2656 2870 2816 2925 τοῦτο
2836 2869 3015 2923 τοίνυν
3044 2868 3153 2931 τὸ,‹
3194 2864 3472 2936 Ἐμνήσθη
3494 2865 3522 2916 ὁ
3546 2862 3682 2924 Θεὸς
3708 2861 3814 2914 τοῦ

2224 2963 2401 3027 Nilus,»
2421 2962 2481 3015 οὐ
2509 2961 2780 3033 προτέραν
2811 2959 2982 3030 λήθην
2999 2957 3315 3019 αἰνίττεται,
3338 2953 3472 3008 ἀλλὰ
3498 2952 3597 3023 τήν
3626 2952 3819 3022 ἆρρη-

2223 3075 2315 3110 τον
2356 3055 2522 3111 αὑτοῦ
2566 3052 2977 3125 φιλανθρωπίαν
3024 3050 3206 3121 δηλοῖο
3254 3049 3335 3101 ὅτι
3388 3045 3477 3100 διὰ
3526 3045 3624 3116 τὴν
3676 3047 3816 3115 περὶ

539 3159 665 3199 eum
717 3159 904 3199 amore
938 3144 1167 3214 jusserit
1203 3147 1472 3202 inﬁnitam
1508 3149 1655 3204 illam
1706 3160 1761 3205 et
1800 3152 2121 3207 immensam

2232 3150 2432 3201 ἐκεῖνον
2475 3143 2855 3215 φιλοστοργίαν
2896 3140 3227 3211 προσέταξεν
3262 3138 3339 3202 ὼς
3376 3138 3604 3208 τάχιστα
3630 3154 3815 3191 κατα-

541 3237 754 3307 capiam
810 3251 1074 3307 aquarum
1134 3254 1297 3309 quam
1361 3241 1625 3297 citissime
1675 3243 1785 3314 66
1822 3245 2122 3299 exhauriri.

542 3326 719 3398 Atque
766 3336 826 3381 ut
875 3328 1155 3385 immensae
1206 3346 1321 3385 suae
1372 3332 1631 3389 bonitatis
1674 3335 2123 3404 signiﬁcationem

543 3421 844 3492 prmberet,
893 3421 1148 3476 addidit:
1214 3441 1233 3473 ι
1270 3423 1425 3489 Quod
1480 3426 1647 3479 etiam
1699 3428 2015 3482 recordatus
2055 3430 2128 3484 sit

544 3514 791 3567 omnium
840 3530 1097 3584 pecorum
1158 3526 1211 3570 et
1264 3517 1648 3573 universorum
1706 3521 2008 3574 volatilium
2073 3534 2126 3577 et

546 3607 848 3676 reptilinm,
878 3625 999 3677 quae
1035 3618 1191 3663 erant
1234 3625 1360 3664 cum
1406 3611 1500 3665 illo
1542 3613 1595 3666 in
1640 3628 1766 3668 arca
1803 3615 1844 3667 °.
1880 3634 1895 3664 ι
1932 3612 2124 3668 Nostra

545 3709 920 3756 autern‘causa
948 3703 1108 3756 etiam
1139 3703 1223 3757 bis
1247 3705 1534 3759 consulere
1556 3706 1807 3777 dignatus
1830 3718 1948 3763 est:
1982 3711 2125 3778 quod

543 3803 600 3849 et
628 3810 860 3865 magnus
888 3795 980 3850 ille
1008 3794 1177 3849 David
1207 3796 1408 3850 clamat
1434 3814 1446 3850 :
1485 3817 1501 3847 ι
1529 3796 1632 3863 Qui
1663 3799 1914 3867 producit
1940 3799 2124 3853 fenum

540 3887 833 3957 jumentis,
893 3896 947 3942 et
994 3888 1217 3942 herbam
1274 3890 1522 3945 servituti
1584 3891 1867 3945 hominum
1910 3904 1956 3945 ι).
1991 3912 2009 3944 ι
2063 3893 2128 3948 Ει

546 3977 740 4030 iterum
766 3992 780 4028 ι
812 3994 831 4027 ι
855 3976 1114 4030 Homines
1136 3986 1190 4030 et
1212 3976 1462 4045 jumenta
1490 3978 1747 4045 salvabis,
1783 3980 2009 4036 Domine
2032 3992 2080 4034 τι.
2103 4001 2121 4033 ι

546 4069 771 4141 Propter
801 4087 901 4127 nos
930 4071 1074 4127 enim
1105 4072 1272 4126 etiam
1302 4080 1490 4128 nostra
1523 4082 1700 4128 curat.

1104 4187 1385 4245 INTERR.
1422 4188 1555 4243 Llil.

645 4303 788 4369 Quid
820 4314 895 4358 est
926 4319 945 4357 :
981 4322 1000 4354 ι
1038 4297 1227 4363 Olfecit
1250 4302 1390 4357 Deus
1418 4304 1629 4356 odorem
1651 4303 1978 4357 suavitatis?
2002 4322 2019 4353 ι

612 4454 867 4525 Suscepit
908 4454 1079 4524 ipsius
1103 4452 1218 4509 Noe
1259 4457 1748 4525 promptitudinem
1783 4461 1987 4524 animi,
2019 4476 2123 4515 non

2230 3242 2461 3310 ποθῆναι
2511 3240 2571 3291 τὸ
2625 3238 2852 3307 ἄπειρον
2903 3237 3079 3287 ἐκεῖνο
3126 3235 3220 3286 καὶ
3275 3231 3579 3302 ἀμέτρητον
3634 3229 3811 3299 ὕδωρ.

2229 3334 2404 3405 Δήλην
2460 3332 2515 3384 δὲ
2570 3328 2736 3383 αὑτοῦ
2777 3325 2946 3381 ποιῶν
2994 3326 3094 3393 τὴν
3141 3324 3418 3394 ἄφραστον
3464 3320 3812 3389 ἀγαθότητα,

2231 3425 2598 3497 προσέθηκεν,
2645 3422 2727 3474 ὅτι
2776 3440 2795 3471 ι
2849 3418 2961 3472 Καὶ
3010 3418 3226 3470 πάντων
3268 3413 3377 3467 τῶν
3425 3411 3658 3482 κτηνῶν,
3712 3412 3815 3463 καὶ

2229 3518 2449 3571 πάντων
2468 3515 2574 3569 τῶν
2599 3511 2879 3576 πετεινῶν,
2904 3511 3000 3564 καὶ
3030 3509 3247 3562 πάντων
3272 3506 3382 3559 τῶν
3412 3503 3677 3575 ἑρπετῶν,
3706 3504 3817 3556 ὅσα

2228 3607 2298 3683 ἦν
2329 3609 2442 3680 μετ’
2472 3606 2637 3661 αὑτοῦ
2670 3610 2726 3660 ὲν
2756 3608 2822 3676 τῇ
2854 3602 3091 3673 κιϐωτῷ.
3129 3621 3147 3653 ι
3196 3600 3387 3670 Ἦμῶν
3416 3599 3472 3651 δὲ
3515 3598 3673 3668 χάριν
3713 3598 3814 3647 καὶ

2228 3703 2399 3757 ταῦτα
2435 3699 2777 3772 προμηθείας
2808 3696 3061 3767 ἠξίωσεν.
3095 3692 3267 3747 Τοῦτο
3298 3692 3405 3761 γὰρ
3436 3690 3530 3743 καὶ
3564 3691 3591 3742 ὁ
3633 3688 3815 3757 μέγας

2228 3796 2391 3850 Δαϐὶδ
2431 3794 2561 3865 βοᾷ’
2612 3810 2630 3843 ι
2679 3791 2737 3844 Ὀ
2780 3786 3146 3856 ὲξανατέλλων
3189 3786 3380 3856 χόρτον
3411 3785 3524 3845 τοῖς
3555 3781 3813 3850 κτήνεσι,

2230 3890 2323 3944 καὶ
2354 3887 2517 3958 χλόην
2544 3887 2610 3956 τῇ
2645 3882 2858 3954 δουλείᾳ
2889 3881 2997 3935 τῶν
3037 3877 3362 3950 ἀνθρώπων.
3412 3894 3430 3927 ›
3463 3874 3574 3927 Καὶ
3603 3872 3771 3925 πάλιν
3794 3889 3809 3902 ·

2235 4000 2254 4033 ι
2288 3978 2636 4051 Ἀνθρὼπους
2670 3977 2764 4030 καὶ
2796 3975 2973 4045 κτήνη
3004 3971 3220 4033 σώσεις,
3244 3968 3418 4041 Κύριε
3435 3969 3500 4021 ⁵³.
3522 3966 3633 4019 »Δι’
3656 3965 3815 4035 ἡμᾶς

2228 4074 2338 4147 γὰρ
2367 4073 2462 4127 καὶ
2488 4072 2597 4126 τῶν
2627 4069 2915 4141 ἡμετέρων
2952 4064 3313 4134 ἐπιμελεῖται.

2781 4182 2976 4235 ΕΡΩΤ.
3020 4181 3143 4233 NI".

2235 4300 2296 4355 Τί
2334 4300 2539 4361 ἐστιν,
2588 4315 2605 4348 ι
2671 4294 3011 4418 Ὠσφράνὲὶῃ
3088 4292 3302 4359 Κύριος
3346 4290 3391 4322 ⁸³
3464 4286 3665 4357 ὀσμὴν
3710 4288 3811 4340 εὑ-

2889 4384 2932 4418 ω
2974 4380 3110 4418 tac:
3146 4382 3164 4415 ι

2889 4380 3067 4430 ωοιας
3092 4380 3110 4427 ;
3146 4382 3164 4415 ι

2312 4461 2636 4527 ’Υπεδέξατο
2674 4458 2768 4512 τοῦ
2812 4457 2938 4511 Νῶε
2977 4458 3039 4510 τὸ
3068 4455 3370 4525 εὔγνωμον,
3401 4452 3462 4506 οὐ
3493 4454 3557 4521 τῇ
3608 4448 3813 4521 κνίσσῃ

546 4544 763 4613 quidem
820 4544 937 4601 hoc'
970 4545 1161 4602 nidore
1198 4547 1493 4603 delectatus
1520 4590 1534 4615 ,
1597 4549 1732 4603 nihil
1777 4551 1923 4606 enim
1975 4551 2128 4622 pejus

2232 4553 2513 4624 τερφθείς·
2556 4551 2728 4604 ὀστῶν
2777 4550 2887 4622 γὰρ
2933 4548 3240 4620 καιομένων
3281 4545 3432 4601 οὐδὲν
3477 4542 3810 4598 δυσωδέστε-

547 4638 684 4703 olet,
711 4655 874 4709 quam
901 4654 1025 4694 ossa
1048 4650 1273 4708 exusta,
1314 4643 1408 4696 sed
1435 4642 1712 4698 olIerentis
1738 4644 1981 4697 animum
2016 4645 2132 4699 lau-

2235 4664 2326 4719 ρον
2348 4664 2361 4677 ·
2413 4645 2551 4699 ἀλλὰ
2595 4644 2692 4716 τὴν
2726 4642 2819 4697 τοῦ
2852 4640 3311 4714 προσενηνοχότος
3342 4637 3636 4698 ἐπαινέσας
3665 4633 3809 4702 γνὼ-

546 4731 701 4784 dans.
746 4729 864 4784 Non
910 4731 1054 4785 enim
1095 4740 1277 4801 partes
1318 4748 1613 4803 corporeas
1660 4735 1823 4788 habet
1870 4734 2037 4801 Deus,
2071 4747 2131 4791 ut

2236 4758 2361 4810 μην.
2404 4739 2476 4792 Οὐ
2513 4739 2621 4808 γὰρ
2661 4734 2947 4808 σωματικὰ
2993 4734 3105 4805 ἔχει
3144 4734 3327 4804 μόρια,
3379 4731 3468 4785 ἵνα
3516 4728 3609 4781 καὶ
3652 4728 3809 4798 ῥῖνας

548 4827 623 4881 illi
650 4843 808 4898 pares
836 4829 1001 4884 etiam
1041 4830 1282 4886 tribuere
1321 4833 1618 4900 possimus.
1656 4831 1791 4886 Nam
1836 4849 1929 4902 per
1967 4850 2128 4890 nares

620 4992 807 5048 lGen.
878 5010 951 5057 Vl,
1011 4995 1100 5048 21.
1205 4996 1229 5034 ιι
1263 4994 1398 5050 Gen.
1432 5011 1484 5057 ι,
1538 4994 1628 5061 29,
1674 4996 1763 5051 50.

548 5074 576 5114 ιι
607 5064 749 5119 Psal.
787 5080 902 5131 cut,
941 5066 1028 5119 14.
1100 5076 1129 5115 q
1166 5065 1308 5121 Psal.
1345 5081 1508 5129 xxxv,
1539 5066 1590 5118 7.

1876 4996 1893 5034 1
1930 4994 1946 5049 1
1985 4994 2115 5067 Reg.
2169 5013 2258 5061 xv,
2287 4996 2374 5052 11.
2454 5007 2489 5029 ⁸³
2524 4995 2658 5052 Gen.
2691 5009 2767 5061 Vt,
2800 4994 2852 5048 7.

2230 4833 2377 4904 αὐτῷ
2412 4831 2722 4904 περιθῶμεν
2742 4845 2755 4860 ο
2790 4829 2879 4883 διὰ
2907 4828 3069 4900 ῥινῶν
3096 4827 3205 4897 γὰρ
3234 4828 3268 4897 ἡ
3296 4826 3580 4896 ὄσφρησις.
3624 4818 3807 4889 Ἀμεί-

2962 5000 2989 5028 ¹³
3021 4990 3158 5047 Gen.
3188 5004 3305 5053 vni,
3336 4988 3387 5042 1.
3500 4995 3522 5016 ⁸
3557 4980 3691 5038 ibid.
3749 4981 3804 5034 1.

1396 5157 1629 5214 VARUE
1684 5155 2066 5212 LECTIONES
2110 5154 2202 5210 EX
2239 5155 2519 5213 CATENA
2564 5150 2918 5211 LIPSIENSI.

621 5281 665 5312 ⁶¹
688 5279 787 5333 Cat.
848 5296 902 5347 p.
938 5279 1058 5345 143,
1097 5288 1219 5349 post
1257 5276 1431 5349 Κύριε
1469 5276 1717 5347 sequitur
1741 5276 1816 5339 ὡς
1842 5274 2143 5346 ἐπλήθυνας

2232 5274 2253 5327 '9
2285 5273 2433 5339 ἔλεός
2476 5292 2569 5327 σου
2608 5272 2694 5343 ἐφ’
2724 5271 2921 5342 ἡμᾶς.»
2993 5269 3039 5301 ⁸³
3068 5268 3187 5324 Cat.
3216 5283 3267 5338 p.
3314 5267 3438 5322 155.
3474 5267 3653 5341 ὼσφρ.
3689 5267 3808 5323 Κύ-

555 5368 668 5423 ριος
698 5353 726 5404 ὁ
757 5350 909 5414 Θεός.

2044 5435 2180 5493 ΝΟΤ
2186 5435 2273 5491 1E.

634 5557 741 5625 (60)
772 5556 1144 5623 Σπερμαῖνον
1173 5556 1430 5624 σπέρμα.
1460 5555 1596 5610 Cod.
1633 5553 1942 5625 σπαρμένον
1967 5550 2126 5625 σπέρ-

564 5622 661 5698 μα.
688 5625 866 5687 Piens,
892 5622 1238 5698 ἐσπαρμένον
1269 5622 1511 5697 σπέρμα,
1544 5636 1598 5680 et
1623 5626 1705 5678 sic
1742 5622 1959 5698 thOtLttc
1986 5622 2124 5698 Dru-

563 5692 697 5759 Sius,
728 5698 762 5750 l.
792 5714 840 5751 c.
882 5713 935 5766 ι».
981 5692 1207 5761 Μῆτιηο
1235 5692 1447 5767 Aquila:
1480 5692 1779 5749 versionem
1803 5692 2123 5767 eﬂ'l'beodg~

563 5777 681 5822 reto
702 5764 897 5823 nostro
918 5769 1161 5836 protulit.
1194 5764 1315 5838 qui'
1341 5778 1519 5822 tamen
1556 5767 1610 5819 in
1635 5765 1909 5819 Addcndis
1949 5780 2001 5831 p.
2030 5764 2117 5838 81’},

557 5852 840 5911 perperam
908 5833 1526 5895 Substituit-lectionem
1558 5848 1867 5905 corruptam
1906 5833 2121 5902 σπειρόο

2238 5566 2359 5621 μεν.
2392 5549 2543 5621 llaud
2589 5547 2723 5601 satis
2769 5553 3196 5621 constat,_q_ua3_
3223 5544 3327 5598 hoc
3389 5542 3512 5621 loco
3566 5540 3806 5621 psit-verna

2233 5608 2891 5691 Aquiheintcrpretatjo.
2918 5614 3028 5691 Pici
3055 5608 3361 5691 "lectionem
3418 5611 3578 5691 habet
3610 5608 3801 5691 Monii.

2232 5693 2267 5744 1.
2298 5678 2351 5745 ὶι,
2371 5688 2534 5758 p.15,
2569 5678 2658 5741 sed
2684 5705 2734 5756 p.
2766 5686 2853 5758 12,
2882 5688 2934 5740 in
2961 5688 3088 5758 ipso
3112 5693 3260 5758 textu
3279 5683 3466 5738 Graeco
3509 5681 3666 5750 longe
3694 5678 3805 5733 alia

2231 5773 2312 5818 est
2338 5756 2538 5825 versio,
2579 5775 2739 5828 quam
2774 5757 2981 5826 Aquila:
3006 5756 3214 5811 tribuit.
