3964 6546
235 408 338 472 157

1264 402 1548 472 QUIEST.
1567 400 1648 461 IN
1680 398 2122 459 GENES.CAP.
2154 396 2295 460 VIII
2353 370 2481 454 ιΧῂ

3267 357 3274 364 ’
3377 383 3478 449 153

233 524 385 577 δεται
410 517 508 575 οὖν
535 521 704 577 αὐτὸν
734 525 800 592 τῇ
829 521 1077 591 εὐλογίᾳ’
1111 517 1205 573 καὶ
1237 517 1422 586 ἐπειδὴ
1456 514 1677 585 σπέρμα
1709 511 1805 565 τοῦ

1917 512 1964 566 fit
1997 510 2247 567 olfactus.
2282 507 2612 562 Remunerat
2651 503 2814 569 igitur
2857 503 3006 556 illum
3056 481 3472 557 benedictione:

233 613 417 680 γένους
441 606 536 680 ἦν,
563 612 662 664 καὶ
687 611 815 682 ῥίζα
838 612 939 681 τῆς
959 611 1191 680 φύσεως,
1216 607 1308 663 καὶ
1331 605 1580 674 δεύτερος
1614 603 1803 672 Ἀδὰμ,

231 700 442 754 δίδωσιν
481 700 636 772 αὐτῷ
678 702 778 772 τὴν
809 700 1077 769 εὐλογίαν,
1128 694 1199 770 ἧς
1247 699 1453 758 ἐκεῖνος
1502 693 1662 756 εὐθὺς
1692 694 1808 746 δια-

232 789 494 852 πλασθεὶς
519 790 920 845 ἀπολελαύκει·
965 810 982 842 ι
1040 790 1369 856 Αύξάνεσθε,
1404 788 1499 841 καὶ
1545 785 1810 856 πληθύνε⁸

235 880 352 944 σθε,
381 881 477 932 καὶ
509 880 844 952 πληρώσατε
885 881 984 952 τὴν
1025 881 1149 950 γῆν,
1203 881 1299 932 καὶ
1342 875 1808 947 κατακυριεύσατε

234 972 399 1040 αὐτῆς
427 970 473 1000 ⁸⁸
497 986 510 999 ·
535 974 637 1024 καὶ
659 974 687 1025 ὁ
713 972 877 1040 φόϐος
904 973 933 1024 ὑ
942 971 1056 1040 μῶν
1077 971 1170 1024 καὶ
1201 972 1229 1024 ό
1252 968 1454 1040 τρόμος
1482 967 1634 1038 ὑμῶν
1658 965 1808 1019 ἔσται

234 1059 325 1113 ἐπὶ
353 1061 488 1113 πᾶσι
533 1063 652 1124 τοῖς
683 1061 892 1133 θηρίοις
922 1061 1022 1130 τῆς
1045 1060 1171 1130 γῆς,
1201 1059 1296 1112 καὶ
1327 1058 1372 1089 ⁸³
1402 1057 1496 1110 ἐπὶ
1519 1056 1698 1110 πάντα
1740 1055 1809 1107 τά

236 1153 453 1206 aestv-:1
499 1152 598 1206 τοῦ
635 1152 888 1224 οὐρανοῦ,
919 1155 1015 1206 καὶ
1045 1153 1138 1205 ἐπὶ
1175 1151 1353 1204 πάντα
1399 1149 1470 1202 τά
1517 1145 1810 1215 κινούμενα

235 1244 324 1298 ἐπὶ
347 1245 447 1313 τῆς
475 1245 606 1313 γῆς,
634 1247 730 1297 καὶ
755 1245 846 1298 ἐπὶ
875 1243 1081 1307 πάντας
1102 1243 1228 1306 τοὺς
1257 1240 1447 1312 ἰχθύας
1473 1239 1573 1310 τῆς
1607 1236 1809 1291 θαλάσ·

236 1354 350 1407 σης,
381 1336 417 1390 ἃ
448 1337 562 1390 ὑπὸ
595 1340 752 1408 χεῖρα
779 1337 906 1408 ὑμῖν
932 1337 1156 1389 δέδωκα.
1199 1354 1218 1387 ι
1260 1332 1372 1387 Καὶ
1409 1333 1438 1385 ὁ
1464 1331 1622 1399 λόγος
1651 1329 1810 1398 ἔργον

235 1428 421 1496 γέγονε
444 1443 462 1459 ⁶
488 1427 636 1480 δέδιε
659 1428 766 1498 γάρ
795 1428 1007 1482 ἅπαντα
1033 1427 1126 1480 καὶ
1149 1424 1319 1495 αὐτὴν
1348 1423 1446 1494 τὴν
1472 1421 1566 1475 τοῦ
1602 1417 1811 1491 ἀνθρώ-

235 1535 334 1571 που
372 1519 562 1582 σκιὰν,
598 1519 694 1572 καὶ
726 1518 794 1570 τά
838 1517 1032 1590 νηκτὰ,
1079 1516 1172 1570 καὶ
1205 1515 1274 1570 τά
1319 1515 1570 1585 χερσαῖα,
1603 1512 1699 1565 καὶ
1743 1509 1810 1564 τὰ

237 1608 431 1680 πτηνά.
465 1605 604 1662 Εἶτα
632 1608 725 1662 τὸν
757 1609 884 1678 περὶ
912 1610 1012 1679 τῆς
1043 1605 1394 1680 κρεωφαγίας
1433 1601 1583 1674 αὐτῷ
1610 1603 1809 1656 δέδωκε

235 1700 416 1770 νόμον,
447 1700 531 1764 ὼς
569 1699 819 1770 λαχάνων
856 1699 965 1754 τῶν
991 1698 1168 1771 κρεῶν
1195 1694 1494 1751 ἀπολαύειν
1523 1692 1809 1756 κελεύσας.

835 1813 1028 1868 ΕΡΩΤ.
1067 1815 1170 1868 NA'
1191 1812 1258 1867 “.

240 1930 404 1995 Τίνος
444 1927 630 1999 χάριν
671 1929 1030 2066 ἀπεαπ-Ξειεὲῗρ
1196 1928 1454 2027 ⁵αἵματος·
1487 1926 1606 1996 τήν
1632 1925 1811 1996 perd—

879 2015 1030 2066 ηιμ-ιν
1068 2015 1212 2066 tm);

300 2089 653 2160 Σαφέστερον
696 2089 932 2155 ἐδίδαξεν
973 2091 1032 2141 ὲν
1071 2088 1148 2159 τῷ
1187 2090 1369 2161 νόμῳο
1408 2107 1427 2140 ι
1486 2090 1664 2159 Ὅπερ
1703 2089 1812 2160 γάρ

235 2184 348 2235 ἐστι
366 2222 383 2246 ,
415 2183 618 2253 φησιν,
665 2179 938 2253 ἀνθρώπῳ
965 2180 1111 2250 ψυχὴ
1133 2220 1148 2246 ,
1184 2180 1341 2236 τοῦτο
1367 2183 1480 2245 τοῖς
1510 2181 1728 2249 ἀλόγοις
1752 2181 1813 2234 τὸ

236 2270 392 2345 αἷμα.
439 2293 459 2326 ι
495 2274 635 2345 Δίχα
663 2273 843 2327 τοίνυν
893 2273 986 2326 τοῦ
1025 2274 1258 2344 αἵματος
1283 2273 1394 2328 τῶν
1431 2273 1610 2343 κρεῶν
1650 2291 1814 2345 μετα-

234 2365 534 2436 λαμϐάνων
550 2407 568 2431 ,
587 2365 666 2429 ὡς
689 2364 935 2436 λαχάνων
954 2364 1224 2434 δήπουθεν
1251 2365 1538 2437 μεταλήψῃ
1560 2381 1576 2397 ο
1607 2364 1814 2436 ἄψυχον

235 2460 339 2526 γάρ
365 2458 427 2511 τὸ
449 2458 710 2528 λάχανον.
748 2458 808 2510 El
837 2457 894 2511 δὲ
921 2457 1061 2527 μετά
1084 2457 1179 2512 τοῦ
1205 2459 1434 2526 αἵματος
1465 2457 1809 2529 μεταλάϐοις,

233 2548 406 2620 ψυχὴν
459 2548 688 2611 ἐσθίεις.
739 2547 831 2600 Διὸ
876 2547 940 2618 δὴ
998 2548 1095 2601 καὶ
1132 2546 1370 2602 ἐνταῦθα
1403 2547 1546 2618 ἔφη,
1601 2567 1620 2601 ι
1667 2547 1812 2619 Πλὴν

234 2642 400 2712 κρέας
432 2643 497 2694 ὲν
531 2641 730 2710 αἵματι
766 2639 946 2709 ψυχῆς
975 2641 1074 2693 οὐκ
1101 2639 1308 2694 ἔδεσθε.
1343 2640 1456 2693 Καὶ
1479 2639 1587 2709 γὰρ
1614 2639 1812 2710 ὑμέτε-

238 2751 324 2804 ρον
353 2728 500 2803 αἷμα
541 2733 652 2784 τῶν
679 2730 867 2801 ψυχῶν
895 2731 1048 2801 ὑμῶν
1070 2729 1357 2802 ὲκζητήσω
1387 2731 1522 2802 (62)·
1546 2732 1612 2784 ὲκ
1631 2731 1812 2802 χειρὸς

236 2823 448 2875 πάντων
477 2821 590 2874 τῶν
620 2820 825 2890 Θηρίων
851 2819 1140 2890 ὲκξητήσω
1171 2821 1303 2874 αὑτό
1324 2820 1388 2852 ⁸⁷·
1409 2823 1472 2875 ἐκ
1509 2821 1687 2892 χειρὸς
1712 2823 1811 2875 ἀν·

236 2914 457 2984 θρώπου
485 2913 723 2982 ἀδελφοῦ
748 2912 913 2966 αὐτοῦ
938 2913 1226 2985 ὲκζητήσω
1246 2912 1343 2984 τὴν
1363 2913 1541 2985 ψυχὴν
1566 2912 1752 2966 αὐτοῦ.
1786 2931 1805 2966 ι

244 3004 513 3057 Ἐνταῦθα
547 3003 844 3056 αἰνίττεται
872 3003 970 3072 τὴν
1001 3004 1297 3058 ἀνάστασιν
1319 3018 1332 3034 °
1362 3002 1460 3072 οὐχ
1496 3002 1573 3064 ὡς
1605 3001 1675 3054 τά
1711 3000 1809 3073 θη-

235 3095 325 3168 ρία
353 3094 626 3166 παράξων
655 3097 733 3158 είς
761 3093 823 3148 τὸ
852 3095 1154 3166 κριτήριον,
1179 3093 1276 3147 καὶ
1303 3093 1459 3156 δίκας
1479 3095 1579 3162 τῆς
1603 3091 1810 3163 ἀνθρω-

1906 615 1962 658 et
1982 617 2107 657 cum
2135 609 2280 656 esset
2310 613 2494 654 semen
2526 595 2759 665 generis,
2788 605 2841 648 et
2869 594 3022 646 radix
3051 601 3285 654 naturae,
3313 600 3472 661 atque

1908 694 2178 751 secundus
2208 691 2401 753 Adam,
2430 689 2659 754 largitur
2691 685 2794 756 ipsi
2823 682 3278 746 benedictionem,
3310 698 3472 752 quam

1908 779 2232 842 consecutus
2257 790 2373 836 erat
2403 779 2492 833 ille
2518 777 2724 842 statim,
2753 775 2846 830 ubi
2877 774 3139 829 formatus
3168 781 3270 826 est.
3305 791 3323 823 ι
3355 773 3484 826 Cre-

1909 879 2060 940 scite,
2095 885 2150 931 et
2174 870 2626 941 multiplicamini,
2655 877 2708 924 et
2736 867 2935 937 replete
2968 875 3190 924 terram,
3225 871 3278 915 et
3302 861 3476 914 domi-

1910 971 1964 1024 ni
1996 969 2116 1024 sitis
2140 967 2260 1038 ejus
2287 977 2331 1018 τ.
2361 995 2432 1004 —
2462 963 2526 1017 Et
2557 963 2720 1016 timor
2745 976 2808 1014 ac
2839 969 3040 1013 tremor
3067 955 3228 1010 vestri
3257 953 3359 1008 erit
3389 967 3483 1004 su-

1909 1077 2006 1132 per
2029 1075 2218 1116 omnes
2243 1058 2444 1118 bestias
2487 1064 2672 1119 terrae,
2708 1062 2761 1107 et
2803 1066 2967 1120 super
3005 1048 3190 1103 omnia
3237 1042 3476 1100 volatilia

1911 1154 2062 1218 cteli,
2123 1160 2178 1207 et
2234 1165 2396 1219 super
2426 1146 2608 1202 omnia
2637 1159 2758 1215 quae
2811 1151 3097 1197 moventur
3151 1153 3315 1207 super
3364 1144 3465 1188 ter-

1910 1260 2049 1307 ram,
2080 1255 2133 1299 et
2161 1257 2325 1311 super
2371 1254 2561 1294 omnes
2592 1239 2770 1307 pisces
2801 1251 2966 1288 maris
2995 1251 3008 1286 :
3037 1246 3157 1301 quae
3187 1229 3287 1284 sub
3313 1243 3475 1281 mann

1909 1336 2066 1390 vobis
2087 1333 2210 1390 dedi
2233 1340 2280 1387 ³.
2305 1351 2324 1383 ›
2351 1329 2418 1385 Et
2441 1329 2642 1392 evenit,
2672 1335 2733 1381 ut
2751 1327 2954 1382 dictum
2978 1332 3080 1380 est.
3102 1318 3475 1377 Relermidant

1909 1427 2056 1483 enim
2081 1425 2335 1480 universa
2359 1421 2613 1475 animalia
2640 1419 2721 1474 vel
2753 1418 2924 1487 ipsam
2942 1415 3180 1470 hominis
3205 1412 3477 1474 umbram,

1910 1520 2024 1574 sive
2048 1518 2294 1572 natatilia
2314 1560 2329 1583 ,
2359 1515 2474 1570 sive
2503 1513 2803 1575 terrestria,
2833 1509 2945 1564 sive
2968 1506 3230 1560 volatilia.
3264 1508 3281 1526 “
3321 1501 3476 1555 ιὀειο

1913 1613 2133 1667 modum
2167 1610 2316 1666 dedit
2343 1609 2420 1663 illi
2454 1607 2627 1676 legem
2656 1602 2879 1658 edenda:
2906 1599 3116 1663 carnis,
3162 1597 3480 1666 praecipiens

1912 1705 2168 1762 carnibus
2195 1702 2378 1767 vesci,
2415 1694 2874 1777 quemadmodum
2903 1702 2958 1747 et
2986 1690 3247 1746 oleribus.

2390 1812 2497 1882 67
2548 1807 2825 1862 INTERR.
2871 1801 3005 1860 LIV.

1951 1929 2300 1995 Quamobrem
2341 1941 2405 1980 ne
2441 1924 2746 1993 sanguinem
2780 1920 3112 1990 degustarent
3139 1912 3452 1984 prohibuit?

1981 2084 2238 2155 Apertius
2266 2079 2452 2137 docuit
2476 2080 2529 2132 in
2556 2079 2714 2148 lege:
2749 2093 2768 2127 ι
2805 2073 2958 2141 Quod
2988 2071 3132 2127 enim
3166 2068 3373 2123 homini
3399 2075 3482 2120 est

1913 2180 2128 2245 anima,
2161 2176 2380 2246 inquit,
2419 2174 2524 2228 hoc
2566 2168 2894 2225 animalibus
2944 2162 3354 2219 irrationalibus
3397 2167 3477 2214 est

1914 2266 2437 2340 sanguis‘altaque
2479 2263 2525 2318 si
2569 2275 2754 2316 sumas
2788 2257 2904 2314 sine
2943 2254 3207 2326 sanguine
3250 2264 3480 2314 carnes,

1914 2339 2103 2427 utique
2137 2365 2395 2424 tanquam
2435 2353 2558 2408 olus
2595 2345 2988 2405 manducabis:
3021 2345 3142 2399 olus
3165 2341 3327 2397 etiam
3358 2339 3495 2414 ani-‘

1912 2465 2002 2504 ma
2029 2456 2194 2503 caret.
2209 2446 2365 2514 Quod
2393 2445 2438 2499 si
2462 2459 2587 2500 cum
2614 2441 2876 2512 sanguine
2895 2435 3215 2505 sumpseris,
3243 2431 3481 2486 animam

1913 2535 2232 2591 manducas.
2269 2533 2570 2602 Propterea
2603 2538 2656 2585 et
2689 2528 2792 2583 hoc
2825 2527 2947 2581 loco
2977 2524 3152 2579 dixit:
3197 2541 3215 2573 ι
3249 2519 3482 2574 Verum-

1913 2637 2094 2683 tamen
2132 2639 2350 2680 carnem
2380 2623 2433 2676 in
2478 2618 2743 2690 sanguine
2786 2615 2984 2671 anima:
3020 2629 3130 2668 non
3163 2609 3478 2666 comedetis.

1913 2719 2127 2774 Etenim
2154 2716 2472 2786 sanguinem
2498 2712 2805 2766 animarum
2832 2717 3136 2762 vestrarum
3172 2703 3439 2772 requiram
3464 2719 3480 2753 :

1912 2807 1979 2862 de
2011 2819 2173 2859 manu
2211 2801 2457 2856 omnium
2485 2799 2784 2853 bestiarum
2814 2793 3088 2863 requiram
3114 2791 3262 2844 illum
3289 2832 3304 2855 ,
3332 2799 3384 2842 et
3416 2787 3484 2842 dc

1913 2909 2077 2949 manu
2105 2890 2342 2946 hominis
2369 2887 2551 2942 fratris
2578 2887 2662 2940 sui
2689 2884 2960 2954 requiram
2984 2882 3218 2935 animam
3245 2879 3362 2947 ejus
3384 2886 3431 2930 ³³.
3457 2897 3476 2926 ι

1913 2985 2012 3040 llic
2042 2985 2285 3038 insinuat
2314 2981 2768 3036 resurrectionem
2797 2996 2810 3030 :
2846 2991 2952 3030 non
2975 2973 3118 3044 quod
3154 2971 3354 3028 bestias
3387 2987 3483 3024 v0-

1912 3088 2136 3134 caturus
2160 3074 2232 3131 sit
2259 3075 2311 3128 in
2341 3073 2607 3143 judicium
2633 3109 2648 3135 ,
2683 3079 2737 3124 et
2763 3069 2829 3123 de
2858 3067 2944 3122 his
2976 3064 3302 3135 supplicium
3330 3078 3482 3116 sum-

236 3156 1030 3258 ;zoeayi'agvalcnpaéduevoc':
1076 3156 1192 3239 ἀλλ’
1233 3185 1309 3249 ὠς
1352 3184 1420 3238 τά
1463 3156 1566 3238 ὑπδ
1606 3156 1810 3237 τούτων

1917 3179 2128 3241 pturus,
2155 3183 2220 3224 eo
2237 3165 2381 3238 quod
2408 3165 2654 3220 homines
2682 3161 3026 3217 devorarint:
3051 3156 3145 3212 sed
3174 3165 3232 3210 ut
3259 3170 3484 3224 congre-

235 3275 694 3329 καηναλωθέντα
728 3273 957 3345 σώματα
987 3273 1229 3339 συνάξων
1257 3291 1317 3326 τε
1349 3275 1444 3327 κα)⁹
1476 3273 1810 3344 συναναστή-

235 3383 366 3422 σων.
405 3386 424 3418 ι
469 3367 563 3420 Ἐν
588 3367 697 3437 γάρ
718 3370 782 3438 τῇ
811 3367 956 3438 χειρὶ
973 3366 1137 3420 αὐτοῦ
1163 3365 1234 3419 τὰ
1258 3365 1469 3437 πέρατα
1492 3365 1592 3436 τῆς
1616 3367 1718 3437 γῆς
1736 3381 1751 3396 ο
1786 3385 1805 3417 ι

233 3460 329 3513 καὶ
371 3461 556 3531 ῥᾴδιον
607 3459 754 3530 αύτῷ
787 3458 1052 3513 πάντοθεν
1082 3459 1413 3527 συναγαγεῖν
1445 3457 1506 3511 τὸ
1547 3459 1811 3529 ἡμέτερον

234 3553 429 3622 «31.1.:-
462 3551 701 3606 ἐνταῦθα
733 3551 834 3621 μὲν
873 3549 1287 3620 αἰνιγματωδῶς
1321 3548 1480 3604 τοῦτο
1505 3549 1772 3619 δεδήλωκε
1796 3565 1807 3576 ·

234 3643 322 3696 διὰ
345 3643 405 3696 δὲ
453 3643 717 3713 Ἰεζεκιὴλ
749 3641 1082 3712 σαφέστερον
1111 3639 1343 3713 ἐκήρυξε
1367 3638 1467 3710 τὴν
1491 3640 1810 3695 ἀνάστασιν.

842 3839 1036 3893 ΕΡΩΤ.
1076 3836 1205 3892 ΝΕ’.

237 3953 404 4005 Atad
451 3949 525 4004 δὲ
567 3951 724 4015 ὅλως
759 3950 876 4018 τὴν
926 3951 1302 4020 κρεωφαγίαν
1344 3947 1816 4018 ἐνομοθέτησεν;

307 4042 493 4105 Εὐθὺς
566 4043 977 4113 δημιουργήσας
1030 4042 1122 4096 τὸν
1191 4041 1516 4112 ἄνθρωπον,
1567 4042 1665 4106 τῆς
1711 4039 1817 4110 γῆς

236 4134 392 4204 αὐτῷ
419 4134 549 4196 τοὺς
577 4135 824 4204 καρποὺς
854 4133 1189 4204 ἐδωρήσατο,
1220 4133 1329 4186 άπὸ
1364 4131 1694 4204 σπερμάτων
1721 4132 1816 4184 καὶ

235 4227 478 4298 δένδρων
515 4225 775 4296 βιοτεύειν
807 4227 1102 4289 κελεύσας·
1141 4224 1280 4296 μετὰ.
1329 4225 1385 4278 δὲ
1418 4224 1508 4278 τὸν
1543 4223 1817 4278 κατακλυ-

236 4320 382 4387 σμὸν
404 4357 419 4383 ,
452 4318 662 4372 πλείονι
711 4317 896 4372 τοῦτον
934 4317 1294 4387 φιλοτιμεῖται
1326 4318 1502 4387 τρυφῇ
1538 4315 1682 4386 (65),
1722 4316 1816 4370 καὶ

232 4412 472 4464 πετεινά
524 4412 618 4464 καὶ
657 4411 830 4481 νηκτά
863 4409 977 4480 (64)
1023 4409 1116 4462 καὶ
1147 4411 1378 4480 χερσαῖα
1421 4409 1537 4471 ζῶα
1574 4407 1724 4460 θύειν
1757 4425 1813 4460 τε

1911 3273 2136 3336 gaturus
2181 3275 2412 3330 corpora
2446 3259 2513 3313 ab
2539 3255 2672 3327 ipsis
2699 3261 3022 3322 consumpta
3048 3291 3063 3316 ,
3100 3259 3151 3305 et
3183 3249 3273 3302 illa
3305 3247 3482 3302 susci-

1913 3366 2143 3413 taturus.
2185 3374 2203 3408 ι
2231 3353 2290 3408 lu
2323 3367 2486 3408 manu
2508 3350 2654 3405 enim
2688 3347 2805 3417 ejus
2833 3355 2959 3402 sunt
2985 3357 3175 3399 omnes
3205 3343 3342 3395 lines
3383 3349 3485 3392 ter-

1912 3466 1985 3506 rze
2006 3460 2058 3515 ν,
2089 3469 2108 3502 ι
2143 3457 2198 3503 et
2222 3455 2306 3503 est
2335 3446 2408 3500 illi
2442 3443 2598 3498 facile
2625 3441 2983 3507 undecunque
3012 3450 3208 3505 corpus
3236 3442 3483 3486 nostrum

1917 3555 2264 3612 congregare.
2286 3538 2350 3592 Et
2371 3537 2458 3591 hic
2482 3535 2697 3604 quidem
2718 3531 2860 3586 istud
2888 3529 3092 3584 indicat
3115 3523 3480 3581 subobscure:

1917 3648 2012 3702 per
2047 3629 2382 3685 Ezechielem
2418 3637 2599 3681 autem
2627 3623 2828 3680 clarius
2859 3617 3312 3675 resurrectionem
3347 3628 3486 3683 prae-

1918 3721 2134 3778 dicavit.

2495 3823 2922 3893 lNTEﬂﬁaLV.

2055 3951 2164 4007 Cur
2203 3949 2358 4020 plane
2385 3947 2448 4001 de
2473 3946 2720 4000 carnibus
2747 3940 2960 3994 edendis
2999 3937 3159 4007 legem
3189 3935 3347 3988 tulit?

1987 4043 2106 4098 Mox
2142 4043 2232 4096 ubi
2263 4048 2502 4096 creasset
2534 4035 2806 4090 hominem
2834 4072 2850 4098 ,
2883 4031 3026 4087 dedit
3063 4029 3138 4083 illi
3171 4038 3329 4082 terrae
3369 4025 3486 4078 fru-

1916 4143 2068 4200 ctus,
2112 4135 2314 4205 jubens
2345 4133 2498 4185 illum
2539 4129 2683 4183 vesci
2716 4128 2900 4181 fructu
2931 4122 3201 4178 seminum
3231 4128 3286 4173 et
3325 4118 3486 4171 arbo-

1917 4243 2041 4283 rum
2079 4245 2092 4281 :
2150 4234 2274 4295 post
2318 4223 2584 4278 diluvium
2631 4229 2809 4274 autem
2859 4215 3096 4285 majores
3136 4211 3213 4267 illi
3261 4209 3487 4265 delicias

1916 4317 2174 4374 muniﬁce
2211 4316 2458 4385 largitur,
2491 4313 2687 4382 jubens
2717 4309 2965 4364 occidere
2991 4314 3045 4360 ct
3076 4302 3360 4359 comedere
3391 4316 3485 4354 ro-

1917 4410 2111 4473 Iatilia,
2143 4418 2198 4463 et
2223 4407 2488 4468 natatilia,
2519 4414 2572 4459 et
2601 4401 2883 4458 terrestria
2915 4399 3026 4470 68
3050 4395 3326 4458 animalia,
3361 4391 3486 4445 alle-

235 4505 338 4557 καὶ
372 4503 576 4557 ἐσθίειν
612 4502 872 4564 κελεύσας
893 4519 906 4531 ·
942 4501 1104 4554 πάθει
1139 4501 1311 4564 πάθος
1341 4500 1670 4566 ἐξελαύνων,
1720 4500 1815 4553 καὶ

1920 4510 2066 4554 ctum
2097 4499 2290 4554 allectu
2321 4497 2616 4567 repellens,
2650 4502 2704 4548 et
2731 4490 2917 4546 leviori
2939 4504 3138 4545 curans
3160 4486 3484 4556 graviorem.

1919 4585 1966 4605 η·
2079 4591 2088 4602 -
2115 4591 2126 4605 ι
2285 4604 2290 4605 ,
2346 4588 2357 4599 -
2382 4603 2408 4605 η
2465 4586 2603 4605 n_-_-
2662 4583 2905 4605 i.-_.,.:_--
2965 4581 3016 4605 ξ..
3062 4590 3358 4605 -..ο-,ιιωηω
3395 4574 3484 4605 .In_

233 4594 315 4662 τῷ
349 4595 596 4647 ἐλάττονι
649 4592 962 4664 θεραπεύων
995 4592 1057 4644 τὸ
1100 4591 1302 4662 μεῖξον.
1339 4591 1595 4661 Προορῶν
1643 4590 1751 4660 γὰρ
1782 4592 1811 4644 ὁ

1919 4585 2230 4646 Praevidens
2272 4588 2416 4643 enim
2465 4586 2606 4640 Deus
2662 4583 2908 4637 homines
2965 4581 3018 4633 in
3060 4590 3358 4633 extremam
3395 4574 3486 4626 de-

228 4688 400 4749 Θεδς,
437 4687 522 4738 ὅτι
544 4685 713 4739 ταῦτα
742 4685 918 4738 πάντα
936 4684 980 4715 ⁸⁸
1019 4682 1431 4753 θεοποιήσουσιν
1467 4685 1514 4734 oi
1543 4683 1623 4746 είς
1650 4681 1814 4752 ἐσχά-

1923 4683 2183 4739 mentiam
2210 4683 2414 4752 lapsos,
2445 4681 2560 4732 haec
2587 4675 2768 4730 omnia
2795 4690 2892 4744 pro
2916 4673 3021 4727 diis
3051 4670 3351 4731 habituros,
3375 4681 3486 4735 per-

315 4808 340 4836 ¹’
381 4797 522 4852 Gen.
589 4813 708 4863 vm,
746 4798 833 4851 17.
905 4796 1215 4858 lGen.lx,
1285 4794 1428 4861 2,5.
1518 4798 1534 4830 ι
1579 4796 1754 4851 chit.
1825 4813 1940 4860 vu,
2022 4797 2128 4864 26;
2205 4812 2354 4860 xvii,
2407 4794 2494 4848 Μ.
2575 4799 2600 4827 υ
2643 4789 2778 4846 Gen.
2855 4803 2947 4853 Ix,
3000 4786 3068 4852 4,
3267 4791 3294 4820 ν
3337 4778 3480 4833 Psal.

229 4884 444 4933 xcxlv,
486 4869 539 4922 ι.

1095 4960 1331 5016 ΥΑΒΙΑΞ
1372 4958 1753 5014 LEC'I'IONES
1803 4958 1895 5011 EX
1948 4954 2222 5011 CATENA
2255 4953 2611 5008 LIPSIENSI.

303 5071 360 5145 f5
386 5073 501 5145 _za.‘t
533 5072 718 5145 ἐπειδὴ
743 5103 812 5145 -_-
836 5091 1103 5145 κατακυρ.
1136 5073 1306 5143 αὐτῆς
1439 5081 1542 5145 ςθι-
1571 5089 1625 5142 1)·
1817 5087 1829 5125 ³

1942 5069 2076 5123 Gen.
2113 5069 2279 5145 135,1;
2332 5067 2538 5145 reliqua
2567 5075 2766 5145 autem,
2808 5065 2958 5145 nullo

1579 5136 1630 5211 ρ.
1684 5141 1806 5206 155,
1839 5140 1931 5193 ἐπὶ
1963 5159 2022 5193 π.
2052 5157 2101 5192 τ.
2144 5139 2269 5209 θήρ.
2303 5155 2354 5192 τ.
2410 5136 2630 5211 γῆςλκαί
2668 5151 2777 5189 om.

229 5140 528 5205 κελεύσας,
556 5143 685 5197 ibid.
707 5140 780 5196 ad
813 5159 953 5197 vers.
976 5145 1012 5197 2
1043 5140 1280 5198 exstant.
1347 5143 1391 5174 ⁶⁸
1431 5144 1544 5196 Cat.

3009 5063 3168 5132 φόϐος
3229 5091 3296 5132 τ
3326 5059 3483 5111 ἀπολ.

2889 5136 2933 5165 ⁸⁸
2963 5130 3162 5196 Quaest.
3198 5131 3266 5184 54
3288 5130 3338 5182 in
3377 5139 3483 5181 cat.

230 5233 288 5314 py.
307 5212 618 5314 ‘1’5§:'p;)st
1318 5196 1772 5314 (ιιὲιέερειῗοίὶοῐξιεέξῑκ
1791 5196 1962 5314 divisa
1988 5253 2002 5276 ,
2039 5196 2271 5278 quarum
2332 5196 2602 5278 posterior
2637 5213 2813 5260 exstat
2847 5221 2898 5273 p.
2928 5204 3047 5267 157,
3075 5202 3140 5256 ad
3169 5201 3304 5255 Gen.
3329 5215 3404 5263 rx,
3429 5196 3484 5252 5.

304 5285 376 5335 ἐκ
401 5284 586 5355 χειρὸς
608 5281 678 5324 -ῐ
700 5281 987 5354 ἐκζητήσω
1014 5283 1145 5337 αὐτό
1178 5298 1289 5338 om.
1378 5284 1422 5314 ⁵³
1447 5283 1568 5338 Cat.
1590 5299 1643 5352 p.
1672 5282 1794 5336 155.
1825 5304 1829 5316 ι

1917 5298 2001 5334 ιτα
2028 5295 2140 5336 om.

1754 5419 1985 5477 NOTAE.

311 5544 427 5610 (6i)
457 5541 593 5623 fCod.
633 5541 967 5625 μετασολήν.
1002 5541 1078 5598 lta
1109 5557 1328 5625 quoq-ue
1359 5541 1486 5625 legit
1513 5541 1695 5606 Picus,
1723 5535 1817 5625 qui

232 5630 423 5669 tzainen
465 5615 520 5667 in
555 5616 801 5681 margine
849 5617 988 5668 hanc
1042 5615 1293 5682 apposuit
1333 5615 1574 5667 notulam
1610 5631 1622 5666 :
1668 5633 1684 5664 ι
1721 5613 1818 5668 Leo

232 5685 497 5760 gendum
514 5685 738 5760 videtur"
755 5686 817 5734 τὸ
857 5685 1196 5760 μεταλαβεῖν)
1219 5691 1297 5760 ,ιιι
1318 5699 1512 5738 sensus
1534 5690 1760 5737 constet.
1796 5703 1812 5731 ι

316 5755 433 5832 μὴν)
486 5753 858 5820 Ἐκζητήσω.
891 5755 942 5808 lu
973 5755 1092 5808 cod.
1130 5754 1364 5820 additur,
1396 5754 1492 5824 τὴν
1527 5753 1700 5823 ψυχὴν
1724 5753 1818 5804 αύ-

239 5842 363 5876 τ¹›υ.

2001 5539 2110 5610 (65)
2151 5539 2389 5610 Πλείονι
2421 5531 2735 5610 ῗ-τρυφῇε
2774 5530 2922 5610 Cod.‘
2936 5527 3152 5610 πλείονα
3189 5525 3483 5610 φιλοτιμεῖ-

1926 5592 2264 5692 ταῖιξτροφήν.
2294 5606 2447 5688 Apud
2481 5592 2665 5659 Picum
2685 5592 2844 5654 'dcest
2866 5599 3101 5659 πλείονα,
3130 5592 3332 5666 reliqua
3359 5592 3482 5648 cum

1930 5684 2112 5736 codice
2138 5684 2504 5733 consentiunt.

1996 5753 2105 5820 (iii)
2142 5750 2246 5804 Kal
2270 5745 2474 5815 νηκτά.
2514 5742 2688 5798 Desid.
2731 5741 2781 5793 in
2808 5738 2930 5792 cod.
