3964 6544
462 390 565 455 159

1442 391 1931 453 THEODORETI
1971 391 2311 454 EPISCOPI
2379 397 2746 463 CYRENSIS

3624 405 3761 471 160

462 502 614 558 misit
648 502 868 555 illorum
898 517 1051 557 esum
1074 544 1088 564 ,
1137 512 1199 558 ut
1250 504 1579 574 impietatem
1628 507 1774 560 illam
1813 506 2086 563 cohibe-1

2177 527 2237 593 ην
2294 511 2521 580 ἀλογίαν
2550 515 3003 585 ἐκπεπτωκότες,
3054 520 3326 591 συγχωρεῖ
3355 518 3455 593 τὴν
3495 520 3751 593 βρῶσιν,

462 602 564 650 ret.
597 593 821 648 Summa
849 594 997 649 enim
1025 604 1108 649 est
1133 595 1343 649 insania
1369 637 1384 660 ,
1416 595 1645 651 adorare
1702 598 1847 667 quod
1884 615 2037 654 com-

2145 588 2234 658 ἶνα
2259 604 2360 676 τὴν
2387 605 2645 663 ἀσέϐειαν
2672 609 2878 681 παύσῃ.
2917 588 3275 684 Ἀϐελτηρίας
3310 588 3421 685 γὰρ
3466 588 3750 686 ἐσγάτης,

460 686 664 742 editur.
709 684 999 754 Propterea
1022 701 1150 740 vero
1179 686 1433 741 animalia
1468 688 1717 757 qumdam
1761 690 2039 746 immunda

2177 696 2210 749 ηδ
2252 696 2571 765 ἐσθιόμενον
2611 704 2962 770 προσκυνεῖν.
3010 704 3109 759 Διά
3152 721 3234 759 τοι
3276 684 3458 770 τοῦτο,
3510 708 3581 762 τά
3630 684 3752 778 μὲν

460 779 620 842 dixit,
663 778 768 831 alia
810 794 940 832 vero
981 780 1231 834 munda:
1278 787 1341 833 ut
1386 780 1477 834 illa
1524 781 1743 850 quidem
1786 792 2046 853 tanquam

2177 788 2438 859 ικάθαρτα
2479 791 2589 845 τῶν
2633 791 2789 856 ζώων
2838 793 3024 863 λέγει,
3054 797 3124 848 τά
3148 796 3205 850 δὲ
3245 797 3467 868 καθαρά
3494 814 3509 829 °
3541 798 3630 853 ⁴ίνα
3666 800 3752 853 τὰ

462 869 750 923 ivnmunda
787 869 1147 923 exhorrentes
1172 908 1187 931 ,
1234 884 1346 923 non
1391 869 1683 937 deiﬁcent;
1731 871 1845 927 haec
1881 886 2047 937 vero,

462 977 586 1031 qua:
614 962 985 1017 comeduntur
1006 1001 1020 1025 ,
1056 976 1164 1014 non
1198 962 1449 1017 adorent.

1018 1073 1302 1129 INTERB.
1352 1074 1490 1133 LVI.

467 1190 575 1256 Qui
618 1191 680 1259 ﬁt
705 1230 721 1255 ,
768 1200 826 1243 ut
869 1188 988 1244 Noe
1033 1207 1157 1267 non_
1182 1193 1251 1267 sit
1289 1193 1638 1267 redargutus,
1677 1197 1817 1267 quod
1846 1213 1901 1253 se
1936 1199 2053 1254 ine-

1139 1263 1370 1320 briarit?

540 1353 622 1408 Ab
652 1354 921 1419 imperitia
945 1357 1396 1425 proﬁciscebatur
1423 1359 1541 1414 haec
1572 1360 1759 1428 passio
1786 1405 1800 1417 .
1844 1378 1952 1419 non
1986 1364 2055 1419 ab

471 1445 913 1515 intemperantia.
945 1445 1081 1501 Nam
1113 1448 1204 1503 ille
1230 1449 1442 1518 primus
1472 1466 1538 1505 ex
1574 1452 1886 1509 hominibus
1908 1470 2057 1509 com-

472 1553 663 1606 presso
693 1538 822 1594 vitis
848 1538 1051 1605 fructu,
1085 1540 1346 1612 ignorans
1382 1558 1490 1597 non
1522 1544 1701 1598 solum
1745 1555 2013 1615 quantum
2038 1550 2056 1567 '

471 1640 616 1685 esset
644 1632 936 1687 bibendum
961 1674 976 1694 ,
1030 1633 1123 1687 sed
1172 1634 1336 1689 etiam
1378 1637 1655 1706 quomodo
1690 1638 2017 1693 sumendum
2040 1681 2056 1707 ,

475 1738 671 1792 nempe
699 1726 847 1794 quod
877 1724 1030 1794 prius
1066 1727 1361 1795 temperari
1393 1726 1620 1794 debeat,
1657 1740 1710 1785 et
1738 1732 1817 1785 sic
1844 1731 2019 1801 po'tari
2041 1772 2056 1796 ,

476 1814 669 1869 incidit
697 1816 749 1869 in
782 1816 1119 1872 ebrietatem.
1152 1816 1307 1883 Quod
1343 1833 1474 1874 vero
1513 1821 1749 1877 nudatus
1777 1831 1891 1888 est,
1922 1820 2056 1877 nihil

476 1907 604 1962 novi
636 1908 879 1977 pertulit.
920 1909 1132 1965 Etenim
1167 1911 1329 1966 etiam
1362 1928 1509 1967 nunc
1532 1914 1752 1983 quidam
1779 1915 2061 1970 dormien-

2154 885 2254 954 μὲν
2286 885 2363 950 ὡς
2396 887 2688 961 ἀκάθαρτα
2735 889 3146 962 βδελυττόμενοι
3199 893 3273 964 μὴ
3302 893 3630 959 θεοποιῶσι,
3668 895 3753 949 τὰ

2149 975 2207 1029 δὲ
2238 977 2315 1049 μὴ
2344 979 2727 1051 προσκυνῶσιν
2756 980 3049 1053 ἐσθιόμενα
3070 982 3137 1038 θ’.

2751 1095 2948 1155 Epor.
2988 1096 3132 1167 Ναί.

2160 1206 2222 1260 Τί
2267 1205 2494 1273 δήποτε
2536 1210 2650 1264 οὐκ
2681 1209 2952 1281 ἐμέμφθη
2999 1210 3131 1267 Νῶε
3168 1212 3319 1280 μέθῃ
3361 1214 3744 1283 περιπεσών,

2239 1358 2524 1431 ’Ᾱπειρίας
2550 1356 2619 1433 ἦν
2648 1363 2747 1414 οὐκ
2776 1362 3047 1433 ἀκρασίας
3072 1363 3134 1417 τὸ
3157 1363 3351 1429 πάθος.
3375 1365 3601 1437 Πρῶτος
3631 1367 3755 1437 γὰρ

2157 1449 2461 1523 ἀνθρώπων
2492 1452 2803 1524 ἀποθλίψας
2828 1454 2920 1508 τὸν
2948 1455 3049 1526 τῆς
3098 1456 3347 1527 ἀμπέλου
3378 1459 3616 1529 καρπὸν,
3646 1460 3755 1513 καὶ

2158 1544 2370 1611 ἀγνοῶν
2400 1545 2463 1599 οὐ
2496 1545 2656 1617 μόνον
2681 1545 2743 1599 τὸ
2766 1547 2937 1600 ποσὸν
2965 1548 3065 1618 τῆς
3097 1546 3332 1614 πόσεως,
3361 1549 3501 1603 ἀλλὰ
3528 1551 3624 1605 καὶ
3650 1550 3755 1605 τὸν

2157 1632 2359 1706 τρόπον
2388 1634 2491 1705 τῆς
2526 1634 2905 1708 μεταλήψεως,
2940 1635 3023 1689 ὅτι
3061 1636 3147 1689 δεῖ
3174 1636 3407 1708 κεράσαι
3451 1639 3753 1709 πρότερον⁹

2159 1720 2258 1779 εἷθ’
2287 1724 2431 1779 οὓτω
2458 1727 2625 1791 πιεῖν,
2649 1725 2742 1779 τὸν
2767 1725 2937 1796 κάρον
2967 1726 3251 1796 ὑπέμεινε.
3278 1728 3480 1781 Καινὸν
3506 1728 3562 1782 δὲ
3586 1728 3756 1781 οὐδὲν

2160 1816 2399 1871 πέπονθε
2425 1817 2756 1889 γυμνωθείς.
2784 1819 2897 1872 Καὶ
2918 1819 3028 1891 γὰρ
3056 1820 3153 1872 καὶ
3179 1818 3276 1873 νῦν
3299 1838 3445 1885 τινες
3477 1824 3760 1891 γυμνοῦν-

2160 1902 2253 1965 ται
2277 1910 2654 1976 καθεύδοντες,
2679 1912 3091 1982 ἀφαιρουμένου
3116 1911 3211 1966 τοῦ
3237 1911 3407 1967 ὕπνου
3433 1913 3533 1983 τὴν
3558 1913 3762 1984 αἴσθη-

476 2008 561 2056 tes
594 2001 901 2069 nudantur,
950 2020 1144 2059 somno
1181 2022 1402 2062 sensum
1437 2006 1718 2078 eripiente.
1750 2006 1889 2063 Cum
1927 2024 2057 2064 vero

2177 2021 2253 2057 rw
2274 2018 2287 2031 '
2316 2002 2393 2075 τῷ
2418 2003 2573 2074 ὕπνῳ
2597 2004 2653 2057 δὲ
2673 2004 2707 2074 ἡ
2733 2002 2873 2075 μέθη
2901 2004 3334 2075 προσγινομένη,
3366 2004 3758 2077 πιθανωτέραν

478 2104 675 2147 somno
706 2094 867 2149 etiam
894 2096 1104 2151 accedit
1137 2098 1393 2162 ebrietas,
1426 2099 1597 2154 multo
1632 2100 2055 2170 probabiliorem

478 2181 743 2239 nuditatis
765 2188 1173 2244 excusationem
1205 2191 1405 2247 reddit.

1030 2305 1311 2363 INTERR.
1370 2308 1530 2365 LVII.

448 2407 615 2477 'Cum
640 2421 873 2475 nondum
914 2421 1028 2475 ulla
1061 2432 1195 2475 esset
1230 2422 1345 2476 lata
1374 2421 1479 2487 lex,
1514 2440 1631 2493 qua:
1647 2424 1858 2493 jubere:
1894 2424 2061 2479 hono-

554 2508 675 2545 rare
708 2502 911 2564 patrem
960 2501 1010 2545 et
1053 2503 1308 2558 matrem,
1352 2494 1611 2564 quomodo
1643 2494 1809 2551 Cham
1854 2505 1914 2549 ut
1943 2512 2060 2550 reus

551 2562 833 2632 parricidii
868 2562 1201 2617 damnatur?

553 2654 728 2722 Leges
767 2656 1110 2710 necessarias
1139 2671 1233 2722 per
1259 2664 1508 2711 naturam
1544 2657 1776 2713 sancivit
1796 2658 2061 2714 Creator:

495 2752 549 2795 et
572 2742 643 2795 ita
666 2741 893 2795 Cainum
929 2741 1326 2802 condemnavit,
1364 2739 1619 2807 quoniam
1660 2740 1836 2809 ipsum
1873 2749 2069 2795 natura

495 2833 724 2888 docebat
758 2832 956 2887 caedem
992 2846 1112 2885 esse
1136 2839 1323 2884 contra
1363 2831 1554 2900 legem.
1600 2828 1751 2885 Unde
1786 2830 1911 2893 ille,
1934 2846 2069 2885 usus

495 2924 644 2987 dolo,
664 2922 886 2978 fratrem
930 2938 961 2977 a
1000 2922 1314 2993 parentibus
1352 2922 1542 2991 procul
1572 2923 1865 2976 abductum
1898 2921 2070 2976 inter—

498 3014 645 3069 fecit.
682 3014 791 3069 Deo
820 3023 1000 3069 autem
1029 3015 1393 3084 interrogante
1423 3033 1437 3069 :
1485 3014 1596 3085 69
1632 3032 1650 3065 ι
1692 3014 1793 3069 Ubi
1827 3023 1910 3069 cst
1936 3013 2070 3069 Abel

498 3105 665 3159 frater
692 3115 819 3161 tuus
845 3106 909 3159 ιῖ
937 3125 957 3157 ι
992 3106 1226 3176 negavit.
1247 3105 1438 3161 Sciens
1466 3106 1654 3175 procul
1681 3106 1848 3160 dubio
1865 3105 2069 3159 malum

500 3195 553 3250 id
588 3210 746 3258 esse,
790 3194 937 3266 quod
980 3193 1218 3259 fecerat,
1246 3194 1560 3264 pernegavit
1597 3192 1729 3246 illud
1773 3208 1832 3248 se
1861 3193 2072 3249 facinus

498 3287 827 3343 admisisse:
864 3286 1146 3342 convictus
1166 3296 1345 3342 autem
1378 3302 1408 3339 a
1429 3286 1580 3354 justo
1604 3286 1787 3355 judice
1811 3326 1826 3351 ,
1857 3286 2072 3341 confes-

2163 2098 2263 2169 τῆς
2290 2096 2625 2169 γυμνώσεως
2655 2096 2769 2168 (65)
2796 2096 2897 2151 τὴν
2925 2096 3220 2166 ἀπολογίαν
3248 2098 3415 2151 ποιεῖ.

2777 2299 2976 2355 ΕΡΩΤ.
3016 2299 3144 2355 NZ'.

2174 2409 2286 2466 Τοῦ
2330 2410 2520 2477 νόμου
2558 2408 2806 2477 μηδέπω
2851 2407 3147 2473 τεθέντος,
3184 2406 3251 2473 ὃς
3295 2406 3624 2477 διαγορεύει
3661 2425 3761 2461 τι-

2236 2478 2360 2551 μᾷν
2386 2479 2494 2533 τὸν
2525 2477 2770 2551 πατέρα,
2796 2477 2893 2551 καί
2922 2477 3037 2543 τὴν
3066 2477 3316 2547 μητέρα,
3344 2478 3442 2532 διὰ
3471 2480 3527 2533 τί
3556 2483 3588 2534 ό
3616 2479 3761 2549 Χὰμ

2239 2549 2320 2618 ὡς
2351 2549 2717 2617 πατραλοίας
2750 2549 3009 2613 κρίνεται
3025 2563 3046 2611 ;

2240 2643 2323 2713 Τῇ
2378 2640 2542 2711 φύσει
2582 2640 2712 2703 τοὺς
2739 2638 3073 2708 ἀναγκαίους
3103 2638 3317 2693 τέθεικε
3358 2640 3556 2709 νόμους
3575 2639 3605 2692 ό
3634 2640 3769 2710 (66)

2175 2723 2425 2794 ποιητής.
2457 2723 2613 2777 οὕτω
2635 2723 2727 2776 τὸν
2756 2726 2898 2777 Κάῖν
2932 2726 3254 2798 κατέκρινεν
3272 2770 3288 2793 ,
3321 2730 3617 2805 ἐπειδήπερ
3640 2734 3751 2789 αὗ-

2173 2812 2266 2867 τὺν
2293 2814 2327 2886 ἡ
2360 2813 2522 2883 φύσις
2552 2814 2857 2882 ἐδίδασκεν,
2895 2817 2969 2881 ὡς
3003 2818 3031 2870 ό
3064 2820 3225 2889 φόνος
3251 2822 3586 2893 παράνομος.
3628 2825 3750 2878 A6-

2174 2903 2303 2958 τίκα
2331 2906 2465 2975 γοῦν
2504 2906 2643 2977 δόλῳ
2679 2910 3025 2980 χρησάμενος
3078 2910 3357 2982 συνεργῷ,
3398 2912 3587 2985 πόρρω
3630 2915 3755 2969 τῶν

2175 3000 2584 3069 γεγεννηκότων
2614 3000 2917 3071 ἀπαγαγὼν
2937 3041 2953 3068 ,
3006 3003 3186 3057 ἀνεῖλε
3217 3004 3310 3057 τὸν
3352 3004 3609 3075 ἀδελφὸν,
3643 3011 3749 3061 καὶ

2175 3088 2270 3143 τοῦ
2319 3090 2458 3145 Θεοῦ
2509 3091 2955 3163 πυνθανομένου,
3007 3112 3027 3145 ι
3078 3094 3188 3147 Ποῦ
3233 3094 3399 3149 ’Ἅϐελ
3442 3098 3472 3150 ό
3516 3097 3749 3166 ἀδελφός

2179 3196 2307 3247 σου;
2342 3200 2362 3234 ι
2402 3182 2634 3255 ἠρνήθη.
2669 3184 2837 3254 Δῆλον
2867 3184 2925 3237 δὲ
2953 3184 3029 3248 ὡς
3060 3185 3424 3257 ἐπιστάμενος
3459 3187 3542 3241 ὅτι
3572 3189 3757 3244 κακὸν

2175 3271 2236 3325 τὸ
2265 3275 2650 3345 γεγενημένον,
2683 3276 2960 3347 ἠρνήσατο
2997 3276 3108 3348 (67)
3133 3278 3194 3331 τὸ
3221 3279 3510 3349 τολμηθέν.
3552 3280 3747 3350 Ἐλεγ-

500 3396 597 3436 sus
624 3388 707 3435 est
740 3395 801 3436 se
838 3380 1058 3451 gravius
1085 3394 1376 3449 peccasse,
1407 3393 1573 3447 quam
1613 3387 1673 3431 ut
1702 3379 1912 3432 veniam
1959 3394 2071 3432 me-

2177 3365 2322 3433 χθεὶς
2345 3366 2401 3420 δέ
2424 3367 2534 3420 ὑπὸ
2550 3365 2645 3420 τοῦ
2674 3367 2882 3420 δικαίου
2910 3369 3097 3439 κριτοῦ
3113 3371 3184 3433 ⁷³,
3216 3371 3567 3442 ὡμολόγησεν
3599 3373 3751 3445 ὑπὲρ

500 3481 749 3528 reretur:
789 3490 809 3523 ‹
841 3471 1012 3541 Major
1040 3481 1123 3527 est
1150 3472 1295 3526 enim
1321 3513 1336 3535 ,
1370 3471 1589 3540 inquit,
1626 3471 1887 3541 iniquitas
1918 3487 2071 3539 mea,

499 3580 665 3633 quam
695 3573 755 3617 ut
782 3563 914 3617 mihi
950 3563 1286 3619 condonetur
1306 3572 1355 3619 γ.
1386 3580 1404 3615 ι
1439 3563 1637 3618 Verum
1662 3563 1833 3617 Adam
1857 3579 2075 3634 quoque

500 3668 627 3706 cum
658 3652 895 3705 divinam
931 3653 1274 3722 prasentiam
1308 3652 1606 3714 sensisset,
1647 3653 1814 3707 latere
1846 3664 2074 3709 conatus

500 3755 617 3810 est,
668 3745 823 3815 quasi
869 3760 1206 3816 cognoscens
1246 3746 1415 3800 furari
1460 3746 1663 3801 malum
1710 3761 1850 3802 esse.
1894 3745 1970 3800 lta
2020 3756 2075 3801 et

499 3837 669 3891 Cbam
719 3836 997 3908 parricidii
1041 3853 1167 3894 reus
1204 3838 1421 3893 habitus
1445 3846 1528 3893 est
1553 3879 1568 3904 ,
1604 3847 1864 3908 tanquam
1895 3848 2073 3893 trans-

501 3946 723 4002 gressus
756 3931 926 4000 legem
970 3939 1196 3985 naturae.
1228 3930 1364 3985 Nam
1399 3931 1543 4001 quod
1586 3942 1779 3986 natura
1812 3932 1929 4001 ipsa
1970 3932 2071 3987 do-

502 4036 648 4080 ceret
672 4025 915 4081 venerari
956 4034 1009 4079 et
1045 4025 1221 4079 colere
1259 4034 1510 4094 parentes
1551 4034 1836 4095 oportere,
1878 4024 2072 4080 testiﬁ-

500 4128 694 4171 cantur
727 4116 923 4171 fratres
952 4116 1124 4186 ipsius
1154 4117 1323 4171 Cliam
1356 4134 1370 4170 :
1402 4134 1431 4170 a
1463 4132 1574 4186 quo
1606 4132 1729 4170 cum
1767 4117 2069 4172 intellexis-

503 4214 643 4270 sent,
662 4206 800 4274 quod
832 4207 972 4275 patri
994 4207 1303 4271 acciderat,
1334 4207 1507 4261 multo
1532 4222 1656 4262 cum
1687 4207 1893 4275 pudore
1920 4214 2070 4261 retro

503 4298 809 4366 gradientes
842 4306 1047 4367 patrem
1079 4309 1453 4367 operuerunt,
1486 4310 1546 4353 ut
1574 4300 1797 4353 minime
1830 4300 2071 4354 viderent

503 4390 647 4445 unde
684 4399 843 4445 erant
879 4391 1147 4461 prognati.
1185 4390 1371 4462 Itaque
1406 4393 1600 4447 merito
1638 4392 2067 4448 benedictionem

502 4500 533 4538 a
566 4493 716 4554 patre
755 4493 1099 4539 acceperunt.

571 4660 894 4717 OliIGENIS
927 4663 995 4716 "‘.
1022 4662 1133 4718 Cur
1164 4660 1464 4733 Scriptura,
1500 4678 1624 4718 cum
1653 4662 1911 4720 dixisset:
1950 4685 1965 4717 ι
2004 4662 2068 4720 Ει

2171 3458 2503 3530 συγγνώμην
2546 3460 2949 3530 ἡμαρτηκέναι.
2991 3480 3011 3513 ι
3068 3460 3281 3527 Μείζων
3315 3464 3445 3536 γὰρ,
3483 3467 3666 3535 φησιν,
3710 3469 3747 3537 ἡ

2169 3551 2413 3623 ἁμαρτία
2454 3569 2554 3622 μου
2579 3551 2675 3605 τοῦ
2712 3553 2981 3623 ἀφεθῆναί
3027 3572 3119 3625 με.
3172 3575 3190 3608 ι
3222 3556 3335 3609 Καὶ
3372 3558 3556 3627 μέντοι
3586 3558 3681 3611 καὶ
3718 3562 3751 3613 ὁ

2183 3645 2354 3715 Ἀδὰμ
2402 3645 2501 3716 τῆς
2547 3645 2697 3710 θείας
2738 3647 3063 3715 ἐπιφανείας
3104 3648 3428 3719 αἰσθόμενος
3472 3650 3743 3723 ἐπειράθη

2169 3736 2385 3801 λαθεῖν,
2417 3738 2493 3803 ὡς
2536 3737 2694 3803 εἰδὼς
2738 3740 2821 3793 ὅτι
2862 3741 2924 3811 δὴ
2959 3740 3021 3793 τὸ
3054 3741 3310 3796 κλέπτειν
3351 3743 3554 3797 κακόν⁶
3599 3743 3748 3797 οὕτω

2170 3832 2265 3884 καὶ
2292 3832 2319 3883 ὁ
2348 3832 2475 3902 Χάμ
2500 3831 2597 3903 τὴν
2625 3832 2719 3885 τοῦ
2752 3834 3085 3903 πατραλοίου
3125 3836 3462 3907 κατηγορίαν
3499 3837 3743 3901 ἐδέξατο,

2169 3924 2245 3987 ὼς
2276 3924 2528 3994 παραϐὰς
2557 3925 2650 3979 τὸν
2675 3926 2771 3997 τῆς
2799 3926 3016 3995 φύσεως
3045 3928 3229 3999 νόμον.
3267 3928 3387 3982 Ὀτι
3417 3930 3525 3997 γὰρ
3560 3930 3654 3982 καὶ
3680 3930 3749 3983 τὸ

2169 4015 2444 4086 γεραίρειν
2477 4018 2605 4080 τοὺς
2633 4019 3031 4090 γεγεννηκότας
3052 4021 3086 4090 ὴ
3118 4018 3279 4089 φῦσις
3303 4020 3569 4086 ἐδίδασκε,
3600 4040 3747 4092 μαρ-

2169 4107 2423 4179 τυροῦσιν
2462 4110 2513 4162 οἱ
2556 4110 2651 4165 τοῦ
2700 4111 2829 4180 Χὰμ
2866 4110 3108 4181 ἀδελφοὶ,
3160 4110 3210 4165 οἳ
3255 4113 3390 4183 παρ’
3433 4114 3643 4166 ἐκείνου
3678 4114 3746 4166 τὸ

2170 4200 2341 4264 πάθος
2365 4200 2747 4272 μεμαθηκότες
2769 4200 2863 4254 τοῦ
2895 4202 3123 4273 πατρὸς,
3157 4202 3297 4273 μετά
3321 4203 3521 4273 πολλῆς
3557 4203 3746 4264 αίδοῦς

2169 4295 2249 4357 είς
2274 4294 2515 4347 τούπίσω
2539 4293 2846 4364 βαδίζοντες
2869 4294 3243 4364 συνεκάλυψαν
3267 4293 3359 4348 τὸν
3382 4294 3596 4365 πατέρα
3616 4334 3632 4359 ,
3662 4293 3745 4358 ὼς

2168 4385 2234 4439 ἂν
2259 4386 2458 4456 ἥκιστα
2481 4385 2640 4439 ῐδοιεν
2672 4386 2793 4440 ὅθεν
2818 4386 3119 4458 σπαρέντες
3140 4386 3500 4457 ἐϐλάστησαν.
3531 4386 3745 4455 Τοιγάρ

2168 4494 2252 4530 τοι
2282 4477 2377 4530 καλ⁵
2420 4476 2565 4547 μάλα
2592 4477 2817 4541 εἰκότως
2851 4478 2948 4531 καὶ
2980 4476 3074 4531 τοῦ
3116 4476 3324 4548 πατρὸς
3350 4477 3449 4548 τὴν
3487 4476 3743 4545 εὐλογίαν

2168 4568 2459 4640 ὲδρέψαντο
2483 4568 2614 4639 (68).

2237 4660 2638 4715 ΩΡΙΓΕΝΟΥΣ.
2674 4660 2739 4713 Τί
2769 4660 2832 4731 δή
2860 4676 2990 4714 ποτε
3016 4659 3247 4713 εἰποῦσα
3269 4660 3303 4729 ἡ
3332 4657 3543 4728 Γραφὴ,
3581 4677 3597 4709 ι
3631 4659 3743 4711 Καὶ

499 4766 655 4810 erant
676 4755 772 4809 filii
795 4754 927 4821 Noe,
952 4756 1045 4826 qui
1064 4757 1133 4811 ab
1157 4771 1280 4810 arca
1302 4755 1509 4826 egressi
1550 4765 1698 4819 sunt,
1725 4755 1872 4819 Sem,
1897 4757 2065 4811 Cliam

2177 4748 2312 4824 ἦσαν
2334 4753 2383 4806 οἱ
2402 4751 2511 4805 υἱοὶ
2538 4750 2663 4805 Νῶε
2689 4750 3033 4823 ἐξερχόμενοι
3060 4750 3168 4805 ἀπὸ
3193 4751 3291 4819 τῆς
3317 4749 3572 4814 κιϐωτοῦ,
3594 4750 3668 4821 Σὴ
3678 4768 3740 4818 μ,

500 4859 554 4902 et
585 4846 1043 4919 .Iaplietnaddidit
1072 4866 1085 4904 :
1129 4867 1147 4901 ι
1187 4848 1253 4904 Et
1280 4849 1451 4904 Cbam
1486 4849 1602 4919 ipse
1626 4859 1710 4905 est
1736 4860 1891 4921 pater
1923 4852 2068 4907 Cha-

572 5043 599 5069 ι
627 5027 763 5084 Gen.
802 5044 877 5093 tv,
921 5028 974 5085 9.
1050 5035 1077 5075 Υ
1119 5027 1251 5084 ibid.
1310 5029 1378 5084 15

2175 4846 2323 4915 Χάμ,
2363 4842 2563 4913 Ίάφεθ,
2595 4861 2614 4897 ι
2647 4843 2975 4915 προσέθηκε,
3017 4861 3036 4894 ι
3076 4844 3185 4896 Καὶ
3218 4842 3349 4913 Χάμ
3377 4837 3530 4906 οὗτος
3556 4842 3743 4912 πατὴρ

1339 5163 1574 5222 ἾΑΒΙᾸΞ
1640 5165 2027 5225 LECTIONES
2056 5167 2150 5223 EX
2186 5167 2467 5224 CATENA
2516 5164 2873 5223 LIPSIENSI.

594 5304 639 5335 "
660 5302 863 5427 Cat.
894 5301 1015 5355 156.
1043 5302 1118 5385 ὡς
1145 5302 1451 5383 ἐσθιόμενα.
1526 5304 1574 5340 ⁷⁸
1599 5304 1718 5363 Cat.
1778 5322 1830 5376 p.
1871 5305 1991 5361 164.
2050 5306 2086 5359 ὑ

594 5411 605 5426 .
670 5387 722 5427 ι).
771 5372 794 5425 1
848 5374 863 5424 l
923 5384 1211 5427 quaestioni
1264 5373 1332 5427 56
1371 5380 1425 5427 et
1459 5374 1545 5427 57.

2187 5304 2281 5359 τοῦ
2350 5304 2737 5374 δικαιοκρίτου.

496 5382 605 5428 cat.
670 5387 722 5441 p.
771 5372 863 5427 161
923 5373 1211 5441 quaestioni
1264 5373 1332 5429 56
1371 5380 1425 5429 et
1459 5374 1545 5430 57.

2847 5304 2892 5336 "
2922 5302 3022 5359 Hic
3077 5303 3228 5360 locus
3274 5303 3620 5373 prtemittitur
3688 5305 3741 5358 in

2011 5506 2245 5565 NOTA‘J.

574 5628 688 5695 (65)
724 5628 1110 5697 Γυμνὼσεως.
1168 5627 1302 5683 Cod.
1354 5625 1627 5694 γνώσεως.
1683 5624 1843 5697 Picus
1877 5632 2056 5697 autem

501 5692 629 5771 legit
658 5692 1031 5770 πιθαεὶωτέραν
1066 5692 1182 5768 τῆς
1228 5692 1478 5765 γνώσεως
1527 5698 1625 5768 τὴν
1680 5696 1851 5750 αἰτίαν
1908 5692 2059 5763 φθεί-

504 5788 687 5912 PS2.66)
710 5839 841 5895 Cod.
872 5850 921 5895 ct
945 5837 1049 5894 Pic.
1105 5840 1197 5901 ὡς.

2230 5620 2343 5693 (67)
2386 5622 2735 5689 Ἠρνησατο.
2767 5622 2901 5678 Cod.
2934 5623 3165 5693 ἡρνηυη.
3186 5621 3338 5692 apud
3354 5621 3540 5677 Picum
3566 5620 3737 5679 desid.

2164 5694 2223 5744 τὸ
2248 5709 2447 5764 γεγενη
2458 5693 2523 5762 μέ
2538 5693 2947 5764 νονλήρνήσατο.

2239 5763 2350 5832 (68)
2379 5760 2512 5819 Cod.
2546 5772 2597 5819 et
2624 5760 2735 5818 Pie.
2768 5760 3036 5826 ἐδέξαντο.
