3964 6524
206 320 286 384 l’il

1248 311 1528 383 QUIEST.
1562 311 1642 371 IN
1696 310 1963 370 GENES.
2006 312 2162 369 CAP.
2202 312 2307 371 IX.

3361 318 3467 385 162

202 427 443 489 Χαναᾶν;
487 442 507 474 ι
563 422 626 474 Ei
673 423 787 493 γὰρ
834 420 1003 493 ἐχρῆν
1039 419 1410 491 μνημονεῦσαι
1452 417 1562 471 τῶν
1604 418 1773 483 υἱῶν,
1806 458 1815 483 γ

1901 434 2023 471 Iaan
2062 420 2129 474 z?
2165 437 2183 469 δ
2221 418 2356 472 Nam
2388 434 2432 473 sI
2476 434 2614 489 opus
2652 432 2773 475 erat
2813 424 3143 479 mentionem
3190 423 3370 482 facere
3394 431 3459 490 li-

200 519 295 570 ἐᾶει
328 514 571 577 πάντων,
608 515 703 567 καὶ
735 513 812 584 μὴ
856 514 1020 583 μόνου
1048 511 1289 565 Χαναὰν.
1326 509 1386 563 Ὀ
1418 510 1638 564 Χαναὰν
1678 511 1773 562 καὶ

1901 510 2099 576 iorum,
2157 513 2401 564 omnium
2458 512 2645 580 utique
2689 515 2992 581 oportebat,
3044 527 3238 573 etnon
3289 521 3464 577 solius

199 609 348 669 αὐτὸς
385 605 599 676 ἀσεϐὴς
645 605 863 673 ἐγένετο
885 644 900 667 ,
940 605 1017 669 ὡς
1054 606 1087 676 ἡ
1129 603 1339 674 ἱστορία
1367 602 1535 674 δηλοῖ.
1576 602 1774 657 Βουλόᾳ

201 716 348 767 μενον
380 697 479 751 οὖν
507 698 569 750 τὸ
598 696 819 767 πνεῦμα
857 696 1029 763 δεῖξαι
1059 697 1159 767 τὴν
1192 695 1504 767 οἰκειότητα
1541 694 1655 766 (69)
1680 694 1773 749 τοῦ

198 790 393 861 πατρὸς
412 791 458 821 ⁷⁸
505 791 648 861 πρὸς
687 790 781 843 τὸν
829 789 982 857 υἱὸν,
1023 788 1223 861 τρόπον
1273 788 1395 842 τινὰ
1426 788 1779 852 ἀπαλλοτριοί

198 884 291 952 τῆς
318 882 421 935 τῶν
451 882 707 951 ἀδελφῶν
738 882 1023 945 εὐσεϐείας
1042 920 1057 946 ,
1090 881 1381 953 προσθήκῃ
1415 881 1531 945 τοῦ,
1576 901 1597 933 ι
1647 880 1779 951 Χὰμ

198 972 262 1045 ἦν
293 974 400 1045 (70)
434 975 627 1045 πατὴρ
654 976 900 1028 Χαναὰν.
940 994 959 1026 ι
992 973 1114 1028 Υἱοὶ
1154 974 1252 1045 μὲν
1294 974 1401 1044 γὰρ
1441 974 1644 1035 πάντες
1682 970 1777 1025 τοῦ

202 1065 316 1119 Νῶε
347 1065 423 1133 τῷ
458 1065 612 1131 γένει
634 1082 650 1095 ·
686 1065 846 1135 μόνος
876 1065 935 1118 δὲ
974 1058 1131 1127 οὗτος
1160 1065 1261 1134 οὐχ
1298 1062 1413 1127 υἱὸς
1444 1062 1522 1134 τῷ
1554 1062 1739 1133 τρόπῳ
1760 1078 1774 1092 ·

204 1158 328 1210 ἀλλὰ
355 1155 453 1209 τοῦ
485 1157 678 1227 ὁμοίου
724 1156 917 1221 παιδὸς
944 1158 1151 1227 πατήρ.
1198 1156 1399 1227 Διόπερ
1430 1155 1781 1225 ἐμφαντικῶς

206 1252 398 1313 κεῖται,
458 1269 476 1300 I
539 1250 717 1313 Αὐτὸς
772 1249 955 1320 πατὴρ
1008 1250 1252 1303 Χαναὰν.
1313 1267 1332 1300 ›
1394 1250 1597 1320 Ἕφερε
1644 1249 1702 1302 δὲ
1754 1250 1782 1301 ὁ

216 1342 459 1410 Ἐϐραῖος
505 1343 534 1394 ό
572 1341 748 1395 ταῦτα
798 1342 967 1395 εἰπὼν
1006 1342 1101 1396 καὶ
1145 1341 1445 1413 παράδοσιν
1488 1340 1778 1412 τοιαύτην,

210 1434 517 1503 ἐπενεγκὼν
547 1434 827 1501 ἀπόδειξιν
867 1439 935 1507 τῇ
980 1436 1279 1507 παραδόσει
1303 1452 1316 1465 ·
1357 1436 1432 1499 ὡς
1463 1436 1572 1507 ἄρα
1614 1438 1642 1489 ὁ
1668 1437 1782 1489 Χα-

208 1526 327 1579 ναὰν
360 1526 641 1596 πρότερος
687 1520 796 1577 εἶδε
826 1524 925 1595 τὴν
967 1524 1359 1595 ἀσχημοσύνην
1395 1523 1491 1577 τοῦ
1531 1524 1781 1587 πάππου,

208 1617 287 1669 καὶ
312 1616 647 1686 ἀνήγγειλεν
670 1613 834 1668 αὐτοῦ
860 1613 940 1686 τῷ
973 1615 1142 1686 πατρὶ
1171 1615 1339 1685 μόνῳ,
1367 1614 1784 1685 καταμωκώμε-

207 1706 451 1770 νοςῶσπε.
461 1723 496 1777 ρ
519 1706 619 1760 τοῦ
641 1708 916 1781 γέροντος.
956 1707 1014 1760 '0
1037 1707 1092 1759 δὲ
1114 1706 1245 1778 Χὰμ
1267 1707 1421 1773 δέων,
1444 1706 1647 1777 ὁμοίως
1669 1707 1781 1778 (71)

1880 602 2161 658 Chanaan.
2185 603 2447 658 Chanaan
2482 604 2598 674 ipse
2622 605 2787 659 etiam
2817 615 2935 661 erat
2959 609 3185 677 impius,
3213 624 3273 667 ut
3295 615 3465 670 histo-

1881 695 1964 750 ria
2016 696 2276 751 declarat.
2324 694 2525 751 Volens
2560 696 2722 766 igitur
2754 697 2983 766 spiritus
3018 700 3240 757 divinus
3277 713 3465 759 osten-

1882 786 2011 841 dere
2044 788 2455 843 similitudinem
2482 789 2653 858 patris
2677 798 2733 843 et
2751 788 2872 855 ﬁlii,
2904 804 3029 845 eum
3056 794 3463 862 quodammodo

1884 893 1915 933 a
1963 894 2189 934 suorum
2255 879 2485 934 fratrum
2542 881 2742 950 pietate
2792 881 3104 954 distinguit,
3146 885 3461 955 adjiciens:

1891 991 1910 1023 ι
1947 972 2067 1041 lpse
2095 970 2264 1026 Cham
2296 983 2451 1042 pater
2482 983 2565 1029 est
2589 972 2872 1029 Chanaan.
2902 995 2922 1028 ι
2955 974 3166 1033 Genere
3194 980 3469 1050 siquidem

1885 1072 2042 1117 erant
2063 1077 2251 1116 omnes
2278 1061 2371 1116 ﬁlii
2403 1060 2546 1119 Noe:
2573 1063 2725 1119 solus
2754 1074 2936 1120 autem
2964 1066 3066 1122 iste
3093 1069 3340 1125 moribus
3359 1087 3467 1126 non

1887 1164 2007 1209 erat
2060 1154 2227 1219 ﬁlius,
2267 1156 2358 1209 sed
2400 1158 2485 1210 sui
2520 1158 2715 1212 similis
2749 1160 2844 1212 lilii
2887 1169 3059 1229 pater.
3096 1162 3464 1227 Quamobrem

1886 1247 1955 1302 ad
2004 1248 2268 1316 majorem
2314 1247 2837 1305 demonstrationem
2872 1254 3113 1320 positum
3156 1266 3240 1310 est
3280 1257 3465 1314 istud;

1893 1356 1912 1390 ι
1961 1336 2081 1408 Ipse
2112 1347 2265 1408 pater
2296 1348 2381 1395 est
2416 1338 2699 1396 Chanaan.
2730 1360 2750 1394 ι
2791 1341 2895 1408 Qui
2945 1359 3077 1399 vero
3120 1348 3135 1367 ‘
3172 1346 3287 1401 haec
3332 1349 3470 1402 dixit

1887 1429 2170 1497 Hebrazus,
2217 1432 2357 1486 hanc
2385 1433 2550 1486 etiam
2598 1434 2944 1489 traditionem
2979 1437 3257 1505 aﬁ‘erebat,
3283 1450 3337 1495 et
3359 1451 3472 1495 tra»

1888 1524 2148 1579 ditionem
2180 1525 2391 1580 ratione
2423 1526 2531 1595 70
2547 1528 2923 1582 conﬁrmabat.
2949 1527 3191 1586 Primum
3212 1532 3469 1588 Chanaan

1889 1618 2123 1671 verenda
2181 1618 2264 1670 avi
2301 1620 2387 1673 sui
2438 1619 2638 1673 vidisse
2682 1635 2896 1690 suoque
2944 1625 3120 1677 solum
3159 1628 3297 1695 patri
3338 1642 3470 1681 nar-

1892 1723 2044 1762 rasse
2077 1719 2335 1779 tanquam
2375 1725 2563 1765 senem
2594 1711 2930 1767 irridentem.
2963 1714 3134 1769 Cbam
3165 1733 3317 1780 vero,
3342 1734 3466 1773 cum

206 1801 307 1860 τοῖς
336 1799 597 1867 ἀδελφοῖς
626 1801 700 1869 μὴ
730 1797 1049 1869 προσελθεῖν
1072 1797 1151 1869 τῷ
1180 1801 1350 1870 πατρὶ
1384 1799 1618 1863 ἀσεὸῶς.
1648 1799 1785 1853 ἀλλὰ

1901 1800 2139 1855 similiter
2183 1815 2248 1856 ac
2288 1800 2485 1857 fratres
2537 1819 2642 1857 non
2686 1805 2910 1859 deberet
2948 1806 3111 1876 impie
3158 1809 3223 1862 ad
3257 1821 3471 1879 patrem

210 1892 292 1945 καὶ
333 1891 649 1962 ἐπιπλῆξαι
696 1891 776 1962 τῷ
823 1891 1024 1964 πρώτῳ
1079 1892 1403 1963 θεασαμένῳ
1439 1892 1535 1947 καὶ
1579 1893 1794 1948 διαϐάλ-

207 1986 378 2048 λοντι,
422 1986 596 2047 αὐτὸς
649 1985 703 2039 δὲ
743 1986 839 2038 καὶ
888 1986 1218 2051 πέπεισται,
1264 1986 1361 2038 καὶ
1404 1986 1654 2057 εἰσῆλθε,
1698 1987 1795 2040 καὶ

208 2076 328 2139 εἶδε,
370 2078 471 2130 καὶ
502 2079 775 2148 ἀνήνεγκε
816 2080 928 2140 τοῖς
962 2078 1233 2149 ἀδελφοῖς.
1270 2079 1381 2132 Καὶ
1414 2078 1586 2132 ταῦτα
1619 2079 1677 2131 δὲ
1703 2079 1793 2133 δο-

208 2171 287 2221 κεῖ
325 2168 499 2237 μῦθος
548 2165 708 2230 εἶναι,
750 2170 797 2222 εὶ
826 2170 901 2240 μὴ
940 2169 1003 2222 τὸ
1036 2171 1136 2240 τῆς
1169 2170 1501 2235 ἀποδείξεως
1536 2165 1606 2243 ἦν
1647 2172 1796 2242 ἰσχυ-

212 2261 315 2329 ρόν.
351 2281 370 2311 ι
406 2262 524 2313 Καὶ
559 2260 859 2331 ἐξυπνίσθη
893 2261 1022 2331 γὰρ,
1067 2261 1223 2333 φησὶ,
1251 2261 1378 2316 Νῶε
1415 2265 1481 2317 ἐκ
1505 2264 1598 2317 τοῦ
1626 2262 1794 2319 ὕπνου

212 2357 391 2423 αὑτοῦ,
440 2357 541 2410 καὶ
575 2356 720 2424 ἔγνω
749 2357 851 2409 ὅσα
885 2357 1142 2426 ἐποίησεν
1166 2355 1315 2428 αὐτῷ
1352 2358 1380 2410 ὁ
1415 2356 1532 2420 υἱὸς
1565 2356 1730 2410 αὐτοῦ
1766 2358 1795 2410 ὁ

211 2447 497 2518 νεώτερος.
550 2466 569 2498 ι
606 2448 950 2517 Μικρότερος
995 2446 1107 2519 (72)
1150 2446 1250 2518 μὲν
1276 2446 1385 2518 γὰρ
1427 2447 1543 2511 υίὸς
1572 2446 1736 2501 αὐτοῦ
1768 2448 1797 2500 ὁ

215 2540 339 2610 Kay.
370 2542 475 2592 οὐκ
516 2534 611 2611 ἦν,
638 2538 773 2592 ἀλλὰ
796 2530 1070 2609 δεύτερος.
1121 2556 1140 2590 ι
1192 2538 1313 2609 Σὴμ
1339 2539 1469 2611 γὰρ,
1506 2542 1659 2610 φησὶ,
1703 2540 1798 2592 καὶ

214 2631 359 2700 Χὰμ,
400 2630 503 2682 καὶ
548 2628 749 2698 Ἰάφεθ.
789 2649 808 2682 I
845 2631 957 2684 Καὶ
980 2632 1026 2681 εξ
1064 2629 1156 2681 τὸν
1188 2629 1385 2701 μικρὸν
1420 2629 1579 2701 ἧθελε
1606 2630 1796 2695 δεῖξαι,

218 2726 301 2777 τὸν
340 2723 528 2793 Ἰάφεο
558 2723 628 2777 ἂν
653 2724 858 2792 ἔλεγεν.
911 2722 1126 2792 Ἐπειδὴ
1158 2721 1214 2775 δὲ
1244 2722 1371 2786 τοὺς
1400 2723 1657 2791 ἐκγόνους
1687 2723 1797 2792 (75)

219 2818 364 2880 υἱοὺς
398 2818 494 2869 ἀεὶ
530 2816 781 2884 λέγουσιν
829 2817 877 2868 οἱ
910 2816 1160 2882 πάπποι,
1205 2816 1300 2868 καὶ
1350 2816 1476 2879 τοὺς
1529 2816 1800 2885 μακρόθεν

218 2909 562 2976 ἀπογόνους,
605 2908 697 2962 τὸν
742 2906 1079 2977 βραχύτατον
1121 2906 1233 2959 τῶν
1265 2906 1505 2974 ἐκγόνων
1550 2906 1661 2978 (74)
1711 2905 1803 2959 τὸν

219 3000 462 3063 Χαναὰν,
512 3000 732 3069 εἴρηκεν
765 3000 799 3069 ἡ
824 2997 1015 3069 Γραφὴ
1042 2994 1310 3066 ἐγνῶσθαι
1340 2996 1493 3067 παρὰ
1518 2996 1612 3050 τοῦ
1641 2996 1765 3050 Νῶε
1784 3036 1800 3061 ,

219 3093 299 3144 δτι
332 3092 503 3154 αὐτὸς
542 3091 766 3160 ἐποίησε
799 3090 995 3143 ταῦτα.
1031 3089 1140 3143 Καὶ
1165 3089 1247 3143 ὅτι
1267 3076 1425 3142 τοῦτο
1453 3086 1627 3153 οὕτως
1654 3088 1800 3160 ἔχει,

224 3184 384 3246 εὐθὺς
430 3184 633 3252 ἐπάγει
665 3183 725 3235 τὸ
757 3182 899 3234 θεῖον
924 3181 1139 3250 λόγιον,
1168 3179 1264 3234 καὶ
1297 3175 1471 3235 εἶπεν.
1508 3199 1528 3234 ι
1576 3181 1801 3235 Ἐπικα-

221 3277 459 3346 τάρατος
517 3274 772 3336 Χαναὰν,
829 3272 1014 3336 δοῦλος
1068 3271 1271 3326 δούλων
1315 3271 1430 3340 (75)
1479 3272 1633 3325 ἔσται
1690 3275 1804 3337 τοῖς

227 3368 484 3435 ἀδελφοῖς
531 3365 716 3419 αὑτοῦ.
770 3366 830 3417 Εἰ
880 3363 938 3416 δέ
982 3381 1067 3427 τις
1116 3362 1423 3433 θαυμάζοι,
1453 3364 1505 3415 τί
1544 3364 1744 3433 δήποτε
1775 3365 1805 3416 ὁ

227 3459 380 3528 ΧΞιμ,
411 3459 513 3511 καὶ
548 3457 709 3520 αὐτὸς
740 3456 942 3527 άσεὸὴς
974 3454 1069 3519 ῶν,
1097 3456 1197 3527 τὴν
1224 3456 1395 3527 αὐτὴν
1423 3456 1669 3528 κατάραν
1705 3458 1806 3511 οὐκ

227 3554 355 3620 ἔσχε
383 3550 464 3619 τῷ
489 3549 614 3621 υῐῷ,
641 3548 925 3619 ἐπιγνώτω
944 3548 1020 3611 ὡς
1040 3550 1088 3601 εἰ
1114 3544 1183 3619 ἦν
1201 3547 1531 3619 λελεγμένον
1551 3548 1629 3618 τῷ
1654 3550 1804 3619 Χὰμ,

230 3662 249 3692 ι
288 3641 494 3704 Δοῦλος
528 3640 730 3694 δούλων
760 3640 911 3694 ἔσται
931 3682 946 3706 ,
987 3658 1005 3691 I
1038 3640 1137 3710 τῆς
1166 3639 1410 3704 δουλείας
1445 3640 1708 3711 μετέσχον
1741 3641 1807 3694 ἂν

225 3736 322 3787 καὶ
352 3734 405 3785 οἱ
434 3732 656 3801 ἀδελφοὶ
683 3731 867 3796 αὐτοῦ,
899 3733 974 3796 ὠς
1006 3734 1055 3786 οἱ
1077 3730 1174 3784 τοῦ
1205 3732 1431 3787 Χαναὰν
1453 3732 1670 3801 ἀδελφοὶ
1689 3732 1809 3785 δοῦ-

224 3828 308 3879 λοι
340 3827 594 3893 ἐγένοντο
618 3825 757 3879 κατὰ
781 3824 878 3896 τὴν
902 3824 1149 3896 κατάραν
1170 3865 1187 3892 ,
1209 3817 1285 3879 ὧν
1312 3824 1496 3888 δοῦλος
1520 3824 1808 3895 ἀπεφάνθη

224 3919 475 3972 Χαναὰν.

837 4116 1033 4171 ΕΡΩΤ.
1077 4117 1213 4174 NH'.

1891 1890 2173 1956 accedere,
2208 1892 2303 1946 sed
2332 1892 2624 1963 objurgare
2652 1909 2780 1948 eum
2810 1897 2902 1964 qui
2930 1897 3139 1964 primus
3167 1898 3394 1965 viderat,
3417 1915 3473 1957 et

1896 1979 2195 2044 illudehat;
2234 1981 2349 2050 ipse
2394 1997 2614 2053 quoque
2659 1999 2980 2054 persuasus,
3024 1997 3079 2041 et
3127 1991 3377 2055 accessit,
3416 2001 3473 2045 et

1895 2071 2051 2138 vidit,
2088 2071 2459 2142 fratribusque
2487 2076 2844 2130 renuntiavit.
2878 2075 2981 2132 Sed
3017 2078 3133 2133 haec
3156 2080 3476 2135 viderentur

1892 2179 2017 2219 esse
2068 2164 2340 2227 fabulosa,
2376 2165 2483 2220 nisi
2517 2168 2623 2221 hoc
2665 2167 2812 2236 quod
2846 2169 3094 2238 sequitur
3123 2171 3470 2227 demonstra-

1897 2258 2063 2313 tionis
2108 2258 2220 2312 vim
2259 2259 2527 2313 haberet:
2572 2277 2591 2310 ι
2622 2259 2689 2313 Et
2733 2260 3030 2315 suscitatus
3078 2270 3163 2316 est
3200 2280 3230 2317 a
3278 2279 3475 2320 somno

1895 2362 2018 2411 suo,
2050 2347 2249 2417 inquit,
2276 2357 2331 2402 et
2358 2348 2613 2419 cognovit
2642 2364 2985 2420 quaecunque
3014 2349 3216 2406 fecerat
3245 2354 3294 2408 ei
3324 2354 3476 2410 ﬁlius

1895 2455 2030 2495 suus
2059 2440 2249 2510 junior
2275 2453 2324 2496 α.
2366 2460 2384 2494 I
2423 2441 2595 2496 Cham
2632 2454 2815 2498 autem
2864 2459 2973 2498 non
3014 2453 3131 2498 erat
3159 2444 3280 2515 ejus
3325 2446 3472 2503 ﬁlius

1892 2531 2101 2601 junior,
2148 2534 2241 2587 sed
2283 2534 2748 2589 secuIIdus.¢SeIn
2777 2537 2948 2598 enim,
2971 2537 3171 2607 inquit,
3201 2549 3253 2594 et
3275 2539 3471 2608 Cham,

1896 2634 1952 2680 et
1976 2623 2170 2695 Japhet
2192 2626 2242 2679 ι).
2277 2644 2297 2679 ι
2325 2625 2479 2692 Quod
2510 2627 2757 2682 si'lilium
2782 2630 3067 2685 minimum
3094 2632 3477 2691 demonstrare

1898 2719 2132 2781 volebat,
2162 2716 2361 2787 Japhet
2389 2719 2745 2774 nominasset.
2780 2719 3052 2786 Quoniam
3092 2739 3224 2777 vero
3251 2726 3338 2778 avi
3374 2741 3474 2781 ne-

1898 2822 2072 2880 potes,
2106 2824 2171 2864 ac
2198 2824 2295 2864 eos
2322 2810 2485 2863 etiam
2521 2810 2616 2879 qui
2646 2811 2715 2865 ab
2753 2811 2840 2865 bis
2874 2812 3030 2882 longa
3060 2814 3203 2869 serie
3232 2830 3475 2870 nascun-

1901 2914 2010 2967 tur,
2052 2904 2230 2957 solent
2271 2902 2412 2958 ﬁlios
2448 2904 2741 2973 appellare,
2770 2903 3031 2960 Chanaan
3069 2917 3328 2977 nepotum
3367 2910 3476 2964 mi-

1901 2994 2113 3048 nimum
2146 2993 2280 3048 dicit
2309 2992 2599 3063 Scriptura
2629 2994 2907 3065 cognitum
2928 2995 3098 3051 fuisse
3132 3014 3160 3051 a
3187 2996 3320 3065 Noe,
3357 3015 3477 3055 sce-

1905 3086 2031 3141 leris
2066 3084 2230 3154 hujus
2264 3094 2544 3140 auctorem
2579 3086 2875 3141 exstitisse.
2904 3086 2971 3141 Et
3006 3089 3151 3157 quod
3183 3090 3286 3145 hoc
3314 3092 3385 3146 ita
3416 3108 3480 3149 se

1904 3172 2120 3237 habeat,
2175 3172 2456 3244 subjungit
2508 3174 2690 3229 statim
2745 3176 2963 3231 divinus
3010 3176 3226 3244 Sermo,
3257 3189 3309 3233 et
3354 3183 3474 3238 ait:

1911 3285 1929 3319 ι
1978 3267 2290 3324 Maledictus
2336 3267 2619 3335 Chanaan,
2659 3286 2851 3326 servus
2891 3288 3174 3327 servorum
3225 3276 3327 3330 erit
3368 3275 3478 3331 fra-

1904 3362 2080 3417 tribus
2109 3363 2223 3417 suis
2250 3373 2297 3417 ο.
2336 3381 2355 3415 ι
2394 3362 2550 3430 Quod
2580 3364 2627 3419 si
2656 3366 2782 3435 quis
2824 3366 3074 3431 miretur,
3121 3370 3477 3438 quamobrem

1903 3453 2097 3518 Cham,
2130 3470 2252 3509 cum
2280 3455 2396 3525 ipse
2418 3471 2635 3527 quoque
2660 3465 2806 3512 esset
2830 3458 3049 3528 impius,
3078 3461 3324 3515 eamdem
3349 3477 3479 3516 cum

1908 3544 2019 3599 ﬁlio
2070 3546 2504 3603 maledictiouem
2561 3564 2672 3604 non
2732 3551 2801 3604 sit
2850 3552 3096 3616 sortitus,
3164 3562 3481 3622 cognoscat,

1908 3636 2050 3706 quod
2092 3638 2136 3693 si
2164 3640 2305 3694 hanc
2337 3641 2566 3694 sortitus
2596 3650 2760 3704 esset,
2795 3642 3046 3696 videlicet
3084 3661 3102 3694 ι
3137 3658 3328 3699 servus
3360 3660 3480 3699 ser-

1905 3741 2098 3780 vorum
2148 3728 2272 3792 erit,
2306 3747 2327 3781 ι
2367 3731 2648 3787 servitutis
2690 3733 2853 3786 etiam
2903 3734 3194 3803 participes
3245 3735 3482 3790 fuissent

1911 3817 2106 3873 fratres
2153 3820 2292 3889 ejus.
2336 3820 2472 3876 Nam
2524 3836 2592 3878 ex
2626 3823 3003 3879 maledictione
3039 3825 3237 3880 fratres
3264 3841 3485 3896 quoque

1911 3911 2168 3967 Chanaan
2224 3914 2365 3967 servi
2401 3914 2621 3969 fuerunt
2658 3931 2871 3982 eorum,
2905 3933 3137 3988 quorum
3174 3933 3362 3975 servus
3389 3920 3484 3975 do-

1914 4004 2148 4060 claratus
2187 4015 2269 4062 est
2300 4006 2577 4061 Chanaan.

2370 4122 2473 4192 71
2521 4119 2797 4177 INTERR.
2844 4121 3027 4178 LVIII.

236 4232 300 4285 Τί
349 4229 583 4298 δήποτε
628 4230 889 4314 miriﬁci?
936 4231 1310 4314 éarymdzoc,
1340 4234 1374 4287 ό
1405 4232 1640 4286 ἐκείνου
1673 4232 1814 4298 παῖς

1915 4240 2113 4308 Quare,
2170 4255 2292 4293 cum
2338 4239 2510 4314 Cham,
2557 4241 2888 4314 deliquisset,
2930 4242 3075 4309 ﬁlim
3110 4243 3224 4314 ejus
3258 4241 3483 4295 maledi-

726 4300 967 4366 ἐδέξατο
1000 4300 1114 4369 τὴν
1140 4302 1295 4370 ἀράν
1311 4317 1331 4366 ;

305 4395 483 4463 Κοινῇ
516 4392 717 4456 πάντες
761 4392 899 4463 μετὰ
922 4393 1020 4463 τὴν
1055 4390 1151 4445 τοῦ
1181 4389 1567 4462 κατακλυσμοῦ
1600 4389 1814 4446 παῦλαν

2442 4312 2663 4365 ctionem
2691 4313 2912 4381 suscepit
2938 4315 2963 4369 ξ)

1985 4401 2249 4459 Cessante
2289 4403 2494 4459 diluvio
2520 4419 2709 4460 omnes
2738 4405 2941 4475 pariter
2978 4401 3369 4459 benedictionis
3407 4400 3488 4455 di-

231 4489 335 4558 τῆς
401 4486 555 4549 θείας
618 4484 914 4555 μετέλαχον
964 4484 1232 4553 εὐλογίας.
1291 4484 1574 4554 Τολμηρὸν
1631 4484 1810 4537 τοίνυν

1914 4491 2052 4546 vina:
2090 4491 2381 4561 participes
2414 4491 2541 4547 facti
2582 4500 2727 4547 sunt.
2762 4490 3140 4547 Temerarium
3181 4491 3343 4560 igitur
3368 4491 3488 4545 exi-

234 4578 517 4632 ὑπέλαϐεν
542 4580 571 4631 ό
591 4577 737 4640 Νῶε,
760 4577 1060 4647 ἐπαγαγεῖν
1084 4577 1224 4649 ὰρὰν
1248 4576 1326 4647 τῷ
1354 4576 1453 4645 τῆς
1485 4575 1634 4640 θείας
1660 4576 1812 4629 εὐλο-

1921 4579 2161 4632 stimavit
2189 4576 2304 4634 Noe
2354 4580 2788 4636 maledictiouem
2820 4581 2899 4636 illi
2930 4580 3154 4645 inferre,
3187 4581 3281 4651 qui
3321 4579 3486 4634 bene-

238 4672 369 4739 γίας
422 4669 799 4741 μετειληχότι*
843 4668 1036 4722 τούτου
1070 4669 1232 4740 χάριν
1281 4667 1357 4735 τῷ
1404 4668 1613 4720 ἐκείνου
1662 4668 1815 4722 παιδὶ

1922 4670 2215 4727 dictionem
2274 4673 2517 4728 divinam
2565 4683 2888 4733 consecutus
2930 4684 3050 4732 erat
3081 4695 3095 4731 :
3125 4672 3486 4743 quamobrem

314 4844 340 4871 ²
379 4834 515 4889 Gen.
560 4850 638 4898 Ix,
694 4833 779 4889 l8.
854 4845 881 4873 ι
922 4833 1075 4902 ibid.,
1112 4834 1201 4889 24.
1278 4834 1308 4874 b
1337 4834 1465 4890 ibid.
1520 4834 1607 4890 18.

1686 4847 1707 4874 ο
1743 4836 1875 4892 ibid.
1912 4836 2002 4893 25.

1092 4970 1330 5026 ἾΑΒΙᾹΞ
1389 4970 1772 5029 LECTIONES
1816 4974 1909 5029 EX
1947 4974 2226 5031 CATENA
2274 4975 2633 5033 LIPSIENSI.

318 5098 368 5127 τ’
396 5096 520 5149 Cat.
543 5110 600 5164 p.
625 5090 746 5147 161.
780 5089 879 5160 τὴν
908 5088 1202 5162 ὁμοιότητα
1238 5088 1333 5142 τοῦ
1362 5088 1600 5157 Πατρός.

1783 5202 2015 5260 ΝΟΤΔΕ.

324 5354 440 5427 (69)
474 5353 845 5427 ρῑκειότητα.
878 5351 1011 5427 Cod.
1038 5361 1096 5427 et_
1141 5349 1252 5427 Pic.
1286 5350 1601 5420 ὁμοιότητα.

329 5419 440 5495 (το)
474 5419 610 5495 Ἦν.
640 5424 789 5495 Cod.
807 5434 863 5477 et
894 5423 1005 5495 Pic.
1027 5421 1221 5495 αὑτός.

645 5464 917 5563 .-
928 5464 1299 5565 δόάῗξιήρἰο.
1328 5464 1704 5565 εἱᾷὅμοιοςῄῇν.
1738 5491 1819 5545 Ad

1989 5349 2100 5416 (73)
2135 5347 2273 5403 Cod.
2306 5356 2360 5403 et
2388 5344 2501 5402 Pic.
2525 5346 2806 5415 ἐγγόνους.

1991 5418 2784 5493 (Ζυοού-ειιῗίοτὲγγάνειξγ·
2927 5485 2977 5493 -.
3111 5482 3124 5493 .
3275 5481 3291 5493 .
3390 5479 3401 5493 .

2126 5489 2351 5554 Δοῦλος
2384 5481 2636 5542 eorum».
2689 5486 2784 5541 llis
2834 5485 3011 5540 verbis
3050 5482 3219 5539 utitur
3262 5481 3480 5557 Aquila.

252 5555 555 5633 marginem
582 5555 769 5634 itaque
830 5555 1038 5617 notavit
1088 5563 1291 5617 Picus:
1325 5582 1342 5612 ι
1385 5555 1542 5616 Deest
1586 5555 1695 5613 ἔδει
1726 5572 1815 5616 aut

1918 5562 1966 5634 0_i
1988 5555 2041 5612 0'
2074 5555 2273 5614 habent
2320 5562 2448 5634 παῖς
2473 5560 2709 5634 οἰκέτης,
2748 5573 2890 5626 quos
2931 5557 3036 5634 alio
3066 5557 3186 5634 loco
3235 5555 3485 5622 sequitur

253 5639 454 5693 simile.
487 5654 505 5686 ι

331 5707 440 5777 (72)
474 5706 604 5762 Cod.
624 5715 677 5763 et
700 5704 821 5761 Pic.
859 5702 1075 5774 μικρός.

1919 5631 2314 5685 Theodoretus.
2348 5631 2467 5683 Vid.
2492 5622 2917 5698 infra'interrog.
2958 5627 3022 5680 12
3066 5628 3117 5681 in
3152 5622 3407 5680 Josuam.
