  <div class='ocr_page' id='page_1' title='image "/cluster/home/n/w/nwhite01/storage/ocr_20150623/80/hvd.32044009825613/099.png"; bbox 0 0 3964 6544; ppageno 0'>
   <div class='ocr_carea' id='block_1_1' title="bbox 541 313 646 380">
    <p class='ocr_par' dir='ltr' id='par_1_1' title="bbox 541 313 646 380">
     <span class='ocr_line' id='line_1_1' title="bbox 541 313 646 380; baseline 0.029 -3"><span class='ocrx_word' id='word_1_1' title='bbox 541 313 646 380; x_wconf 77' lang='grc'><strong>163</strong></span> 
     </span>
    </p>
   </div>
   <div class='ocr_carea' id='block_1_2' title="bbox 1523 315 2792 382">
    <p class='ocr_par' dir='ltr' id='par_1_2' title="bbox 1523 315 2792 382">
     <span class='ocr_line' id='line_1_2' title="bbox 1523 315 2792 382; baseline 0.004 -7"><span class='ocrx_word' id='word_1_2' title='bbox 1523 315 2008 376; x_wconf 80' lang='lat' dir='ltr'><strong>TIIEODORE&#39;I‘I</strong></span> <span class='ocrx_word' id='word_1_3' title='bbox 2038 318 2381 381; x_wconf 84' lang='lat' dir='ltr'>EPISCOPI</span> <span class='ocrx_word' id='word_1_4' title='bbox 2422 321 2792 382; x_wconf 83' lang='lat' dir='ltr'><strong>CYRENSIS</strong></span> 
     </span>
    </p>
   </div>
   <div class='ocr_carea' id='block_1_3' title="bbox 3684 325 3821 390">
    <p class='ocr_par' dir='ltr' id='par_1_3' title="bbox 3684 325 3821 390">
     <span class='ocr_line' id='line_1_3' title="bbox 3684 325 3821 390; baseline -0.015 0"><span class='ocrx_word' id='word_1_5' title='bbox 3684 325 3821 390; x_wconf 68' lang='grc'>164</span> 
     </span>
    </p>
   </div>
   <div class='ocr_carea' id='block_1_4' title="bbox 532 428 2099 510">
    <p class='ocr_par' dir='ltr' id='par_1_4' title="bbox 532 428 2099 499">
     <span class='ocr_line' id='line_1_4' title="bbox 532 428 2099 499; baseline -0.001 -16"><span class='ocrx_word' id='word_1_6' title='bbox 532 429 657 496; x_wconf 77' lang='lat' dir='ltr'><strong>ejus</strong></span> <span class='ocrx_word' id='word_1_7' title='bbox 699 430 807 485; x_wconf 85' lang='lat' dir='ltr'><strong>lilio</strong></span> <span class='ocrx_word' id='word_1_8' title='bbox 848 428 1279 483; x_wconf 81' lang='lat' dir='ltr'><strong>maledictionem</strong></span> <span class='ocrx_word' id='word_1_9' title='bbox 1322 428 1521 483; x_wconf 92' lang='lat' dir='ltr'><strong>intulit.</strong></span> <span class='ocrx_word' id='word_1_10' title='bbox 1558 428 1656 483; x_wconf 88' lang='lat' dir='ltr'><strong>Est</strong></span> <span class='ocrx_word' id='word_1_11' title='bbox 1695 437 1874 484; x_wconf 89' lang='lat' dir='ltr'><strong>autem</strong></span> <span class='ocrx_word' id='word_1_12' title='bbox 1904 429 2099 499; x_wconf 89' lang='lat' dir='ltr'><strong>suppli-</strong></span> 
     </span>
    </p>
   </div>
   <div class='ocr_carea' id='block_1_5' title="bbox 2186 428 3819 510">
    <p class='ocr_par' dir='ltr' id='par_1_5' title="bbox 2212 435 3819 510">
     <span class='ocr_line' id='line_1_5' title="bbox 2212 435 3819 510; baseline 0.004 -24"><span class='ocrx_word' id='word_1_13' title='bbox 2212 435 2551 504; x_wconf 80' lang='grc' dir='ltr'><strong>περιτέθεικε</strong></span> <span class='ocrx_word' id='word_1_14' title='bbox 2584 438 2686 508; x_wconf 84' lang='grc' dir='ltr'><strong>τὴν</strong></span> <span class='ocrx_word' id='word_1_15' title='bbox 2734 436 2894 507; x_wconf 89' lang='grc' dir='ltr'>ἀράν.</span> <span class='ocrx_word' id='word_1_16' title='bbox 2934 437 3088 507; x_wconf 85' lang='grc' dir='ltr'><strong>Ἔχει</strong></span> <span class='ocrx_word' id='word_1_17' title='bbox 3121 436 3177 490; x_wconf 86' lang='grc' dir='ltr'>δὲ</span> <span class='ocrx_word' id='word_1_18' title='bbox 3226 436 3319 490; x_wconf 80' lang='grc' dir='ltr'><strong>καὶ</strong></span> <span class='ocrx_word' id='word_1_19' title='bbox 3371 438 3404 507; x_wconf 81' lang='grc' dir='ltr'>ἡ</span> <span class='ocrx_word' id='word_1_20' title='bbox 3454 448 3693 510; x_wconf 75' lang='grc' dir='ltr'><strong>τιμωρία</strong></span> <span class='ocrx_word' id='word_1_21' title='bbox 3724 441 3819 493; x_wconf 81' lang='grc' dir='ltr'><strong>τὸ</strong></span> 
     </span>
    </p>
   </div>
   <div class='ocr_carea' id='block_1_6' title="bbox 534 518 2097 588">
    <p class='ocr_par' dir='ltr' id='par_1_6' title="bbox 534 518 2097 588">
     <span class='ocr_line' id='line_1_6' title="bbox 534 518 2097 588; baseline 0.001 -16"><span class='ocrx_word' id='word_1_22' title='bbox 534 522 680 573; x_wconf 85' lang='lat' dir='ltr'><strong>cium</strong></span> <span class='ocrx_word' id='word_1_23' title='bbox 728 520 953 588; x_wconf 85' lang='lat' dir='ltr'><strong>justum.</strong></span> <span class='ocrx_word' id='word_1_24' title='bbox 991 520 1126 583; x_wconf 84' lang='lat' dir='ltr'><strong>Quia</strong></span> <span class='ocrx_word' id='word_1_25' title='bbox 1157 518 1323 581; x_wconf 91' lang='lat' dir='ltr'><strong>enim,</strong></span> <span class='ocrx_word' id='word_1_26' title='bbox 1348 532 1483 581; x_wconf 82' lang='lat' dir='ltr'><strong>cum</strong></span> <span class='ocrx_word' id='word_1_27' title='bbox 1519 518 1662 573; x_wconf 90' lang='lat' dir='ltr'><strong>lilius</strong></span> <span class='ocrx_word' id='word_1_28' title='bbox 1694 528 1871 582; x_wconf 90' lang='lat' dir='ltr'><strong>esset,</strong></span> <span class='ocrx_word' id='word_1_29' title='bbox 1912 519 1965 571; x_wconf 90' lang='lat' dir='ltr'><strong>in</strong></span> <span class='ocrx_word' id='word_1_30' title='bbox 2002 534 2097 588; x_wconf 83' lang='lat' dir='ltr'><strong>pa-</strong></span> 
     </span>
    </p>
   </div>
   <div class='ocr_carea' id='block_1_7' title="bbox 532 609 2103 680">
    <p class='ocr_par' dir='ltr' id='par_1_7' title="bbox 532 609 2103 680">
     <span class='ocr_line' id='line_1_7' title="bbox 532 609 2103 680; baseline 0.001 -16"><span class='ocrx_word' id='word_1_31' title='bbox 532 620 669 664; x_wconf 84' lang='lat' dir='ltr'><strong>trem</strong></span> <span class='ocrx_word' id='word_1_32' title='bbox 702 610 948 679; x_wconf 85' lang='lat' dir='ltr'><strong>deliquit.</strong></span> <span class='ocrx_word' id='word_1_33' title='bbox 988 613 1056 663; x_wconf 86' lang='lat' dir='ltr'><strong>ob</strong></span> <span class='ocrx_word' id='word_1_34' title='bbox 1100 610 1151 665; x_wconf 89' lang='lat' dir='ltr'><strong>id</strong></span> <span class='ocrx_word' id='word_1_35' title='bbox 1190 625 1283 680; x_wconf 89' lang='lat' dir='ltr'><strong>per</strong></span> <span class='ocrx_word' id='word_1_36' title='bbox 1317 609 1409 663; x_wconf 88' lang='lat' dir='ltr'><strong>lilii</strong></span> <span class='ocrx_word' id='word_1_37' title='bbox 1450 609 1883 664; x_wconf 83' lang='lat' dir='ltr'><strong>maledictionem</strong></span> <span class='ocrx_word' id='word_1_38' title='bbox 1913 625 2103 679; x_wconf 75' lang='lat' dir='ltr'><strong>pcenas</strong></span> 
     </span>
    </p>
   </div>
   <div class='ocr_carea' id='block_1_8' title="bbox 532 699 2101 771">
    <p class='ocr_par' dir='ltr' id='par_1_8' title="bbox 532 699 2101 771">
     <span class='ocr_line' id='line_1_8' title="bbox 532 699 2101 771; baseline 0.003 -19"><span class='ocrx_word' id='word_1_39' title='bbox 532 702 651 754; x_wconf 91' lang='lat' dir='ltr'><strong>luit.</strong></span> <span class='ocrx_word' id='word_1_40' title='bbox 697 700 776 753; x_wconf 84' lang='lat' dir='ltr'><strong>Ad</strong></span> <span class='ocrx_word' id='word_1_41' title='bbox 815 701 927 754; x_wconf 58' lang='lat' dir='ltr'><strong>haec</strong></span> <span class='ocrx_word' id='word_1_42' title='bbox 950 699 1405 753; x_wconf 84' lang='lat' dir='ltr'><strong>considerandum</strong></span> <span class='ocrx_word' id='word_1_43' title='bbox 1438 708 1523 755; x_wconf 90' lang='lat' dir='ltr'><strong>est</strong></span> <span class='ocrx_word' id='word_1_44' title='bbox 1551 700 1706 765; x_wconf 92' lang='lat' dir='ltr'><strong>illud,</strong></span> <span class='ocrx_word' id='word_1_45' title='bbox 1738 701 1882 771; x_wconf 89' lang='lat' dir='ltr'><strong>quod</strong></span> <span class='ocrx_word' id='word_1_46' title='bbox 1911 703 1957 755; x_wconf 90' lang='lat' dir='ltr'><strong>si</strong></span> <span class='ocrx_word' id='word_1_47' title='bbox 1987 702 2101 771; x_wconf 81' lang='lat' dir='ltr'><strong>ipse</strong></span> 
     </span>
    </p>
   </div>
   <div class='ocr_carea' id='block_1_9' title="bbox 523 792 2099 862">
    <p class='ocr_par' dir='ltr' id='par_1_9' title="bbox 523 792 2099 862">
     <span class='ocr_line' id='line_1_9' title="bbox 523 792 2099 862; baseline 0.003 -19"><span class='ocrx_word' id='word_1_48' title='bbox 523 792 697 844; x_wconf 88' lang='lat' dir='ltr'><strong>Cham</strong></span> <span class='ocrx_word' id='word_1_49' title='bbox 752 792 1183 845; x_wconf 88' lang='lat' dir='ltr'><strong>maledictioncm</strong></span> <span class='ocrx_word' id='word_1_50' title='bbox 1233 792 1581 861; x_wconf 80' lang='lat' dir='ltr'><strong>suscepisset,</strong></span> <span class='ocrx_word' id='word_1_51' title='bbox 1624 792 1675 845; x_wconf 93' lang='lat' dir='ltr'><strong>in</strong></span> <span class='ocrx_word' id='word_1_52' title='bbox 1723 800 1895 846; x_wconf 90' lang='lat' dir='ltr'><strong>totum</strong></span> <span class='ocrx_word' id='word_1_53' title='bbox 1928 808 2099 862; x_wconf 82' lang='lat' dir='ltr'><strong>genus</strong></span> 
     </span>
    </p>
   </div>
   <div class='ocr_carea' id='block_1_10' title="bbox 528 883 2097 953">
    <p class='ocr_par' dir='ltr' id='par_1_10' title="bbox 528 883 2097 953">
     <span class='ocr_line' id='line_1_10' title="bbox 528 883 2097 953; baseline 0.003 -18"><span class='ocrx_word' id='word_1_54' title='bbox 528 883 837 937; x_wconf 81' lang='lat' dir='ltr'><strong>maledictio</strong></span> <span class='ocrx_word' id='word_1_55' title='bbox 878 899 940 937; x_wconf 89' lang='lat' dir='ltr'><strong>ea</strong></span> <span class='ocrx_word' id='word_1_56' title='bbox 981 892 1264 953; x_wconf 81' lang='lat' dir='ltr'><strong>pervagata</strong></span> <span class='ocrx_word' id='word_1_57' title='bbox 1298 883 1509 938; x_wconf 83' lang='lat' dir='ltr'><strong>fuisset.</strong></span> <span class='ocrx_word' id='word_1_58' title='bbox 1553 884 1776 949; x_wconf 86' lang='lat' dir='ltr'><strong>Verum,</strong></span> <span class='ocrx_word' id='word_1_59' title='bbox 1808 885 2097 941; x_wconf 78' lang='lat' dir='ltr'><strong>minimum</strong></span> 
     </span>
    </p>
   </div>
   <div class='ocr_carea' id='block_1_11' title="bbox 524 974 2094 1044">
    <p class='ocr_par' dir='ltr' id='par_1_11' title="bbox 524 974 2094 1044">
     <span class='ocr_line' id='line_1_11' title="bbox 524 974 2094 1044; baseline 0.003 -18"><span class='ocrx_word' id='word_1_60' title='bbox 524 975 695 1027; x_wconf 80' lang='lat' dir='ltr'><strong>lilium</strong></span> <span class='ocrx_word' id='word_1_61' title='bbox 733 975 999 1043; x_wconf 87' lang='lat' dir='ltr'><strong>ejusmodi</strong></span> <span class='ocrx_word' id='word_1_62' title='bbox 1032 975 1385 1044; x_wconf 83' lang='lat' dir='ltr'><strong>castigatione</strong></span> <span class='ocrx_word' id='word_1_63' title='bbox 1422 975 1741 1044; x_wconf 85' lang='lat' dir='ltr'><strong>increpavit.</strong></span> <span class='ocrx_word' id='word_1_64' title='bbox 1776 974 1889 1030; x_wconf 81' lang='lat' dir='ltr'><strong>Hoc</strong></span> <span class='ocrx_word' id='word_1_65' title='bbox 1915 985 2094 1031; x_wconf 90' lang='lat' dir='ltr'><strong>autem</strong></span> 
     </span>
    </p>
   </div>
   <div class='ocr_carea' id='block_1_12' title="bbox 525 1067 2095 1137">
    <p class='ocr_par' dir='ltr' id='par_1_12' title="bbox 525 1067 2095 1137">
     <span class='ocr_line' id='line_1_12' title="bbox 525 1067 2095 1137; baseline 0.004 -18"><span class='ocrx_word' id='word_1_66' title='bbox 525 1067 827 1131; x_wconf 85' lang='lat' dir='ltr'><strong>sciendum,</strong></span> <span class='ocrx_word' id='word_1_67' title='bbox 878 1068 1023 1136; x_wconf 84' lang='lat' dir='ltr'><strong>quod</strong></span> <span class='ocrx_word' id='word_1_68' title='bbox 1073 1068 1233 1121; x_wconf 86' lang='lat' dir='ltr'><strong>verba</strong></span> <span class='ocrx_word' id='word_1_69' title='bbox 1278 1068 1433 1137; x_wconf 90' lang='lat' dir='ltr'><strong>justi,</strong></span> <span class='ocrx_word' id='word_1_70' title='bbox 1474 1083 1581 1122; x_wconf 92' lang='lat' dir='ltr'><strong>non</strong></span> <span class='ocrx_word' id='word_1_71' title='bbox 1636 1069 1964 1135; x_wconf 86' lang='lat' dir='ltr'><strong>maledictio,</strong></span> <span class='ocrx_word' id='word_1_72' title='bbox 1998 1070 2095 1125; x_wconf 82' lang='lat' dir='ltr'><strong>sed</strong></span> 
     </span>
    </p>
   </div>
   <div class='ocr_carea' id='block_1_13' title="bbox 526 1157 2095 1231">
    <p class='ocr_par' dir='ltr' id='par_1_13' title="bbox 526 1157 2095 1231">
     <span class='ocr_line' id='line_1_13' title="bbox 526 1157 2095 1231; baseline 0.005 -22"><span class='ocrx_word' id='word_1_73' title='bbox 526 1158 805 1226; x_wconf 81' lang='lat' dir='ltr'><strong>prophetia</strong></span> <span class='ocrx_word' id='word_1_74' title='bbox 846 1168 990 1212; x_wconf 91' lang='lat' dir='ltr'><strong>sunt.</strong></span> <span class='ocrx_word' id='word_1_75' title='bbox 1025 1157 1157 1212; x_wconf 89' lang='lat' dir='ltr'><strong>Nam</strong></span> <span class='ocrx_word' id='word_1_76' title='bbox 1194 1175 1316 1213; x_wconf 93' lang='lat' dir='ltr'><strong>cum</strong></span> <span class='ocrx_word' id='word_1_77' title='bbox 1350 1159 1509 1215; x_wconf 90' lang='lat' dir='ltr'><strong>Israel</strong></span> <span class='ocrx_word' id='word_1_78' title='bbox 1545 1175 1611 1215; x_wconf 78' lang='lat' dir='ltr'><strong>ex</strong></span> <span class='ocrx_word' id='word_1_79' title='bbox 1649 1160 1773 1215; x_wconf 89' lang='lat' dir='ltr'><strong>Sem</strong></span> <span class='ocrx_word' id='word_1_80' title='bbox 1799 1177 1969 1231; x_wconf 82' lang='lat' dir='ltr'><strong>genus</strong></span> <span class='ocrx_word' id='word_1_81' title='bbox 1994 1164 2095 1217; x_wconf 81' lang='lat' dir='ltr'><strong>du-</strong></span> 
     </span>
    </p>
   </div>
   <div class='ocr_carea' id='block_1_14' title="bbox 521 1246 2093 1322">
    <p class='ocr_par' dir='ltr' id='par_1_14' title="bbox 521 1246 2093 1322">
     <span class='ocr_line' id='line_1_14' title="bbox 521 1246 2093 1322; baseline 0.006 -23"><span class='ocrx_word' id='word_1_82' title='bbox 521 1262 674 1308; x_wconf 89' lang='lat' dir='ltr'><strong>cens,</strong></span> <span class='ocrx_word' id='word_1_83' title='bbox 715 1246 1052 1301; x_wconf 73' lang='lat' dir='ltr'><strong>Palzestinam</strong></span> <span class='ocrx_word' id='word_1_84' title='bbox 1100 1252 1115 1268; x_wconf 83' lang='lat'><strong><em>‘</em></strong></span> <span class='ocrx_word' id='word_1_85' title='bbox 1155 1261 1521 1319; x_wconf 86' lang='lat' dir='ltr'><strong>occupaturus</strong></span> <span class='ocrx_word' id='word_1_86' title='bbox 1568 1262 1727 1317; x_wconf 86' lang='lat' dir='ltr'><strong>esset,</strong></span> <span class='ocrx_word' id='word_1_87' title='bbox 1771 1269 1933 1322; x_wconf 87' lang='lat' dir='ltr'><strong>quam</strong></span> <span class='ocrx_word' id='word_1_88' title='bbox 1967 1256 2093 1309; x_wconf 92' lang='lat' dir='ltr'><strong>olim</strong></span> 
     </span>
    </p>
   </div>
   <div class='ocr_carea' id='block_1_15' title="bbox 524 1340 2095 1410">
    <p class='ocr_par' dir='ltr' id='par_1_15' title="bbox 524 1340 2095 1410">
     <span class='ocr_line' id='line_1_15' title="bbox 524 1340 2095 1410; baseline 0.007 -19"><span class='ocrx_word' id='word_1_89' title='bbox 524 1340 882 1405; x_wconf 86' lang='lat' dir='ltr'><strong>incoluerant,</strong></span> <span class='ocrx_word' id='word_1_90' title='bbox 915 1342 1005 1410; x_wconf 90' lang='lat' dir='ltr'><strong>qui</strong></span> <span class='ocrx_word' id='word_1_91' title='bbox 1046 1358 1111 1395; x_wconf 76' lang='lat' dir='ltr'><strong>ex</strong></span> <span class='ocrx_word' id='word_1_92' title='bbox 1151 1343 1406 1397; x_wconf 82' lang='lat' dir='ltr'><strong>Chanaan</strong></span> <span class='ocrx_word' id='word_1_93' title='bbox 1441 1346 1853 1409; x_wconf 85' lang='lat' dir='ltr'><strong>descenderant,</strong></span> <span class='ocrx_word' id='word_1_94' title='bbox 1888 1348 1939 1399; x_wconf 92' lang='lat' dir='ltr'><strong>iu</strong></span> <span class='ocrx_word' id='word_1_95' title='bbox 1980 1363 2095 1402; x_wconf 88' lang='lat' dir='ltr'><strong>ma-</strong></span> 
     </span>
    </p>
   </div>
   <div class='ocr_carea' id='block_1_16' title="bbox 523 1429 2091 1505">
    <p class='ocr_par' dir='ltr' id='par_1_16' title="bbox 523 1429 2091 1505">
     <span class='ocr_line' id='line_1_16' title="bbox 523 1429 2091 1505; baseline 0.005 -24"><span class='ocrx_word' id='word_1_96' title='bbox 523 1429 827 1484; x_wconf 87' lang='lat' dir='ltr'><strong>ledictionis</strong></span> <span class='ocrx_word' id='word_1_97' title='bbox 885 1431 1115 1484; x_wconf 80' lang='lat' dir='ltr'><strong>formam</strong></span> <span class='ocrx_word' id='word_1_98' title='bbox 1164 1433 1501 1502; x_wconf 89' lang='lat' dir='ltr'><strong>pr0pheliam</strong></span> <span class='ocrx_word' id='word_1_99' title='bbox 1554 1434 1743 1499; x_wconf 75' lang='lat' dir='ltr'><strong>eﬂ‘ert;</strong></span> <span class='ocrx_word' id='word_1_100' title='bbox 1794 1436 2091 1505; x_wconf 68' lang='lat' dir='ltr'><strong>praedicens</strong></span> 
     </span>
    </p>
   </div>
   <div class='ocr_carea' id='block_1_17' title="bbox 521 1519 2092 1592">
    <p class='ocr_par' dir='ltr' id='par_1_17' title="bbox 521 1519 2092 1592">
     <span class='ocr_line' id='line_1_17' title="bbox 521 1519 2092 1592; baseline 0.006 -25"><span class='ocrx_word' id='word_1_101' title='bbox 521 1519 739 1585; x_wconf 79' lang='lat' dir='ltr'><strong>quidem</strong></span> <span class='ocrx_word' id='word_1_102' title='bbox 790 1519 991 1582; x_wconf 80' lang='lat' dir='ltr'><strong>futura,</strong></span> <span class='ocrx_word' id='word_1_103' title='bbox 1027 1524 1310 1575; x_wconf 77' lang='lat' dir='ltr'><strong>deteri-eus</strong></span> <span class='ocrx_word' id='word_1_104' title='bbox 1360 1530 1542 1575; x_wconf 90' lang='lat' dir='ltr'><strong>autem</strong></span> <span class='ocrx_word' id='word_1_105' title='bbox 1580 1532 1844 1590; x_wconf 88' lang='lat' dir='ltr'><strong>posteros,</strong></span> <span class='ocrx_word' id='word_1_106' title='bbox 1876 1538 1941 1577; x_wconf 89' lang='lat' dir='ltr'><strong>ne</strong></span> <span class='ocrx_word' id='word_1_107' title='bbox 1966 1537 2092 1592; x_wconf 90' lang='lat' dir='ltr'><strong>pec-</strong></span> 
     </span>
    </p>
   </div>
   <div class='ocr_carea' id='block_1_18' title="bbox 516 1610 2091 1679">
    <p class='ocr_par' dir='ltr' id='par_1_18' title="bbox 516 1610 2091 1679">
     <span class='ocr_line' id='line_1_18' title="bbox 516 1610 2091 1679; baseline 0.003 -18"><span class='ocrx_word' id='word_1_108' title='bbox 516 1618 643 1662; x_wconf 91' lang='lat' dir='ltr'><strong>cent</strong></span> <span class='ocrx_word' id='word_1_109' title='bbox 684 1610 737 1661; x_wconf 92' lang='lat' dir='ltr'><strong>in</strong></span> <span class='ocrx_word' id='word_1_110' title='bbox 772 1619 1042 1677; x_wconf 88' lang='lat' dir='ltr'><strong>parentes.</strong></span> <span class='ocrx_word' id='word_1_111' title='bbox 1091 1611 1146 1663; x_wconf 93' lang='lat' dir='ltr'><strong>Id</strong></span> <span class='ocrx_word' id='word_1_112' title='bbox 1180 1610 1327 1679; x_wconf 92' lang='lat' dir='ltr'><strong>quod</strong></span> <span class='ocrx_word' id='word_1_113' title='bbox 1368 1625 1467 1663; x_wconf 88' lang='lat' dir='ltr'><strong>nos</strong></span> <span class='ocrx_word' id='word_1_114' title='bbox 1510 1620 1693 1679; x_wconf 90' lang='lat' dir='ltr'><strong>aperte</strong></span> <span class='ocrx_word' id='word_1_115' title='bbox 1736 1612 1888 1665; x_wconf 84' lang='lat' dir='ltr'><strong>docet</strong></span> <span class='ocrx_word' id='word_1_116' title='bbox 1930 1612 2091 1666; x_wconf 86' lang='lat' dir='ltr'><strong>bene-</strong></span> 
     </span>
    </p>
   </div>
   <div class='ocr_carea' id='block_1_19' title="bbox 518 1701 2085 1769">
    <p class='ocr_par' dir='ltr' id='par_1_19' title="bbox 518 1701 2085 1769">
     <span class='ocr_line' id='line_1_19' title="bbox 518 1701 2085 1769; baseline 0.003 -17"><span class='ocrx_word' id='word_1_117' title='bbox 518 1701 690 1754; x_wconf 87' lang='lat' dir='ltr'><strong>dictio</strong></span> <span class='ocrx_word' id='word_1_118' title='bbox 728 1701 851 1754; x_wconf 85' lang='lat' dir='ltr'><strong>Sem</strong></span> <span class='ocrx_word' id='word_1_119' title='bbox 891 1718 907 1756; x_wconf 86' lang='lat'><strong>:</strong></span> <span class='ocrx_word' id='word_1_120' title='bbox 952 1720 969 1752; x_wconf 78' lang='grc' dir='ltr'><strong>ι</strong></span> <span class='ocrx_word' id='word_1_121' title='bbox 1012 1701 1355 1765; x_wconf 81' lang='lat' dir='ltr'><strong>Benedictus,</strong></span> <span class='ocrx_word' id='word_1_122' title='bbox 1404 1703 1599 1769; x_wconf 82' lang='lat' dir='ltr'><strong>inquit,</strong></span> <span class='ocrx_word' id='word_1_123' title='bbox 1642 1703 1905 1757; x_wconf 89' lang='lat' dir='ltr'><strong>Dominus</strong></span> <span class='ocrx_word' id='word_1_124' title='bbox 1943 1704 2085 1757; x_wconf 88' lang='lat' dir='ltr'><strong>Deus</strong></span> 
     </span>
    </p>
   </div>
   <div class='ocr_carea' id='block_1_20' title="bbox 521 1781 2163 1863">
    <p class='ocr_par' dir='ltr' id='par_1_20' title="bbox 521 1781 2163 1863">
     <span class='ocr_line' id='line_1_20' title="bbox 521 1781 2163 1863; baseline 0.003 -20"><span class='ocrx_word' id='word_1_125' title='bbox 521 1789 670 1852; x_wconf 88' lang='lat' dir='ltr'><strong>Sem,</strong></span> <span class='ocrx_word' id='word_1_126' title='bbox 714 1800 767 1845; x_wconf 88' lang='lat' dir='ltr'><strong>et</strong></span> <span class='ocrx_word' id='word_1_127' title='bbox 804 1792 906 1845; x_wconf 87' lang='lat' dir='ltr'><strong>erit</strong></span> <span class='ocrx_word' id='word_1_128' title='bbox 949 1792 1207 1846; x_wconf 86' lang='lat' dir='ltr'><strong>Chanaan</strong></span> <span class='ocrx_word' id='word_1_129' title='bbox 1253 1808 1439 1847; x_wconf 86' lang='lat' dir='ltr'><strong>servus</strong></span> <span class='ocrx_word' id='word_1_130' title='bbox 1486 1794 1601 1863; x_wconf 91' lang='lat' dir='ltr'><strong>ejus</strong></span> <span class='ocrx_word' id='word_1_131' title='bbox 1638 1793 1686 1846; x_wconf 75' lang='grc' dir='ltr'>ἀ.</span> <span class='ocrx_word' id='word_1_132' title='bbox 1723 1815 1741 1845; x_wconf 74' lang='grc' dir='ltr'><strong>ι</strong></span> <span class='ocrx_word' id='word_1_133' title='bbox 1787 1792 1905 1848; x_wconf 84' lang='lat' dir='ltr'><strong>Non</strong></span> <span class='ocrx_word' id='word_1_134' title='bbox 1941 1794 2089 1849; x_wconf 91' lang='lat' dir='ltr'><strong>enim</strong></span> <span class='ocrx_word' id='word_1_135' title='bbox 2120 1781 2163 1836; x_wconf 77' lang='grc' dir='ltr'>Β</span> 
     </span>
    </p>
   </div>
   <div class='ocr_carea' id='block_1_21' title="bbox 515 1884 2085 1956">
    <p class='ocr_par' dir='ltr' id='par_1_21' title="bbox 515 1884 2085 1956">
     <span class='ocr_line' id='line_1_21' title="bbox 515 1884 2085 1956; baseline 0.003 -20"><span class='ocrx_word' id='word_1_136' title='bbox 515 1884 892 1939; x_wconf 91' lang='lat' dir='ltr'><strong>duobushunc</strong></span> <span class='ocrx_word' id='word_1_137' title='bbox 910 1886 1156 1953; x_wconf 89' lang='lat' dir='ltr'><strong>subjecit,</strong></span> <span class='ocrx_word' id='word_1_138' title='bbox 1195 1886 1289 1940; x_wconf 92' lang='lat' dir='ltr'><strong>sed</strong></span> <span class='ocrx_word' id='word_1_139' title='bbox 1312 1887 1408 1940; x_wconf 92' lang='lat' dir='ltr'><strong>soli</strong></span> <span class='ocrx_word' id='word_1_140' title='bbox 1438 1885 1581 1941; x_wconf 91' lang='lat' dir='ltr'><strong>Sem.</strong></span> <span class='ocrx_word' id='word_1_141' title='bbox 1614 1885 1677 1939; x_wconf 85' lang='lat' dir='ltr'><strong>Et</strong></span> <span class='ocrx_word' id='word_1_142' title='bbox 1698 1885 1927 1956; x_wconf 86' lang='lat' dir='ltr'><strong>Japheth</strong></span> <span class='ocrx_word' id='word_1_143' title='bbox 1963 1888 2085 1956; x_wconf 89' lang='lat' dir='ltr'><strong>qui—</strong></span> 
     </span>
    </p>
   </div>
   <div class='ocr_carea' id='block_1_22' title="bbox 517 1975 2095 2046">
    <p class='ocr_par' dir='ltr' id='par_1_22' title="bbox 517 1975 2095 2046">
     <span class='ocr_line' id='line_1_22' title="bbox 517 1975 2095 2046; baseline 0.001 -17"><span class='ocrx_word' id='word_1_144' title='bbox 517 1976 639 2029; x_wconf 90' lang='lat' dir='ltr'><strong>dem</strong></span> <span class='ocrx_word' id='word_1_145' title='bbox 674 1977 1023 2044; x_wconf 89' lang='lat' dir='ltr'><strong>multiplicem</strong></span> <span class='ocrx_word' id='word_1_146' title='bbox 1050 1976 1356 2046; x_wconf 80' lang='lat' dir='ltr'><strong>progeniem</strong></span> <span class='ocrx_word' id='word_1_147' title='bbox 1382 1976 1648 2046; x_wconf 68' lang='lat' dir='ltr'><strong>praedixit,</strong></span> <span class='ocrx_word' id='word_1_148' title='bbox 1666 1975 1806 2030; x_wconf 86' lang='lat' dir='ltr'><strong>Sem</strong></span> <span class='ocrx_word' id='word_1_149' title='bbox 1835 1991 1961 2031; x_wconf 85' lang='lat' dir='ltr'><strong>vero</strong></span> <span class='ocrx_word' id='word_1_150' title='bbox 1982 1978 2095 2046; x_wconf 89' lang='lat' dir='ltr'><strong>pie-</strong></span> 
     </span>
    </p>
   </div>
   <div class='ocr_carea' id='block_1_23' title="bbox 518 2066 2093 2135">
    <p class='ocr_par' dir='ltr' id='par_1_23' title="bbox 518 2066 2093 2135">
     <span class='ocr_line' id='line_1_23' title="bbox 518 2066 2093 2135; baseline 0 -17"><span class='ocrx_word' id='word_1_151' title='bbox 518 2074 703 2119; x_wconf 83' lang='lat' dir='ltr'><strong>tatem.</strong></span> <span class='ocrx_word' id='word_1_152' title='bbox 736 2068 871 2120; x_wconf 82' lang='lat' dir='ltr'><strong>Nam</strong></span> <span class='ocrx_word' id='word_1_153' title='bbox 942 2066 1112 2120; x_wconf 86' lang='lat' dir='ltr'><strong>Deum</strong></span> <span class='ocrx_word' id='word_1_154' title='bbox 1142 2067 1483 2135; x_wconf 86' lang='lat' dir='ltr'><strong>prophetavit</strong></span> <span class='ocrx_word' id='word_1_155' title='bbox 1511 2067 1876 2120; x_wconf 85' lang='lat' dir='ltr'><strong>habitaturum</strong></span> <span class='ocrx_word' id='word_1_156' title='bbox 1901 2067 1952 2119; x_wconf 94' lang='lat' dir='ltr'><strong>in</strong></span> <span class='ocrx_word' id='word_1_157' title='bbox 1986 2074 2093 2119; x_wconf 86' lang='lat' dir='ltr'><strong>ten-</strong></span> 
     </span>
    </p>
   </div>
   <div class='ocr_carea' id='block_1_24' title="bbox 518 2158 2088 2228">
    <p class='ocr_par' dir='ltr' id='par_1_24' title="bbox 518 2158 2088 2228">
     <span class='ocr_line' id='line_1_24' title="bbox 518 2158 2088 2228; baseline 0.001 -17"><span class='ocrx_word' id='word_1_158' title='bbox 518 2159 674 2212; x_wconf 86' lang='lat' dir='ltr'><strong>toriis</strong></span> <span class='ocrx_word' id='word_1_159' title='bbox 710 2158 872 2213; x_wconf 78' lang='lat' dir='ltr'><strong>Seni:</strong></span> <span class='ocrx_word' id='word_1_160' title='bbox 907 2159 1171 2213; x_wconf 82' lang='lat' dir='ltr'><strong>habitavit</strong></span> <span class='ocrx_word' id='word_1_161' title='bbox 1212 2169 1391 2213; x_wconf 88' lang='lat' dir='ltr'><strong>autem</strong></span> <span class='ocrx_word' id='word_1_162' title='bbox 1428 2160 1568 2228; x_wconf 92' lang='lat' dir='ltr'><strong>apud</strong></span> <span class='ocrx_word' id='word_1_163' title='bbox 1602 2158 1959 2227; x_wconf 85' lang='lat' dir='ltr'><strong>patriarchas,</strong></span> <span class='ocrx_word' id='word_1_164' title='bbox 1994 2159 2088 2227; x_wconf 87' lang='lat' dir='ltr'><strong>qui</strong></span> 
     </span>
    </p>
   </div>
   <div class='ocr_carea' id='block_1_25' title="bbox 515 2250 2090 2321">
    <p class='ocr_par' dir='ltr' id='par_1_25' title="bbox 515 2250 2090 2321">
     <span class='ocr_line' id='line_1_25' title="bbox 515 2250 2090 2321; baseline 0 -16"><span class='ocrx_word' id='word_1_165' title='bbox 515 2266 582 2305; x_wconf 78' lang='lat' dir='ltr'><strong>ex</strong></span> <span class='ocrx_word' id='word_1_166' title='bbox 624 2250 746 2305; x_wconf 89' lang='lat' dir='ltr'><strong>Sem</strong></span> <span class='ocrx_word' id='word_1_167' title='bbox 796 2251 898 2305; x_wconf 91' lang='lat' dir='ltr'><strong>orti</strong></span> <span class='ocrx_word' id='word_1_168' title='bbox 940 2261 1102 2306; x_wconf 91' lang='lat' dir='ltr'><strong>sunt:</strong></span> <span class='ocrx_word' id='word_1_169' title='bbox 1152 2262 1203 2305; x_wconf 91' lang='lat' dir='ltr'><strong>et</strong></span> <span class='ocrx_word' id='word_1_170' title='bbox 1234 2253 1374 2321; x_wconf 90' lang='lat' dir='ltr'><strong>apud</strong></span> <span class='ocrx_word' id='word_1_171' title='bbox 1414 2251 1727 2320; x_wconf 88' lang='lat' dir='ltr'><strong>prophetas,</strong></span> <span class='ocrx_word' id='word_1_172' title='bbox 1765 2252 1855 2320; x_wconf 89' lang='lat' dir='ltr'><strong>qui</strong></span> <span class='ocrx_word' id='word_1_173' title='bbox 1884 2266 1951 2305; x_wconf 80' lang='lat' dir='ltr'><strong>ex</strong></span> <span class='ocrx_word' id='word_1_174' title='bbox 1982 2250 2090 2305; x_wconf 90' lang='lat' dir='ltr'><strong>illis</strong></span> 
     </span>
    </p>
   </div>
   <div class='ocr_carea' id='block_1_26' title="bbox 516 2341 2088 2412">
    <p class='ocr_par' dir='ltr' id='par_1_26' title="bbox 516 2341 2088 2412">
     <span class='ocr_line' id='line_1_26' title="bbox 516 2341 2088 2412; baseline 0 -16"><span class='ocrx_word' id='word_1_175' title='bbox 516 2342 956 2396; x_wconf 81' lang='lat' dir='ltr'><strong>descenderunt:</strong></span> <span class='ocrx_word' id='word_1_176' title='bbox 1009 2352 1064 2398; x_wconf 92' lang='lat' dir='ltr'><strong>et</strong></span> <span class='ocrx_word' id='word_1_177' title='bbox 1112 2343 1266 2412; x_wconf 87' lang='lat' dir='ltr'><strong>prius</strong></span> <span class='ocrx_word' id='word_1_178' title='bbox 1302 2342 1354 2395; x_wconf 93' lang='lat' dir='ltr'><strong>in</strong></span> <span class='ocrx_word' id='word_1_179' title='bbox 1395 2342 1764 2405; x_wconf 89' lang='lat' dir='ltr'><strong>tabernaculo,</strong></span> <span class='ocrx_word' id='word_1_180' title='bbox 1814 2341 2088 2411; x_wconf 85' lang='lat' dir='ltr'><strong>posterius</strong></span> 
     </span>
    </p>
   </div>
   <div class='ocr_carea' id='block_1_27' title="bbox 514 2432 2087 2502">
    <p class='ocr_par' dir='ltr' id='par_1_27' title="bbox 514 2432 2087 2502">
     <span class='ocr_line' id='line_1_27' title="bbox 514 2432 2087 2502; baseline -0.001 -15"><span class='ocrx_word' id='word_1_181' title='bbox 514 2433 927 2502; x_wconf 77' lang='lat' dir='ltr'><strong>Hierosolymis.</strong></span> <span class='ocrx_word' id='word_1_182' title='bbox 967 2434 1032 2487; x_wconf 89' lang='lat' dir='ltr'><strong>Et</strong></span> <span class='ocrx_word' id='word_1_183' title='bbox 1062 2434 1177 2487; x_wconf 73' lang='lat' dir='ltr'><strong>hazc</strong></span> <span class='ocrx_word' id='word_1_184' title='bbox 1210 2433 1494 2502; x_wconf 87' lang='lat' dir='ltr'><strong>prophetia</strong></span> <span class='ocrx_word' id='word_1_185' title='bbox 1528 2433 1892 2487; x_wconf 88' lang='lat' dir='ltr'><strong>certissimum</strong></span> <span class='ocrx_word' id='word_1_186' title='bbox 1926 2432 2087 2486; x_wconf 80' lang='lat' dir='ltr'><strong>linem</strong></span> 
     </span>
    </p>
   </div>
   <div class='ocr_carea' id='block_1_28' title="bbox 508 2522 2085 2594">
    <p class='ocr_par' dir='ltr' id='par_1_28' title="bbox 508 2522 2085 2594">
     <span class='ocr_line' id='line_1_28' title="bbox 508 2522 2085 2594; baseline 0.001 -18"><span class='ocrx_word' id='word_1_187' title='bbox 508 2524 723 2587; x_wconf 86' lang='lat' dir='ltr'><strong>habuit,</strong></span> <span class='ocrx_word' id='word_1_188' title='bbox 754 2526 1067 2594; x_wconf 84' lang='lat' dir='ltr'><strong>mysterium</strong></span> <span class='ocrx_word' id='word_1_189' title='bbox 1096 2524 1513 2593; x_wconf 85' lang='lat' dir='ltr'><strong>dispensationis</strong></span> <span class='ocrx_word' id='word_1_190' title='bbox 1544 2524 1682 2593; x_wconf 80' lang='lat'><strong>:72</strong></span> <span class='ocrx_word' id='word_1_191' title='bbox 1699 2524 1912 2592; x_wconf 87' lang='lat' dir='ltr'><strong>quando</strong></span> <span class='ocrx_word' id='word_1_192' title='bbox 1949 2522 2085 2578; x_wconf 83' lang='lat' dir='ltr'><strong>Deus</strong></span> 
     </span>
    </p>
   </div>
   <div class='ocr_carea' id='block_1_29' title="bbox 509 2616 2081 2686">
    <p class='ocr_par' dir='ltr' id='par_1_29' title="bbox 509 2616 2081 2686">
     <span class='ocr_line' id='line_1_29' title="bbox 509 2616 2081 2686; baseline 0.001 -19"><span class='ocrx_word' id='word_1_193' title='bbox 509 2617 758 2679; x_wconf 82' lang='lat' dir='ltr'><strong>verbum,</strong></span> <span class='ocrx_word' id='word_1_194' title='bbox 816 2616 904 2669; x_wconf 78' lang='lat' dir='ltr'><strong>Dei</strong></span> <span class='ocrx_word' id='word_1_195' title='bbox 950 2625 1003 2671; x_wconf 91' lang='lat' dir='ltr'><strong>et</strong></span> <span class='ocrx_word' id='word_1_196' title='bbox 1049 2616 1225 2670; x_wconf 88' lang='lat' dir='ltr'><strong>Patris</strong></span> <span class='ocrx_word' id='word_1_197' title='bbox 1268 2616 1437 2670; x_wconf 81' lang='lat' dir='ltr'><strong>Filius</strong></span> <span class='ocrx_word' id='word_1_198' title='bbox 1488 2616 1823 2686; x_wconf 84' lang='lat' dir='ltr'><strong>unigenitus,</strong></span> <span class='ocrx_word' id='word_1_199' title='bbox 1862 2630 2081 2670; x_wconf 90' lang='lat' dir='ltr'><strong>carnem</strong></span> 
     </span>
    </p>
   </div>
   <div class='ocr_carea' id='block_1_30' title="bbox 510 2708 2081 2777">
    <p class='ocr_par' dir='ltr' id='par_1_30' title="bbox 510 2708 2081 2777">
     <span class='ocr_line' id='line_1_30' title="bbox 510 2708 2081 2777; baseline 0.001 -16"><span class='ocrx_word' id='word_1_200' title='bbox 510 2709 812 2776; x_wconf 89' lang='lat' dir='ltr'><strong>assumpsit</strong></span> <span class='ocrx_word' id='word_1_201' title='bbox 840 2718 893 2761; x_wconf 91' lang='lat' dir='ltr'><strong>et</strong></span> <span class='ocrx_word' id='word_1_202' title='bbox 925 2709 1088 2761; x_wconf 90' lang='lat' dir='ltr'><strong>homo</strong></span> <span class='ocrx_word' id='word_1_203' title='bbox 1114 2708 1289 2764; x_wconf 83' lang='lat' dir='ltr'><strong>factus</strong></span> <span class='ocrx_word' id='word_1_204' title='bbox 1313 2717 1418 2771; x_wconf 90' lang='lat' dir='ltr'><strong>est,</strong></span> <span class='ocrx_word' id='word_1_205' title='bbox 1445 2717 1498 2761; x_wconf 91' lang='lat' dir='ltr'><strong>et</strong></span> <span class='ocrx_word' id='word_1_206' title='bbox 1530 2723 1770 2772; x_wconf 89' lang='lat' dir='ltr'><strong>carnem,</strong></span> <span class='ocrx_word' id='word_1_207' title='bbox 1800 2724 1961 2777; x_wconf 91' lang='lat' dir='ltr'><strong>qnam</strong></span> <span class='ocrx_word' id='word_1_208' title='bbox 1990 2724 2081 2762; x_wconf 91' lang='lat' dir='ltr'><strong>ac-</strong></span> 
     </span>
    </p>
   </div>
   <div class='ocr_carea' id='block_1_31' title="bbox 502 2797 2077 2867">
    <p class='ocr_par' dir='ltr' id='par_1_31' title="bbox 502 2797 2077 2867">
     <span class='ocr_line' id='line_1_31' title="bbox 502 2797 2077 2867; baseline 0.001 -15"><span class='ocrx_word' id='word_1_209' title='bbox 502 2799 650 2866; x_wconf 84' lang='lat' dir='ltr'><strong>cepit</strong></span> <span class='ocrx_word' id='word_1_210' title='bbox 678 2815 745 2852; x_wconf 78' lang='lat' dir='ltr'><strong>ex</strong></span> <span class='ocrx_word' id='word_1_211' title='bbox 778 2799 988 2854; x_wconf 87' lang='lat' dir='ltr'><strong>semine</strong></span> <span class='ocrx_word' id='word_1_212' title='bbox 1018 2797 1183 2853; x_wconf 83' lang='lat' dir='ltr'><strong>David</strong></span> <span class='ocrx_word' id='word_1_213' title='bbox 1208 2808 1263 2853; x_wconf 87' lang='lat' dir='ltr'><strong>et</strong></span> <span class='ocrx_word' id='word_1_214' title='bbox 1281 2799 1551 2854; x_wconf 84' lang='lat' dir='ltr'><strong>Abraham</strong></span> <span class='ocrx_word' id='word_1_215' title='bbox 1570 2837 1587 2865; x_wconf 90' lang='lat'><strong>,</strong></span> <span class='ocrx_word' id='word_1_216' title='bbox 1632 2799 1889 2867; x_wconf 90' lang='lat' dir='ltr'><strong>templum</strong></span> <span class='ocrx_word' id='word_1_217' title='bbox 1916 2814 2077 2853; x_wconf 90' lang='lat' dir='ltr'><strong>suum</strong></span> 
     </span>
    </p>
   </div>
   <div class='ocr_carea' id='block_1_32' title="bbox 508 2888 2077 2959">
    <p class='ocr_par' dir='ltr' id='par_1_32' title="bbox 508 2888 2077 2959">
     <span class='ocr_line' id='line_1_32' title="bbox 508 2888 2077 2959; baseline 0.001 -18"><span class='ocrx_word' id='word_1_218' title='bbox 508 2889 831 2942; x_wconf 89' lang='lat' dir='ltr'><strong>nominavit.</strong></span> <span class='ocrx_word' id='word_1_219' title='bbox 867 2888 1005 2944; x_wconf 88' lang='lat' dir='ltr'><strong>Nam</strong></span> <span class='ocrx_word' id='word_1_220' title='bbox 1034 2905 1097 2944; x_wconf 81' lang='lat' dir='ltr'><strong>ex</strong></span> <span class='ocrx_word' id='word_1_221' title='bbox 1135 2889 1259 2943; x_wconf 89' lang='lat' dir='ltr'><strong>Sem</strong></span> <span class='ocrx_word' id='word_1_222' title='bbox 1286 2890 1338 2942; x_wconf 94' lang='lat' dir='ltr'><strong>hi</strong></span> <span class='ocrx_word' id='word_1_223' title='bbox 1364 2903 1581 2959; x_wconf 85' lang='lat' dir='ltr'><strong>quoque</strong></span> <span class='ocrx_word' id='word_1_224' title='bbox 1611 2888 1877 2957; x_wconf 82' lang='lat' dir='ltr'><strong>originem</strong></span> <span class='ocrx_word' id='word_1_225' title='bbox 1905 2890 2077 2943; x_wconf 83' lang='lat' dir='ltr'><strong>duxe-</strong></span> 
     </span>
    </p>
   </div>
   <div class='ocr_carea' id='block_1_33' title="bbox 504 2978 2074 3035">
    <p class='ocr_par' dir='ltr' id='par_1_33' title="bbox 504 2978 2074 3035">
     <span class='ocr_line' id='line_1_33' title="bbox 504 2978 2074 3035; baseline 0.002 -5"><span class='ocrx_word' id='word_1_226' title='bbox 504 2986 674 3032; x_wconf 80' lang='lat' dir='ltr'><strong>runt:</strong></span> <span class='ocrx_word' id='word_1_227' title='bbox 721 2986 777 3032; x_wconf 91' lang='lat' dir='ltr'><strong>at</strong></span> <span class='ocrx_word' id='word_1_228' title='bbox 836 2982 1069 3034; x_wconf 80' lang='lat' dir='ltr'><strong>servitus</strong></span> <span class='ocrx_word' id='word_1_229' title='bbox 1121 2980 1381 3034; x_wconf 83' lang='lat' dir='ltr'><strong>Chanaan</strong></span> <span class='ocrx_word' id='word_1_230' title='bbox 1443 2979 1497 3033; x_wconf 93' lang='lat' dir='ltr'><strong>in</strong></span> <span class='ocrx_word' id='word_1_231' title='bbox 1543 2978 1859 3035; x_wconf 89' lang='lat' dir='ltr'><strong>Gabaonitis</strong></span> <span class='ocrx_word' id='word_1_232' title='bbox 1913 2980 2074 3034; x_wconf 89' lang='lat' dir='ltr'><strong>linem</strong></span> 
     </span>
    </p>
   </div>
   <div class='ocr_carea' id='block_1_34' title="bbox 500 3068 668 3138">
    <p class='ocr_par' dir='ltr' id='par_1_34' title="bbox 500 3068 668 3138">
     <span class='ocr_line' id='line_1_34' title="bbox 500 3068 668 3138; baseline 0.012 -17"><span class='ocrx_word' id='word_1_233' title='bbox 500 3068 668 3138; x_wconf 86' lang='lat' dir='ltr'><strong>cepit.</strong></span> 
     </span>
    </p>
   </div>
   <div class='ocr_carea' id='block_1_35' title="bbox 1062 3312 1515 3368">
    <p class='ocr_par' dir='ltr' id='par_1_35' title="bbox 1062 3312 1515 3368">
     <span class='ocr_line' id='line_1_35' title="bbox 1062 3312 1515 3368; baseline -0.004 0"><span class='ocrx_word' id='word_1_234' title='bbox 1062 3312 1339 3368; x_wconf 75' lang='lat' dir='ltr'><strong>INTERB.</strong></span> <span class='ocrx_word' id='word_1_235' title='bbox 1382 3312 1515 3367; x_wconf 78' lang='lat' dir='ltr'><strong>LIX.</strong></span> 
     </span>
    </p>
   </div>
   <div class='ocr_carea' id='block_1_36' title="bbox 507 3425 2073 3507">
    <p class='ocr_par' dir='ltr' id='par_1_36' title="bbox 507 3425 2073 3507">
     <span class='ocr_line' id='line_1_36' title="bbox 507 3425 2073 3507; baseline 0 -28"><span class='ocrx_word' id='word_1_236' title='bbox 507 3426 765 3481; x_wconf 73' lang='lat' dir='ltr'><strong>Dixerunt</strong></span> <span class='ocrx_word' id='word_1_237' title='bbox 809 3431 1024 3498; x_wconf 78' lang='lat' dir='ltr'><strong>quidam</strong></span> <span class='ocrx_word' id='word_1_238' title='bbox 1076 3444 1141 3482; x_wconf 75' lang='lat' dir='ltr'><strong>ex</strong></span> <span class='ocrx_word' id='word_1_239' title='bbox 1172 3429 1441 3507; x_wconf 70' lang='lat' dir='ltr'><strong>magistris</strong></span> <span class='ocrx_word' id='word_1_240' title='bbox 1478 3425 1708 3480; x_wconf 78' lang='lat' dir='ltr'><strong>bitumen</strong></span> <span class='ocrx_word' id='word_1_241' title='bbox 1736 3443 1846 3480; x_wconf 84' lang='lat' dir='ltr'><strong>esse</strong></span> <span class='ocrx_word' id='word_1_242' title='bbox 1880 3428 2073 3481; x_wconf 81' lang='lat' dir='ltr'><strong>calcem</strong></span> 
     </span>
    </p>
   </div>
   <div class='ocr_carea' id='block_1_37' title="bbox 1198 3514 1384 3551">
    <p class='ocr_par' dir='ltr' id='par_1_37' title="bbox 1198 3514 1384 3551">
     <span class='ocr_line' id='line_1_37' title="bbox 1198 3514 1384 3551; baseline 0.005 -1"><span class='ocrx_word' id='word_1_243' title='bbox 1198 3514 1384 3551; x_wconf 74' lang='lat' dir='ltr'><strong>vivum.</strong></span> 
     </span>
    </p>
   </div>
   <div class='ocr_carea' id='block_1_38' title="bbox 572 3609 2072 3685">
    <p class='ocr_par' dir='ltr' id='par_1_38' title="bbox 572 3609 2072 3685">
     <span class='ocr_line' id='line_1_38' title="bbox 572 3609 2072 3685; baseline -0.003 -17"><span class='ocrx_word' id='word_1_244' title='bbox 572 3614 918 3685; x_wconf 68' lang='lat' dir='ltr'><strong>lgnorautes,</strong></span> <span class='ocrx_word' id='word_1_245' title='bbox 967 3622 1026 3667; x_wconf 91' lang='lat' dir='ltr'><strong>nt</strong></span> <span class='ocrx_word' id='word_1_246' title='bbox 1074 3611 1367 3665; x_wconf 74' lang='lat' dir='ltr'><strong>verisimile</strong></span> <span class='ocrx_word' id='word_1_247' title='bbox 1402 3620 1507 3673; x_wconf 87' lang='lat' dir='ltr'><strong>est,</strong></span> <span class='ocrx_word' id='word_1_248' title='bbox 1547 3609 1725 3666; x_wconf 87' lang='lat' dir='ltr'><strong>l‘ontes</strong></span> <span class='ocrx_word' id='word_1_249' title='bbox 1760 3611 1812 3664; x_wconf 91' lang='lat' dir='ltr'><strong>in</strong></span> <span class='ocrx_word' id='word_1_250' title='bbox 1852 3610 2072 3681; x_wconf 85' lang='lat' dir='ltr'><strong>Assyria</strong></span> 
     </span>
    </p>
   </div>
   <div class='ocr_carea' id='block_1_39' title="bbox 496 3703 2069 3775">
    <p class='ocr_par' dir='ltr' id='par_1_39' title="bbox 496 3703 2069 3775">
     <span class='ocr_line' id='line_1_39' title="bbox 496 3703 2069 3775; baseline -0.004 -14"><span class='ocrx_word' id='word_1_251' title='bbox 496 3708 843 3770; x_wconf 84' lang='lat' dir='ltr'><strong>exsistentes,</strong></span> <span class='ocrx_word' id='word_1_252' title='bbox 884 3712 1211 3775; x_wconf 82' lang='lat' dir='ltr'><strong>putaverunt</strong></span> <span class='ocrx_word' id='word_1_253' title='bbox 1252 3719 1318 3757; x_wconf 81' lang='lat' dir='ltr'><strong>ex</strong></span> <span class='ocrx_word' id='word_1_254' title='bbox 1354 3703 1503 3757; x_wconf 87' lang='lat' dir='ltr'><strong>calce</strong></span> <span class='ocrx_word' id='word_1_255' title='bbox 1541 3704 1661 3757; x_wconf 85' lang='lat' dir='ltr'><strong>viva</strong></span> <span class='ocrx_word' id='word_1_256' title='bbox 1709 3703 1900 3757; x_wconf 92' lang='lat' dir='ltr'><strong>turrim</strong></span> <span class='ocrx_word' id='word_1_257' title='bbox 1939 3703 2069 3756; x_wconf 64' lang='lat' dir='ltr'><strong>aedi-</strong></span> 
     </span>
    </p>
   </div>
   <div class='ocr_carea' id='block_1_40' title="bbox 498 3795 2069 3867">
    <p class='ocr_par' dir='ltr' id='par_1_40' title="bbox 498 3795 2069 3867">
     <span class='ocr_line' id='line_1_40' title="bbox 498 3795 2069 3867; baseline -0.003 -13"><span class='ocrx_word' id='word_1_258' title='bbox 498 3802 714 3854; x_wconf 75' lang='lat' dir='ltr'><strong>ﬁcatam</strong></span> <span class='ocrx_word' id='word_1_259' title='bbox 759 3813 901 3854; x_wconf 88' lang='lat' dir='ltr'><strong>esse.</strong></span> <span class='ocrx_word' id='word_1_260' title='bbox 942 3797 1054 3867; x_wconf 78' lang='lat' dir='ltr'><strong>Ego</strong></span> <span class='ocrx_word' id='word_1_261' title='bbox 1092 3812 1220 3851; x_wconf 89' lang='lat' dir='ltr'><strong>vero</strong></span> <span class='ocrx_word' id='word_1_262' title='bbox 1250 3796 1533 3866; x_wconf 83' lang='lat' dir='ltr'><strong>diligenter</strong></span> <span class='ocrx_word' id='word_1_263' title='bbox 1572 3795 1736 3850; x_wconf 91' lang='lat' dir='ltr'><strong>didici</strong></span> <span class='ocrx_word' id='word_1_264' title='bbox 1770 3795 1838 3849; x_wconf 92' lang='lat' dir='ltr'><strong>ab</strong></span> <span class='ocrx_word' id='word_1_265' title='bbox 1872 3796 1939 3849; x_wconf 91' lang='lat' dir='ltr'><strong>iis</strong></span> <span class='ocrx_word' id='word_1_266' title='bbox 1975 3796 2069 3863; x_wconf 91' lang='lat' dir='ltr'><strong>qui</strong></span> 
     </span>
    </p>
   </div>
   <div class='ocr_carea' id='block_1_41' title="bbox 494 3886 2068 3955">
    <p class='ocr_par' dir='ltr' id='par_1_41' title="bbox 494 3886 2068 3955">
     <span class='ocr_line' id='line_1_41' title="bbox 494 3886 2068 3955; baseline -0.003 -12"><span class='ocrx_word' id='word_1_267' title='bbox 494 3890 649 3944; x_wconf 80' lang='lat' dir='ltr'><strong>illinc</strong></span> <span class='ocrx_word' id='word_1_268' title='bbox 679 3889 925 3951; x_wconf 81' lang='lat' dir='ltr'><strong>veniunt,</strong></span> <span class='ocrx_word' id='word_1_269' title='bbox 958 3902 1079 3943; x_wconf 89' lang='lat' dir='ltr'><strong>esse</strong></span> <span class='ocrx_word' id='word_1_270' title='bbox 1108 3886 1305 3949; x_wconf 81' lang='lat' dir='ltr'><strong>fontes,</strong></span> <span class='ocrx_word' id='word_1_271' title='bbox 1339 3886 1433 3955; x_wconf 91' lang='lat' dir='ltr'><strong>qui</strong></span> <span class='ocrx_word' id='word_1_272' title='bbox 1462 3886 1603 3940; x_wconf 89' lang='lat' dir='ltr'><strong>hanc</strong></span> <span class='ocrx_word' id='word_1_273' title='bbox 1635 3886 1913 3939; x_wconf 88' lang='lat' dir='ltr'><strong>materiam</strong></span> <span class='ocrx_word' id='word_1_274' title='bbox 1943 3900 2068 3939; x_wconf 90' lang='lat' dir='ltr'><strong>cum</strong></span> 
     </span>
    </p>
   </div>
   <div class='ocr_carea' id='block_1_42' title="bbox 497 3974 2069 4049">
    <p class='ocr_par' dir='ltr' id='par_1_42' title="bbox 497 3974 2069 4049">
     <span class='ocr_line' id='line_1_42' title="bbox 497 3974 2069 4049; baseline -0.003 -17"><span class='ocrx_word' id='word_1_275' title='bbox 497 3995 641 4049; x_wconf 87' lang='lat' dir='ltr'><strong>aqua</strong></span> <span class='ocrx_word' id='word_1_276' title='bbox 673 3979 997 4034; x_wconf 67' lang='lat' dir='ltr'><strong>elfundunt:</strong></span> <span class='ocrx_word' id='word_1_277' title='bbox 1044 3986 1097 4032; x_wconf 92' lang='lat' dir='ltr'><strong>ct</strong></span> <span class='ocrx_word' id='word_1_278' title='bbox 1134 3977 1282 4047; x_wconf 91' lang='lat' dir='ltr'><strong>quod</strong></span> <span class='ocrx_word' id='word_1_279' title='bbox 1322 3976 1565 4030; x_wconf 64' lang='lat' dir='ltr'><strong>aediliciis</strong></span> <span class='ocrx_word' id='word_1_280' title='bbox 1602 3974 1980 4029; x_wconf 89' lang='lat' dir='ltr'><strong>construendis</strong></span> <span class='ocrx_word' id='word_1_281' title='bbox 2005 3975 2069 4028; x_wconf 87' lang='lat' dir='ltr'><strong>il-</strong></span> 
     </span>
    </p>
   </div>
   <div class='ocr_carea' id='block_1_43' title="bbox 495 4069 2069 4141">
    <p class='ocr_par' dir='ltr' id='par_1_43' title="bbox 495 4069 2069 4141">
     <span class='ocr_line' id='line_1_43' title="bbox 495 4069 2069 4141; baseline -0.003 -15"><span class='ocrx_word' id='word_1_282' title='bbox 495 4072 603 4126; x_wconf 87' lang='lat' dir='ltr'><strong>lam</strong></span> <span class='ocrx_word' id='word_1_283' title='bbox 643 4072 978 4141; x_wconf 83' lang='lat' dir='ltr'><strong>adaptantcs,</strong></span> <span class='ocrx_word' id='word_1_284' title='bbox 1029 4070 1281 4125; x_wconf 90' lang='lat' dir='ltr'><strong>coctilem</strong></span> <span class='ocrx_word' id='word_1_285' title='bbox 1326 4085 1449 4124; x_wconf 88' lang='lat' dir='ltr'><strong>cum</strong></span> <span class='ocrx_word' id='word_1_286' title='bbox 1488 4084 1551 4123; x_wconf 93' lang='lat' dir='ltr'><strong>ea</strong></span> <span class='ocrx_word' id='word_1_287' title='bbox 1588 4069 1809 4122; x_wconf 88' lang='lat' dir='ltr'><strong>laterem</strong></span> <span class='ocrx_word' id='word_1_288' title='bbox 1849 4083 2069 4138; x_wconf 90' lang='lat' dir='ltr'><strong>compo-</strong></span> 
     </span>
    </p>
   </div>
   <div class='ocr_carea' id='block_1_44' title="bbox 495 4160 2063 4232">
    <p class='ocr_par' dir='ltr' id='par_1_44' title="bbox 495 4160 2063 4232">
     <span class='ocr_line' id='line_1_44' title="bbox 495 4160 2063 4232; baseline -0.001 -16"><span class='ocrx_word' id='word_1_289' title='bbox 495 4172 656 4227; x_wconf 90' lang='lat' dir='ltr'><strong>nunt,</strong></span> <span class='ocrx_word' id='word_1_290' title='bbox 688 4170 849 4232; x_wconf 88' lang='lat' dir='ltr'><strong>atque</strong></span> <span class='ocrx_word' id='word_1_291' title='bbox 872 4163 976 4216; x_wconf 90' lang='lat' dir='ltr'><strong>hoc</strong></span> <span class='ocrx_word' id='word_1_292' title='bbox 1001 4172 1159 4231; x_wconf 90' lang='lat' dir='ltr'><strong>pacto</strong></span> <span class='ocrx_word' id='word_1_293' title='bbox 1189 4161 1381 4215; x_wconf 90' lang='lat' dir='ltr'><strong>turrim</strong></span> <span class='ocrx_word' id='word_1_294' title='bbox 1410 4161 1730 4214; x_wconf 66' lang='lat' dir='ltr'><strong>aadilicatam</strong></span> <span class='ocrx_word' id='word_1_295' title='bbox 1751 4175 1871 4215; x_wconf 90' lang='lat' dir='ltr'><strong>esse</strong></span> <span class='ocrx_word' id='word_1_296' title='bbox 1893 4160 2063 4215; x_wconf 89' lang='lat' dir='ltr'><strong>aiunt.</strong></span> 
     </span>
    </p>
   </div>
   <div class='ocr_carea' id='block_1_45' title="bbox 495 4251 2063 4323">
    <p class='ocr_par' dir='ltr' id='par_1_45' title="bbox 495 4251 2063 4323">
     <span class='ocr_line' id='line_1_45' title="bbox 495 4251 2063 4323; baseline -0.001 -17"><span class='ocrx_word' id='word_1_297' title='bbox 495 4252 564 4307; x_wconf 85' lang='lat' dir='ltr'><strong>Et</strong></span> <span class='ocrx_word' id='word_1_298' title='bbox 593 4254 794 4307; x_wconf 88' lang='lat' dir='ltr'><strong>oculati</strong></span> <span class='ocrx_word' id='word_1_299' title='bbox 832 4262 999 4307; x_wconf 90' lang='lat' dir='ltr'><strong>testes</strong></span> <span class='ocrx_word' id='word_1_300' title='bbox 1035 4251 1310 4306; x_wconf 84' lang='lat' dir='ltr'><strong>allirmant</strong></span> <span class='ocrx_word' id='word_1_301' title='bbox 1361 4268 1418 4307; x_wconf 92' lang='lat' dir='ltr'><strong>se</strong></span> <span class='ocrx_word' id='word_1_302' title='bbox 1447 4251 1722 4321; x_wconf 70' lang='lat' dir='ltr'><strong>ell‘regisse</strong></span> <span class='ocrx_word' id='word_1_303' title='bbox 1744 4252 2063 4323; x_wconf 86' lang='lat' dir='ltr'><strong>particulam</strong></span> 
     </span>
    </p>
   </div>
   <div class='ocr_carea' id='block_1_46' title="bbox 495 4345 2064 4415">
    <p class='ocr_par' dir='ltr' id='par_1_46' title="bbox 495 4345 2064 4415">
     <span class='ocr_line' id='line_1_46' title="bbox 495 4345 2064 4415; baseline 0.001 -18"><span class='ocrx_word' id='word_1_304' title='bbox 495 4345 757 4415; x_wconf 78' lang='lat' dir='ltr'><strong>aliquam,</strong></span> <span class='ocrx_word' id='word_1_305' title='bbox 804 4354 857 4399; x_wconf 89' lang='lat' dir='ltr'><strong>et</strong></span> <span class='ocrx_word' id='word_1_306' title='bbox 895 4345 1061 4413; x_wconf 86' lang='lat' dir='ltr'><strong>probc</strong></span> <span class='ocrx_word' id='word_1_307' title='bbox 1100 4346 1317 4398; x_wconf 79' lang='lat' dir='ltr'><strong>novisse</strong></span> <span class='ocrx_word' id='word_1_308' title='bbox 1350 4345 1593 4399; x_wconf 88' lang='lat' dir='ltr'><strong>bitumen</strong></span> <span class='ocrx_word' id='word_1_309' title='bbox 1627 4360 1747 4399; x_wconf 90' lang='lat' dir='ltr'><strong>esse</strong></span> <span class='ocrx_word' id='word_1_310' title='bbox 1774 4345 2064 4399; x_wconf 88' lang='lat' dir='ltr'><strong>coctilibus</strong></span> 
     </span>
    </p>
   </div>
   <div class='ocr_carea' id='block_1_47' title="bbox 2207 527 3817 606">
    <p class='ocr_par' dir='ltr' id='par_1_47' title="bbox 2207 527 3817 606">
     <span class='ocr_line' id='line_1_47' title="bbox 2207 527 3817 606; baseline 0.004 -27"><span class='ocrx_word' id='word_1_311' title='bbox 2207 527 2432 582; x_wconf 88' lang='grc' dir='ltr'>δίκαιον.</span> <span class='ocrx_word' id='word_1_312' title='bbox 2475 530 2697 600; x_wconf 80' lang='grc' dir='ltr'><strong>Ἐπειδὴ</strong></span> <span class='ocrx_word' id='word_1_313' title='bbox 2728 529 2836 602; x_wconf 83' lang='grc' dir='ltr'>γὰρ</span> <span class='ocrx_word' id='word_1_314' title='bbox 2860 530 2974 593; x_wconf 81' lang='grc' dir='ltr'>υίὸς</span> <span class='ocrx_word' id='word_1_315' title='bbox 3000 529 3076 583; x_wconf 81' lang='grc' dir='ltr'>ὢν</span> <span class='ocrx_word' id='word_1_316' title='bbox 3098 530 3410 602; x_wconf 78' lang='grc' dir='ltr'><strong>ἐξήμαρτεν</strong></span> <span class='ocrx_word' id='word_1_317' title='bbox 3434 534 3516 595; x_wconf 88' lang='grc' dir='ltr'><strong>εἰς</strong></span> <span class='ocrx_word' id='word_1_318' title='bbox 3547 535 3817 606; x_wconf 80' lang='grc' dir='ltr'>πατέρα,</span> 
     </span>
    </p>
   </div>
   <div class='ocr_carea' id='block_1_48' title="bbox 2202 618 3819 696">
    <p class='ocr_par' dir='ltr' id='par_1_48' title="bbox 2202 618 3819 696">
     <span class='ocr_line' id='line_1_48' title="bbox 2202 618 3819 696; baseline 0.005 -25"><span class='ocrx_word' id='word_1_319' title='bbox 2202 618 2290 672; x_wconf 82' lang='grc' dir='ltr'>διὰ</span> <span class='ocrx_word' id='word_1_320' title='bbox 2337 618 2440 688; x_wconf 84' lang='grc' dir='ltr'>τῆς</span> <span class='ocrx_word' id='word_1_321' title='bbox 2470 618 2565 672; x_wconf 82' lang='grc' dir='ltr'>τοῦ</span> <span class='ocrx_word' id='word_1_322' title='bbox 2600 621 2791 684; x_wconf 87' lang='grc' dir='ltr'>παιδὸς</span> <span class='ocrx_word' id='word_1_323' title='bbox 2833 622 2997 674; x_wconf 82' lang='grc' dir='ltr'>αὑτοῦ</span> <span class='ocrx_word' id='word_1_324' title='bbox 3031 623 3171 692; x_wconf 82' lang='grc' dir='ltr'>ἀρᾶς</span> <span class='ocrx_word' id='word_1_325' title='bbox 3202 622 3419 692; x_wconf 88' lang='grc' dir='ltr'>δέχεται</span> <span class='ocrx_word' id='word_1_326' title='bbox 3466 625 3567 695; x_wconf 85' lang='grc' dir='ltr'>τὴν</span> <span class='ocrx_word' id='word_1_327' title='bbox 3610 642 3819 696; x_wconf 80' lang='grc' dir='ltr'>τιμω-</span> 
     </span>
    </p>
   </div>
   <div class='ocr_carea' id='block_1_49' title="bbox 2206 710 3813 783">
    <p class='ocr_par' dir='ltr' id='par_1_49' title="bbox 2206 710 3813 783">
     <span class='ocr_line' id='line_1_49' title="bbox 2206 710 3813 783; baseline 0.006 -21"><span class='ocrx_word' id='word_1_328' title='bbox 2206 710 2347 781; x_wconf 91' lang='grc' dir='ltr'>ρίαν.</span> <span class='ocrx_word' id='word_1_329' title='bbox 2380 712 2522 782; x_wconf 85' lang='grc' dir='ltr'>Πρὸς</span> <span class='ocrx_word' id='word_1_330' title='bbox 2555 712 2613 766; x_wconf 84' lang='grc' dir='ltr'>δὲ</span> <span class='ocrx_word' id='word_1_331' title='bbox 2644 712 2857 777; x_wconf 84' lang='grc' dir='ltr'>τούτοις</span> <span class='ocrx_word' id='word_1_332' title='bbox 2889 713 3190 783; x_wconf 83' lang='grc' dir='ltr'>σκοπητέον</span> <span class='ocrx_word' id='word_1_333' title='bbox 3225 716 3464 781; x_wconf 76' lang='grc' dir='ltr'>κάκεῖνο,</span> <span class='ocrx_word' id='word_1_334' title='bbox 3495 717 3569 780; x_wconf 86' lang='grc' dir='ltr'>ὡς</span> <span class='ocrx_word' id='word_1_335' title='bbox 3602 721 3651 771; x_wconf 89' lang='grc' dir='ltr'><strong>εἰ</strong></span> <span class='ocrx_word' id='word_1_336' title='bbox 3682 718 3813 771; x_wconf 80' lang='grc' dir='ltr'>αὐ-</span> 
     </span>
    </p>
   </div>
   <div class='ocr_carea' id='block_1_50' title="bbox 2199 800 3813 875">
    <p class='ocr_par' dir='ltr' id='par_1_50' title="bbox 2199 800 3813 875">
     <span class='ocr_line' id='line_1_50' title="bbox 2199 800 3813 875; baseline 0.003 -22"><span class='ocrx_word' id='word_1_337' title='bbox 2199 800 2289 864; x_wconf 90' lang='grc' dir='ltr'><strong>τὸς</strong></span> <span class='ocrx_word' id='word_1_338' title='bbox 2316 801 2344 853; x_wconf 89' lang='grc' dir='ltr'><strong>ό</strong></span> <span class='ocrx_word' id='word_1_339' title='bbox 2374 800 2505 871; x_wconf 89' lang='grc' dir='ltr'><strong>Χάμ</strong></span> <span class='ocrx_word' id='word_1_340' title='bbox 2542 801 2759 868; x_wconf 82' lang='grc' dir='ltr'>ἐδέξατο</span> <span class='ocrx_word' id='word_1_341' title='bbox 2794 804 2892 874; x_wconf 83' lang='grc' dir='ltr'>τὴν</span> <span class='ocrx_word' id='word_1_342' title='bbox 2916 803 3092 874; x_wconf 72' lang='grc' dir='ltr'>ἀράν,</span> <span class='ocrx_word' id='word_1_343' title='bbox 3128 806 3210 867; x_wconf 88' lang='grc' dir='ltr'><strong>εἰς</strong></span> <span class='ocrx_word' id='word_1_344' title='bbox 3248 804 3368 857; x_wconf 83' lang='grc' dir='ltr'>ὅλον</span> <span class='ocrx_word' id='word_1_345' title='bbox 3414 804 3480 857; x_wconf 84' lang='grc' dir='ltr'><strong>ἂν</strong></span> <span class='ocrx_word' id='word_1_346' title='bbox 3530 805 3684 875; x_wconf 89' lang='grc' dir='ltr'>διέϐη</span> <span class='ocrx_word' id='word_1_347' title='bbox 3721 805 3813 857; x_wconf 78' lang='grc' dir='ltr'><strong>τὸ</strong></span> 
     </span>
    </p>
   </div>
   <div class='ocr_carea' id='block_1_51' title="bbox 2199 892 3897 989">
    <p class='ocr_par' dir='ltr' id='par_1_51' title="bbox 2199 892 3897 989">
     <span class='ocr_line' id='line_1_51' title="bbox 2199 892 3897 989; baseline -0.006 -31"><span class='ocrx_word' id='word_1_348' title='bbox 2199 892 2355 961; x_wconf 78' lang='grc' dir='ltr'>γένος</span> <span class='ocrx_word' id='word_1_349' title='bbox 2386 894 2419 963; x_wconf 84' lang='grc' dir='ltr'>ἡ</span> <span class='ocrx_word' id='word_1_350' title='bbox 2446 894 2689 963; x_wconf 81' lang='grc' dir='ltr'>τιμωρία</span> <span class='ocrx_word' id='word_1_351' title='bbox 2709 910 2725 927; x_wconf 87' lang='grc'>⁶</span> <span class='ocrx_word' id='word_1_352' title='bbox 2755 896 2832 958; x_wconf 78' lang='grc' dir='ltr'><strong>εἰς</strong></span> <span class='ocrx_word' id='word_1_353' title='bbox 2862 895 2919 948; x_wconf 84' lang='grc' dir='ltr'>δὲ</span> <span class='ocrx_word' id='word_1_354' title='bbox 2949 896 3038 948; x_wconf 91' lang='grc' dir='ltr'><strong>τὸν</strong></span> <span class='ocrx_word' id='word_1_355' title='bbox 3064 894 3333 949; x_wconf 83' lang='grc' dir='ltr'>νεώτατον</span> <span class='ocrx_word' id='word_1_356' title='bbox 3363 895 3479 948; x_wconf 85' lang='grc' dir='ltr'>υίὸν</span> <span class='ocrx_word' id='word_1_357' title='bbox 3506 896 3607 967; x_wconf 85' lang='grc' dir='ltr'>τὴν</span> <span class='ocrx_word' id='word_1_358' title='bbox 3644 914 3805 950; x_wconf 68' lang='grc' dir='ltr'>παιο</span> <span class='ocrx_word' id='word_1_359' title='bbox 3836 972 3849 989; x_wconf 47' lang='lat'><strong>.</strong></span> <span class='ocrx_word' id='word_1_360' title='bbox 3880 962 3897 989; x_wconf 44' lang='grc' dir='ltr'>ν</span> 
     </span>
    </p>
   </div>
   <div class='ocr_carea' id='block_1_52' title="bbox 2197 972 3849 1059">
    <p class='ocr_par' dir='ltr' id='par_1_52' title="bbox 2197 972 3849 1059">
     <span class='ocr_line' id='line_1_52' title="bbox 2197 972 3849 1059; baseline 0.001 -19"><span class='ocrx_word' id='word_1_361' title='bbox 2197 986 2344 1040; x_wconf 89' lang='grc' dir='ltr'>δείαν</span> <span class='ocrx_word' id='word_1_362' title='bbox 2390 987 2717 1059; x_wconf 78' lang='grc' dir='ltr'>παρέπεμψε</span> <span class='ocrx_word' id='word_1_363' title='bbox 2748 987 2815 1051; x_wconf 81' lang='grc'><strong>⁷³,</strong></span> <span class='ocrx_word' id='word_1_364' title='bbox 2856 988 2948 1044; x_wconf 79' lang='grc' dir='ltr'>καὶ</span> <span class='ocrx_word' id='word_1_365' title='bbox 2992 988 3149 1041; x_wconf 85' lang='grc' dir='ltr'>τοῦτο</span> <span class='ocrx_word' id='word_1_366' title='bbox 3201 989 3259 1042; x_wconf 87' lang='grc' dir='ltr'>δὲ</span> <span class='ocrx_word' id='word_1_367' title='bbox 3301 988 3381 1042; x_wconf 79' lang='grc' dir='ltr'>δεῖ</span> <span class='ocrx_word' id='word_1_368' title='bbox 3440 989 3655 1057; x_wconf 87' lang='grc' dir='ltr'>εἰδέναι,</span> <span class='ocrx_word' id='word_1_369' title='bbox 3702 990 3803 1053; x_wconf 76' lang='grc' dir='ltr'><strong>ὠς,-</strong></span> <span class='ocrx_word' id='word_1_370' title='bbox 3836 972 3849 989; x_wconf 58' lang='grc'><strong><em>⁸</em></strong></span> 
     </span>
    </p>
   </div>
   <div class='ocr_carea' id='block_1_53' title="bbox 2198 1076 3794 1152">
    <p class='ocr_par' dir='ltr' id='par_1_53' title="bbox 2198 1076 3794 1152">
     <span class='ocr_line' id='line_1_53' title="bbox 2198 1076 3794 1152; baseline 0.004 -25"><span class='ocrx_word' id='word_1_371' title='bbox 2198 1076 2503 1147; x_wconf 70' lang='grc' dir='ltr'>πρόρρησίς</span> <span class='ocrx_word' id='word_1_372' title='bbox 2537 1080 2703 1142; x_wconf 79' lang='grc' dir='ltr'>ἐστιν,</span> <span class='ocrx_word' id='word_1_373' title='bbox 2737 1078 2839 1131; x_wconf 83' lang='grc' dir='ltr'><strong>οὐκ</strong></span> <span class='ocrx_word' id='word_1_374' title='bbox 2868 1078 2996 1149; x_wconf 82' lang='grc' dir='ltr'>ἀρὰ,</span> <span class='ocrx_word' id='word_1_375' title='bbox 3033 1077 3129 1132; x_wconf 81' lang='grc' dir='ltr'>τοῦ</span> <span class='ocrx_word' id='word_1_376' title='bbox 3160 1078 3368 1133; x_wconf 90' lang='grc' dir='ltr'>δικαίου</span> <span class='ocrx_word' id='word_1_377' title='bbox 3409 1079 3477 1133; x_wconf 78' lang='grc' dir='ltr'>τὰ</span> <span class='ocrx_word' id='word_1_378' title='bbox 3509 1082 3735 1152; x_wconf 81' lang='grc' dir='ltr'>ῥήματα</span> <span class='ocrx_word' id='word_1_379' title='bbox 3771 1095 3794 1109; x_wconf 83' lang='lat'><strong><em>°</em></strong></span> 
     </span>
    </p>
   </div>
   <div class='ocr_carea' id='block_1_54' title="bbox 2198 1171 3801 1245">
    <p class='ocr_par' dir='ltr' id='par_1_54' title="bbox 2198 1171 3801 1245">
     <span class='ocr_line' id='line_1_54' title="bbox 2198 1171 3801 1245; baseline 0.004 -23"><span class='ocrx_word' id='word_1_380' title='bbox 2198 1171 2386 1242; x_wconf 78' lang='grc' dir='ltr'>ἐπειδὴ</span> <span class='ocrx_word' id='word_1_381' title='bbox 2412 1173 2518 1244; x_wconf 81' lang='grc' dir='ltr'>γὰρ</span> <span class='ocrx_word' id='word_1_382' title='bbox 2551 1172 2784 1243; x_wconf 76' lang='grc' dir='ltr'>ἤμελλεν</span> <span class='ocrx_word' id='word_1_383' title='bbox 2812 1174 2841 1226; x_wconf 87' lang='grc' dir='ltr'><strong>ό</strong></span> <span class='ocrx_word' id='word_1_384' title='bbox 2883 1174 3101 1245; x_wconf 78' lang='grc' dir='ltr'>Ἰσραὴλ</span> <span class='ocrx_word' id='word_1_385' title='bbox 3136 1174 3200 1227; x_wconf 83' lang='grc' dir='ltr'>ὲκ</span> <span class='ocrx_word' id='word_1_386' title='bbox 3229 1173 3320 1227; x_wconf 77' lang='grc' dir='ltr'>τοῦ</span> <span class='ocrx_word' id='word_1_387' title='bbox 3361 1174 3481 1245; x_wconf 85' lang='grc' dir='ltr'>Σὴμ</span> <span class='ocrx_word' id='word_1_388' title='bbox 3515 1176 3801 1243; x_wconf 81' lang='grc' dir='ltr'>κατάγων</span> 
     </span>
    </p>
   </div>
   <div class='ocr_carea' id='block_1_55' title="bbox 2197 1263 3799 1340">
    <p class='ocr_par' dir='ltr' id='par_1_55' title="bbox 2197 1263 3799 1340">
     <span class='ocr_line' id='line_1_55' title="bbox 2197 1263 3799 1340; baseline 0.006 -26"><span class='ocrx_word' id='word_1_389' title='bbox 2197 1263 2256 1315; x_wconf 85' lang='grc' dir='ltr'><strong>τὸ</strong></span> <span class='ocrx_word' id='word_1_390' title='bbox 2293 1264 2471 1330; x_wconf 87' lang='grc' dir='ltr'>γένος,</span> <span class='ocrx_word' id='word_1_391' title='bbox 2516 1265 2613 1335; x_wconf 86' lang='grc' dir='ltr'>τῆς</span> <span class='ocrx_word' id='word_1_392' title='bbox 2659 1264 3021 1336; x_wconf 75' lang='grc' dir='ltr'>Παλαιστίνης</span> <span class='ocrx_word' id='word_1_393' title='bbox 3055 1267 3511 1339; x_wconf 79' lang='grc' dir='ltr'>παραλαμϐάνειν</span> <span class='ocrx_word' id='word_1_394' title='bbox 3541 1271 3640 1340; x_wconf 78' lang='grc' dir='ltr'>τὴν</span> <span class='ocrx_word' id='word_1_395' title='bbox 3682 1272 3799 1324; x_wconf 86' lang='grc' dir='ltr'>δε·-</span> 
     </span>
    </p>
   </div>
   <div class='ocr_carea' id='block_1_56' title="bbox 2197 1356 3791 1429">
    <p class='ocr_par' dir='ltr' id='par_1_56' title="bbox 2197 1356 3791 1429">
     <span class='ocr_line' id='line_1_56' title="bbox 2197 1356 3791 1429; baseline 0.004 -21"><span class='ocrx_word' id='word_1_396' title='bbox 2197 1356 2456 1410; x_wconf 84' lang='grc' dir='ltr'>σποτείαν</span> <span class='ocrx_word' id='word_1_397' title='bbox 2477 1373 2489 1385; x_wconf 87' lang='grc'><em>’</em></span> <span class='ocrx_word' id='word_1_398' title='bbox 2526 1358 2728 1429; x_wconf 88' lang='grc' dir='ltr'>ταύτην</span> <span class='ocrx_word' id='word_1_399' title='bbox 2759 1357 2815 1411; x_wconf 88' lang='grc' dir='ltr'>δὲ</span> <span class='ocrx_word' id='word_1_400' title='bbox 2845 1359 3014 1412; x_wconf 88' lang='grc' dir='ltr'>πάλαι</span> <span class='ocrx_word' id='word_1_401' title='bbox 3046 1358 3223 1429; x_wconf 73' lang='grc' dir='ltr'>ᾤκουν</span> <span class='ocrx_word' id='word_1_402' title='bbox 3252 1363 3301 1413; x_wconf 88' lang='grc' dir='ltr'><strong>οἰ</strong></span> <span class='ocrx_word' id='word_1_403' title='bbox 3332 1362 3395 1413; x_wconf 84' lang='grc' dir='ltr'>ὲκ</span> <span class='ocrx_word' id='word_1_404' title='bbox 3424 1361 3516 1415; x_wconf 80' lang='grc' dir='ltr'>τοῦ</span> <span class='ocrx_word' id='word_1_405' title='bbox 3546 1363 3791 1415; x_wconf 76' lang='grc' dir='ltr'>Χαναὰν</span> 
     </span>
    </p>
   </div>
   <div class='ocr_carea' id='block_1_57' title="bbox 2196 1450 3785 1525">
    <p class='ocr_par' dir='ltr' id='par_1_57' title="bbox 2196 1450 3785 1525">
     <span class='ocr_line' id='line_1_57' title="bbox 2196 1450 3785 1525; baseline 0.002 -21"><span class='ocrx_word' id='word_1_406' title='bbox 2196 1450 2625 1521; x_wconf 85' lang='grc' dir='ltr'>βεϐλαστηκότες</span> <span class='ocrx_word' id='word_1_407' title='bbox 2646 1467 2660 1481; x_wconf 79' lang='lat'><strong>&#39;</strong></span> <span class='ocrx_word' id='word_1_408' title='bbox 2688 1451 2769 1514; x_wconf 90' lang='grc' dir='ltr'><strong>είς</strong></span> <span class='ocrx_word' id='word_1_409' title='bbox 2797 1450 2936 1521; x_wconf 78' lang='grc' dir='ltr'>ἀρὰν</span> <span class='ocrx_word' id='word_1_410' title='bbox 2960 1453 3283 1522; x_wconf 77' lang='grc' dir='ltr'>σχηματίζει</span> <span class='ocrx_word' id='word_1_411' title='bbox 3306 1452 3405 1524; x_wconf 84' lang='grc' dir='ltr'>τὴν</span> <span class='ocrx_word' id='word_1_412' title='bbox 3436 1454 3785 1525; x_wconf 69' lang='grc' dir='ltr'>πρόρρησιν,</span> 
     </span>
    </p>
   </div>
   <div class='ocr_carea' id='block_1_58' title="bbox 2194 1542 3793 1615">
    <p class='ocr_par' dir='ltr' id='par_1_58' title="bbox 2194 1542 3793 1615">
     <span class='ocr_line' id='line_1_58' title="bbox 2194 1542 3793 1615; baseline 0.004 -21"><span class='ocrx_word' id='word_1_413' title='bbox 2194 1542 2582 1613; x_wconf 80' lang='grc' dir='ltr'>προαγορεύων</span> <span class='ocrx_word' id='word_1_414' title='bbox 2616 1542 2713 1612; x_wconf 85' lang='grc' dir='ltr'><strong>μὲν</strong></span> <span class='ocrx_word' id='word_1_415' title='bbox 2743 1544 2811 1596; x_wconf 90' lang='grc' dir='ltr'><strong>τά</strong></span> <span class='ocrx_word' id='word_1_416' title='bbox 2839 1544 3094 1615; x_wconf 84' lang='grc' dir='ltr'>ἐσόμενα,</span> <span class='ocrx_word' id='word_1_417' title='bbox 3138 1544 3511 1615; x_wconf 83' lang='grc' dir='ltr'>δεδιττόμενος</span> <span class='ocrx_word' id='word_1_418' title='bbox 3542 1547 3597 1600; x_wconf 87' lang='grc' dir='ltr'>δὲ</span> <span class='ocrx_word' id='word_1_419' title='bbox 3638 1547 3793 1609; x_wconf 74' lang='grc' dir='ltr'>τοὺς</span> 
     </span>
    </p>
   </div>
   <div class='ocr_carea' id='block_1_59' title="bbox 2194 1635 3789 1706">
    <p class='ocr_par' dir='ltr' id='par_1_59' title="bbox 2194 1635 3789 1706">
     <span class='ocr_line' id='line_1_59' title="bbox 2194 1635 3789 1706; baseline 0.001 -19"><span class='ocrx_word' id='word_1_420' title='bbox 2194 1635 2418 1705; x_wconf 78' lang='grc' dir='ltr'>ὕστερον</span> <span class='ocrx_word' id='word_1_421' title='bbox 2457 1635 2782 1704; x_wconf 78' lang='grc' dir='ltr'>ἐσομένους,</span> <span class='ocrx_word' id='word_1_422' title='bbox 2813 1637 2888 1706; x_wconf 84' lang='grc' dir='ltr'>μὴ</span> <span class='ocrx_word' id='word_1_423' title='bbox 2922 1635 3263 1705; x_wconf 80' lang='grc' dir='ltr'>πλημμελεῖν</span> <span class='ocrx_word' id='word_1_424' title='bbox 3289 1638 3368 1700; x_wconf 87' lang='grc' dir='ltr'><strong>είς</strong></span> <span class='ocrx_word' id='word_1_425' title='bbox 3405 1638 3615 1702; x_wconf 88' lang='grc' dir='ltr'>γονέας.</span> <span class='ocrx_word' id='word_1_426' title='bbox 3655 1638 3789 1691; x_wconf 76' lang='grc' dir='ltr'><strong>Καὶ</strong></span> 
     </span>
    </p>
   </div>
   <div class='ocr_carea' id='block_1_60' title="bbox 2192 1726 3780 1799">
    <p class='ocr_par' dir='ltr' id='par_1_60' title="bbox 2192 1726 3780 1799">
     <span class='ocr_line' id='line_1_60' title="bbox 2192 1726 3780 1799; baseline -0.001 -15"><span class='ocrx_word' id='word_1_427' title='bbox 2192 1732 2348 1784; x_wconf 80' lang='grc' dir='ltr'>τοῦτο</span> <span class='ocrx_word' id='word_1_428' title='bbox 2398 1730 2585 1799; x_wconf 77' lang='grc' dir='ltr'>σαφῶς</span> <span class='ocrx_word' id='word_1_429' title='bbox 2633 1730 2784 1799; x_wconf 82' lang='grc' dir='ltr'>ἡμᾶς</span> <span class='ocrx_word' id='word_1_430' title='bbox 2825 1730 2858 1798; x_wconf 78' lang='grc' dir='ltr'><strong>ἡ</strong></span> <span class='ocrx_word' id='word_1_431' title='bbox 2908 1727 3001 1780; x_wconf 81' lang='grc' dir='ltr'>τοῦ</span> <span class='ocrx_word' id='word_1_432' title='bbox 3061 1727 3180 1798; x_wconf 80' lang='grc' dir='ltr'><strong>Σὴμ</strong></span> <span class='ocrx_word' id='word_1_433' title='bbox 3231 1726 3451 1796; x_wconf 82' lang='grc' dir='ltr'>εὐλογία</span> <span class='ocrx_word' id='word_1_434' title='bbox 3497 1727 3780 1782; x_wconf 87' lang='grc' dir='ltr'>διδάσκει.</span> 
     </span>
    </p>
   </div>
   <div class='ocr_carea' id='block_1_61' title="bbox 2199 1819 3776 1892">
    <p class='ocr_par' dir='ltr' id='par_1_61' title="bbox 2199 1819 3776 1892">
     <span class='ocr_line' id='line_1_61' title="bbox 2199 1819 3776 1892; baseline -0.003 -17"><span class='ocrx_word' id='word_1_435' title='bbox 2199 1843 2217 1875; x_wconf 87' lang='grc'><strong>‹</strong></span> <span class='ocrx_word' id='word_1_436' title='bbox 2258 1822 2561 1892; x_wconf 79' lang='grc' dir='ltr'>Εὐλογητὸς</span> <span class='ocrx_word' id='word_1_437' title='bbox 2587 1822 2694 1892; x_wconf 79' lang='grc' dir='ltr'>γὰρ</span> <span class='ocrx_word' id='word_1_438' title='bbox 2716 1862 2730 1886; x_wconf 89' lang='grc'><em>,</em></span> <span class='ocrx_word' id='word_1_439' title='bbox 2787 1823 2942 1891; x_wconf 69' lang='grc' dir='ltr'>φησὶ,</span> <span class='ocrx_word' id='word_1_440' title='bbox 2972 1821 3176 1891; x_wconf 88' lang='grc' dir='ltr'>Κύριος</span> <span class='ocrx_word' id='word_1_441' title='bbox 3212 1823 3240 1873; x_wconf 87' lang='grc' dir='ltr'><strong>ό</strong></span> <span class='ocrx_word' id='word_1_442' title='bbox 3267 1820 3398 1884; x_wconf 85' lang='grc' dir='ltr'>Θεὸς</span> <span class='ocrx_word' id='word_1_443' title='bbox 3418 1819 3510 1873; x_wconf 82' lang='grc' dir='ltr'>τοῦ</span> <span class='ocrx_word' id='word_1_444' title='bbox 3543 1821 3699 1891; x_wconf 78' lang='grc' dir='ltr'><strong>Σήμ·</strong></span> <span class='ocrx_word' id='word_1_445' title='bbox 3751 1839 3776 1869; x_wconf 77' lang='grc' dir='ltr'><strong>ο</strong></span> 
     </span>
    </p>
   </div>
   <div class='ocr_carea' id='block_1_62' title="bbox 2193 1911 3783 1983">
    <p class='ocr_par' dir='ltr' id='par_1_62' title="bbox 2193 1911 3783 1983">
     <span class='ocr_line' id='line_1_62' title="bbox 2193 1911 3783 1983; baseline -0.003 -14"><span class='ocrx_word' id='word_1_446' title='bbox 2193 1918 2288 1970; x_wconf 79' lang='grc' dir='ltr'>καὶ</span> <span class='ocrx_word' id='word_1_447' title='bbox 2334 1915 2486 1968; x_wconf 79' lang='grc' dir='ltr'>ἔσται</span> <span class='ocrx_word' id='word_1_448' title='bbox 2538 1915 2761 1968; x_wconf 76' lang='grc' dir='ltr'>Χαναὰν</span> <span class='ocrx_word' id='word_1_449' title='bbox 2798 1915 2931 1976; x_wconf 87' lang='grc' dir='ltr'>παῖς</span> <span class='ocrx_word' id='word_1_450' title='bbox 2976 1912 3165 1966; x_wconf 75' lang='grc' dir='ltr'>αὑτοῦ.</span> <span class='ocrx_word' id='word_1_451' title='bbox 3206 1931 3223 1963; x_wconf 72' lang='grc' dir='ltr'><strong>ι</strong></span> <span class='ocrx_word' id='word_1_452' title='bbox 3261 1913 3334 1965; x_wconf 83' lang='grc' dir='ltr'><strong>υύ</strong></span> <span class='ocrx_word' id='word_1_453' title='bbox 3372 1914 3481 1983; x_wconf 77' lang='grc' dir='ltr'><strong>γὰρ</strong></span> <span class='ocrx_word' id='word_1_454' title='bbox 3518 1916 3630 1975; x_wconf 82' lang='grc' dir='ltr'>τοῖς</span> <span class='ocrx_word' id='word_1_455' title='bbox 3668 1911 3783 1965; x_wconf 83' lang='grc' dir='ltr'><strong>δύο</strong></span> 
     </span>
    </p>
   </div>
   <div class='ocr_carea' id='block_1_63' title="bbox 2190 2007 3779 2078">
    <p class='ocr_par' dir='ltr' id='par_1_63' title="bbox 2190 2007 3779 2078">
     <span class='ocr_line' id='line_1_63' title="bbox 2190 2007 3779 2078; baseline -0.001 -16"><span class='ocrx_word' id='word_1_456' title='bbox 2190 2008 2378 2062; x_wconf 75' lang='grc' dir='ltr'>τοῦτον</span> <span class='ocrx_word' id='word_1_457' title='bbox 2409 2008 2673 2072; x_wconf 79' lang='grc' dir='ltr'>ὑπέταξεν</span> <span class='ocrx_word' id='word_1_458' title='bbox 2707 2008 2819 2078; x_wconf 84' lang='grc'>(76)</span> <span class='ocrx_word' id='word_1_459' title='bbox 2868 2007 3005 2060; x_wconf 84' lang='grc' dir='ltr'>ἀλλὰ</span> <span class='ocrx_word' id='word_1_460' title='bbox 3041 2008 3185 2077; x_wconf 82' lang='grc' dir='ltr'>μόνῳ</span> <span class='ocrx_word' id='word_1_461' title='bbox 3213 2007 3287 2078; x_wconf 86' lang='grc' dir='ltr'>τῷ</span> <span class='ocrx_word' id='word_1_462' title='bbox 3330 2008 3472 2078; x_wconf 86' lang='grc' dir='ltr'>Σήμ.</span> <span class='ocrx_word' id='word_1_463' title='bbox 3517 2008 3626 2060; x_wconf 74' lang='grc' dir='ltr'><strong>Καὶ</strong></span> <span class='ocrx_word' id='word_1_464' title='bbox 3663 2007 3779 2061; x_wconf 76' lang='grc' dir='ltr'>τοῦ</span> 
     </span>
    </p>
   </div>
   <div class='ocr_carea' id='block_1_64' title="bbox 2192 2099 3781 2173">
    <p class='ocr_par' dir='ltr' id='par_1_64' title="bbox 2192 2099 3781 2173">
     <span class='ocr_line' id='line_1_64' title="bbox 2192 2099 3781 2173; baseline -0.001 -19"><span class='ocrx_word' id='word_1_465' title='bbox 2192 2102 2291 2171; x_wconf 83' lang='grc' dir='ltr'><strong>μὲν</strong></span> <span class='ocrx_word' id='word_1_466' title='bbox 2332 2100 2508 2171; x_wconf 80' lang='grc' dir='ltr'>Ἰάφεθ</span> <span class='ocrx_word' id='word_1_467' title='bbox 2548 2101 2645 2172; x_wconf 82' lang='grc' dir='ltr'>τὴν</span> <span class='ocrx_word' id='word_1_468' title='bbox 2688 2099 3011 2169; x_wconf 87' lang='grc' dir='ltr'>πολυγονίαν</span> <span class='ocrx_word' id='word_1_469' title='bbox 3053 2100 3503 2173; x_wconf 83' lang='grc' dir='ltr'>προείρηκε,·τοῦ</span> <span class='ocrx_word' id='word_1_470' title='bbox 3548 2101 3602 2154; x_wconf 83' lang='grc' dir='ltr'><strong>δὲ</strong></span> <span class='ocrx_word' id='word_1_471' title='bbox 3638 2102 3781 2171; x_wconf 83' lang='grc' dir='ltr'><strong>Σὴμ</strong></span> 
     </span>
    </p>
   </div>
   <div class='ocr_carea' id='block_1_65' title="bbox 2188 2192 3775 2265">
    <p class='ocr_par' dir='ltr' id='par_1_65' title="bbox 2188 2192 3775 2265">
     <span class='ocr_line' id='line_1_65' title="bbox 2188 2192 3775 2265; baseline 0.001 -20"><span class='ocrx_word' id='word_1_472' title='bbox 2188 2196 2286 2264; x_wconf 81' lang='grc' dir='ltr'>τὴν</span> <span class='ocrx_word' id='word_1_473' title='bbox 2317 2194 2597 2247; x_wconf 81' lang='grc' dir='ltr'>εὐσέϐειαν</span> <span class='ocrx_word' id='word_1_474' title='bbox 2619 2209 2631 2221; x_wconf 88' lang='grc'><strong>·</strong></span> <span class='ocrx_word' id='word_1_475' title='bbox 2663 2194 2754 2246; x_wconf 89' lang='grc' dir='ltr'><strong>τὸν</strong></span> <span class='ocrx_word' id='word_1_476' title='bbox 2785 2193 2892 2264; x_wconf 74' lang='grc' dir='ltr'>γὰρ</span> <span class='ocrx_word' id='word_1_477' title='bbox 2929 2193 3061 2246; x_wconf 85' lang='grc' dir='ltr'>Θεὸν</span> <span class='ocrx_word' id='word_1_478' title='bbox 3088 2195 3145 2246; x_wconf 87' lang='grc' dir='ltr'>ὲν</span> <span class='ocrx_word' id='word_1_479' title='bbox 3167 2197 3280 2255; x_wconf 81' lang='grc' dir='ltr'>τοῖς</span> <span class='ocrx_word' id='word_1_480' title='bbox 3315 2193 3634 2265; x_wconf 82' lang='grc' dir='ltr'>σκηνώμασι</span> <span class='ocrx_word' id='word_1_481' title='bbox 3662 2192 3775 2247; x_wconf 76' lang='grc' dir='ltr'>τοῦ</span> 
     </span>
    </p>
   </div>
   <div class='ocr_carea' id='block_1_66' title="bbox 2187 2286 3778 2358">
    <p class='ocr_par' dir='ltr' id='par_1_66' title="bbox 2187 2286 3778 2358">
     <span class='ocr_line' id='line_1_66' title="bbox 2187 2286 3778 2358; baseline 0 -19"><span class='ocrx_word' id='word_1_482' title='bbox 2187 2287 2309 2358; x_wconf 83' lang='grc' dir='ltr'><strong>Σὴμ</strong></span> <span class='ocrx_word' id='word_1_483' title='bbox 2347 2288 2695 2356; x_wconf 86' lang='grc' dir='ltr'>κατοικήσειν</span> <span class='ocrx_word' id='word_1_484' title='bbox 2736 2287 3053 2357; x_wconf 87' lang='grc' dir='ltr'>προείρηκε.</span> <span class='ocrx_word' id='word_1_485' title='bbox 3107 2286 3410 2356; x_wconf 81' lang='grc' dir='ltr'>Κατῴκησε</span> <span class='ocrx_word' id='word_1_486' title='bbox 3453 2286 3509 2338; x_wconf 83' lang='grc' dir='ltr'>δὲ</span> <span class='ocrx_word' id='word_1_487' title='bbox 3557 2287 3615 2338; x_wconf 87' lang='grc' dir='ltr'>ἐν</span> <span class='ocrx_word' id='word_1_488' title='bbox 3643 2289 3778 2350; x_wconf 77' lang='grc' dir='ltr'>τοῖς</span> 
     </span>
    </p>
   </div>
   <div class='ocr_carea' id='block_1_67' title="bbox 2186 2377 3774 2448">
    <p class='ocr_par' dir='ltr' id='par_1_67' title="bbox 2186 2377 3774 2448">
     <span class='ocr_line' id='line_1_67' title="bbox 2186 2377 3774 2448; baseline -0.001 -17"><span class='ocrx_word' id='word_1_489' title='bbox 2186 2380 2250 2431; x_wconf 80' lang='grc' dir='ltr'><strong>ἐκ</strong></span> <span class='ocrx_word' id='word_1_490' title='bbox 2286 2378 2379 2431; x_wconf 83' lang='grc' dir='ltr'>τοῦ</span> <span class='ocrx_word' id='word_1_491' title='bbox 2407 2377 2529 2448; x_wconf 87' lang='grc' dir='ltr'>Σὴμ</span> <span class='ocrx_word' id='word_1_492' title='bbox 2558 2377 2953 2448; x_wconf 84' lang='grc' dir='ltr'>πατριάρχαις,</span> <span class='ocrx_word' id='word_1_493' title='bbox 2986 2380 3079 2430; x_wconf 76' lang='grc' dir='ltr'>καὶ</span> <span class='ocrx_word' id='word_1_494' title='bbox 3107 2379 3165 2429; x_wconf 80' lang='grc' dir='ltr'><strong>ἐν</strong></span> <span class='ocrx_word' id='word_1_495' title='bbox 3197 2381 3310 2441; x_wconf 81' lang='grc' dir='ltr'>τοῖς</span> <span class='ocrx_word' id='word_1_496' title='bbox 3347 2379 3413 2430; x_wconf 82' lang='grc' dir='ltr'><strong>ἐκ</strong></span> <span class='ocrx_word' id='word_1_497' title='bbox 3436 2377 3640 2431; x_wconf 89' lang='grc' dir='ltr'>τούτων</span> <span class='ocrx_word' id='word_1_498' title='bbox 3668 2378 3774 2448; x_wconf 86' lang='grc' dir='ltr'><strong>βε-</strong></span> 
     </span>
    </p>
   </div>
   <div class='ocr_carea' id='block_1_68' title="bbox 2185 2469 3768 2542">
    <p class='ocr_par' dir='ltr' id='par_1_68' title="bbox 2185 2469 3768 2542">
     <span class='ocr_line' id='line_1_68' title="bbox 2185 2469 3768 2542; baseline 0 -21"><span class='ocrx_word' id='word_1_499' title='bbox 2185 2469 2517 2539; x_wconf 89' lang='grc' dir='ltr'>ϐλαστηκόσι</span> <span class='ocrx_word' id='word_1_500' title='bbox 2560 2470 2896 2542; x_wconf 72' lang='grc' dir='ltr'>προφήταις·</span> <span class='ocrx_word' id='word_1_501' title='bbox 2942 2470 3037 2523; x_wconf 77' lang='grc' dir='ltr'><strong>καὶ</strong></span> <span class='ocrx_word' id='word_1_502' title='bbox 3074 2470 3131 2522; x_wconf 79' lang='grc' dir='ltr'><strong>ἐν</strong></span> <span class='ocrx_word' id='word_1_503' title='bbox 3156 2472 3221 2539; x_wconf 76' lang='grc' dir='ltr'>τῇ</span> <span class='ocrx_word' id='word_1_504' title='bbox 3254 2472 3425 2540; x_wconf 86' lang='grc' dir='ltr'>σκηνῇ</span> <span class='ocrx_word' id='word_1_505' title='bbox 3456 2470 3768 2541; x_wconf 73' lang='grc' dir='ltr'>πρότερονο</span> 
     </span>
    </p>
   </div>
   <div class='ocr_carea' id='block_1_69' title="bbox 2185 2558 3770 2631">
    <p class='ocr_par' dir='ltr' id='par_1_69' title="bbox 2185 2558 3770 2631">
     <span class='ocr_line' id='line_1_69' title="bbox 2185 2558 3770 2631; baseline 0 -19"><span class='ocrx_word' id='word_1_506' title='bbox 2185 2560 2277 2613; x_wconf 77' lang='grc' dir='ltr'>καὶ</span> <span class='ocrx_word' id='word_1_507' title='bbox 2326 2561 2383 2611; x_wconf 82' lang='grc' dir='ltr'>ὲν</span> <span class='ocrx_word' id='word_1_508' title='bbox 2434 2559 2826 2630; x_wconf 84' lang='grc' dir='ltr'>Ἰεροσολύμοις</span> <span class='ocrx_word' id='word_1_509' title='bbox 2875 2558 3120 2631; x_wconf 79' lang='grc' dir='ltr'>ὕστερον.</span> <span class='ocrx_word' id='word_1_510' title='bbox 3191 2559 3445 2629; x_wconf 83' lang='grc' dir='ltr'>Ἀκριϐὲς</span> <span class='ocrx_word' id='word_1_511' title='bbox 3485 2559 3542 2612; x_wconf 83' lang='grc' dir='ltr'>δὲ</span> <span class='ocrx_word' id='word_1_512' title='bbox 3600 2559 3770 2624; x_wconf 79' lang='grc' dir='ltr'>τέλος</span> 
     </span>
    </p>
   </div>
   <div class='ocr_carea' id='block_1_70' title="bbox 2182 2652 3767 2723">
    <p class='ocr_par' dir='ltr' id='par_1_70' title="bbox 2182 2652 3767 2723">
     <span class='ocr_line' id='line_1_70' title="bbox 2182 2652 3767 2723; baseline 0.001 -19"><span class='ocrx_word' id='word_1_513' title='bbox 2182 2652 2338 2722; x_wconf 79' lang='grc' dir='ltr'>ἔσχεν</span> <span class='ocrx_word' id='word_1_514' title='bbox 2360 2655 2393 2722; x_wconf 85' lang='grc' dir='ltr'><strong>ή</strong></span> <span class='ocrx_word' id='word_1_515' title='bbox 2427 2652 2731 2723; x_wconf 82' lang='grc' dir='ltr'>προφητεία</span> <span class='ocrx_word' id='word_1_516' title='bbox 2755 2654 2815 2706; x_wconf 89' lang='grc' dir='ltr'><strong>τὸ</strong></span> <span class='ocrx_word' id='word_1_517' title='bbox 2843 2653 2944 2722; x_wconf 84' lang='grc' dir='ltr'>τῆς</span> <span class='ocrx_word' id='word_1_518' title='bbox 2973 2653 3284 2722; x_wconf 81' lang='grc' dir='ltr'>οἰκονομίας</span> <span class='ocrx_word' id='word_1_519' title='bbox 3309 2653 3637 2723; x_wconf 82' lang='grc' dir='ltr'>μυστήριον’</span> <span class='ocrx_word' id='word_1_520' title='bbox 3664 2654 3767 2705; x_wconf 84' lang='grc' dir='ltr'>ὅτε</span> 
     </span>
    </p>
   </div>
   <div class='ocr_carea' id='block_1_71' title="bbox 2180 2744 3766 2815">
    <p class='ocr_par' dir='ltr' id='par_1_71' title="bbox 2180 2744 3766 2815">
     <span class='ocr_line' id='line_1_71' title="bbox 2180 2744 3766 2815; baseline 0.001 -17"><span class='ocrx_word' id='word_1_521' title='bbox 2180 2746 2345 2809; x_wconf 81' lang='grc' dir='ltr'>αὐτὸς</span> <span class='ocrx_word' id='word_1_522' title='bbox 2374 2747 2402 2798; x_wconf 89' lang='grc' dir='ltr'><strong>ό</strong></span> <span class='ocrx_word' id='word_1_523' title='bbox 2425 2745 2557 2809; x_wconf 86' lang='grc' dir='ltr'>Θεὸς</span> <span class='ocrx_word' id='word_1_524' title='bbox 2583 2746 2774 2813; x_wconf 82' lang='grc' dir='ltr'>Λόγος,</span> <span class='ocrx_word' id='word_1_525' title='bbox 2803 2746 2832 2798; x_wconf 86' lang='grc' dir='ltr'><strong>ό</strong></span> <span class='ocrx_word' id='word_1_526' title='bbox 2857 2744 2950 2797; x_wconf 80' lang='grc' dir='ltr'>τοῦ</span> <span class='ocrx_word' id='word_1_527' title='bbox 2981 2745 3117 2798; x_wconf 84' lang='grc' dir='ltr'>Θεοῦ</span> <span class='ocrx_word' id='word_1_528' title='bbox 3148 2746 3240 2797; x_wconf 74' lang='grc' dir='ltr'><strong>καὶ</strong></span> <span class='ocrx_word' id='word_1_529' title='bbox 3266 2745 3478 2813; x_wconf 86' lang='grc' dir='ltr'>Πατρὸς</span> <span class='ocrx_word' id='word_1_530' title='bbox 3504 2746 3627 2807; x_wconf 80' lang='grc' dir='ltr'>Υἱὸς</span> <span class='ocrx_word' id='word_1_531' title='bbox 3658 2763 3766 2815; x_wconf 83' lang='grc' dir='ltr'>μο-</span> 
     </span>
    </p>
   </div>
   <div class='ocr_carea' id='block_1_72' title="bbox 2180 2836 3762 2909">
    <p class='ocr_par' dir='ltr' id='par_1_72' title="bbox 2180 2836 3762 2909">
     <span class='ocr_line' id='line_1_72' title="bbox 2180 2836 3762 2909; baseline -0.001 -17"><span class='ocrx_word' id='word_1_532' title='bbox 2180 2840 2421 2909; x_wconf 84' lang='grc' dir='ltr'>νογενὴς,</span> <span class='ocrx_word' id='word_1_533' title='bbox 2453 2838 2743 2909; x_wconf 81' lang='grc' dir='ltr'>ἐσαρκώθη</span> <span class='ocrx_word' id='word_1_534' title='bbox 2776 2839 2870 2892; x_wconf 63' lang='grc' dir='ltr'><strong>κα)⁵</strong></span> <span class='ocrx_word' id='word_1_535' title='bbox 2900 2836 3289 2909; x_wconf 80' lang='grc' dir='ltr'>ἐνηνθρὼπησε</span> <span class='ocrx_word' id='word_1_536' title='bbox 3322 2839 3417 2891; x_wconf 69' lang='grc' dir='ltr'>καὶ</span> <span class='ocrx_word' id='word_1_537' title='bbox 3445 2837 3570 2891; x_wconf 90' lang='grc' dir='ltr'>ναὸν</span> <span class='ocrx_word' id='word_1_538' title='bbox 3616 2840 3762 2891; x_wconf 78' lang='grc' dir='ltr'>ἑαυο</span> 
     </span>
    </p>
   </div>
   <div class='ocr_carea' id='block_1_73' title="bbox 2176 2930 3763 3002">
    <p class='ocr_par' dir='ltr' id='par_1_73' title="bbox 2176 2930 3763 3002">
     <span class='ocr_line' id='line_1_73' title="bbox 2176 2930 3763 3002; baseline 0.001 -18"><span class='ocrx_word' id='word_1_539' title='bbox 2176 2934 2269 2987; x_wconf 82' lang='grc' dir='ltr'><strong>τοῦ</strong></span> <span class='ocrx_word' id='word_1_540' title='bbox 2320 2933 2791 3002; x_wconf 81' lang='grc' dir='ltr'>προσηγόρευσεν,</span> <span class='ocrx_word' id='word_1_541' title='bbox 2850 2931 2917 3001; x_wconf 79' lang='grc' dir='ltr'>ἢν</span> <span class='ocrx_word' id='word_1_542' title='bbox 2968 2932 3030 2982; x_wconf 85' lang='grc' dir='ltr'>ὲκ</span> <span class='ocrx_word' id='word_1_543' title='bbox 3074 2931 3388 2999; x_wconf 85' lang='grc' dir='ltr'>σπέρματος</span> <span class='ocrx_word' id='word_1_544' title='bbox 3439 2930 3602 2983; x_wconf 76' lang='grc' dir='ltr'>Δαϐἰδ</span> <span class='ocrx_word' id='word_1_545' title='bbox 3656 2932 3763 2985; x_wconf 75' lang='grc' dir='ltr'><strong>καὶ</strong></span> 
     </span>
    </p>
   </div>
   <div class='ocr_carea' id='block_1_74' title="bbox 2190 3016 3759 3094">
    <p class='ocr_par' dir='ltr' id='par_1_74' title="bbox 2190 3016 3759 3094">
     <span class='ocr_line' id='line_1_74' title="bbox 2190 3016 3759 3094; baseline -0.001 -19"><span class='ocrx_word' id='word_1_546' title='bbox 2190 3022 2440 3094; x_wconf 75' lang='grc' dir='ltr'>Ἀϐραὰμ</span> <span class='ocrx_word' id='word_1_547' title='bbox 2487 3022 2647 3074; x_wconf 74' lang='grc' dir='ltr'>ἔλαϐε</span> <span class='ocrx_word' id='word_1_548' title='bbox 2696 3022 2895 3091; x_wconf 84' lang='grc' dir='ltr'>σάρκα.</span> <span class='ocrx_word' id='word_1_549' title='bbox 2953 3022 3047 3074; x_wconf 87' lang='grc' dir='ltr'>Ἐκ</span> <span class='ocrx_word' id='word_1_550' title='bbox 3072 3021 3167 3074; x_wconf 83' lang='grc' dir='ltr'>τοῦ</span> <span class='ocrx_word' id='word_1_551' title='bbox 3195 3022 3316 3091; x_wconf 84' lang='grc' dir='ltr'><strong>Σὴμ</strong></span> <span class='ocrx_word' id='word_1_552' title='bbox 3342 3021 3450 3092; x_wconf 86' lang='grc' dir='ltr'><strong>γάρ</strong></span> <span class='ocrx_word' id='word_1_553' title='bbox 3482 3021 3575 3075; x_wconf 72' lang='grc' dir='ltr'>καὶ</span> <span class='ocrx_word' id='word_1_554' title='bbox 3602 3016 3759 3075; x_wconf 74' lang='grc' dir='ltr'>οὗτοι</span> 
     </span>
    </p>
   </div>
   <div class='ocr_carea' id='block_1_75' title="bbox 2101 3111 3761 3183">
    <p class='ocr_par' dir='ltr' id='par_1_75' title="bbox 2101 3111 3761 3183">
     <span class='ocr_line' id='line_1_75' title="bbox 2101 3111 3761 3183; baseline -0.002 -15"><span class='ocrx_word' id='word_1_555' title='bbox 2101 3119 2143 3176; x_wconf 88' lang='lat' dir='ltr'><strong>C</strong></span> <span class='ocrx_word' id='word_1_556' title='bbox 2177 3115 2414 3183; x_wconf 79' lang='grc' dir='ltr'>κατῆγον</span> <span class='ocrx_word' id='word_1_557' title='bbox 2444 3115 2505 3165; x_wconf 89' lang='grc' dir='ltr'><strong>τὸ</strong></span> <span class='ocrx_word' id='word_1_558' title='bbox 2530 3113 2705 3181; x_wconf 89' lang='grc' dir='ltr'>γένος.</span> <span class='ocrx_word' id='word_1_559' title='bbox 2751 3113 2817 3165; x_wconf 84' lang='grc' dir='ltr'><strong>Ἦ</strong></span> <span class='ocrx_word' id='word_1_560' title='bbox 2850 3112 2907 3165; x_wconf 80' lang='grc' dir='ltr'>δὲ</span> <span class='ocrx_word' id='word_1_561' title='bbox 2931 3112 3025 3165; x_wconf 83' lang='grc' dir='ltr'>τοῦ</span> <span class='ocrx_word' id='word_1_562' title='bbox 3062 3111 3280 3166; x_wconf 79' lang='grc' dir='ltr'>Χαναὰν</span> <span class='ocrx_word' id='word_1_563' title='bbox 3303 3111 3520 3165; x_wconf 83' lang='grc' dir='ltr'>δουλεία</span> <span class='ocrx_word' id='word_1_564' title='bbox 3550 3113 3606 3164; x_wconf 79' lang='grc' dir='ltr'>ὲν</span> <span class='ocrx_word' id='word_1_565' title='bbox 3634 3115 3761 3176; x_wconf 78' lang='grc' dir='ltr'>τοῖς·</span> 
     </span>
    </p>
   </div>
   <div class='ocr_carea' id='block_1_76' title="bbox 2179 3203 3079 3268">
    <p class='ocr_par' dir='ltr' id='par_1_76' title="bbox 2179 3203 3079 3268">
     <span class='ocr_line' id='line_1_76' title="bbox 2179 3203 3079 3268; baseline 0.002 -12"><span class='ocrx_word' id='word_1_566' title='bbox 2179 3204 2545 3268; x_wconf 87' lang='grc' dir='ltr'>Γαϐαωνίταις</span> <span class='ocrx_word' id='word_1_567' title='bbox 2576 3204 2639 3257; x_wconf 89' lang='grc' dir='ltr'><strong>τὸ</strong></span> <span class='ocrx_word' id='word_1_568' title='bbox 2665 3203 2818 3267; x_wconf 89' lang='grc' dir='ltr'>τέλος</span> <span class='ocrx_word' id='word_1_569' title='bbox 2844 3203 3079 3268; x_wconf 79' lang='grc' dir='ltr'>ἐδέξατο.</span> 
     </span>
    </p>
   </div>
   <div class='ocr_carea' id='block_1_77' title="bbox 2736 3315 3148 3369">
    <p class='ocr_par' dir='ltr' id='par_1_77' title="bbox 2736 3315 3148 3369">
     <span class='ocr_line' id='line_1_77' title="bbox 2736 3315 3148 3369; baseline 0.007 -3"><span class='ocrx_word' id='word_1_570' title='bbox 2736 3316 2930 3367; x_wconf 88' lang='grc' dir='ltr'><strong>ΕΡΩΤ.</strong></span> <span class='ocrx_word' id='word_1_571' title='bbox 2961 3316 3066 3369; x_wconf 75' lang='grc' dir='ltr'>ΝΘ</span> <span class='ocrx_word' id='word_1_572' title='bbox 3083 3315 3148 3369; x_wconf 70' lang='grc'><strong>⁷⁸.</strong></span> 
     </span>
    </p>
   </div>
   <div class='ocr_carea' id='block_1_78' title="bbox 2182 3428 3757 3501">
    <p class='ocr_par' dir='ltr' id='par_1_78' title="bbox 2182 3428 3757 3501">
     <span class='ocr_line' id='line_1_78' title="bbox 2182 3428 3757 3501; baseline 0.003 -18"><span class='ocrx_word' id='word_1_573' title='bbox 2182 3429 2299 3497; x_wconf 74' lang='grc' dir='ltr'><strong>Τὴν</strong></span> <span class='ocrx_word' id='word_1_574' title='bbox 2330 3429 2645 3497; x_wconf 67' lang='grc' dir='ltr'>ἀσφαλτόν</span> <span class='ocrx_word' id='word_1_575' title='bbox 2673 3444 2831 3501; x_wconf 78' lang='grc' dir='ltr'>τινες</span> <span class='ocrx_word' id='word_1_576' title='bbox 2879 3428 2996 3501; x_wconf 74' lang='grc' dir='ltr'><strong>τῶν</strong></span> <span class='ocrx_word' id='word_1_577' title='bbox 3035 3428 3419 3501; x_wconf 71' lang='grc' dir='ltr'>διδασκάλων</span> <span class='ocrx_word' id='word_1_578' title='bbox 3445 3428 3558 3501; x_wconf 79' lang='lat'><strong>(77)</strong></span> <span class='ocrx_word' id='word_1_579' title='bbox 3596 3430 3757 3499; x_wconf 69' lang='grc' dir='ltr'><strong>ἔφα-</strong></span> 
     </span>
    </p>
   </div>
   <div class='ocr_carea' id='block_1_79' title="bbox 2618 3497 3275 3553">
    <p class='ocr_par' dir='ltr' id='par_1_79' title="bbox 2618 3497 3275 3553">
     <span class='ocr_line' id='line_1_79' title="bbox 2618 3497 3275 3553; baseline 0.005 -3"><span class='ocrx_word' id='word_1_580' title='bbox 2618 3514 2740 3551; x_wconf 79' lang='grc' dir='ltr'>σαν</span> <span class='ocrx_word' id='word_1_581' title='bbox 2772 3500 3073 3553; x_wconf 74' lang='grc' dir='ltr'>ἄσϐεστον</span> <span class='ocrx_word' id='word_1_582' title='bbox 3105 3497 3275 3553; x_wconf 84' lang='grc' dir='ltr'>εἶναι.</span> 
     </span>
    </p>
   </div>
   <div class='ocr_carea' id='block_1_80' title="bbox 2243 3613 3757 3686">
    <p class='ocr_par' dir='ltr' id='par_1_80' title="bbox 2243 3613 3757 3686">
     <span class='ocr_line' id='line_1_80' title="bbox 2243 3613 3757 3686; baseline -0.002 -17"><span class='ocrx_word' id='word_1_583' title='bbox 2243 3617 2305 3669; x_wconf 88' lang='grc' dir='ltr'>Οί</span> <span class='ocrx_word' id='word_1_584' title='bbox 2335 3613 2674 3683; x_wconf 82' lang='grc' dir='ltr'>ἀγνοοῦντες,</span> <span class='ocrx_word' id='word_1_585' title='bbox 2702 3614 2776 3677; x_wconf 89' lang='grc' dir='ltr'>ὠς</span> <span class='ocrx_word' id='word_1_586' title='bbox 2804 3614 2971 3678; x_wconf 88' lang='grc' dir='ltr'>εἰκὸς,</span> <span class='ocrx_word' id='word_1_587' title='bbox 3006 3615 3105 3677; x_wconf 84' lang='grc' dir='ltr'><strong>τὰς</strong></span> <span class='ocrx_word' id='word_1_588' title='bbox 3143 3614 3201 3667; x_wconf 71' lang='grc' dir='ltr'>ἐν</span> <span class='ocrx_word' id='word_1_589' title='bbox 3237 3617 3306 3686; x_wconf 80' lang='grc' dir='ltr'>τῇ</span> <span class='ocrx_word' id='word_1_590' title='bbox 3348 3614 3606 3686; x_wconf 74' lang='grc' dir='ltr'>Ἀσσυρίᾳ</span> <span class='ocrx_word' id='word_1_591' title='bbox 3640 3632 3757 3683; x_wconf 80' lang='grc' dir='ltr'>πη-</span> 
     </span>
    </p>
   </div>
   <div class='ocr_carea' id='block_1_81' title="bbox 2171 3698 3750 3775">
    <p class='ocr_par' dir='ltr' id='par_1_81' title="bbox 2171 3698 3750 3775">
     <span class='ocr_line' id='line_1_81' title="bbox 2171 3698 3750 3775; baseline 0 -16"><span class='ocrx_word' id='word_1_592' title='bbox 2171 3706 2309 3773; x_wconf 76' lang='grc' dir='ltr'>γάς,</span> <span class='ocrx_word' id='word_1_593' title='bbox 2356 3704 2613 3775; x_wconf 78' lang='grc' dir='ltr'>ᾠήθησαν</span> <span class='ocrx_word' id='word_1_594' title='bbox 2651 3703 2900 3774; x_wconf 87' lang='grc' dir='ltr'>ἀσϐέστῳ</span> <span class='ocrx_word' id='word_1_595' title='bbox 2936 3703 3027 3757; x_wconf 89' lang='grc' dir='ltr'><strong>τὸν</strong></span> <span class='ocrx_word' id='word_1_596' title='bbox 3074 3703 3281 3774; x_wconf 87' lang='grc' dir='ltr'>πύργον</span> <span class='ocrx_word' id='word_1_597' title='bbox 3327 3698 3750 3775; x_wconf 76' lang='grc' dir='ltr'>ᾠκοδομείσθαι.</span> 
     </span>
    </p>
   </div>
   <div class='ocr_carea' id='block_1_82' title="bbox 2184 3792 3754 3865">
    <p class='ocr_par' dir='ltr' id='par_1_82' title="bbox 2184 3792 3754 3865">
     <span class='ocr_line' id='line_1_82' title="bbox 2184 3792 3754 3865; baseline 0.002 -18"><span class='ocrx_word' id='word_1_598' title='bbox 2184 3793 2451 3863; x_wconf 83' lang='grc' dir='ltr'>Ἀκριϐὦς</span> <span class='ocrx_word' id='word_1_599' title='bbox 2483 3793 2540 3845; x_wconf 84' lang='grc' dir='ltr'><strong>δὲ</strong></span> <span class='ocrx_word' id='word_1_600' title='bbox 2588 3792 2736 3863; x_wconf 73' lang='grc' dir='ltr'>παρὰ</span> <span class='ocrx_word' id='word_1_601' title='bbox 2778 3792 2887 3845; x_wconf 86' lang='grc' dir='ltr'><strong>τῶν</strong></span> <span class='ocrx_word' id='word_1_602' title='bbox 2927 3794 3136 3847; x_wconf 76' lang='grc' dir='ltr'>ἐκεῖθεν</span> <span class='ocrx_word' id='word_1_603' title='bbox 3181 3795 3529 3864; x_wconf 81' lang='grc' dir='ltr'>ἀφικομένων</span> <span class='ocrx_word' id='word_1_604' title='bbox 3563 3798 3754 3865; x_wconf 74' lang='grc' dir='ltr'>μεμά-</span> 
     </span>
    </p>
   </div>
   <div class='ocr_carea' id='block_1_83' title="bbox 2170 3882 3753 3957">
    <p class='ocr_par' dir='ltr' id='par_1_83' title="bbox 2170 3882 3753 3957">
     <span class='ocr_line' id='line_1_83' title="bbox 2170 3882 3753 3957; baseline 0.002 -21"><span class='ocrx_word' id='word_1_605' title='bbox 2170 3883 2332 3954; x_wconf 86' lang='grc' dir='ltr'>θηκα,</span> <span class='ocrx_word' id='word_1_606' title='bbox 2363 3882 2439 3947; x_wconf 87' lang='grc' dir='ltr'>ὡς</span> <span class='ocrx_word' id='word_1_607' title='bbox 2468 3884 2574 3936; x_wconf 78' lang='grc' dir='ltr'>εἰσὶ</span> <span class='ocrx_word' id='word_1_608' title='bbox 2614 3884 2785 3953; x_wconf 75' lang='grc' dir='ltr'>πηγαὶ</span> <span class='ocrx_word' id='word_1_609' title='bbox 2814 3884 3017 3954; x_wconf 91' lang='grc' dir='ltr'>ταύτην</span> <span class='ocrx_word' id='word_1_610' title='bbox 3047 3883 3447 3948; x_wconf 82' lang='grc' dir='ltr'>ἀναϐλύζουσαι</span> <span class='ocrx_word' id='word_1_611' title='bbox 3484 3886 3581 3956; x_wconf 79' lang='grc' dir='ltr'><strong>τὴν</strong></span> <span class='ocrx_word' id='word_1_612' title='bbox 3605 3886 3753 3957; x_wconf 78' lang='grc' dir='ltr'>ὓλην</span> 
     </span>
    </p>
   </div>
   <div class='ocr_carea' id='block_1_84' title="bbox 2172 3976 3747 4049">
    <p class='ocr_par' dir='ltr' id='par_1_84' title="bbox 2172 3976 3747 4049">
     <span class='ocr_line' id='line_1_84' title="bbox 2172 3976 3747 4049; baseline 0.002 -20"><span class='ocrx_word' id='word_1_613' title='bbox 2172 3976 2292 4047; x_wconf 83' lang='grc' dir='ltr'>μεθ’</span> <span class='ocrx_word' id='word_1_614' title='bbox 2342 3976 2565 4039; x_wconf 79' lang='grc' dir='ltr'>ὓδατος·</span> <span class='ocrx_word' id='word_1_615' title='bbox 2628 3976 2721 4030; x_wconf 76' lang='grc' dir='ltr'><strong>καὶ</strong></span> <span class='ocrx_word' id='word_1_616' title='bbox 2747 3977 2827 4029; x_wconf 83' lang='grc' dir='ltr'><strong>ὅτι</strong></span> <span class='ocrx_word' id='word_1_617' title='bbox 2858 3976 3061 4047; x_wconf 89' lang='grc' dir='ltr'>ταύτην</span> <span class='ocrx_word' id='word_1_618' title='bbox 3104 3980 3224 4040; x_wconf 89' lang='grc' dir='ltr'>ταῖς</span> <span class='ocrx_word' id='word_1_619' title='bbox 3252 3977 3584 4047; x_wconf 86' lang='grc' dir='ltr'>οἰκοδομίαις</span> <span class='ocrx_word' id='word_1_620' title='bbox 3625 3979 3747 4049; x_wconf 87' lang='grc'><strong>(78)</strong></span> 
     </span>
    </p>
   </div>
   <div class='ocr_carea' id='block_1_85' title="bbox 2170 4066 3747 4140">
    <p class='ocr_par' dir='ltr' id='par_1_85' title="bbox 2170 4066 3747 4140">
     <span class='ocr_line' id='line_1_85' title="bbox 2170 4066 3747 4140; baseline 0.001 -19"><span class='ocrx_word' id='word_1_621' title='bbox 2170 4066 2609 4136; x_wconf 80' lang='grc' dir='ltr'>συνυφαίνοντες,</span> <span class='ocrx_word' id='word_1_622' title='bbox 2648 4068 2743 4120; x_wconf 73' lang='grc' dir='ltr'>ἐπὶ</span> <span class='ocrx_word' id='word_1_623' title='bbox 2773 4068 2972 4139; x_wconf 84' lang='grc' dir='ltr'>ταύτης</span> <span class='ocrx_word' id='word_1_624' title='bbox 3012 4069 3112 4139; x_wconf 83' lang='grc' dir='ltr'>τὴν</span> <span class='ocrx_word' id='word_1_625' title='bbox 3151 4068 3485 4140; x_wconf 85' lang='grc' dir='ltr'>ὼπτημένην</span> <span class='ocrx_word' id='word_1_626' title='bbox 3521 4072 3747 4123; x_wconf 83' lang='grc' dir='ltr'>συνετί-</span> 
     </span>
    </p>
   </div>
   <div class='ocr_carea' id='block_1_86' title="bbox 2168 4160 3747 4234">
    <p class='ocr_par' dir='ltr' id='par_1_86' title="bbox 2168 4160 3747 4234">
     <span class='ocr_line' id='line_1_86' title="bbox 2168 4160 3747 4234; baseline 0.002 -20"><span class='ocrx_word' id='word_1_627' title='bbox 2168 4161 2330 4215; x_wconf 89' lang='grc' dir='ltr'>θεσαν</span> <span class='ocrx_word' id='word_1_628' title='bbox 2366 4161 2605 4215; x_wconf 78' lang='grc' dir='ltr'>πλίνθον.</span> <span class='ocrx_word' id='word_1_629' title='bbox 2642 4160 2797 4214; x_wconf 77' lang='grc' dir='ltr'>Οὕτω</span> <span class='ocrx_word' id='word_1_630' title='bbox 2835 4162 2930 4214; x_wconf 70' lang='grc' dir='ltr'><strong>καὶ</strong></span> <span class='ocrx_word' id='word_1_631' title='bbox 2963 4162 3054 4214; x_wconf 87' lang='grc' dir='ltr'><strong>τὸν</strong></span> <span class='ocrx_word' id='word_1_632' title='bbox 3101 4163 3309 4233; x_wconf 88' lang='grc' dir='ltr'>πύργον</span> <span class='ocrx_word' id='word_1_633' title='bbox 3348 4162 3747 4234; x_wconf 80' lang='grc' dir='ltr'>ᾠκοδομῆσθαί</span> 
     </span>
    </p>
   </div>
   <div class='ocr_carea' id='block_1_87' title="bbox 2168 4253 3743 4326">
    <p class='ocr_par' dir='ltr' id='par_1_87' title="bbox 2168 4253 3743 4326">
     <span class='ocr_line' id='line_1_87' title="bbox 2168 4253 3743 4326; baseline -0.012 -19"><span class='ocrx_word' id='word_1_634' title='bbox 2168 4270 2325 4322; x_wconf 80' lang='grc' dir='ltr'>φασι,</span> <span class='ocrx_word' id='word_1_635' title='bbox 2350 4254 2445 4307; x_wconf 76' lang='grc' dir='ltr'><strong>καὶ</strong></span> <span class='ocrx_word' id='word_1_636' title='bbox 2470 4254 2517 4306; x_wconf 91' lang='grc' dir='ltr'><strong>οί</strong></span> <span class='ocrx_word' id='word_1_637' title='bbox 2543 4254 2808 4306; x_wconf 84' lang='grc' dir='ltr'>αὐτόπται</span> <span class='ocrx_word' id='word_1_638' title='bbox 2845 4253 3032 4307; x_wconf 83' lang='grc' dir='ltr'>τούτου</span> <span class='ocrx_word' id='word_1_639' title='bbox 3073 4254 3376 4326; x_wconf 43' lang='grc' dir='ltr'>διαρρῆξαι.</span> <span class='ocrx_word' id='word_1_640' title='bbox 3399 4273 3451 4308; x_wconf 77' lang='grc' dir='ltr'><strong>τι</strong></span> <span class='ocrx_word' id='word_1_641' title='bbox 3495 4255 3661 4326; x_wconf 77' lang='grc' dir='ltr'>μέρος</span> <span class='ocrx_word' id='word_1_642' title='bbox 3688 4258 3743 4289; x_wconf 78' lang='grc' dir='ltr'>τι</span> 
     </span>
    </p>
   </div>
   <div class='ocr_carea' id='block_1_88' title="bbox 2168 4343 3743 4416">
    <p class='ocr_par' dir='ltr' id='par_1_88' title="bbox 2168 4343 3743 4416">
     <span class='ocr_line' id='line_1_88' title="bbox 2168 4343 3743 4416; baseline 0.003 -20"><span class='ocrx_word' id='word_1_643' title='bbox 2168 4343 2515 4415; x_wconf 90' lang='grc' dir='ltr'>ἰσχυρίσαντο</span> <span class='ocrx_word' id='word_1_644' title='bbox 2535 4386 2549 4409; x_wconf 93' lang='grc'><em>,</em></span> <span class='ocrx_word' id='word_1_645' title='bbox 2582 4346 2675 4397; x_wconf 77' lang='grc' dir='ltr'><strong>καὶ</strong></span> <span class='ocrx_word' id='word_1_646' title='bbox 2716 4343 2960 4414; x_wconf 85' lang='grc' dir='ltr'>ἀκριϐῶς</span> <span class='ocrx_word' id='word_1_647' title='bbox 2984 4345 3312 4412; x_wconf 85' lang='grc' dir='ltr'>διαγνῶναι,</span> <span class='ocrx_word' id='word_1_648' title='bbox 3348 4346 3422 4409; x_wconf 82' lang='grc' dir='ltr'><strong>ὡς</strong></span> <span class='ocrx_word' id='word_1_649' title='bbox 3457 4346 3743 4416; x_wconf 82' lang='grc' dir='ltr'>ἄσφαλτος</span> 
     </span>
    </p>
   </div>
   <div class='ocr_carea' id='block_1_89' title="bbox 494 4434 2099 4507">
    <p class='ocr_par' dir='ltr' id='par_1_89' title="bbox 494 4437 2099 4507">
     <span class='ocr_line' id='line_1_89' title="bbox 494 4437 2099 4507; baseline 0.001 -17"><span class='ocrx_word' id='word_1_650' title='bbox 494 4438 753 4491; x_wconf 87' lang='lat' dir='ltr'><strong>lateribus</strong></span> <span class='ocrx_word' id='word_1_651' title='bbox 784 4438 1117 4491; x_wconf 87' lang='lat' dir='ltr'><strong>substratum</strong></span> <span class='ocrx_word' id='word_1_652' title='bbox 1149 4455 1161 4489; x_wconf 91' lang='lat'>:</span> <span class='ocrx_word' id='word_1_653' title='bbox 1193 4446 1501 4492; x_wconf 87' lang='lat' dir='ltr'><strong>asserentes</strong></span> <span class='ocrx_word' id='word_1_654' title='bbox 1546 4437 1750 4506; x_wconf 90' lang='lat' dir='ltr'><strong>alioqui</strong></span> <span class='ocrx_word' id='word_1_655' title='bbox 1780 4437 2059 4506; x_wconf 88' lang='lat' dir='ltr'><strong>penuriam</strong></span> <span class='ocrx_word' id='word_1_656' title='bbox 2092 4452 2099 4507; x_wconf 71' lang='lat'>1</span> 
     </span>
    </p>
   </div>
   <div class='ocr_carea' id='block_1_90' title="bbox 2186 4434 3739 4507">
    <p class='ocr_par' dir='ltr' id='par_1_90' title="bbox 2186 4434 3739 4506">
     <span class='ocr_line' id='line_1_90' title="bbox 2186 4434 3739 4506; baseline 0.005 -20"><span class='ocrx_word' id='word_1_657' title='bbox 2186 4437 2284 4498; x_wconf 75' lang='grc' dir='ltr'>ταῖς</span> <span class='ocrx_word' id='word_1_658' title='bbox 2316 4434 2671 4505; x_wconf 83' lang='grc' dir='ltr'>ὠπτημέναις</span> <span class='ocrx_word' id='word_1_659' title='bbox 2719 4436 3063 4506; x_wconf 80' lang='grc' dir='ltr'>ὑπέστρωται</span> <span class='ocrx_word' id='word_1_660' title='bbox 3119 4436 3379 4501; x_wconf 85' lang='grc' dir='ltr'>πλίνθοις.</span> <span class='ocrx_word' id='word_1_661' title='bbox 3430 4439 3638 4502; x_wconf 81' lang='grc' dir='ltr'>Ἀλλως</span> <span class='ocrx_word' id='word_1_662' title='bbox 3672 4457 3739 4493; x_wconf 85' lang='grc' dir='ltr'><strong>τε</strong></span> 
     </span>
    </p>
   </div>
   <div class='ocr_carea' id='block_1_91' title="bbox 490 4528 2060 4599">
    <p class='ocr_par' dir='ltr' id='par_1_91' title="bbox 490 4528 2060 4599">
     <span class='ocr_line' id='line_1_91' title="bbox 490 4528 2060 4599; baseline 0.001 -16"><span class='ocrx_word' id='word_1_663' title='bbox 490 4543 617 4583; x_wconf 87' lang='lat' dir='ltr'><strong>csse</strong></span> <span class='ocrx_word' id='word_1_664' title='bbox 651 4528 891 4598; x_wconf 86' lang='lat' dir='ltr'><strong>lapidum</strong></span> <span class='ocrx_word' id='word_1_665' title='bbox 928 4530 982 4581; x_wconf 94' lang='lat' dir='ltr'><strong>in</strong></span> <span class='ocrx_word' id='word_1_666' title='bbox 1020 4530 1262 4599; x_wconf 82' lang='lat' dir='ltr'><strong>Assyria,</strong></span> <span class='ocrx_word' id='word_1_667' title='bbox 1292 4538 1346 4584; x_wconf 92' lang='lat' dir='ltr'><strong>et</strong></span> <span class='ocrx_word' id='word_1_668' title='bbox 1385 4529 1454 4583; x_wconf 91' lang='lat' dir='ltr'><strong>ob</strong></span> <span class='ocrx_word' id='word_1_669' title='bbox 1494 4546 1613 4584; x_wconf 91' lang='lat' dir='ltr'><strong>eam</strong></span> <span class='ocrx_word' id='word_1_670' title='bbox 1654 4544 1770 4583; x_wconf 89' lang='lat' dir='ltr'><strong>rem</strong></span> <span class='ocrx_word' id='word_1_671' title='bbox 1800 4530 2060 4585; x_wconf 87' lang='lat' dir='ltr'><strong>lateribus</strong></span> 
     </span>
    </p>
   </div>
   <div class='ocr_carea' id='block_1_92' title="bbox 2164 4523 3739 4599">
    <p class='ocr_par' dir='ltr' id='par_1_92' title="bbox 2164 4523 3739 4599">
     <span class='ocr_line' id='line_1_92' title="bbox 2164 4523 3739 4599; baseline 0.002 -19"><span class='ocrx_word' id='word_1_672' title='bbox 2164 4526 2261 4580; x_wconf 75' lang='grc' dir='ltr'>καὶ</span> <span class='ocrx_word' id='word_1_673' title='bbox 2308 4526 2468 4579; x_wconf 86' lang='grc' dir='ltr'>λίθων</span> <span class='ocrx_word' id='word_1_674' title='bbox 2515 4523 2653 4580; x_wconf 76' lang='grc' dir='ltr'>εἶναι</span> <span class='ocrx_word' id='word_1_675' title='bbox 2702 4528 2899 4580; x_wconf 89' lang='grc' dir='ltr'>σπάνιν</span> <span class='ocrx_word' id='word_1_676' title='bbox 2929 4528 2986 4580; x_wconf 82' lang='grc' dir='ltr'><strong>ἐν</strong></span> <span class='ocrx_word' id='word_1_677' title='bbox 3018 4530 3087 4599; x_wconf 81' lang='grc' dir='ltr'>τῇ</span> <span class='ocrx_word' id='word_1_678' title='bbox 3142 4527 3403 4599; x_wconf 74' lang='grc' dir='ltr'>Ἀσσυρίᾳ</span> <span class='ocrx_word' id='word_1_679' title='bbox 3442 4531 3593 4596; x_wconf 73' lang='grc' dir='ltr'>φασὶ,</span> <span class='ocrx_word' id='word_1_680' title='bbox 3632 4532 3739 4583; x_wconf 72' lang='grc' dir='ltr'><strong>καὶ</strong></span> 
     </span>
    </p>
   </div>
   <div class='ocr_carea' id='block_1_93' title="bbox 494 4618 2099 4694">
    <p class='ocr_par' dir='ltr' id='par_1_93' title="bbox 494 4621 2060 4693">
     <span class='ocr_line' id='line_1_93' title="bbox 494 4621 2060 4693; baseline 0.002 -19"><span class='ocrx_word' id='word_1_681' title='bbox 494 4621 572 4674; x_wconf 87' lang='lat' dir='ltr'><strong>uti</strong></span> <span class='ocrx_word' id='word_1_682' title='bbox 612 4637 708 4690; x_wconf 91' lang='lat' dir='ltr'><strong>pro</strong></span> <span class='ocrx_word' id='word_1_683' title='bbox 758 4622 1052 4692; x_wconf 76' lang='lat' dir='ltr'><strong>lapidibus.</strong></span> <span class='ocrx_word' id='word_1_684' title='bbox 1101 4621 1264 4692; x_wconf 90' lang='lat' dir='ltr'><strong>Atqui</strong></span> <span class='ocrx_word' id='word_1_685' title='bbox 1311 4622 1428 4678; x_wconf 90' lang='lat' dir='ltr'><strong>sine</strong></span> <span class='ocrx_word' id='word_1_686' title='bbox 1472 4622 1739 4692; x_wconf 87' lang='lat' dir='ltr'><strong>lapidibus</strong></span> <span class='ocrx_word' id='word_1_687' title='bbox 1786 4623 2060 4693; x_wconf 87' lang='lat' dir='ltr'><strong>quomodo</strong></span> 
     </span>
    </p>
   </div>
   <div class='ocr_carea' id='block_1_94' title="bbox 2186 4618 3739 4694">
    <p class='ocr_par' dir='ltr' id='par_1_94' title="bbox 2186 4618 3739 4694">
     <span class='ocr_line' id='line_1_94' title="bbox 2186 4618 3739 4694; baseline 0.004 -23"><span class='ocrx_word' id='word_1_688' title='bbox 2186 4620 2248 4672; x_wconf 74' lang='grc' dir='ltr'>ἱιά</span> <span class='ocrx_word' id='word_1_689' title='bbox 2271 4618 2427 4672; x_wconf 77' lang='grc' dir='ltr'>τοῦτο</span> <span class='ocrx_word' id='word_1_690' title='bbox 2454 4621 2571 4682; x_wconf 81' lang='grc' dir='ltr'>ταῖς</span> <span class='ocrx_word' id='word_1_691' title='bbox 2602 4619 2843 4684; x_wconf 85' lang='grc' dir='ltr'>πλίνθοις</span> <span class='ocrx_word' id='word_1_692' title='bbox 2863 4621 2984 4673; x_wconf 73' lang='grc' dir='ltr'>ἀντὶ</span> <span class='ocrx_word' id='word_1_693' title='bbox 3010 4620 3172 4673; x_wconf 85' lang='grc' dir='ltr'>λίθων</span> <span class='ocrx_word' id='word_1_694' title='bbox 3194 4622 3494 4694; x_wconf 82' lang='grc' dir='ltr'>κεχρῆσθαι</span> <span class='ocrx_word' id='word_1_695' title='bbox 3517 4640 3530 4653; x_wconf 89' lang='grc'>·</span> <span class='ocrx_word' id='word_1_696' title='bbox 3563 4620 3739 4676; x_wconf 84' lang='grc' dir='ltr'>λίθων</span> 
     </span>
    </p>
   </div>
   <div class='ocr_carea' id='block_1_95' title="bbox 491 4712 1238 4783">
    <p class='ocr_par' dir='ltr' id='par_1_95' title="bbox 491 4712 1238 4783">
     <span class='ocr_line' id='line_1_95' title="bbox 491 4712 1238 4783; baseline 0.005 -18"><span class='ocrx_word' id='word_1_697' title='bbox 491 4712 610 4766; x_wconf 82' lang='lat' dir='ltr'><strong>calx</strong></span> <span class='ocrx_word' id='word_1_698' title='bbox 642 4713 760 4767; x_wconf 77' lang='lat' dir='ltr'><strong>viva</strong></span> <span class='ocrx_word' id='word_1_699' title='bbox 800 4714 994 4769; x_wconf 90' lang='lat' dir='ltr'><strong>coulici</strong></span> <span class='ocrx_word' id='word_1_700' title='bbox 1025 4716 1238 4783; x_wconf 81' lang='lat' dir='ltr'><strong>possit?</strong></span> 
     </span>
    </p>
   </div>
   <div class='ocr_carea' id='block_1_96' title="bbox 556 4861 1045 4930">
    <p class='ocr_par' dir='ltr' id='par_1_96' title="bbox 556 4861 1045 4930">
     <span class='ocr_line' id='line_1_96' title="bbox 556 4861 1045 4930; baseline 0.002 -13"><span class='ocrx_word' id='word_1_701' title='bbox 556 4861 586 4901; x_wconf 74' lang='grc' dir='ltr'><strong><em>ἀ</em></strong></span> <span class='ocrx_word' id='word_1_702' title='bbox 627 4863 759 4918; x_wconf 87' lang='lat' dir='ltr'><strong>Gen.</strong></span> <span class='ocrx_word' id='word_1_703' title='bbox 826 4882 898 4930; x_wconf 79' lang='lat' dir='ltr'><strong>ix,</strong></span> <span class='ocrx_word' id='word_1_704' title='bbox 954 4864 1045 4918; x_wconf 75' lang='lat'><strong>9.6.</strong></span> 
     </span>
    </p>
   </div>
   <div class='ocr_carea' id='block_1_97' title="bbox 2161 4711 3165 4781">
    <p class='ocr_par' dir='ltr' id='par_1_97' title="bbox 2161 4711 3165 4781">
     <span class='ocr_line' id='line_1_97' title="bbox 2161 4711 3165 4781; baseline 0.003 -17"><span class='ocrx_word' id='word_1_705' title='bbox 2161 4712 2217 4764; x_wconf 86' lang='grc' dir='ltr'>δὲ</span> <span class='ocrx_word' id='word_1_706' title='bbox 2246 4712 2369 4781; x_wconf 86' lang='grc' dir='ltr'>δίχα</span> <span class='ocrx_word' id='word_1_707' title='bbox 2403 4711 2515 4774; x_wconf 84' lang='grc' dir='ltr'>πῶς</span> <span class='ocrx_word' id='word_1_708' title='bbox 2546 4712 2612 4764; x_wconf 89' lang='grc' dir='ltr'>ἂν</span> <span class='ocrx_word' id='word_1_709' title='bbox 2638 4712 2847 4779; x_wconf 77' lang='grc' dir='ltr'>γένοιτο</span> <span class='ocrx_word' id='word_1_710' title='bbox 2874 4712 3165 4777; x_wconf 83' lang='grc' dir='ltr'>άσϐεστος;</span> 
     </span>
    </p>
   </div>
   <div class='ocr_carea' id='block_1_98' title="bbox 1337 4976 2847 5041">
    <p class='ocr_par' dir='ltr' id='par_1_98' title="bbox 1337 4976 2847 5041">
     <span class='ocr_line' id='line_1_98' title="bbox 1337 4976 2847 5041; baseline 0.006 -12"><span class='ocrx_word' id='word_1_711' title='bbox 1337 4976 1567 5031; x_wconf 67' lang='lat' dir='ltr'><strong>VARI/1‘3</strong></span> <span class='ocrx_word' id='word_1_712' title='bbox 1603 4978 1986 5041; x_wconf 78' lang='lat' dir='ltr'><strong>LECTIONES</strong></span> <span class='ocrx_word' id='word_1_713' title='bbox 2034 4982 2118 5036; x_wconf 80' lang='lat' dir='ltr'><strong>EX</strong></span> <span class='ocrx_word' id='word_1_714' title='bbox 2160 4984 2435 5039; x_wconf 78' lang='lat' dir='ltr'><strong>CATENA</strong></span> <span class='ocrx_word' id='word_1_715' title='bbox 2490 4984 2847 5041; x_wconf 82' lang='lat' dir='ltr'><strong>LIPSIENSI.</strong></span> 
     </span>
    </p>
   </div>
   <div class='ocr_carea' id='block_1_99' title="bbox 554 5120 601 5151">
    <p class='ocr_par' dir='ltr' id='par_1_99' title="bbox 554 5120 601 5151">
     <span class='ocr_line' id='line_1_99' title="bbox 554 5120 601 5151; baseline -0.021 0"><span class='ocrx_word' id='word_1_716' title='bbox 554 5120 601 5151; x_wconf 71' lang='lat'><strong>78</strong></span> 
     </span>
    </p>
   </div>
   <div class='ocr_carea' id='block_1_100' title="bbox 485 5120 1927 5267">
    <p class='ocr_par' dir='ltr' id='par_1_100' title="bbox 485 5120 1927 5267">
     <span class='ocr_line' id='line_1_100' title="bbox 554 5120 1927 5197; baseline 0.002 -21"><span class='ocrx_word' id='word_1_717' title='bbox 554 5120 601 5151; x_wconf 79' lang='grc'><strong>⁷³</strong></span> <span class='ocrx_word' id='word_1_718' title='bbox 635 5120 753 5176; x_wconf 82' lang='lat' dir='ltr'><strong>Cat.</strong></span> <span class='ocrx_word' id='word_1_719' title='bbox 807 5137 859 5190; x_wconf 91' lang='lat' dir='ltr'><strong>p.</strong></span> <span class='ocrx_word' id='word_1_720' title='bbox 893 5122 1013 5177; x_wconf 76' lang='grc'><strong>165.</strong></span> <span class='ocrx_word' id='word_1_721' title='bbox 1036 5124 1133 5194; x_wconf 84' lang='grc' dir='ltr'>τὴν</span> <span class='ocrx_word' id='word_1_722' title='bbox 1162 5124 1310 5176; x_wconf 85' lang='grc' dir='ltr'>παιδ.</span> <span class='ocrx_word' id='word_1_723' title='bbox 1339 5124 1425 5177; x_wconf 78' lang='grc' dir='ltr'>διὰ</span> <span class='ocrx_word' id='word_1_724' title='bbox 1460 5126 1615 5177; x_wconf 75' lang='grc' dir='ltr'>τοῦτο</span> <span class='ocrx_word' id='word_1_725' title='bbox 1646 5127 1927 5197; x_wconf 59' lang='grc' dir='ltr'>παρέπεμιζ</span> 
     </span>
     <span class='ocr_line' id='line_1_101' title="bbox 485 5190 1927 5267; baseline 0.002 -20"><span class='ocrx_word' id='word_1_726' title='bbox 485 5190 553 5247; x_wconf 85' lang='grc'><strong>60</strong></span> <span class='ocrx_word' id='word_1_727' title='bbox 584 5202 636 5247; x_wconf 92' lang='lat' dir='ltr'><strong>et</strong></span> <span class='ocrx_word' id='word_1_728' title='bbox 657 5191 744 5246; x_wconf 83' lang='lat' dir='ltr'><strong>6L</strong></span> <span class='ocrx_word' id='word_1_729' title='bbox 814 5195 859 5224; x_wconf 84' lang='grc'><strong>⁷⁸</strong></span> <span class='ocrx_word' id='word_1_730' title='bbox 893 5194 1012 5247; x_wconf 84' lang='lat' dir='ltr'><strong>Cat.</strong></span> <span class='ocrx_word' id='word_1_731' title='bbox 1044 5210 1097 5263; x_wconf 92' lang='lat' dir='ltr'><strong>p.</strong></span> <span class='ocrx_word' id='word_1_732' title='bbox 1142 5195 1263 5249; x_wconf 76' lang='lat'><strong>1&#39;75.</strong></span> <span class='ocrx_word' id='word_1_733' title='bbox 1290 5196 1384 5247; x_wconf 71' lang='grc' dir='ltr'><strong>καὶ</strong></span> <span class='ocrx_word' id='word_1_734' title='bbox 1404 5195 1645 5266; x_wconf 76' lang='grc' dir='ltr'>διορύξαι</span> <span class='ocrx_word' id='word_1_735' title='bbox 1669 5216 1721 5249; x_wconf 90' lang='grc' dir='ltr'><strong>τι</strong></span> <span class='ocrx_word' id='word_1_736' title='bbox 1747 5198 1927 5267; x_wconf 83' lang='grc' dir='ltr'>μέρος.</span> 
     </span>
    </p>
   </div>
   <div class='ocr_carea' id='block_1_101' title="bbox 807 5122 2099 5210">
    <p class='ocr_par' dir='ltr' id='par_1_101' title="bbox 807 5122 2095 5210">
     <span class='ocr_line' id='line_1_102' title="bbox 807 5122 2095 5210; baseline 0.005 -36"><span class='ocrx_word' id='word_1_737' title='bbox 807 5137 859 5210; x_wconf 52' lang='lat' dir='ltr'><strong>pl.</strong></span> <span class='ocrx_word' id='word_1_738' title='bbox 1036 5124 1133 5194; x_wconf 84' lang='grc' dir='ltr'>τὴν</span> <span class='ocrx_word' id='word_1_739' title='bbox 1147 5124 1310 5210; x_wconf 51' lang='grc' dir='ltr'>,παιδ</span> <span class='ocrx_word' id='word_1_740' title='bbox 1339 5124 1431 5210; x_wconf 44' lang='grc' dir='ltr'>ὃ.ιά</span> <span class='ocrx_word' id='word_1_741' title='bbox 1460 5126 1615 5210; x_wconf 60' lang='grc' dir='ltr'>τούτο</span> <span class='ocrx_word' id='word_1_742' title='bbox 1646 5126 1995 5210; x_wconf 72' lang='grc' dir='ltr'>παρέπεμψε.</span> <span class='ocrx_word' id='word_1_743' title='bbox 2078 5130 2095 5159; x_wconf 88' lang='grc'>⁷</span> 
     </span>
    </p>
   </div>
   <div class='ocr_carea' id='block_1_102' title="bbox 2186 5122 3728 5210">
    <p class='ocr_par' dir='ltr' id='par_1_102' title="bbox 2186 5134 3728 5210">
     <span class='ocr_line' id='line_1_103' title="bbox 2186 5134 3728 5210; baseline 0.008 -26"><span class='ocrx_word' id='word_1_744' title='bbox 2186 5134 2355 5195; x_wconf 66' lang='grc' dir='ltr'>ρυωδι.</span> <span class='ocrx_word' id='word_1_745' title='bbox 2422 5134 2489 5189; x_wconf 81' lang='grc'><strong>59</strong></span> <span class='ocrx_word' id='word_1_746' title='bbox 2544 5134 2596 5187; x_wconf 91' lang='lat' dir='ltr'><strong>in</strong></span> <span class='ocrx_word' id='word_1_747' title='bbox 2650 5142 2757 5189; x_wconf 83' lang='lat' dir='ltr'><strong>cat.</strong></span> <span class='ocrx_word' id='word_1_748' title='bbox 2808 5148 2862 5203; x_wconf 91' lang='lat' dir='ltr'><strong>p.</strong></span> <span class='ocrx_word' id='word_1_749' title='bbox 2926 5134 3030 5189; x_wconf 74' lang='grc'><strong>175</strong></span> <span class='ocrx_word' id='word_1_750' title='bbox 3075 5136 3295 5205; x_wconf 87' lang='lat' dir='ltr'><strong>ponitur</strong></span> <span class='ocrx_word' id='word_1_751' title='bbox 3344 5146 3472 5207; x_wconf 89' lang='lat' dir='ltr'><strong>post</strong></span> <span class='ocrx_word' id='word_1_752' title='bbox 3526 5151 3728 5210; x_wconf 66' lang='lat' dir='ltr'><strong>quaest.</strong></span> 
     </span>
    </p>
   </div>
   <div class='ocr_carea' id='block_1_103' title="bbox 2012 5315 2236 5372">
    <p class='ocr_par' dir='ltr' id='par_1_103' title="bbox 2012 5315 2236 5372">
     <span class='ocr_line' id='line_1_104' title="bbox 2012 5315 2236 5372; baseline 0.004 -2"><span class='ocrx_word' id='word_1_753' title='bbox 2012 5315 2236 5372; x_wconf 75' lang='grc' dir='ltr'><strong>ΝΟΤᾸΞ.</strong></span> 
     </span>
    </p>
   </div>
   <div class='ocr_carea' id='block_1_104' title="bbox 553 5424 1389 5495">
    <p class='ocr_par' dir='ltr' id='par_1_104' title="bbox 553 5424 1389 5495">
     <span class='ocr_line' id='line_1_105' title="bbox 553 5424 1389 5495; baseline 0.008 -18"><span class='ocrx_word' id='word_1_754' title='bbox 553 5424 667 5495; x_wconf 84' lang='lat'><strong>(76)</strong></span> <span class='ocrx_word' id='word_1_755' title='bbox 701 5424 837 5481; x_wconf 91' lang='lat' dir='ltr'><strong>Cod.</strong></span> <span class='ocrx_word' id='word_1_756' title='bbox 876 5436 930 5481; x_wconf 93' lang='lat' dir='ltr'><strong>et</strong></span> <span class='ocrx_word' id='word_1_757' title='bbox 949 5427 1060 5482; x_wconf 88' lang='lat' dir='ltr'><strong>Pic.</strong></span> <span class='ocrx_word' id='word_1_758' title='bbox 1090 5428 1389 5492; x_wconf 80' lang='grc' dir='ltr'>ὑπέδειξεν.</span> 
     </span>
    </p>
   </div>
   <div class='ocr_carea' id='block_1_105' title="bbox 555 5495 2036 5571">
    <p class='ocr_par' dir='ltr' id='par_1_105' title="bbox 555 5495 2036 5571">
     <span class='ocr_line' id='line_1_106' title="bbox 555 5495 2036 5571; baseline 0.008 -26"><span class='ocrx_word' id='word_1_759' title='bbox 555 5495 665 5571; x_wconf 63' lang='grc' dir='ltr'><strong>(η)</strong></span> <span class='ocrx_word' id='word_1_760' title='bbox 702 5496 865 5571; x_wconf 81' lang='grc' dir='ltr'>Τινὲς</span> <span class='ocrx_word' id='word_1_761' title='bbox 923 5498 1042 5550; x_wconf 84' lang='grc' dir='ltr'><strong>τῶν</strong></span> <span class='ocrx_word' id='word_1_762' title='bbox 1085 5498 1484 5556; x_wconf 78' lang='grc' dir='ltr'>διδασκάλων.</span> <span class='ocrx_word' id='word_1_763' title='bbox 1525 5501 1779 5559; x_wconf 72' lang='lat' dir='ltr'><strong>Ilebt&#39;tcus</strong></span> <span class='ocrx_word' id='word_1_764' title='bbox 1814 5503 2036 5571; x_wconf 87' lang='lat' dir='ltr'><strong>scilicet,</strong></span> 
     </span>
    </p>
   </div>
   <div class='ocr_carea' id='block_1_106' title="bbox 482 5563 2038 5642">
    <p class='ocr_par' dir='ltr' id='par_1_106' title="bbox 482 5563 2038 5642">
     <span class='ocr_line' id='line_1_107' title="bbox 482 5563 2038 5642; baseline 0.01 -29"><span class='ocrx_word' id='word_1_765' title='bbox 482 5563 571 5642; x_wconf 64' lang='lat' dir='ltr'><strong>ut</strong></span> <span class='ocrx_word' id='word_1_766' title='bbox 604 5563 775 5642; x_wconf 56' lang='lat' dir='ltr'><strong>Syrus</strong></span> <span class='ocrx_word' id='word_1_767' title='bbox 840 5570 1130 5642; x_wconf 62' lang='lat' dir='ltr'><strong>interpres,</strong></span> <span class='ocrx_word' id='word_1_768' title='bbox 1190 5581 1249 5622; x_wconf 92' lang='lat' dir='ltr'><strong>ut</strong></span> <span class='ocrx_word' id='word_1_769' title='bbox 1285 5586 1329 5642; x_wconf 82' lang='lat' dir='ltr'><strong>_e</strong></span> <span class='ocrx_word' id='word_1_770' title='bbox 1372 5572 1612 5642; x_wconf 73' lang='lat' dir='ltr'><strong>Diodoro</strong></span> <span class='ocrx_word' id='word_1_771' title='bbox 1676 5575 1861 5642; x_wconf 88' lang='lat' dir='ltr'><strong>liquet.</strong></span> <span class='ocrx_word' id='word_1_772' title='bbox 1906 5563 2038 5629; x_wconf 80' lang='lat' dir='ltr'><strong>Vide</strong></span> 
     </span>
    </p>
   </div>
   <div class='ocr_carea' id='block_1_107' title="bbox 482 5631 2028 5709">
    <p class='ocr_par' dir='ltr' id='par_1_107' title="bbox 482 5631 2028 5709">
     <span class='ocr_line' id='line_1_108' title="bbox 482 5631 2028 5709; baseline 0.008 -25"><span class='ocrx_word' id='word_1_773' title='bbox 482 5631 674 5709; x_wconf 51' lang='lat' dir='ltr'><strong>youth</strong></span> <span class='ocrx_word' id='word_1_774' title='bbox 727 5635 949 5709; x_wconf 78' lang='lat' dir='ltr'><strong>llcxapl.</strong></span> <span class='ocrx_word' id='word_1_775' title='bbox 984 5631 1148 5708; x_wconf 49' lang='lat' dir='ltr'><strong>&#39;Orig.</strong></span> <span class='ocrx_word' id='word_1_776' title='bbox 1180 5656 1233 5709; x_wconf 90' lang='lat' dir='ltr'><strong>p.</strong></span> <span class='ocrx_word' id='word_1_777' title='bbox 1276 5640 1362 5692; x_wconf 72' lang='lat'><strong>27.</strong></span> <span class='ocrx_word' id='word_1_778' title='bbox 1416 5640 1472 5693; x_wconf 91' lang='lat' dir='ltr'><strong>In</strong></span> <span class='ocrx_word' id='word_1_779' title='bbox 1518 5631 1755 5697; x_wconf 78' lang='lat' dir='ltr'><strong>editione</strong></span> <span class='ocrx_word' id='word_1_780' title='bbox 1787 5645 1971 5699; x_wconf 67' lang='lat' dir='ltr'><strong>Grmca</strong></span> <span class='ocrx_word' id='word_1_781' title='bbox 2008 5648 2028 5697; x_wconf 85' lang='lat' dir='ltr'><strong>l</strong></span> 
     </span>
    </p>
   </div>
   <div class='ocr_carea' id='block_1_108' title="bbox 481 5699 2034 5782">
    <p class='ocr_par' dir='ltr' id='par_1_108' title="bbox 481 5699 2034 5782">
     <span class='ocr_line' id='line_1_109' title="bbox 481 5699 2034 5782; baseline 0.01 -28"><span class='ocrx_word' id='word_1_782' title='bbox 481 5699 595 5758; x_wconf 86' lang='lat' dir='ltr'><strong>Pici</strong></span> <span class='ocrx_word' id='word_1_783' title='bbox 628 5706 743 5763; x_wconf 71' lang='lat' dir='ltr'><strong>haec</strong></span> <span class='ocrx_word' id='word_1_784' title='bbox 776 5699 1126 5779; x_wconf 73' lang='lat' dir='ltr'><strong>interrogatio</strong></span> <span class='ocrx_word' id='word_1_785' title='bbox 1152 5699 1234 5765; x_wconf 74' lang='lat' dir='ltr'><strong>cst</strong></span> <span class='ocrx_word' id='word_1_786' title='bbox 1257 5727 1383 5780; x_wconf 83' lang='lat' dir='ltr'><strong>pars</strong></span> <span class='ocrx_word' id='word_1_787' title='bbox 1412 5715 1783 5782; x_wconf 67' lang='lat' dir='ltr'><strong>prmccdcntis,</strong></span> <span class='ocrx_word' id='word_1_788' title='bbox 1808 5716 1862 5768; x_wconf 91' lang='lat' dir='ltr'><strong>in</strong></span> <span class='ocrx_word' id='word_1_789' title='bbox 1889 5731 2034 5770; x_wconf 89' lang='lat' dir='ltr'><strong>mar-</strong></span> 
     </span>
    </p>
   </div>
   <div class='ocr_carea' id='block_1_109' title="bbox 2149 5429 3732 5505">
    <p class='ocr_par' dir='ltr' id='par_1_109' title="bbox 2149 5429 3732 5505">
     <span class='ocr_line' id='line_1_110' title="bbox 2149 5429 3732 5505; baseline 0.001 -19"><span class='ocrx_word' id='word_1_790' title='bbox 2149 5434 2469 5505; x_wconf 74' lang='lat' dir='ltr'><strong>gineautem</strong></span> <span class='ocrx_word' id='word_1_791' title='bbox 2518 5433 2660 5505; x_wconf 84' lang='lat' dir='ltr'><strong>hanc</strong></span> <span class='ocrx_word' id='word_1_792' title='bbox 2701 5433 2939 5488; x_wconf 91' lang='lat' dir='ltr'><strong>notulam</strong></span> <span class='ocrx_word' id='word_1_793' title='bbox 2998 5434 3250 5505; x_wconf 90' lang='lat' dir='ltr'><strong>apposuit</strong></span> <span class='ocrx_word' id='word_1_794' title='bbox 3302 5434 3515 5505; x_wconf 75' lang='lat' dir='ltr'><strong>Picus;</strong></span> <span class='ocrx_word' id='word_1_795' title='bbox 3556 5451 3575 5483; x_wconf 75' lang='grc' dir='ltr'><strong>ι</strong></span> <span class='ocrx_word' id='word_1_796' title='bbox 3624 5429 3732 5488; x_wconf 74' lang='lat' dir='ltr'><strong>ilic</strong></span> 
     </span>
    </p>
   </div>
   <div class='ocr_carea' id='block_1_110' title="bbox 2146 5504 3719 5574">
    <p class='ocr_par' dir='ltr' id='par_1_110' title="bbox 2146 5504 3719 5574">
     <span class='ocr_line' id='line_1_111' title="bbox 2146 5504 3719 5574; baseline -0.002 -18"><span class='ocrx_word' id='word_1_797' title='bbox 2146 5504 2362 5557; x_wconf 88' lang='lat' dir='ltr'><strong>videtur</strong></span> <span class='ocrx_word' id='word_1_798' title='bbox 2402 5504 2647 5574; x_wconf 82' lang='lat' dir='ltr'><strong>ponenda</strong></span> <span class='ocrx_word' id='word_1_799' title='bbox 2690 5506 2793 5557; x_wconf 90' lang='lat' dir='ltr'><strong>alia</strong></span> <span class='ocrx_word' id='word_1_800' title='bbox 2826 5504 3083 5574; x_wconf 67' lang='lat' dir='ltr'><strong>quaastio,</strong></span> <span class='ocrx_word' id='word_1_801' title='bbox 3115 5506 3167 5558; x_wconf 84' lang='grc' dir='ltr'><strong>τί</strong></span> <span class='ocrx_word' id='word_1_802' title='bbox 3203 5507 3319 5557; x_wconf 75' lang='grc' dir='ltr'>ἐστι</span> <span class='ocrx_word' id='word_1_803' title='bbox 3351 5504 3645 5573; x_wconf 79' lang='grc' dir='ltr'>ἄσφαλτος.</span> <span class='ocrx_word' id='word_1_804' title='bbox 3699 5521 3719 5553; x_wconf 75' lang='grc' dir='ltr'><strong>ι</strong></span> 
     </span>
    </p>
   </div>
   <div class='ocr_carea' id='block_1_111' title="bbox 2220 5572 3719 5644">
    <p class='ocr_par' dir='ltr' id='par_1_111' title="bbox 2220 5572 3719 5644">
     <span class='ocr_line' id='line_1_112' title="bbox 2220 5572 3719 5644; baseline 0.001 -21"><span class='ocrx_word' id='word_1_805' title='bbox 2220 5574 2333 5644; x_wconf 72' lang='lat'><strong>(78)</strong></span> <span class='ocrx_word' id='word_1_806' title='bbox 2362 5572 2493 5637; x_wconf 81' lang='grc' dir='ltr'>Ταῖς</span> <span class='ocrx_word' id='word_1_807' title='bbox 2531 5574 2715 5627; x_wconf 80' lang='grc' dir='ltr'>οὶκοδ.</span> <span class='ocrx_word' id='word_1_808' title='bbox 2748 5572 2881 5629; x_wconf 84' lang='lat' dir='ltr'><strong>Cod.</strong></span> <span class='ocrx_word' id='word_1_809' title='bbox 2914 5578 3032 5636; x_wconf 86' lang='grc' dir='ltr'>ταῖς</span> <span class='ocrx_word' id='word_1_810' title='bbox 3059 5578 3115 5628; x_wconf 77' lang='grc' dir='ltr'>ὲν</span> <span class='ocrx_word' id='word_1_811' title='bbox 3143 5576 3329 5629; x_wconf 74' lang='grc' dir='ltr'>ὕδασιν</span> <span class='ocrx_word' id='word_1_812' title='bbox 3351 5572 3719 5644; x_wconf 81' lang='grc' dir='ltr'>οἰκοδομίαις,</span> 
     </span>
    </p>
   </div>
   <div class='ocr_carea' id='block_1_112' title="bbox 2144 5642 3040 5715">
    <p class='ocr_par' dir='ltr' id='par_1_112' title="bbox 2144 5642 3040 5715">
     <span class='ocr_line' id='line_1_113' title="bbox 2144 5642 3040 5715; baseline -0.004 -14"><span class='ocrx_word' id='word_1_813' title='bbox 2144 5642 2256 5701; x_wconf 77' lang='lat' dir='ltr'><strong>Pic.</strong></span> <span class='ocrx_word' id='word_1_814' title='bbox 2284 5642 2380 5706; x_wconf 81' lang='grc' dir='ltr'>τὰς</span> <span class='ocrx_word' id='word_1_815' title='bbox 2413 5644 2469 5698; x_wconf 81' lang='grc' dir='ltr'>ὲν</span> <span class='ocrx_word' id='word_1_816' title='bbox 2502 5644 2688 5699; x_wconf 83' lang='grc' dir='ltr'>ύδασιν</span> <span class='ocrx_word' id='word_1_817' title='bbox 2710 5645 3040 5715; x_wconf 74' lang='grc' dir='ltr'>οἰκοδομίας.</span> 
     </span>
    </p>
   </div>
  </div>
