3996 6494
231 386 359 453 1965

1519 391 1600 452 ΙΝ
1643 390 1850 451 PSAL.
1892 389 2138 455 CXLIV.

3324 394 3513 460 .1966

228 501 502 572 ἀφθονίαν,
533 503 590 555 ὲν
621 505 800 575 τρυφῇ
843 503 937 557 καὶ
967 503 1166 573 γέλωτι
1195 503 1522 570 διατελοῦσι,
1558 505 1666 559 τῶν
1697 521 1799 558 πο-

1926 503 2014 559 isu
2044 504 2270 574 degunt,
2301 518 2480 576 neque
2519 507 2658 565 ullas
2702 507 3058 566 adversitates
3087 511 3472 581 experiuntur.

227 594 465 664 νηρῶν⁸⁶
492 595 554 647 ού
585 593 864 665 δεχόμενοι
895 598 1113 666 πεῖραν.
1165 595 1351 648 Ταῦτα
1383 596 1476 648 καὶ
1509 597 1566 649 ὲν
1599 595 1676 666 τῷ
1708 594 1800 648 ἑϐ-

225 687 539 758 δομηκοστῷ
573 688 667 740 καὶ
704 688 945 759 δευτέρῳ
972 687 1077 760 ἔφη
1103 688 1324 760 ψαλμῷ,
1355 690 1436 743 ὅτι
1470 707 1487 740 ι
1518 689 1632 742 Ούκ
1658 689 1802 741 ἔστιν

227 777 512 840 ἀνάνευσις
537 777 597 831 ἐν
615 777 693 848 τῷ
717 777 934 850 θανάτῳ
967 779 1168 845 αὐτῶν,
1201 781 1297 833 καὶ
1326 779 1614 851 στερέωμα
1647 782 1705 834 ὲν
1733 782 1800 851 τῇ

227 869 450 940 μάστιγι
489 870 692 924 αὐτῶν.
740 871 827 924 Ἐν
857 871 1048 935 κόποις
1075 871 1377 942 ἀνθρώπων
1417 872 1518 924 ούκ
1548 871 1675 936 εἰσὶ,
1709 871 1802 923 καὶ

227 962 366 1034 μετὰ
401 962 710 1034 ἀνθρώπων
737 965 798 1018 ού
842 967 1370 1039 μαστιγωθήσονται.
1404 989 1423 1023 ι
1459 970 1803 1042 Εὑρίσκομεν

223 1056 392 1108 δὲκαὶ
421 1056 574 1126 παρὰ
622 1059 736 1120 τοῖς
775 1056 959 1121 ἄλλοις
1000 1062 1311 1131 προφήταις
1350 1061 1565 1131 συνῳδὰ
1595 1061 1804 1126 τούτοις

225 1145 421 1199 πολλάε
459 1147 595 1200 ἀλλὰ
620 1148 821 1212 πάντες
851 1150 1174 1221 ἐπιφέρουσι
1211 1151 1317 1204 τῶν
1348 1152 1804 1223 ἀμφισϐητουμέο

225 1254 330 1288 νων
372 1237 473 1308 τὴν
509 1236 684 1291 λύσιν.
721 1237 894 1292 Τοῦτο
940 1239 997 1292 δὲ
1036 1241 1134 1294 καὶ
1177 1241 1412 1296 ἐνταῦθα
1446 1243 1746 1313 πεποίηκεν
1777 1245 1804 1296 6

225 1327 368 1392 θεῖος
401 1328 581 1384 Δαϐίδ.
627 1328 906 1401 Ἐπήγαγε
935 1332 1044 1403 γάρ
1063 1347 1077 1360 ⁸

297 1417 382 1474 ιε’.
419 1439 437 1472 t
483 1421 857 1490 Ἐμακάρισαν
887 1422 978 1476 16v
1015 1423 1144 1477 ).a6v
1168 1423 1212 1455 ⁸⁷
1256 1417 1300 1492 ᾧ
1333 1423 1504 1478 ταῦτά
1541 1427 1678 1490 ἐστι,
1713 1441 1808 1492 μα·

227 1512 418 1583 κάριος
447 1515 474 1566 6
504 1511 653 1578 λαὸς,
690 1507 751 1567 οῦ
779 1513 978 1584 Κύριος
1005 1518 1032 1569 6
1053 1515 1186 1580 Θεὸς
1211 1517 1396 1570 αὑτοῦ.
1431 1535 1448 1568 ι
1485 1517 1548 1570 Οἱ
1577 1517 1684 1586 γὰρ
1711 1516 1810 1586 τῆς

226 1607 490 1678 ἀληθείας
531 1609 766 1679 ἀμύητοι
810 1611 912 1664 ούκ
958 1611 1276 1664 ἐπίστανται
1320 1611 1428 1664 τῶν
1463 1611 1809 1681 πραγμάτων

227 1698 528 1771 διακρίνειν
560 1703 659 1772 τὴν
688 1701 872 1771 φύσιν,
903 1703 1038 1757 ἀλλὰ
1076 1706 1279 1776 τρυφῇ,
1322 1705 1418 1758 καὶ
1449 1704 1696 1774 πλούτῳ,
1722 1705 1813 1758 καὶ

227 1789 518 1860 δυναστείᾳ
546 1789 643 1862 τὴν
676 1791 973 1863 εύκληρίαν
1003 1793 1299 1864 ὁρίζονται,
1332 1793 1425 1847 καὶ
1451 1795 1577 1857 τοὺς
1605 1793 1810 1847 τούτων

229 1881 606 1946 ἀπολαύοντας
633 1882 911 1954 ζηλωτοὺς
953 1885 1308 1952 ἀποκαλοῦσι,
1347 1888 1441 1938 καὶ
1481 1885 1805 1957 μακαρίους.

230 1973 291 2023 Ol
313 1971 369 2026 δὲ
397 1973 600 2043 μύσται
627 1977 726 2045 τῆς
760 1975 963 2047 ἀρετῆς
1006 1977 1104 2046 τῆς
1145 1975 1294 2038 θείας
1339 1977 1530 2045 σοφίας
1572 1977 1813 2048 μετειλη-

232 2067 412 2134 φότες,
442 2066 535 2120 τὸν
581 2068 688 2120 ὑπὸ
739 2067 833 2121 σοῦ
887 2069 1342 2141 προμηθούμενον
1398 2069 1527 2124 λαὸν
1573 2071 1812 2142 μακαρί-

234 2156 405 2220 ζουσι,
431 2158 528 2211 καὶ
557 2157 651 2212 τοῦ
690 2157 806 2228 βίου
833 2161 1034 2224 παντὸς
1063 2162 1162 2232 τὴν
1189 2163 1290 2232 σὴν
1315 2161 1625 2234 προτιμῶσι
1659 2163 1814 2232 κηδε-

237 2252 446 2323 μονίαν.
471 2252 614 2316 Τοὺς
636 2254 910 2318 τοιούτους
936 2256 1084 2326 ἡμᾶς
1118 2258 1503 2327 μακαρισμοὺς
1531 2257 1624 2310 καὶ
1649 2259 1677 2310 6
1703 2255 1813 2310 Κύ-

237 2361 347 2414 ριος
379 2343 732 2408 ἑξεπαίδευσε
753 2361 767 2376 ·
813 2363 833 2397 ι
874 2346 1172 2416 Μακάριοι,
1199 2346 1394 2415 λέγων,
1426 2349 1473 2400 οἱ
1504 2349 1710 2418 πτωχοὶ
1737 2346 1815 2417 τῷ

235 2436 531 2506 πνεύματι,
569 2437 828 2508 μακάριοι
872 2437 922 2489 οἱ
953 2437 1244 2502 πεινῶντες
1290 2439 1384 2491 καὶ
1429 2437 1690 2508 διψῶντες
1717 2439 1814 2510 τὴν

231 2529 601 2601 δικαιοσύνην,
622 2530 715 2583 καὶ
755 2530 1016 2601 μακάριοι
1051 2530 1102 2583 οἱ
1131 2530 1482 2597 πενθοῦντες,
1501 2531 1592 2584 καὶ
1641 2533 1818 2602 μακά-

238 2641 340 2695 ριοι
386 2624 438 2676 οἱ
489 2621 842 2692 δεδιωγμένοι
886 2622 1074 2676 ἕνεκεν
1119 2622 1501 2694 δικαιοσύνηςο
1560 2624 1667 2676 τῶν
1707 2625 1817 2695 γὰρ

233 2715 491 2769 τοιούτων
523 2715 670 2769 ἐστὶν
701 2716 733 2786 ἡ
763 2714 1011 2784 βασιλεία
1051 2714 1160 2768 τῶν
1190 2715 1456 2787 οὐρανῶν.
1489 2736 1506 2768 ι
1542 2718 1605 2770 Οἱ
1639 2717 1696 2770 δὲ
1721 2718 1817 2771 τοῦ

237 2807 350 2877 βίου
376 2809 478 2876 τὴν
504 2807 701 2878 ἡδονὴν
737 2807 1185 2880 προαιρούμενοι,
1225 2808 1363 2879 πρὸς
1392 2808 1572 2878 ὀλίγον
1614 2810 1819 2880 ταύτης

235 2899 673 2962 ἀπολαύσαντες,
705 2898 803 2969 τὴν
842 2900 1061 2970 μακρὰν
1104 2899 1296 2970 ὀδύνην
1329 2901 1393 2953 ἐκ
1428 2899 1524 2971 τῆς
1558 2901 1818 2972 βραχείας

233 2995 601 3064 τρυγήσουσιν
621 2993 833 3064 ἡδονῆς.

543 3109 812 3164 EPMHN.
853 3087 990 3163 Ter
1017 3109 1169 3184 PMA'
1199 3110 1514 3166 ΨΑΑΜΟΥ.

299 3228 373 3277 α’.
404 3240 424 3271 ‹
457 3220 675 3284 Λῐνεσις
711 3219 791 3291 τῷ
823 3221 1006 3277 Δαϐίδ.
1049 3242 1067 3275 ι
1121 3223 1284 3295 Δηλοῖ
1325 3225 1420 3279 καὶ
1461 3226 1496 3296 ή
1542 3225 1820 3297 ἐπιγραφὴ
1845 3199 1891 3257 C

236 3314 328 3368 τοῦ
360 3313 585 3384 ψαλμοῦ
612 3313 703 3366 τὸν
736 3314 958 3369 σκοπόν.
993 3314 1218 3386 Ὺμνεῖν
1247 3316 1356 3388 γὰρ
1386 3317 1820 3389 παρακελεύεται

237 3408 327 3462 τὸν
354 3408 464 3460 τῶν
500 3406 639 3460 ὂλων
661 3406 818 3471 Θεὸν,
841 3410 940 3478 τῆς
966 3408 1062 3462 τοῦ
1091 3408 1227 3462 Θεοῦ
1261 3410 1568 3482 δυνάμεως,
1601 3411 1696 3465 καὶ
1727 3428 1822 3481 με-

241 3499 596 3568 γαλουργίας,
658 3499 756 3552 καὶ
818 3498 1137 3568 βασιλείας,
1190 3501 1284 3556 καὶ
1341 3503 1823 3574 μεγαλοπρεπείας

243 3591 648 3661 μεμνημένους.
699 3590 976 3660 Πεποίηκε
1025 3591 1082 3644 δὲ
1132 3593 1226 3645 καὶ
1275 3593 1498 3664 ἑτέρους
1546 3593 1824 3658 τοιούτους

241 3683 491 3752 ψαλμοὺς
527 3684 560 3753 ἡ
586 3682 744 3754 χάρις
774 3682 871 3737 τοῦ
897 3682 1237 3754 Πνεύματος,
1286 3687 1370 3748 εἰς
1403 3685 1823 3756 εὐγνωμοσύνην

241 3777 330 3831 τὸν
350 3777 397 3808 ⁸⁸
428 3777 558 3830 λαὸν
581 3779 790 3831 ἐκεῖνον
817 3776 1163 3849 διεγείρουσα
1183 3780 1248 3834 δν.
1279 3779 1432 3851 Ἔχει
1452 3780 1508 3833 δὲ
1531 3779 1626 3833 καὶ
1649 3781 1823 3853 πρόρ-

244 3872 402 3941 ρησιν
438 3871 535 3942 τῆς
569 3871 680 3924 τῶν
721 3872 894 3925 ἐθνῶν
933 3873 1181 3944 κλήσεως
1219 3891 1278 3926 τε
1322 3873 1416 3927 καὶ
1450 3873 1820 3942 ἐπιγνώσεως.

243 3963 401 4016 Κατὰ
433 3966 694 4032 στοιχεῖον
724 3963 782 4016 δὲ
809 3967 906 4017 καὶ
939 3960 1101 4027 οὗτος
1132 3967 1160 4018 6
1196 3965 1365 4035 ῦμνος
1392 3965 1702 4034 σύγκειται,
1732 3967 1825 4019 καλ⁸

244 4055 333 4109 διὰ
367 4057 468 4124 τῆς
498 4056 857 4126 ταυτολογίας
886 4057 1132 4110 διδάσκει
1158 4059 1253 4110 τοῦ
1293 4059 1578 4129 Προφήτου
1604 4059 1696 4111 τὸν
1725 4058 1824 4111 πόα

244 4148 356 4202 θον.
401 4166 420 4199 ι
443 4148 676 4218 ’Υψὼσω
706 4166 786 4211 σε,
831 4150 860 4201 6
886 4149 1020 4212 Θεός
1071 4167 1196 4220 μου,
1235 4150 1485 4220 βασιλεύς
1503 4153 1548 4184 ’°
1582 4169 1706 4223 μου,
1734 4153 1828 4206 καὶ

243 4241 528 4311 εὐλογήσω
559 4240 622 4293 16
651 4241 824 4311 ὄνομά
870 4258 964 4293 σου
991 4242 1073 4305 είς
1115 4244 1208 4296 τὸν
1255 4243 1448 4307 αἰῶνα,
1497 4246 1592 4297 καὶ
1624 4246 1704 4309 είς
1735 4245 1827 4298 τὸν

242 4332 418 4386 αἰῶνα
442 4333 541 4386 τοῦ
577 4335 792 4398 αἰῶνος.
839 4355 858 4386 ι
893 4335 1056 4387 Φύσει
1083 4335 1182 4405 μὲν
1229 4335 1453 4405 ὕψιστος
1483 4338 1512 4391 6
1540 4339 1694 4404 Θεὸς,
1735 4340 1829 4393 καὶ

243 4427 344 4479 οὐκ
370 4427 700 4482 ἐπείσακτον
729 4427 845 4498 ἔχει
885 4429 948 4481 τὸ
979 4427 1134 4498 ὖψος.
1161 4429 1526 4500 ιΚηρύττουσι
1568 4433 1625 4486 δὲ
1669 4434 1828 4487 τοῦτο

244 4521 344 4589 τῆς
373 4519 659 4583 εὐσεϐείας
687 4521 736 4572 οἱ
765 4519 1049 4592 τρόφιμοι,
1085 4521 1181 4576 καὶ
1221 4523 1348 4586 τοὺς
1387 4522 1714 4591 ἀγνοοῦντας
1745 4525 1827 4579 δι·-

244 4614 529 4668 δάσκουσι.
563 4613 815 4667 Τοιοῦτόν
848 4616 968 4668 ἐστι
991 4615 1051 4669 16
1083 4615 1188 4669 ὑπὸ
1229 4615 1324 4669 τοῦ
1358 4617 1596 4686 Χριστοῦ
1624 4619 1682 4670 ἐν
1714 4621 1827 4682 τοῖς

245 4705 590 4774 εὐαγγελίοις
647 4706 965 4778 εἰρημένονο
1002 4725 1021 4758 t
1082 4705 1284 4779 Πάτερ,
1324 4705 1554 4774 ἐδόξασά
1610 4727 1705 4764 σου
1769 4711 1830 4764 16

243 4799 419 4867 ὄνομα
449 4802 507 4852 ὲν
538 4800 604 4868 τῇ
638 4801 708 4867 γῇ
735 4799 800 4852 ⁸⁸.
841 4817 859 4849 t
905 4800 1015 4853 Καὶ
1052 4799 1170 4870 μετ’
1203 4799 1359 4868 ὀλίγα
1395 4801 1637 4856 διδάσκει
1664 4803 1740 4866 ὡς
1767 4804 1827 4856 ού

243 4890 408 4956 δόξαν
433 4889 635 4943 ἔδωκεν
650 4892 694 4922 ⁸⁸
718 4891 886 4962 αὐτῷ,
914 4891 982 4965 ἣν
1011 4892 1086 4964 μὴ
1117 4893 1384 4964 πρότερον
1421 4890 1586 4963 εἶχεν,
1615 4893 1732 4947 ἀλλ’
1762 4895 1830 4965 ἣν

243 4977 396 5051 εἶχεν
420 4981 914 5054 ὲγύμνωσεν.Ἔφη
940 4983 1070 5055 γὰρ,
1091 4983 1444 5056 Ἐφανέρωσά
1466 5002 1558 5038 σου
1577 4985 1638 5039 τὸ
1660 4985 1832 5057 ὄνομα

241 5077 360 5137 τοῖς
389 5072 722 5144 ἀνθρώποις.
741 5075 896 5128 Οῦτω
920 5075 1015 5129 καὶ
1043 5076 1071 5128 6
1094 5075 1284 5148 Πατὴρ
1304 5076 1382 5147 τῷ
1404 5077 1515 5148 Υἱῷ
1543 5079 1644 5132 οὐκ
1666 5079 1830 5133 ἔδωκε

241 5165 433 5232 δόξαν,
484 5166 551 5236 ἥν
587 5167 661 5236 μὴ
699 5166 969 5237 πρότερον
1020 5162 1203 5237 εἶχενο
1240 5167 1356 5220 ἀλλ’
1409 5169 1476 5240 ἢν
1537 5169 1653 5242 εἶχε
1701 5171 1832 5233 τοὺς

245 5259 584 5328 ἀγνοοῦντας
625 5259 864 5324 ἐδίδαξε·
918 5280 936 5313 ε
985 5259 1220 5327 Δόξασόν
1265 5279 1333 5330 με
1374 5263 1504 5334 γὰρ,
1550 5266 1732 5334 φησὶν,
1768 5265 1833 5317 σὺ

1904 595 2029 652 Haec
2089 606 2144 652 et
2206 599 2261 653 in
2317 602 2721 672 septuagesimo
2793 605 3038 660 secundo
3093 604 3193 671 ait
3230 607 3477 676 psalmo:

1911 710 1930 744 ι
1967 690 2106 758 Quia
2139 708 2246 748 non
2278 701 2364 749 est
2394 707 2672 766 respectus
2718 698 2772 752 in
2806 708 2984 753 morte
3015 712 3206 754 eorum
3232 739 3247 763 ,
3289 713 3343 756 et
3385 702 3480 757 tir-

1905 795 2240 841 mamentum
2271 787 2326 842 in
2367 787 2519 859 plaga
2553 803 2768 844 eorum.
2807 790 2864 844 lu
2893 790 3176 846 laboribus
3197 792 3482 849 hominum

1905 891 2014 930 non
2047 887 2198 941 sunt,
2230 886 2441 932 etcum
2476 880 2921 936 hominibusnon
2952 881 3380 952 ﬂagellabuntur
3398 887 3482 939 1).»

1908 965 2178 1042 Caeterum
2231 971 2372 1038 apud
2419 971 2555 1025 alios
2595 971 2890 1040 prophetas
2930 973 3100 1026 multa
3147 974 3232 1030 his
3284 990 3487 1031 conso-

1906 1061 2096 1114 nantia
2145 1060 2491 1117 invenimus:
2534 1064 2628 1122 sed
2676 1078 2870 1119 omnes
2907 1065 3202 1120 dubiorum
3253 1069 3491 1123 solutio-

1907 1165 2032 1206 nem
2079 1151 2344 1207 ini'erunt.
2390 1151 2505 1207 Hoc
2539 1169 2670 1209 sane
2703 1154 2792 1209 hic
2835 1157 3001 1210 etiam
3037 1157 3262 1214 divinus
3319 1158 3490 1216 David

1907 1241 2056 1298 fecit.
2088 1242 2256 1299 infert
2277 1245 2455 1300 cnim:

1983 1419 2150 1476 Vens.
2186 1419 2274 1476 Ιῖἱ.
2314 1439 2332 1472 ι
2377 1421 2600 1476 Beatum
2627 1423 2881 1480 dixerunt
2913 1425 3174 1496 populum
3197 1467 3212 1489 ,
3246 1428 3333 1482 cui
3375 1411 3492 1482 haec

1912 1520 2077 1576 sunt,
2119 1512 2311 1568 beatus
2362 1513 2626 1584 populus,
2681 1515 2839 1584 cujus
2884 1516 3154 1572 Dominus
3188 1517 3334 1573 Deus
3370 1519 3492 1587 ejus

1911 1614 2016 1660 est.
2058 1624 2076 1656 ι
2114 1604 2249 1659 Nam
2282 1608 2529 1661 veritatis
2563 1616 2812 1676 expertes
2835 1610 3084 1664 nesciunt.
3113 1625 3296 1664 rerum
3329 1622 3491 1666 natu-

1915 1711 2032 1750 ram
2076 1695 2412 1763 discernere,
2443 1698 2538 1752 sed
2579 1697 2815 1762 deliciis,
2847 1709 2898 1753 et
2923 1700 3142 1769 opibus,
3165 1711 3220 1755 et
3249 1702 3493 1771 potentia

1917 1784 2236 1841 felicitatem
2274 1789 2596 1854 metiuntur,
2627 1799 2679 1844 et
2711 1788 2930 1859 1558
2955 1791 3050 1865 qui
3085 1791 3170 1844 his
3197 1792 3494 1860 perfruun-

1916 1889 2023 1942 tur,
2063 1877 2252 1934 felices
2303 1887 2360 1934 et
2404 1879 2596 1937 beatos
2645 1890 2986 1950 nuncupant.
3024 1881 3256 1938 Virtutis
3308 1892 3496 1938 autem

1915 1969 2172 2035 studiosi,
2206 1985 2330 2024 cum
2371 1971 2615 2043 divinant
2646 1974 2974 2042 sapientiam
3006 1974 3350 2042 acceperint,
3395 1990 3495 2044 po-

1916 2062 2104 2130 pulum
2136 2079 2168 2117 a
2200 2072 2250 2119 te
2277 2063 2642 2134 gubernatum
2668 2064 2892 2118 beatum
2925 2079 3048 2121 esse
3077 2065 3287 2132 dicunt,
3315 2075 3371 2120 ct
3396 2065 3512 2120 toti“

1916 2151 2040 2206 vitae
2071 2161 2220 2206 tuam
2251 2167 2441 2207 curam
2473 2151 2792 2220 praeferunt.
2831 2152 3156 2223 llujusmodi
3203 2155 3499 2210 beatitudi-

1919 2258 2016 2298 nes
2046 2245 2211 2298 etiam
2261 2244 2531 2299 Dominus
2570 2259 2672 2299 nos
2721 2245 2928 2300 docuit.
2980 2265 2998 2296 ι
3057 2245 3248 2310 Beati,
3293 2247 3496 2317 inquit,

1919 2352 2185 2408 pauperes
2245 2337 2484 2407 spiritu;
2544 2335 2696 2390 Beati
2751 2336 2843 2406 qui
2875 2338 3131 2392 esuriunt
3193 2345 3250 2394 et
3301 2339 3499 2393 sitiunt

1913 2430 2206 2501 justitiam,
2248 2441 2321 2495 et,
2350 2427 2499 2484 Beati
2531 2429 2626 2498 qui
2666 2429 2872 2498 lugent,
2904 2438 2978 2496 et,
3017 2428 3170 2485 Beati
3199 2431 3293 2501 qui
3315 2447 3502 2502 perse-

1919 2523 2194 2578 cutionem
2238 2523 2522 2592 patiuntur
2557 2529 2779 2591 propter
2805 2521 3102 2590 justitiam,
3123 2522 3320 2578 talium
3351 2526 3500 2578 enim

1918 2625 2004 2671 est
2035 2631 2263 2685 regnum
2305 2617 2568 2671 ccelorum
2613 2626 2659 2670 ο.
2695 2636 2712 2668 ι
2745 2614 2850 2682 Qui
2888 2627 3070 2672 autem
3106 2620 3232 2673 vitae
3277 2618 3504 2675 delicias

1921 2712 2154 2781 eligunt,
2182 2712 2269 2768 his
2295 2728 2488 2782 parum
2523 2712 2783 2783 temporis
2820 2711 3187 2782 perit-nentes,
3211 2731 3280 2769 ex
3318 2713 3501 2770 brevi-

1923 2801 2030 2858 bus
2060 2801 2273 2859 deliciis
2312 2804 2632 2857 diuturnum
2665 2803 2910 2858 dolorem
2947 2805 3272 2874 percipient.

2283 3115 2556 3170 INTERP.
2599 3115 2856 3170 PSALMI
2902 3115 3132 3171 CXLIV.

1997 3233 2164 3288 Vens.
2209 3233 2259 3286 1.
2328 3249 2348 3281 ε
2413 3227 2682 3284 Laudatio
2765 3226 2977 3281 Davidi.
3071 3247 3090 3278 ι
3153 3227 3504 3298 Propositum

1925 3325 2124 3398 psalmi
2174 3323 2459 3392 inscriptio
2485 3320 2711 3376 iudicat.
2755 3319 3098 3374 Adhortatur
3156 3320 3326 3385 enim,
3390 3329 3449 3374 ut
3487 3324 3505 3344 ⁶

1925 3421 2096 3475 Deum
2155 3417 2542 3472 universorum
2593 3411 2904 3475 laudemus,
2959 3410 3054 3464 Dei
3093 3411 3346 3481 potentia:
3376 3451 3391 3477 ,
3455 3421 3510 3466 et

1927 3506 2348 3582 magniﬁcentiae
2369 3546 2384 3570 ,
2407 3514 2462 3559 et
2489 3501 2680 3572 regni,
2715 3510 2770 3556 et
2798 3499 3104 3571 majestatis
3152 3502 3509 3556 reminiscen-

1931 3615 2037 3660 tes.
2087 3601 2242 3655 Alios
2295 3596 2461 3652 etiam
2509 3591 2826 3662 hujusmodi
2857 3592 3097 3661 psalmos
3126 3593 3301 3660 gratia
3332 3591 3511 3661 Spiri-

1928 3706 2020 3750 tus
2077 3691 2228 3758 fecit,
2269 3687 2335 3744 ad
2379 3687 2514 3758 grati
2554 3683 2723 3739 animi
2767 3682 3004 3738 ofﬁcium
3042 3682 3195 3736 illum
3244 3685 3506 3752 populum

1927 3788 2197 3843 excitans.
2262 3780 2438 3835 liabet
2481 3793 2645 3848 porro
2692 3774 3100 3846 praedictionem
3148 3775 3217 3830 dc
3262 3777 3505 3847 gentium

1930 3879 2216 3935 vocatione
2237 3884 2291 3928 et
2324 3873 2509 3927 divina
2563 3869 2898 3940 cognitione.
2922 3865 3022 3922 Hic
3060 3877 3242 3922 autem
3273 3869 3510 3939 hymnus

1929 3987 2023 4043 per
2056 3970 2367 4025 litterarum
2403 3963 2601 4020 seriem
2634 3961 2975 4032 compositus
2999 3969 3117 4024 est,
3143 3969 3198 4014 et
3235 3976 3332 4029 per
3363 3961 3512 4030 ejus-

1930 4066 2052 4120 dem
2079 4059 2350 4118 sermonis
2409 4054 2791 4126 repetitionem
2847 4053 3130 4120 Propheta:
3173 4053 3510 4108 desiderium

1929 4156 2108 4211 docet.
2151 4171 2169 4203 ι
2204 4149 2470 4207 Exaltabo
2497 4156 2571 4212 te,
2601 4161 2634 4201 ο
2661 4143 2804 4200 Deus
2837 4145 2910 4200 mi
2931 4188 2945 4211 ,
2988 4161 3078 4200 rex
3113 4145 3222 4210 mi,
3256 4155 3310 4200 et
3342 4147 3510 4201 bene-

1931 4247 2109 4302 dicam
2187 4241 2394 4296 nomini
2450 4249 2542 4293 tuo
2613 4238 2668 4292 in
2717 4239 2977 4292 saeculum
3018 4276 3033 4300 ,
3121 4247 3174 4291 et
3240 4239 3291 4291 in
3344 4253 3517 4293 saecu-

1931 4339 2044 4393 lum
2101 4333 2307 4390 saculi.
2368 4351 2386 4383 ι
2455 4329 2658 4385 Natura
2731 4329 2949 4399 quidem
3010 4329 3152 4384 Deus
3209 4330 3517 4385 altissimus

1932 4440 2050 4492 est,
2086 4437 2140 4483 et
2169 4425 2395 4481 minime
2429 4413 2730 4479 ascititiam
2769 4422 2932 4478 habet
2971 4421 3342 4476 altitudinem.
3395 4421 3516 4477 Hoc

1934 4536 2064 4576 vero
2089 4517 2388 4588 praedicant
2413 4514 2634 4585 pietatis
2663 4512 2892 4575 alumni,
2913 4513 3240 4581 neseiosque
3268 4512 3518 4569 edocent.

1941 4612 2156 4684 1559
2185 4609 2316 4664 Tale
2349 4615 2433 4662 est
2461 4606 2592 4661 illud
2625 4621 2653 4659 a
2675 4604 2893 4658 Christo
2926 4603 2979 4657 in
3013 4603 3186 4659 sacris
3212 4603 3521 4676 Evangeliis

1938 4708 2189 4762 dictum:
2229 4722 2247 4754 ‹
2302 4700 2484 4766 Pater,
2519 4696 2818 4770 glorilieavi
2854 4709 3053 4750 nomen
3110 4705 3266 4750 tuum
3320 4696 3374 4750 in
3416 4705 3524 4751 ter-

1939 4817 1997 4856 ra
2019 4800 2101 4851 ά.»
2136 4797 2202 4852 Et
2223 4794 2387 4868 paulo
2405 4801 2526 4863 post
2542 4793 2704 4846 docet
2748 4790 2900 4843 illum
2930 4804 3032 4843 non
3055 4788 3285 4858 gloriam
3307 4789 3526 4846 dedisse

1940 4892 2012 4957 ei,
2048 4905 2219 4961 quam
2251 4888 2404 4959 prius
2434 4887 2562 4948 {non
2610 4882 2883 4947 habebat,
2933 4882 3026 4936 sed
3079 4897 3245 4950 quam
3287 4882 3527 4936 habebat

1940 4985 2321 5057 ignorantibus
2363 4981 2797 5036 demonstrasse.
2827 4974 2918 5029 Ait
2946 4975 3092 5030 enim
3125 4994 3137 5028 :
3172 4973 3526 5029 Mauifestavi

1939 5094 2139 5136 nomen
2177 5087 2328 5131 tuum
2362 5071 2701 5129 hominibus.
2736 5068 2827 5125 Sic
2857 5070 3022 5124 etiam
3056 5067 3218 5122 Pater
3253 5067 3390 5122 Filio
3416 5084 3524 5122 uon

1942 5174 2092 5228 dedit
2119 5171 2374 5244 gloriam,
2400 5181 2564 5237 quam
2594 5165 2748 5235 prius
2792 5178 2899 5217 nou
2939 5162 3202 5229 habebat,
3232 5162 3330 5219 sed
3357 5176 3524 5230 quam

1944 5263 2180 5320 habebat
2209 5260 2414 5316 inscios
2435 5257 2638 5314 docuit.
2675 5275 2690 5306 ι
2728 5254 2990 5310 Gloriﬁca
3017 5254 3161 5309 enim
3182 5269 3290 5320 me,
3322 5254 3524 5322 inquit,

323 5436 351 5477 δ
384 5434 533 5491 Psal.
575 5453 745 5504 Lxxn,
781 5439 837 5500 4,
871 5437 923 5492 5.
1009 5447 1032 5474 ο
1065 5436 1256 5492 Matth.
1289 5455 1354 5506 ν,
1391 5440 1424 5492 5
1481 5455 1635 5510 seqq.
1712 5442 1738 5479 ἀ
1771 5439 1819 5495 Jt

1926 5483 1930 5495 .
1974 5455 2087 5495 xvu
2117 5479 2132 5504 ,
2175 5438 2230 5502 4,
2273 5436 2328 5490 6.

1353 5573 1590 5628 VARI/lt“.
1631 5573 2013 5631 LECTIONES
2050 5572 2138 5626 ET
2179 5571 2410 5628 ΝΟΤᾸΕ.

318 5691 367 5724 ⁸⁸
396 5690 703 5760 Ποηρῶν.
740 5693 873 5747 ibid.
909 5691 1190 5762 λυπηρῶν.
1250 5691 1296 5722 ⁸⁷
1327 5692 1530 5761 Ἐμακ.
1558 5690 1664 5744 τὸν
1692 5693 1819 5745 λαόι

1926 5690 2118 5748 lebr.0
2152 5693 2363 5746 beatum
2396 5691 2647 5762 populum
2668 5707 2805 5762 eum.
2883 5691 2929 5762 ⁸Λ⁸
2957 5689 3091 5744 Τόν.
3122 5691 3242 5762 cod.
3277 5691 3302 5745 1
3335 5706 3523 5761 prtem.

221 5763 367 5834 aut.
446 5763 493 5796 ”
520 5767 670 5833 Διεγ.
703 5763 836 5834 ibid.
865 5761 1181 5834 prtem.xal
1205 5761 1375 5832 ἡμᾶς.

231 5833 378 5931 ἰγῆς.
424 5834 504 5898 ,οι
529 5835 602 5890 ib.
655 5833 908 5889 δέδωκεν.

1467 5762 1512 5794 ⁸ο
1541 5763 1858 5827 Βασιλεύς.
1893 5763 1984 5835 ib.
2033 5778 2221 5834 prtem.
2255 5765 2316 5830 6,
2355 5760 2412 5818 ut
2447 5760 2500 5817 in
2535 5771 2682 5820 textu
2716 5761 2823 5816 τῶν
2856 5760 2933 5818 Ο’.

3010 5763 3050 5793 νε
3083 5761 3204 5818 cod.
3248 5763 3269 5818 ι
3307 5764 3399 5816 ιπι
3422 5765 3523 5834 τῆς
