3996 6444
460 329 592 414 19'67

1451 344 1941 408 THEODORETI
1992 343 2332 404 EPISCOPI
2369 340 2738 401 CYRENSIS

3600 344 3743 412 1968

457 475 511 520 tu
548 464 727 527 Pater,
759 459 1023 524 claritate,
1059 473 1222 530 quam
1253 459 1528 514 habebam
1574 459 1716 529 apud
1750 469 1824 526 te,
1858 461 2040 530 prius-

2160 461 2354 532 Πάτερ,
2379 460 2444 529 τῇ
2473 450 2676 530 δόξῃ,
2697 451 2843 526 εἶχον
2877 453 3032 526 παρὰ
3051 455 3156 519 σοὶ,
3175 456 3282 528 πρὸ
3306 455 3398 512 τοῦ
3415 458 3508 514 τὸν
3529 467 3742 531 κόσμον

460 573 620 630 quam
646 555 886 611 mundus
907 553 1063 608 ﬁeret
1090 564 1134 607 θ.
1168 573 1184 605 ι
1225 553 1344 607 Non
1375 553 1542 622 igitur
1571 553 2040 623 assumpsitquod

455 671 566 710 non
609 652 865 718 habebat,
898 649 995 706 sed
1028 649 1173 719 quod
1213 647 1447 702 habebat
1475 647 1700 716 planum
1735 646 2040 718 ignoranti-

456 749 558 803 bus
590 746 796 800 factum
833 754 936 799 est.
972 743 1084 798 Hoc
1114 742 1282 812 igitur
1318 741 1372 795 in
1411 740 1538 795 loco
1568 741 1734 799 etiam
1765 739 2038 810 Propheta

455 852 564 891 non
607 835 776 890 altum
809 833 980 889 Deum
1015 848 1073 888 se
1103 831 1426 887 eﬁ‘ecturum
1461 829 1754 898 promittit.
1789 831 1881 888 sed
1921 828 2042 899 ejus

456 927 806 982 altitudinem
866 924 1186 979 hominibus
1239 931 1638 987 ostensurum,
1688 922 1870 992 quoad
1922 921 2038 975 ﬁeri

456 1029 654 1090 potest.
673 1019 734 1074 Et
752 1019 996 1078 omnium
1018 1017 1279 1080 Deum,et
1299 1016 1468 1070 Deum
1488 1025 1541 1069 et
1557 1030 1738 1084 regem
1760 1013 2040 1084 proprium

469 1116 743 1181 nominata
785 1114 990 1168 amoris
1042 1111 1094 1164 vi
1130 1112 1197 1165 ad
1221 1104 1356 1165 Ὶιοο
1395 1107 1702 1164 faciendum
1747 1108 2037 1178 impulsus.

529 1226 698 1283 Vens.
733 1227 789 1280 ‘2.
822 1245 840 1278 ι
890 1223 992 1279 Per
1041 1224 1288 1293 singulos
1319 1223 1436 1278 dies
1469 1221 1787 1277 benedicam
1822 1220 1955 1284 tibi,
1989 1227 2044 1274 et

456 1319 694 1375 laudabo
736 1333 934 1372 nomen
959 1327 1111 1370 tuum
1141 1316 1195 1368 in
1234 1313 1495 1370 sarculum
1521 1355 1536 1378 ,
1581 1323 1633 1367 et
1675 1313 1732 1367 in
1779 1311 2041 1368 saeculum

459 1411 665 1466 saeculi.
703 1427 722 1460 ι
757 1408 987 1478 Semper
1027 1418 1099 1472 te,
1145 1405 1349 1475 inquit,
1386 1403 1706 1469 celebrabo,
1745 1412 1798 1458 et
1830 1401 2040 1456 nullum

457 1503 602 1558 diem
631 1502 814 1557 laudis
841 1507 1120 1568 expertem
1155 1498 1354 1552 sinam.

531 1595 699 1650 Vens.
735 1595 787 1649 5.
831 1613 850 1644 ι
891 1592 1119 1661 Magnus
1160 1589 1426 1645 Dominus
1451 1629 1465 1654 ,
1505 1595 1558 1643 et
1592 1585 1885 1643 admodum
1921 1587 2042 1639 lau-

462 1687 682 1751 dabilis,
706 1694 762 1740 et
794 1681 1190 1754 magnitudinis
1223 1679 1345 1749 ejus
1369 1694 1478 1734 non
1508 1686 1597 1732 est
1638 1676 1784 1731 ﬁnis.
1835 1693 1853 1726 ι
1891 1672 2042 1739 Quo-

462 1781 608 1835 niam
635 1779 817 1834 omnis
845 1774 1164 1847 magnitudo
1196 1771 1496 1834 sensibilis,
1537 1769 1582 1826 si
1624 1767 2040 1839 longitudinem,

461 1881 515 1928 et
544 1871 912 1933 latitudinem,
948 1877 1000 1922 et
1044 1864 1477 1937 profunditatem
1525 1860 1774 1922 metiaris
1798 1903 1812 1927 ,
1852 1868 2040 1914 osten-
2072 1869 2113 1924 Β

461 1966 610 2021 ditur
637 1979 860 2033 magna,
895 1959 1092 2016 merito
1126 1956 1405 2013 subdidit:
1437 1975 1455 2007 ι
1499 1951 1897 2024 Magnitudinis
1927 1951 2045 2022 ejus

461 2075 569 2115 non
609 2066 696 2114 est
725 2057 891 2121 linis;
929 2075 948 2108 ι
999 2063 1058 2108 ut
1100 2067 1251 2112 eum,
1287 2049 1382 2128 qui
1416 2048 1750 2112 celebratur,
1794 2045 2048 2114 incorpo-

461 2167 615 2207 reum
661 2157 713 2203 et
760 2144 1303 2214 incircumscriptum
1349 2156 1471 2196 esse
1503 2140 1866 2196 demonstret.
1909 2136 2043 2190 Nam

461 2258 721 2315 magnum
759 2240 984 2311 quidem
1030 2238 1232 2307 ipsum,
1274 2233 1474 2304 inquii,
1520 2233 1671 2297 novi,
1709 2248 1818 2288 non
1860 2239 2044 2286 tamen

464 2332 857 2404 comprehendi
918 2345 1114 2400 posse,
1144 2344 1242 2383 nec
1294 2323 1852 2395 mensurari.'Neque
1895 2324 2042 2380 enim

465 2426 834 2497 principium,
889 2437 1066 2493 neque
1116 2423 1280 2476 tinem
1339 2419 1736 2490 magnitudinis
1782 2419 2043 2473 invenio:

464 2521 579 2574 haec
630 2518 775 2574 enim
837 2516 1051 2572 inﬁnita
1091 2525 1198 2580 est,
1229 2523 1286 2570 et‘
1316 2527 1537 2568 omnem
1587 2513 1790 2566 mentis
1824 2526 2044 2582 captum

466 2611 835 2670 transcendit.

545 2707 708 2760 Vens.
731 2705 782 2757 4.
825 2721 842 2749 ι
877 2699 1168 2755 Generatio
1197 2707 1252 2753 et
1289 2699 1571 2769 generatio
1599 2699 1848 2756 laudabit
1877 2713 2046 2770 opera

465 2804 582 2862 tua,
619 2807 673 2850 et
696 2795 994 2865 potentiam
1035 2802 1182 2846 tuam
1227 2793 1684 2862 pronuntiabunt.
1723 2811 1741 2844 ι
1777 2792 2043 2861 Deinceps

466 2889 710 2959 gentium
769 2886 982 2957 1560
1043 2885 1293 2956 praecinit
1364 2884 1607 2939 divinam
1655 2885 2044 2956 cognitionem.

464 2975 583 3032 Non
622 2977 801 3032 solum
840 2976 1011 3037 enim,
1056 2975 1269 3045 inquit,
1310 2989 1411 3029 nos
1446 2974 1541 3044 qui
1582 2989 1647 3030 ex
1708 2973 1907 3029 lsraele
1953 2975 2048 3029 de-

471 3072 812 3136 scendimus,
842 3085 938 3141 per
961 3069 1106 3124 hanc
1133 3068 1543 3138 generationem
1563 3076 1615 3122 te
1640 3066 2049 3122 benefactorem

467 3164 844 3238 laudabimus,
869 3163 962 3217 sed
998 3161 1161 3215 etiam
1201 3161 1308 3214 alia
1344 3160 1646 3227 generatio,
1682 3158 1930 3215 Ecclesia
1959 3159 2046 3220 ni-

471 3259 675 3310 mirum
714 3254 1178 3325 magniﬁcentiam
1203 3253 1540 3323 praedicabit.

538 3348 706 3402 Vens.
741 3348 794 3402 5.
838 3365 856 3397 ι
894 3345 1350 3415 Magniﬁcentiam
1378 3346 1567 3415 gloria:
1609 3345 1914 3401 sanctitatis
1949 3356 2052 3400 tuae

468 3439 801 3510 loquentur,
853 3448 908 3491 et
950 3435 1226 3490 mirabilia
1267 3444 1362 3488 tua
1417 3437 1741 3490 narrabunt.
1781 3454 1799 3486 ι
1847 3433 2051 3488 Natura

469 3533 592 3602 ejus
614 3531 709 3599 qui
743 3527 1000 3583 laudatur
1034 3527 1320 3597 Propheta
1346 3527 1493 3582 vires
1524 3537 1767 3597 superat.
1800 3526 1935 3582 Nam
1969 3529 2053 3581 di-

468 3641 605 3697 gnas
632 3633 685 3677 et
705 3631 912 3676 natura'
934 3629 1090 3688 aptas
1109 3618 1503 3689 appellationes
1528 3617 1834 3688 inquirens,
1857 3619 2054 3674 deinde

469 3715 693 3784 assequi
727 3730 836 3768 non
875 3713 1092 3775 valens’,
1141 3711 1311 3766 multa
1349 3711 1404 3764 in
1443 3725 1611 3765 unum
1659 3712 1878 3766 nomina
1921 3725 2054 3766 con-

471 3810 661 3871 nectit,
698 3806 1008 3862 sanctitatis
1039 3805 1267 3874 gloriam
1299 3814 1352 3858 et
1377 3803 1838 3873 magnilicentiam
1871 3806 2055 3875 appel-

473 3904 614 3956 lans.
653 3900 780 3955 Haec
812 3900 977 3970 igitur
1015 3896 1266 3967 praacinit
1290 3897 1358 3950 ab
1393 3896 1500 3950 alia
1538 3897 1886 3968 generatione
1919 3915 2054 3968 pra:-

473 3997 701 4051 dicanda
730 4009 871 4050 esse.

549 4111 716 4167 Vens.
752 4110 804 4164 6.
836 4127 853 4160 ι
887 4108 952 4163 Ει
976 4107 1238 4161 virtutem
1267 4103 1592 4160 terribilium
1626 4113 1848 4158 tuorum
1872 4105 2056 4161 dicent

474 4214 527 4257 et
560 4201 997 4271 magnitudinem
1036 4206 1186 4251 tuam
1239 4196 1558 4250 narrabunt.
1598 4212 1617 4244 ›
1661 4193 1889 4248 Videtur
1927 4196 2055 4262 qui-

2141 549 2418 619 γενέσθαι.
2447 568 2466 601 ι
2493 549 2566 601 Οὐ
2596 548 2777 601 τοίνυν
2804 547 2999 600 ἐλαϐεν
3029 547 3059 600 δ
3097 547 3172 620 μὴ
3207 544 3380 622 εἶχεν,
3418 551 3534 606 ἀλλ’
3567 552 3597 604 ὂ
3623 549 3742 623 εἶχε

2141 642 2302 712 δῆλον
2332 644 2446 705 τοῖς
2471 641 2573 694 οὐκ
2607 641 2819 694 -εἰδόσιν
2861 641 3100 708 ἐγένετο.
3137 643 3248 696 Καὶ
3290 644 3527 699 ἐνταῦθα
3560 646 3746 699 τοίνυν

2141 737 2170 791 ὁ
2203 735 2500 806 Προφήτης
2526 735 2626 805 οὐχ
2663 733 2874 804 ὑψηλὸν
2906 737 3084 788 ποιεῖν
3113 737 3205 790 τὸν
3237 736 3370 790 Θεὸν
3402 738 3745 807 ἐπαγγέλλε-

2142 845 2255 890 ται,
2284 827 2422 881 ἀλλὰ
2445 827 2507 880 τὺ
2541 826 2675 896 ὕψος
2703 826 2874 880 αὐτοῦ
2905 829 3020 892 τοῖς
3053 827 3387 898 ἀνθρώποις,
3418 831 3494 894 ὡς
3532 825 3647 882 οἷόν
3685 847 3746 882 τε

2142 919 2448 974 δεικνύναι·
2483 921 2580 973 καὶ
2617 919 2710 974 τὸν
2743 919 3006 975 ἁπάντων
3037 921 3191 986 Θεὸν,
3226 924 3321 975 καὶ
3347 923 3485 977 Θεὸν
3513 923 3610 976 καὶ
3642 924 3745 993 βα-

2145 1015 2296 1069 σιλέα
2327 1016 2459 1068 ἴδιον
2503 1013 2784 1086 ὀνομάζει,
2816 1015 2924 1070 ὑπὸ
2965 1013 3062 1069 τοῦ
3107 1015 3336 1087 φίλτρου
3369 1015 3529 1070 τοῦτο
3563 1018 3747 1069 ποιεῖν

2144 1107 2544 1177 προαγόμενος.

2217 1220 2282 1291 β’.
2324 1239 2343 1274 ι
2382 1220 2524 1274 Καθ’
2557 1219 2796 1292 ἑκάστην
2833 1219 3052 1291 ἡμέραν
3081 1221 3365 1292 εὐλογήσω
3399 1238 3481 1283 σε.
3523 1220 3620 1274 καὶ
3655 1221 3750 1274 αἰ-

2143 1313 2285 1366 νέσω
2313 1312 2374 1366 τὸ
2395 1313 2568 1383 ὄνομα
2607 1329 2702 1366 σου
2734 1314 2815 1376 είς
2855 1312 2947 1365 τὸν
2993 1311 3187 1378 αίῶνα,
3219 1313 3314 1366 καὶ
3343 1315 3423 1378 είς
3449 1314 3541 1367 τὸν
3561 1313 3749 1368 αἰῶνα

2143 1406 2238 1460 τοῦ
2272 1406 2489 1472 αἰῶνος.
2526 1425 2545 1458 ι
2603 1405 2715 1463 Ἀεί
2747 1423 2830 1470 σε,
2867 1405 3054 1476 φησὶν,
3088 1406 3274 1477 ὑμνῶν
3302 1407 3615 1473 διατελέσω,
3645 1409 3751 1461 καὶ

2143 1500 2406 1570 οὐδεμίαν
2430 1499 2646 1572 ἡμέραν
2669 1500 2901 1572 ἄμοιρον
2932 1499 3079 1554 ἐάσω
3108 1500 3212 1571 τῆς
3240 1501 3536 1572 ὐμνῳδίας.

2215 1620 2286 1683 γ’.
2331 1633 2353 1664 ε
2380 1613 2572 1684 Μέγας
2613 1613 2840 1685 Κύριος,
2864 1616 2958 1668 καὶ
3005 1615 3216 1677 αἱνετὸς
3248 1617 3477 1688 σφόδρα,
3509 1617 3606 1670 καὶ⁸
3640 1621 3751 1688 τῆς

2149 1704 2542 1776 μεγαλωσύνης
2576 1703 2745 1760 αὐτοῦ
2787 1707 2889 1760 οὐκ
2931 1705 3048 1760 ἐστι
3073 1707 3268 1776 πέρας.
3303 1725 3321 1759 ι
3369 1708 3590 1780 Ἐπειδὴ
3631 1711 3751 1764 πᾶν

2153 1798 2384 1869 μέγεθος
2415 1799 2677 1870 αἰσθητὸν
2710 1799 2898 1870 μήκει,
2933 1802 3026 1852 καὶ
3061 1799 3276 1866 πλάτει,
3309 1800 3405 1854 καὶ
3437 1801 3592 1871 βάθει
3641 1820 3750 1870 με·

2149 1891 2450 1963 τρούμενον
2509 1891 2787 1946 δείκνυται
2835 1892 3001 1964 μέγα,
3045 1894 3274 1957 εἰκότως
3311 1895 3622 1966 ἐπήγαγεν,
3662 1895 3750 1948 ὅτι

2154 2005 2173 2038 ι
2209 1980 2322 2054 Τῆς
2352 1983 2746 2055 μεγαλωσύνης
2779 1984 2945 2038 αὐτοῦ
2981 1985 3081 2039 οὐκ
3110 1984 3228 2039 ἐστι
3257 1985 3458 2058 πέρας,
3480 2005 3500 2038 ι
3529 1987 3619 2039 ἵνα
3648 1985 3748 2039 καὶ

2147 2077 2439 2146 ἀσώματον
2468 2076 2640 2149 δείξῃ,
2686 2077 2784 2130 καὶ
2827 2076 3211 2150 άπερίγραφον
3252 2078 3344 2131 τὸν
3373 2077 3742 2149 ὑμνούμενον.

2147 2171 2342 2239 Μέγαν
2385 2170 2485 2241 μὲν
2517 2170 2627 2242 γὰρ
2655 2169 2844 2235 αὐτὸν,
2876 2172 3066 2242 φησὶν,
3093 2165 3232 2236 οἴδα,
3265 2171 3325 2235 οὐ
3358 2171 3466 2242 μὴν
3492 2170 3746 2238 ἐφικτὸν,

2146 2261 2273 2317 οὐτε
2301 2262 2415 2334 μὴν
2437 2263 2483 2294 ⁸³
2517 2264 2808 2334 μετρητόν.
2855 2263 2994 2317 Οὐτε
3027 2263 3138 2335 γὰρ
3171 2261 3368 2335 ἀρχὴν,
3418 2261 3544 2315 οὕτε
3587 2261 3747 2324 τέλος

2147 2355 2242 2409 τοῦ
2273 2354 2540 2426 μεγέθους
2566 2356 2828 2426 εὑρίσκω.
2865 2357 3131 2428 ’Ἄπειρον
3159 2357 3269 2428 γὰρ
3295 2355 3473 2422 τοῦτο,
3510 2355 3606 2409 καὶ
3627 2354 3743 2407 πᾶ.-

2150 2463 2252 2501 σαν
2281 2447 2612 2519 ὐπερδαῖνον
2641 2447 2975 2518 κατάληψιν.

2218 2705 2280 2760 δ’.
2320 2725 2340 2759 ι
2385 2707 2554 2762 Γενεὰ
2581 2709 2676 2762 καὶ
2697 2708 2861 2777 γενεὰ
2892 2709 3172 2764 ἐπαινέσει
3207 2711 3277 2765 τὰ
3306 2711 3443 2782 ἔργα
3487 2728 3611 2772 σου,
3646 2710 3747 2764 καὶ

2147 2799 2248 2869 τὴν
2271 2799 2502 2870 δύναμίν
2534 2818 2625 2854 σου
2647 2801 3048 2870 ἀπαγγελοῦσι.
3075 2822 3093 2855 ι
3131 2802 3410 2857 Ἐντεῦθεν
3437 2803 3548 2857 τῶν
3572 2803 3748 2857 ἐθνῶν

2151 2889 2492 2960 προεκήρυξε
2544 2891 2646 2963 τὴν
2689 2891 2840 2946 Θείαν
2887 2893 3208 2962 ἐπίγνωσιν.
3265 2893 3339 2946 Οὐ
3393 2894 3501 2963 γὰρ
3555 2895 3752 2963 μόνον,

2152 2985 2338 3053 φησὶν,
2367 2985 2550 3053 ἡμεῖς,
2575 2985 2621 3036 oi
2653 2985 2712 3050 ἐξ
2751 2984 2970 3056 Ἰσραὴλ
2990 2985 3059 3050 9",
3087 2986 3228 3039 κατὰ
3255 2985 3410 3057 τήνδε
3426 2985 3526 3053 τὴν
3547 2984 3748 3051 γενεάν

2154 3089 2213 3126 σε
2245 3073 2335 3126 τὸν
2362 3073 2666 3145 εὐεργέτην
2693 3074 3032 3145 ὑμνήσομεν,
3056 3075 3191 3129 ἀλλὰ
3231 3075 3325 3128 καὶ
3359 3074 3522 3146 έτέρα
3550 3075 3745 3143 γενεὰ,

2078 3213 2124 3274 C
2152 3168 2188 3236 ἡ
2221 3167 2279 3232 ἐξ
2311 3165 2480 3219 ἐθνῶν
2529 3166 2864 3234 Ἐκκλησία,
2907 3167 3016 3221 τῶν
3059 3167 3237 3237 ἔργων
3281 3185 3374 3221 σου
3421 3167 3522 3239 τὴν
3572 3184 3748 3237 μεγα-

2154 3257 2410 3329 λουργίαν
2439 3257 2687 3329 κηρύξει.

2225 3357 2287 3404 ε’.
2313 3369 2330 3401 ι
2357 3350 2532 3420 Τὴν⁹¹⁵
2555 3349 3036 3421 μεγαλοπρέπειαν
3052 3352 3152 3422 τῆς
3182 3351 3340 3422 δόξης
3367 3352 3468 3422 τῆς
3489 3352 3538 3385 ³⁸
3570 3353 3749 3421 ἁγιω-

2155 3443 2324 3513 σύνης
2376 3460 2467 3495 σου
2515 3442 2828 3513 λαλήσουσι,
2867 3444 2959 3496 καὶ
2994 3442 3064 3496 τά
3099 3444 3382 3512 Θαυμάσιά
3419 3461 3514 3498 σου
3546 3445 3749 3517 διηγή-

2155 3550 2360 3587 σονται.
2391 3553 2409 3584 ›
2446 3534 2492 3586 Ν
2500 3535 2590 3604 ικᾷ
2615 3533 2712 3586 τοῦ
2736 3535 3025 3606 Προφήτου
3051 3533 3146 3605 τὴν
3173 3534 3404 3602 δύναμιν
3430 3534 3526 3588 τοῦ
3549 3535 3754 3605 ὐμνου-

2157 3628 2321 3696 μένου
2349 3627 2380 3696 ἡ
2403 3625 2588 3694 φύσις.
2623 3625 2805 3692 Ἀξίας
2825 3626 2935 3698 γὰρ
2959 3627 3233 3695 ἐπιζητῶν
3261 3627 3358 3679 καὶ
3374 3629 3681 3698 προσφυεῖς
3703 3628 3750 3660 θ’

2156 3719 2552 3790 προσηγορίας,
2589 3715 2708 3772 εἶτα
2734 3720 3139 3794 διαμαρτάνων,
3173 3719 3346 3773 πολλὰ
3377 3719 3520 3772 κατὰ
3547 3721 3748 3775 ταυτὸν

2155 3810 2441 3863 ἐπιπλέκει
2489 3811 2751 3880 ὀνόματα,
2796 3810 3111 3880 ἁγιωσύνης
3156 3809 3315 3874 δόξαν
3369 3811 3464 3863 καὶ
3509 3810 3728 3879 μεγαλα

2157 3902 2431 3971 πρέπειαν
2466 3900 2771 3966 ὀνομάζων.
2821 3900 3010 3954 Ταῦτα
3057 3902 3157 3970 μέν
3199 3918 3282 3954 τοι
3329 3899 3589 3972 προλέγει
3639 3901 3747 3954 ὐπὸ

2155 3992 2255 4062 τῆς
2283 3993 2475 4064 ἐτέρας
2509 3993 2952 4065 κηρυχθήσεσθαι
2979 3993 3194 4062 γενεᾶς.

2227 4102 2304 4168 ς’.
2347 4122 2365 4155 ι
2410 4101 2524 4156 Καὶ
2563 4103 2665 4174 τὴν
2708 4103 2940 4176 δύναμιν
2979 4104 3089 4158 τῶν
3123 4103 3370 4175 φοϐερῶν
3411 4122 3503 4174 σου
3535 4104 3750 4176 ἐροῦσι,

2157 4194 2252 4248 καί⁸
2279 4194 2380 4265 τὴν
2430 4195 2824 4267 μεγαλωσύνην
2878 4212 2970 4249 σου
3025 4196 3381 4268 διηγήσονται
3403 4197 3470 4251 ⁸⁸.
3508 4215 3528 4248 ι
3583 4199 3755 4250 Δοκεῖ

475 4295 598 4348 dent
637 4291 936 4360 tautologia
976 4290 1081 4353 uti,
1122 4288 1334 4343 diversa
1376 4295 1563 4341 tamen
1593 4286 1882 4356 signiﬁcat.
1918 4284 2047 4341 Nam

2160 4287 2258 4357 μὲν
2283 4287 2609 4360 ταυτολογίᾳ
2634 4289 2680 4321 ’9
2723 4288 3060 4360 κεχρῆσθαι,
3099 4290 3328 4359 διάφορα
3361 4289 3417 4343 δὲ
3449 4290 3601 4358 ὅμως
3647 4306 3755 4359 ση-

475 4385 747 4439 ηιίιτιὺὶίία
767 4383 920 4446 dicit,
953 4380 1221 4436 miracula
1246 4380 1300 4434 in
1325 4379 1696 4449 quorumdam
1730 4378 2047 4434 beneﬁcium

2162 4379 2365 4450 μαίνει.
2389 4380 2703 4450 Θαυμάσια
2719 4382 2817 4451 μὲν
2843 4381 2954 4453 γὰρ
2975 4382 3144 4451 λέγει,
3173 4381 3242 4434 τὰ
3277 4381 3364 4435 ἐπ’
3394 4383 3756 4453 εὐεργεσίαις

473 4478 656 4533 edita:
687 4477 933 4530 virtutem
959 4481 1145 4528 autem
1190 4471 1530 4534 terribilium,
1563 4485 1760 4540 magna
1793 4484 1954 4539 opera
1987 4470 2047 4524 ob

2160 4472 2318 4525 τινῶν
2345 4473 2607 4543 γινόμενα
2641 4473 2929 4545 θαύματα·
2962 4475 3220 4544 δύναμιν
3245 4475 3300 4528 δὲ
3329 4474 3622 4544 φοϐερῶν,
3649 4477 3757 4540 τὰς

476 4571 709 4626 aliorum
751 4567 1018 4638 supplicia
1068 4573 1312 4635 peracta.
1354 4562 1518 4617 Verbi
1567 4563 1740 4631 gratia
1784 4563 1927 4632 quod
1961 4576 2047 4632 per

2161 4568 2254 4619 ἐπὶ
2280 4566 2522 4637 τιμωρίᾳ
2553 4567 2759 4639 ἐτέρων
2802 4567 3110 4638 δειχθείσας
3155 4568 3595 4639 μεγαλουργίας·
3638 4561 3758 4621 οἷον

477 4664 722 4718 divinum
761 4659 945 4714 Mosen
978 4657 1213 4729 Egypto
1239 4658 1386 4710 varia
1417 4655 1628 4725 ﬂagella
1674 4653 1955 4721 inllixerit,
1999 4656 2047 4709 in

2160 4657 2248 4710 διὰ
2283 4657 2377 4710 τοῦ
2410 4657 2703 4711 θεσπεσίου
2723 4658 2962 4713 Μωύσοῦ
2997 4662 3062 4731 τῇ
3092 4659 3356 4731 Α-ίγύπτῳ
3392 4657 3761 4722 παντοδαπὰς

477 4755 584 4810 illis
630 4753 805 4808 virtus
866 4749 1191 4806 terribilium
1241 4747 1590 4818 intelligenda
1641 4756 1764 4803 est:
1818 4749 1962 4818 quod
1999 4749 2047 4803 in

2160 4751 2412 4822 ἐπήγαγε
2453 4751 2768 4823 μάστιγας·
2827 4755 3014 4807 ἐκεῖνα
3056 4754 3276 4824 νοητέον
3319 4751 3552 4822 δύναμιν
3584 4751 3762 4821 φοϐε-

484 4847 781 4903 solitudine
813 4860 1016 4901 manna
1052 4843 1252 4914 populo
1283 4841 1742 4913 suppeditaverit,
1777 4850 1832 4896 et
1872 4854 2047 4897 cotur-

2161 4847 2293 4918 ρῶν.
2335 4848 2423 4901 Ἐν
2449 4851 2514 4920 τῇ
2549 4850 2741 4920 ἐρήμῳ
2774 4851 2950 4919 μάννα
2993 4851 3216 4920 ἐκόμισε
3251 4848 3328 4918 τῷ
3361 4847 3495 4919 λαῷ,
3526 4847 3620 4900 καὶ
3660 4847 3762 4919 ὀρ-

477 4941 628 4997 nices
657 4938 815 5010 quasi
868 4938 969 4991 reti
1011 4935 1333 5005 complexus
1362 4936 1468 5000 sit,
1511 4944 1566 4990 et
1605 4943 1804 4989 terram
1847 4935 2047 4990 aridam

2160 4942 2516 5012 τυγομήτρας
2573 4943 2847 5014 ἐπέδησε,
2891 4943 2988 4997 καὶ
3026 4944 3127 5014 τὴν
3172 4944 3397 5014 ἄνυδρον
3443 4941 3757 4995 ἐπέκλυσε·

476 5033 851 5095 inundaverit,
886 5033 1001 5086 haec
1026 5031 1080 5085 in
1118 5028 1539 5084 admirationem
1565 5036 1850 5097 gratorum
1880 5027 2047 5082 homi-

2160 5033 2334 5089 ταῦτα
2371 5036 2451 5098 είς
2480 5035 2665 5108 θαῦμα
2694 5037 2808 5090 τῶν
2840 5037 3200 5110 εὐγνωμόνων
3225 5037 3325 5102 τὰς
3361 5035 3612 5106 γλώττας
3639 5034 3760 5089 ἐκι-

587 5237 745 5291 Joan.
776 5251 908 5301 xvn,
933 5233 987 5287 5.

1508 5463 1748 5519 ἾΑΒΙᾹΞ
1791 5459 2177 5517 LECTIONES
2220 5459 2308 5514 ΕΤ
2337 5459 2574 5516 NOTAE.

547 5605 596 5640 93
628 5607 776 5658 Οὔτε
795 5604 942 5672 μήν.
973 5603 1045 5657 ib.
1076 5603 1220 5657 οὐδὲ.
1330 5605 1377 5635 ’⁵
1420 5602 1678 5670 Ἰσραήλ.
1717 5603 1904 5657 οοι1.·1
1936 5601 2047 5656 ἐθνί

2225 5603 2271 5634 ⁸⁸
2313 5605 2449 5667 Τήν.
2480 5606 2532 5658 in
2569 5614 2717 5660 textu
2753 5605 2860 5659 τῶν
2908 5610 2961 5660 0¹

478 5675 891 5743 διηγήσονται.
946 5673 1107 5728 l-lebr.
1151 5674 1452 5742 Majesmtis
1509 5685 1634 5739 tum,
1679 5683 1725 5725 et
1759 5672 1912 5743 verba
1949 5689 1995 5726 s.
2025 5687 2188 5740 opera
2214 5674 2505 5739 mirabilia,
2551 5687 2642 5730 tua
2699 5678 2951 5732 narrabo.

478 5742 773 5813 προφανεῑς
828 5748 948 5808 τὰς.
1025 5746 1071 5776 ³⁸
1111 5745 1529 5813 Διηγήσονται.
1563 5743 1728 5799 Hebr.
1769 5742 2047 5797 Narrabat

2161 5780 2176 5796 .
2253 5745 2297 5775 ⁹⁹
2326 5747 2446 5800 cod.
2482 5746 2504 5797 1
2550 5747 2948 5816 ταυτολογίαις.

3006 5620 3192 5677 prtem.
3223 5608 3356 5662 Καί.
3463 5608 3513 5640 ’⁸
3547 5606 3664 5677 Τῆς
3692 5640 3764 5652 -

3046 5677 3092 5709 "
3121 5677 3487 5750 Πρωφυεῖς.
3548 5685 3679 5738 eod.
3727 5679 3758 5738 1
