3996 6470
439 279 570 348 1971

1393 279 1887 340 THEODORETI
1923 281 2266 344 EPISCOPI
2305 286 2682 350 CYRENSIS

3576 286 3717 341 1912

433 396 582 452 enim
615 394 893 451 intuentes
927 407 1143 459 eorum,
1174 406 1295 463 quce
1341 390 1409 445 ab
1440 391 1558 460 ipso
1600 392 1743 447 facta
1775 398 1925 456 sunt,
1965 400 2018 444 et

2161 399 2217 470 ὴν
2249 402 2657 472 μεγαλουργίαν
2699 398 2995 469 θεώμενοι,
3028 395 3107 460 είς
3149 392 3460 463 δοξολογίαν
3501 392 3718 446 κινοῦσι

440 489 725 561 sapientia
768 487 1234 557 magniﬁcentiam
1278 485 1680 549 observantes,
1732 485 1785 537 in
1834 483 2024 537 laudes

439 582 684 653 linguam
719 580 1024 650 impellunt.

517 672 679 729 Vens.
712 673 801 738 11,
838 672 925 727 12.
966 689 984 722 ι
1020 669 1264 725 Gloriam
1297 670 1450 737 regni
1480 668 1559 721 tui
1588 668 1798 732 dicent,
1838 675 1892 720 et
1925 680 2025 734 po-

440 767 670 822 tentiam
715 776 861 819 tuam
911 764 1224 833 loquentur.
1276 762 1348 817 Ut
1395 770 1579 813 notam
1645 759 1847 813 faciant
1896 756 2025 810 ﬁliis

441 859 730 913 hominum
766 856 1067 926 potentiam
1104 864 1275 916 tuam,
1312 862 1365 907 et
1392 852 1623 921 gloriam
1667 850 2023 919 magniﬁcen-

442 949 531 1004 tia:
545 949 697 1019 regni
718 949 817 1002 tui.
833 950 881 1001 ι’
900 947 965 1001 Hi
983 948 1127 1003 enim
1147 944 1481 1001 sanctissimi
1500 943 1740 1008 viri,sive
1754 942 2031 1011 prophetae

445 1040 561 1096 sive
586 1040 846 1111 apostoli,
864 1046 917 1093 et
938 1040 1031 1109 qui
1055 1047 1178 1107 post
1198 1037 1322 1091 illos
1336 1033 1744 1105 praedicationis
1778 1032 2029 1086 ministe-

445 1134 590 1188 rium
620 1140 968 1202 acceperunt,
1003 1130 1399 1199 sempiternum
1431 1142 1681 1198 regnum,
1714 1136 1767 1181 et
1798 1124 2030 1194 inexpli-

447 1226 677 1281 cabilem
700 1225 997 1295 potentiam
1019 1237 1213 1277 omnes
1232 1222 1482 1276 homines
1504 1218 1714 1289 1563
1734 1217 2027 1272 docebunt.

446 1315 568 1374 Non
604 1320 750 1373 enim
797 1315 999 1370 Judaeis
1025 1314 1178 1379 solis,
1228 1314 1321 1368 sed
1368 1314 1531 1367 etiam
1575 1312 1675 1367 toti
1747 1309 2030 1365 hominum

449 1420 659 1466 natura:
686 1412 826 1464 hanc
847 1409 1149 1463 doctrinam
1185 1404 1435 1461 aﬂerent.

529 1584 697 1645 Vens.
733 1588 819 1643 13.
853 1607 870 1639 ι
911 1586 1157 1656 Regnum
1188 1595 1339 1639 tuum
1381 1598 1609 1653 regnum
1643 1582 1888 1636 omnium
1930 1595 2033 1635 sa:-

450 1681 701 1735 culorum
723 1719 735 1742 ,
771 1688 825 1733 et
858 1678 1160 1733 dominatio
1200 1687 1290 1732 tua
1327 1677 1382 1731 in
1422 1675 1572 1730 omni
1604 1673 1954 1744 generatione
1983 1680 2037 1726 et

455 1774 830 1845 generatione.
880 1791 898 1823 ι
951 1769 1112 1826 Nullo
1158 1770 1304 1825 enim
1352 1769 1455 1823 ﬁne
1494 1768 1814 1823 conclusum
1868 1766 2035 1819 habes

455 1867 768 1937 imperium,
813 1874 868 1921 et
916 1874 1179 1920 azternum
1223 1878 1475 1933 regnum,
1519 1876 1697 1931 neque
1742 1860 2034 1930 incipiens,

454 1976 632 2031 neque
688 1960 907 2015 ﬁniens.
960 1977 978 2009 ι
1032 1957 1232 2012 Fidelis
1272 1957 1415 2010 Deus
1451 1955 1505 2009 in
1557 1955 1812 2009 omnibus
1856 1952 2036 2007 verbis

456 2056 602 2121 suis,
641 2064 697 2109 et
731 2064 954 2109 sanctus
991 2053 1046 2106 in
1087 2051 1344 2106 omnibus
1376 2052 1635 2120 operibus
1673 2049 1809 2105 suis.
1850 2068 1868 2099 ι
1901 2047 2036 2102 Nam

457 2149 753 2203 verborum
788 2146 992 2201 veritas
1022 2144 1273 2215 splendet
1303 2143 1589 2199 effectibus
1612 2144 1961 2203 ccutirmata,
1982 2147 2038 2193 et

461 2240 519 2295 lii
544 2239 758 2309 justitia
788 2248 1078 2294 ornantur.

533 2330 701 2388 Vens.
736 2332 824 2388 14.
868 2350 887 2381 ι
939 2328 1193 2384 Suﬁ'ulcit
1226 2326 1489 2383 Dominus
1522 2342 1742 2392 omnes,
1780 2326 1873 2397 qui
1913 2341 2040 2382 eor-

459 2434 653 2491 ruunt,
698 2436 754 2480 et
796 2424 957 2494 erigit
1000 2437 1196 2478 omnes
1237 2421 1421 2476 elisos.
1477 2442 1491 2472 ι
1541 2421 1673 2474 Nam
1719 2435 1829 2475 non
1879 2419 2042 2475 modo

458 2518 688 2590 iustitia:
712 2517 1064 2571 alumnarum
1098 2529 1287 2569 curam
1322 2514 1483 2584 gerit.
1510 2513 1603 2568 sed
1626 2513 1791 2568 etiam
1823 2528 2038 2574 eorum.

464 2611 558 2682 qui
591 2608 971 2681 prolabuntur,
1005 2616 1059 2662 et
1090 2605 1437 2675 franguntur,
1482 2612 1536 2659 et
1567 2604 1777 2674 peccati
1818 2603 2041 2656 vulnera

464 2703 755 2774 recipiunt.
792 2700 905 2758 Hos
946 2700 1090 2756 enim
1123 2701 1349 2754 ﬁrmans
1376 2697 1573 2753 cadere
1596 2712 1704 2752 non
1732 2697 1999 2766 permittit
2026 2715 2040 2749 :

464 2813 561 2854 eos
618 2811 753 2852 vero
802 2796 896 2866 qui
945 2794 1260 2850 ceciderunt
1314 2791 1515 2861 erigit,
1576 2790 1857 2844 dexteram
1912 2803 2042 2859 por-

464 2890 667 2960 rigens.

537 2978 703 3035 Vens.
746 2980 836 3035 15.
886 3000 903 3031 ι
945 2980 1101 3036 Oculi
1153 2978 1402 3034 omnium
1455 2975 1508 3028 in
1553 2983 1603 3028 te
1638 2982 1861 3045 sperant
1894 2981 1947 3027 et
1989 2982 2043 3026 tu

2124 494 2224 563 τὴν
2248 494 2517 562 γλῶτταν.

2198 671 2289 739 ια’,
2319 672 2406 743 ιβ’.
2453 691 2471 724 ι
2505 673 2672 739 Δόξαν
2698 673 2798 743 τῆς
2829 669 3108 741 βασιλείας
3140 685 3234 721 σου
3266 665 3477 737 ἐροῦσι,
3500 667 3598 718 καὶ
3622 665 3723 733 τὴν

2126 765 2445 819 δυναστείαν
2494 783 2588 819 σου
2623 764 2942 835 λαλήσουσι.
2976 761 3086 816 Τοῦ
3118 759 3390 831 γνωρίσαι
3421 761 3536 821 τοῖς
3583 758 3722 817 υἱοῖς

2128 857 2233 910 τῶν
2268 857 2568 929 ἀνθρώπων
2599 857 2700 929 τὴν
2744 856 3069 910 δυναστείαν
3114 872 3205 907 σου
3225 856 3267 915 ⁸,
3301 852 3395 905 καὶ
3429 851 3531 921 τὴν
3560 850 3724 913 δόξαν

2128 952 2224 1021 τῆς
2250 951 2726 1021 μεγαλοπρεπείας
2756 951 2859 1019 τῆς
2890 946 3172 1020 βασιλείας
3200 963 3293 999 σου
3313 946 3353 999 ⁸.
3379 963 3397 996 ι
3428 939 3589 997 Οὗτοι
3612 942 3728 1009 γὰρ

2128 1044 2179 1097 οἱ
2218 1044 2376 1111 ὅσιοι,
2407 1044 2517 1096 εἴτε
2554 1042 2855 1115 προφῆται,
2890 1041 3003 1095 εἴτε
3035 1039 3350 1101 ἀπόστολοι,
3386 1035 3482 1090 καὶ
3508 1036 3558 1087 οἱ
3594 1032 3729 1103 μετ’

2131 1135 2373 1199 ἐκείνους
2416 1134 2518 1205 τὴν
2564 1134 2657 1187 τοῦ
2693 1133 3053 1206 κηρύγματος
3077 1129 3359 1184 διακονίαν
3391 1127 3729 1194 διαδεξάμε-

2132 1244 2212 1280 νοι
2231 1228 2272 1292 ’⁷,
2295 1227 2395 1297 τὴν
2421 1227 2639 1280 αἰώνιον
2668 1226 2970 1296 βασιλείαν,
2991 1224 3086 1278 καὶ
3108 1223 3207 1294 τὴν
3228 1224 3466 1293 ἄρρητον
3490 1220 3732 1288 δύναμιν

2134 1320 2343 1385 πάντας
2374 1319 2699 1392 ἀνθρώπους
2726 1320 3051 1384 διδάξουσιν.
3087 1318 3164 1370 Οὐ
3209 1317 3320 1385 γὰρ
3373 1314 3558 1385 μόνοις
3592 1315 3732 1366 ἰου-

2132 1412 2322 1476 δαίοις,
2356 1411 2492 1466 ἀλλά
2516 1412 2614 1467 καὶ
2641 1412 2791 1486 πάσῃ
2814 1412 2922 1464 τῶν
2944 1408 3249 1481 ἀνθρώπων
3279 1409 3348 1478 τῇ
3375 1405 3537 1476 φύσει
3566 1406 3734 1476 τήνδε

2132 1506 2232 1579 τὴν
2260 1506 2605 1560 διδασκαλίαν
2638 1504 3047 1576 προσοίσουσιν.

2207 1607 2298 1669 ιγ’.
2346 1619 2365 1651 ι
2388 1601 2454 1653 Ἡ
2500 1598 2742 1671 βασιλεία
2785 1615 2877 1651 σου
2916 1596 3163 1668 βασιλεία
3192 1594 3414 1649 πάντων
3452 1591 3565 1645 τῶν
3596 1588 3737 1645 αἰώ-

2138 1712 2264 1756 νων,
2297 1693 2392 1746 καὶ
2421 1693 2454 1763 ή
2482 1691 2773 1744 δεσποτεία
2805 1707 2898 1743 σου
2922 1691 2981 1742 ἐν
3010 1688 3160 1760 πάσῃ
3191 1687 3354 1757 γενεᾷ
3384 1684 3481 1738 καὶ
3502 1684 3731 1751 γενεᾷ.»

2152 1783 2520 1855 Ἀπέραντονδ
2548 1782 2694 1852 ἔχεις
2742 1780 2802 1833 τὸ
2850 1779 3071 1852 κράτος,
3100 1778 3195 1832 καὶ
3236 1777 3405 1831 ἀΐδιον
3438 1774 3538 1845 τὴν
3569 1772 3737 1843 βασι-

2138 1878 2320 1941 λείαν,
2356 1876 2489 1930 οὔτε
2536 1875 2894 1947 ἀρξαμένην,
2942 1872 3066 1926 οὔτε
3113 1872 3379 1942 λήξασαν.
3441 1887 3459 1920 ι
3490 1867 3739 1928 Πιστὸς⁸

2140 1971 2345 2041 Κύριος
2382 1971 2438 2023 ἐν
2467 1969 2604 2021 πᾶσι
2630 1969 2744 2031 τοῖς
2772 1967 2953 2035 λόγοις
2980 1963 3169 2027 αὑτοῦ,
3194 1962 3289 2014 καὶ
3321 1962 3470 2023 ὅσιος
3504 1961 3564 2013 ἐν
3596 1959 3739 2011 πᾶσι

2140 2067 2253 2128 τοῖς
2281 2062 2465 2134 ἔργοις
2502 2060 2691 2115 αὐτοῦ.
2726 2079 2743 2111 ι
2776 2059 3100 2131 Προλάμπει
3130 2056 3239 2125 γὰρ
3265 2055 3374 2107 τῶν
3395 2054 3574 2121 λόγων
3600 2052 3737 2121 ἁλή-

2143 2157 2285 2217 θεια,
2320 2152 2682 2225 βεϐαιουμένη
2728 2153 2838 2214 τοῖς
2877 2149 3093 2221 ἔργοιςσ
3131 2148 3227 2202 καὶ
3257 2146 3431 2200 ταῦτα
3458 2145 3516 2198 δὲ
3547 2143 3627 2213 τῷ
3655 2144 3736 2196 δι-

2143 2246 2282 2317 καίῳ
2308 2246 2609 2315 κοσμεῖται.

2214 2340 2295 2392 ιδ’.
2346 2334 2773 2406 «Ὑποστηρίζει
2810 2333 3019 2406 Κύριος
3067 2332 3277 2393 πάντας
3328 2330 3455 2391 τοὺς
3497 2326 3742 2381 καταπί-

2145 2448 2399 2497 πτοντας,
2413 2431 2509 2484 καὶ
2524 2428 2744 2500 ἀνορθοί
2760 2427 2970 2489 πάντας
2986 2425 3110 2487 τοὺς
3130 2424 3407 2495 κατερῤαγ
3418 2421 3617 2491 μένους
3636 2420 3703 2473 ⁸ο.
3716 2436 3737 2467 ι

2144 2525 2218 2577 Οὐ
2261 2522 2371 2593 γάρ
2407 2522 2565 2593 μόνον
2598 2521 2708 2573 τῶν
2748 2519 2848 2589 τῆς
2897 2515 3249 2586 δικαιοσύνης
3299 2513 3588 2584 τροφίμων
3617 2515 3742 2564 ἐπι-

2149 2616 2389 2685 μελεῖται
2416 2652 2431 2678 ,
2463 2613 2601 2667 ἀλλά
2632 2613 2726 2665 καὶ
2754 2610 2863 2664 τῶν
2902 2608 3319 2662 ὀλισθαινόντων
3348 2607 3744 2676 καταρρηγνυ-

2150 2709 2327 2779 μένων
2350 2708 2417 2772 ¹¹,
2441 2708 2533 2760 καὶ
2564 2706 2662 2775 τῆς
2696 2703 2975 2774 ἁμαρτίας
2996 2702 3302 2772 δεχομένων
3324 2700 3392 2752 τά
3412 2698 3739 2769 τραύματα.

2147 2801 2287 2862 Τοὺς
2323 2798 2422 2870 μὲν
2451 2798 2561 2868 γάρ
2588 2797 2808 2869 ἐρείδων
2829 2835 2843 2859 ,
2880 2796 3212 2848 καταπεσεῖν
3237 2794 3339 2844 οὐκ
3369 2792 3461 2862 ἐᾷ’
3508 2791 3639 2852 τοὺς
3687 2788 3745 2841 δὲ

2150 2890 2415 2952 πεσόντας
2446 2889 2762 2957 ἀνίστησιν,
2794 2886 3005 2957 ὀρέγων
3038 2888 3135 2955 τὴν
3174 2885 3380 2949 δεξιάν.

2221 2979 2309 3035 ιε’.
2352 2998 2370 3030 ι
2406 2980 2469 3032 Οἱ
2509 2978 2781 3048 ὀφθαλμοὶ
2831 2978 3052 3031 πάντων
3084 2980 3163 3039 εἰς
3200 2976 3259 3028 σὲ
3292 2974 3611 3037 ἐλπίζουσι,
3649 2971 3747 3025 καὶ

468 3074 567 3130 das
595 3088 776 3130 escam
802 3073 1043 3128 rillorum
1075 3081 1320 3141 tempore
1346 3075 1678 3139 opportuno.
1716 3085 1732 3117 ι
1770 3067 1884 3123 lloc
1921 3067 2043 3120 loco

2161 3076 2215 3126 σὺ
2244 3073 2402 3136 δίδως
2434 3071 2532 3143 τὴν
2562 3070 2773 3142 τροφὴν
2813 3070 2995 3123 αὐτῶν
3028 3072 3084 3121 ἐν
3117 3070 3422 3139 εὐκαιρίᾳ.»
3457 3067 3531 3119 Τὸ
3565 3064 3746 3117 ἐλπί-

469 3173 683 3234 sperant
726 3181 832 3219 non
882 3172 1106 3234 propter
1140 3163 1395 3218 affectum
1439 3160 1656 3230 posuit:
1686 3173 1864 3229 neque
1900 3158 2047 3213 enim

471 3255 566 3325 qui
614 3256 782 3325 impie
825 3255 1015 3308 vivunt
1067 3254 1212 3308 hanc
1260 3252 1464 3307 habent
1500 3264 1674 3320 spem,
1721 3264 1819 3303 nec
1847 3263 2047 3318 genera

471 3346 791 3402 animalium
816 3347 1026 3402 ratione
1049 3345 1351 3402 carentium
1385 3358 1605 3398 sensum
1644 3340 1872 3394 rationis
1900 3354 2050 3394 com-

471 3449 654 3508 potem
700 3439 934 3494 habent:
984 3439 1076 3493 sed
1131 3439 1291 3491 docet
1337 3433 1772 3503 unumquodque
1817 3433 1886 3486 ab
1930 3433 2049 3501 ipso

474 3540 865 3602 congruentem
918 3546 1075 3584 usum
1122 3530 1389 3598 accipere.
1440 3526 1641 3581 Deinde
1680 3523 2047 3593 suppeditanti

472 3637 695 3695 quoque
722 3622 1040 3677 facilitatem
1074 3622 1299 3677 indicat.

544 3715 718 3772 Vens.
761 3716 847 3770 16.
902 3734 920 3767 ι
973 3716 1169 3786 Aperis
1202 3724 1256 3769 tu
1290 3729 1510 3768 manum
1551 3721 1719 3777 tuam,
1767 3720 1820 3767 et
1859 3712 2054 3782 imples

476 3824 637 3864 omne
669 3808 873 3864 animal
904 3808 1272 3878 beneplacito.
1315 3827 1332 3859 ι
1373 3807 1546 3861 Simul
1579 3808 1725 3862 enim
1765 3815 1818 3858 et
1853 3806 1935 3859 vis
1957 3847 1971 3870 ,
2004 3814 2058 3860 et

458 3902 910 3971 'unumquodque
937 3900 1300 3970 consequitur
1336 3900 1478 3954 bona
1519 3896 1730 3970 1564
1772 3913 1893 3967 qua:
1924 3898 2055 3952 sub-

479 3993 786 4048 ministras.
828 3994 981 4048 Sicut
1021 3992 1165 4047 enim
1215 3991 1377 4045 nobis
1418 3989 1578 4044 facile
1615 3998 1697 4042 est
1742 3998 2058 4045 contractos

476 4086 678 4157 digitos
711 4086 1025 4148 extendere,
1053 4094 1107 4138 et
1127 4083 1336 4153 aperire
1371 4097 1595 4135 manum
1623 4100 1634 4135 :
1666 4081 1745 4136 sic
1775 4081 1871 4135 tibi
1899 4081 2059 4135 facile

478 4187 565 4233 est
599 4185 804 4247 puncto
835 4174 1099 4245 temporis
1132 4176 1399 4229 bonorum
1432 4171 1762 4226 aﬁlueutialn
1792 4170 2056 4241 praebere.

548 4268 717 4325 Vens.
748 4270 834 4324 17.
877 4288 895 4321 ι
935 4268 1128 4324 Justus
1156 4274 1240 4322 est
1280 4264 1539 4320 Dominus
1571 4264 1625 4317 iu
1669 4264 1926 4317 omnibus
1953 4262 2059 4315 viis

482 4362 620 4429 suis,
652 4372 707 4418 et
734 4371 952 4418 sanctus
981 4362 1035 4415 in
1064 4359 1323 4415 omnibus
1357 4357 1617 4427 operibus
1645 4356 1781 4411 suis.
1814 4360 1847 4405 ³»
1886 4354 2058 4407 Porro

2152 3165 2361 3226 ζουσιν
2383 3163 2617 3217 ἐνταῦθα
2642 3166 2743 3218 οὐκ
2769 3162 2860 3215 ἐπὶ
2882 3160 3173 3224 διαθέσεως
3195 3160 3463 3213 τέθεικεν·
3481 3156 3608 3209 οὕτε
3635 3156 3749 3225 γάρ

2151 3260 2199 3311 οἱ
2244 3257 2537 3330 δυσσεϐείᾳ
2587 3257 2857 3322 συζῶντες
2904 3254 3109 3324 ταύτην
3150 3253 3333 3324 ἔχουσι
3384 3251 3483 3321 τὴν
3523 3248 3745 3310 ἐλπίδα,

2152 3350 2274 3405 οὔτε
2319 3350 2428 3404 τῶν
2475 3350 2686 3418 ἀλόγων
2715 3350 2785 3403 τὰ
2813 3349 2947 3419 γένη
2992 3347 3220 3417 λογικὴν
3250 3344 3506 3414 αἴσθησιν
3536 3343 3653 3412 ἔχει
3680 3343 3745 3374 ⁵⁸·

2153 3444 2289 3498 ἀλλά
2327 3444 2569 3497 διδάσκει
2601 3443 2675 3506 ὡς
2706 3443 2938 3495 ’ἑκαστον
2972 3440 3101 3511 παρ’
3132 3438 3298 3492 αὐτοῦ
3334 3437 3431 3507 τὴν
3466 3435 3748 3505 κατάλλη-

2154 3537 2244 3589 λον
2272 3536 2595 3604 ύποδέχεται
2626 3534 2837 3605 χρείαν.
2880 3528 3013 3586 Εἶτα
3050 3532 3145 3586 καὶ
3189 3531 3286 3601 τὴν
3322 3530 3577 3583 εὐκολίαν
3610 3528 3751 3581 ὑπο·

2156 3628 2399 3682 δείκνυσι
2430 3628 2529 3696 τῆς
2568 3626 2854 3698 χορηγίας.

2233 3726 2328 3785 ις’.
2378 3738 2395 3770 ι
2419 3718 2684 3785 ’Λνοίγεις
2724 3718 2788 3770 σὺ
2824 3717 2923 3788 τὴν
2969 3716 3127 3787 χεῖρά
3162 3733 3286 3780 σου,
3318 3716 3415 3768 καὶ
3461 3715 3750 3785 ἐμπιπλᾷς

2162 3814 2268 3865 πᾶν
2300 3809 2439 3875 ζῶον
2471 3810 2741 3872 εὐδοκίας.
2778 3830 2795 3861 ι
2826 3809 2979 3879 ’Ἅμα
3008 3826 3067 3863 τε
3100 3808 3209 3880 γὰρ
3245 3807 3445 3878 βούλει,
3481 3809 3578 3861 καὶ
3611 3808 3755 3860 ἀποο

2159 3903 2314 3957 λαύει
2360 3901 2468 3953 τῶν
2522 3900 2700 3953 σῶν¹³
2749 3900 3175 3969 χορηγουμένων
3225 3898 3456 3951 ἕκαστον
3498 3896 3747 3964 ἀγαθῶν.

2162 3995 2428 4065 Καθάπερ
2456 3994 2565 4064 γὰρ
2587 3995 2716 4062 ἡμῖν
2745 3992 2923 4063 ῥᾴδιον
2948 3992 3074 4054 τοὺς
3108 3994 3479 4061 συνηγμένους
3509 3991 3754 4042 ἐκτεῖναι

2163 4086 2480 4149 δακτύλους,
2525 4087 2619 4138 καὶ
2652 4086 2902 4139 ἀπλῶσαι
2939 4084 3038 4154 τὴν
3074 4087 3232 4154 χεῖρα
3258 4098 3270 4111 ⁸
3299 4080 3442 4134 οὓτω
3475 4098 3557 4133 σοι
3588 4081 3758 4133 εὐπε-

2164 4182 2255 4243 τὲς
2288 4183 2343 4232 ἐν
2372 4180 2571 4249 ἀκαρεί
2594 4179 2896 4248 παρασχεῖν
2927 4177 3033 4229 τῶν
3065 4176 3286 4244 ἀγαθῶν
3318 4174 3415 4245 τὴν
3445 4174 3642 4244 φοράν.

2240 4272 2324 4337 ιζ’.
2366 4273 2582 4334 Δίκαιος
2629 4270 2835 4341 Κύριος
2887 4272 2942 4322 ἐν
2996 4270 3198 4332 πάσαις
3238 4271 3357 4330 ταῖς
3387 4268 3525 4329 ὁδοῖς
3560 4264 3757 4329 αὑτοῦ,

2168 4365 2261 4419 καὶ
2291 4364 2438 4426 ὅσιος
2477 4365 2534 4416 ἐν
2565 4364 2699 4416 πᾶσι
2731 4364 2845 4424 τοῖς
2877 4362 3061 4429 ἔργοις
3091 4359 3277 4413 αὑτοῦ.
3312 4378 3329 4409 ι
3373 4359 3462 4411 Ἐν
3505 4358 3760 4421 ἁπάσαις

482 4457 536 4511 in
568 4456 821 4510 omnibus
852 4454 964 4508 tuis
1000 4449 1505 4521 dispensationibus
1533 4448 1745 4519 iustitia
1784 4446 2043 4517 splendet.

2162 4457 2218 4509 δέ
2250 4472 2342 4508 σου
2367 4456 2489 4516 ταῖς
2510 4453 2847 4522 οἰκονομίαις
2886 4450 3181 4522 διαλάμπει
3216 4449 3274 4501 τὸ
3303 4447 3529 4501 δίκαιον.
3547 4445 3762 4509 Ὁδοὺς

488 4547 615 4600 Vias
648 4547 793 4601 enim
822 4543 1258 4614 dispensationes
1284 4541 1516 4596 vocavit.

554 4638 721 4694 Vens.
746 4637 832 4691 18.
873 4657 890 4689 ι
925 4636 1098 4706 Prope
1117 4646 1200 4691 est
1219 4634 1485 4689 Dominus
1509 4631 1766 4687 omnibus
1794 4631 2058 4685 invocan-

484 4731 633 4787 tibus
666 4746 791 4784 eum
824 4730 880 4784 in
910 4729 1155 4784 veritate.
1191 4746 1211 4780 ι
1252 4729 1268 4745 ⁸
1310 4725 1480 4795 Prope
1516 4741 1622 4779 non
1666 4723 1770 4777 loci
1822 4724 2058 4792 spatium

485 4824 793 4895 significat;
833 4830 1024 4874 natura
1065 4820 1211 4874 enim
1263 4819 1467 4888 ubique
1511 4817 1666 4872 adest
1714 4815 1876 4871 Deus.
1924 4815 2059 4870 Nam

493 4935 511 4967 ι
533 4917 587 4971 in
617 4917 734 4986 ipso
759 4914 1013 4975 vivimus,
1032 4919 1087 4965 et
1107 4926 1412 4972 movemur,
1449 4918 1503 4964 et
1529 4924 1723 4964 sumus
1748 4920 1828 4974 0,»
1862 4925 2061 4964 secun-

489 5008 617 5062 dum
669 5006 910 5061 divinum
975 5003 1298 5072 Apostolum
1340 5021 1353 5056 :

489 5099 728 5155 studium
771 5098 855 5153 his
888 5095 1069 5150 verbis
1111 5094 1429 5150 declaravit.
1478 5093 1726 5148 Pulchra
1761 5102 1942 5149 autem
1975 5104 2060 5150 est

561 5244 589 5273 ιι
627 5236 881 5290 Acl.xvu
908 5272 922 5299 ,
959 5233 1053 5288 28.

1434 5002 1527 5056 sed
1591 5002 1932 5057 all‘ectionem
2011 4996 2117 5056 ρι’

2165 4549 2272 4618 γὰρ
2298 4546 2396 4608 τάς
2422 4546 2736 4616 οἰκονομίας
2759 4544 3041 4598 ἐκάλεσεν.

2240 4638 2332 4709 ιη’.
2380 4658 2398 4689 ι
2423 4638 2622 4706 Ἐγγὺς
2648 4636 2853 4708 Κύριος
2884 4638 3016 4689 πᾶσι
3042 4636 3157 4698 τοῖς
3183 4631 3643 4701 ἐπικαλουμένοις
3668 4632 3763 4681 αύ-

2168 4729 2280 4793 τὸν,
2310 4729 2445 4781 πᾶσι
2467 4726 2510 4757 ’³
2542 4729 2655 4789 τοῖς
2679 4724 3129 4793 ἐπικαλουμένοις
3160 4723 3321 4776 αὐτὸν
3362 4723 3418 4772 ἐν
3447 4719 3706 4789 ἀληθεία,
3737 4738 3756 4769 ι

2169 4819 2243 4872 Τὸ
2271 4818 2450 4887 ἐγγὺς
2479 4817 2540 4869 οὑ
2572 4816 2794 4869 τοπικδν
2827 4815 3080 4886 σημαίνει
3117 4814 3390 4883 διάστημα
3410 4829 3423 4841 ·
3458 4812 3621 4879 φύσει
3650 4812 3764 4881 γάρ

2173 4908 2446 4978 πανταχοῦ
2476 4908 2738 4979 πάρεστιν
2756 4910 2779 4959 ὁ
2797 4907 2927 4969 Θεὸς
2945 4922 2958 4935 ⁸
2980 4927 2997 4958 ι
3020 4907 3107 4959 Ἐν
3134 4905 3281 4975 αὐτῷ
3297 4906 3403 4973 γὰρ
3432 4902 3634 4973 ζῶμεν,
3664 4900 3765 4953 καὶ

2173 5003 2489 5072 κινούμεθα,
2516 5002 2608 5054 καὶ
2646 5000 2865 5069 ὲσμὲν,»
2904 5000 3043 5051 κχτά
3076 4997 3169 5050 τὸν
3202 4997 3345 5050 θεῖον
3381 4994 3717 5049 Ἀπόστολον
3744 5010 3759 5024 ο

2174 5096 2310 5149 ἀλλὰ
2342 5096 2441 5166 τὴν
2472 5095 2680 5164 σχέσιν,
2708 5094 2803 5146 καὶ
2852 5092 2948 5162 τὴν
2995 5091 3237 5145 διάθεσιν
3269 5089 3355 5143 διὰ
3396 5089 3603 5142 τούτων
3634 5087 3764 5157 ἐδή-

1587 5319 1825 5375 νΑΒΙᾹΞ
1865 5312 2259 5376 LECTIONES
2300 5318 2386 5373 ET
2424 5317 2651 5375 ΝΟΤᾹΞ.

561 5443 584 5476 ⁵
619 5439 737 5509 Τὴν
778 5440 1145 5495 δυναστείαν
1197 5453 1332 5492 σου.
1394 5438 1557 5491 Hebr.
1622 5438 1900 5493 Summum
1922 5438 2043 5492 robu

2161 5439 2251 5491 ius.
2329 5440 2349 5470 ⁶
2378 5437 2849 5509 Τῆςγβασιλείας
2880 5451 3018 5491 σου.
3065 5436 3229 5492 Hebr.
3264 5436 3427 5506 Regni
3464 5439 3603 5509 eius.
3633 5452 3701 5490 eo
3723 5437 3757 5489 Ι.

491 5515 517 5567 1
546 5508 788 5593 postcpnu
819 5512 972 5593 addit
1006 5511 1317 5579 λαλήσουσι.
1356 5516 1400 5593 θ’
1432 5510 1611 5593 cod._1
1641 5509 1946 5593 δεξάμενοι.
2004 5512 2024 5539 ⁸

2161 5510 2451 5593 repertor.
2492 5508 2548 5561 lu
2575 5509 2697 5589 cod.
2734 5510 2755 5561 l
2792 5509 3105 5593 ‘s‘equgdp.

489 5577 697 5659 αὑτοῦ.
728 5582 925 5659 Totum
960 5581 1068 5659 hoc
1086 5577 1295 5659 gemma
1323 5579 1475 5659 abest
1504 5595 1533 5632 a
1567 5588 1728 5659 textu“
1746 5579 1905 5659 Hebe.
1971 5588 2168 5659 exstat
2192 5590 2371 5659 autem
2403 5580 2454 5631 iu
2492 5581 2741 5659 versione
2792 5577 2911 5659 _Syr.
2944 5577 3110 5632 Arab.
3152 5586 3208 5632 et
3230 5577 3475 5647 Aithiop.

493 5652 991 5722 κατερῤαγμὲνους.
1030 5650 1189 5703 llehr.
1218 5650 1536 5722 incuruatos.
1583 5649 1915 5722 Conf._psal.
1950 5664 2105 5715 αχεν,
2139 5653 2189 5701 8.

494 5718 705 5789 ἔχουσιν
753 5718 993 5791 positum
1056 5727 1179 5772 ante
1243 5718 1510 5789 αἴσθησιν.

3189 5513 3209 5540 ν
3237 5510 3529 5573 Πιστὸς-
3563 5507 3762 5573 ἔργοις

3558 5577 3603 5608 ¹⁹
3633 5580 3761 5636 τοὺς

2271 5651 2309 5679 “
2344 5646 2955 5716 Karaﬁﬁmvvuééwr.
2977 5650 3100 5702 cod.
3132 5650 3152 5701 1
3183 5666 3368 5717 prtem.
3408 5646 3522 5700 καί.
3606 5648 3647 5677 ¹¹
3687 5648 3761 5699 ιιι.

1622 5722 1662 5750 η
1696 5718 1845 5775 Σῶν.
1896 5720 2021 5773 ibid.

2161 5719 2223 5789 ρά
2279 5720 2390 5774 σοῦ.
2430 5720 2469 5750 ¹⁸
2506 5720 2660 5774 [Irim
2694 5749 2760 5758 -
2806 5717 3021 5775 αὐτῶν.
3056 5719 3177 5773 Des.
3220 5724 3275 5773 in
3302 5721 3421 5775 cod.
3458 5720 3510 5773 1.
