3996 6460
258 303 395 370 1973

1610 301 1693 362 IN
1732 299 1938 360 PSAL.
1995 298 2209 360 CXLV.

3395 278 3531 343 1974

248 418 388 470 luis:
408 416 473 471 ".
506 415 666 486 Καλὴ
693 414 751 469 δὲ
781 414 877 469 καὶ
907 415 940 485 ή
971 413 1262 486 προσθήκη
1285 408 1397 482 τῆς
1418 410 1723 479 ἀληθείας.
1756 408 1830 463 Ού

1971 405 2142 461 dditio
2173 403 2444 458 veritatis.
2476 399 2595 456 Non
2628 398 2775 455 enim
2804 393 3125 466 simpliciter
3146 387 3541 450 invocantibus.

248 510 359 580 γὰρ
387 509 501 571 τοῖς
531 508 719 571 ἁπλῶς
751 506 1208 577 ἐπικαλουμένοις
1246 504 1510 569 πελάζει,
1546 502 1685 557 ἀλλὰ
1730 503 1839 566 τοῖς

250 602 311 654 ἐν
328 600 561 672 ἀληθεία
582 600 738 654 τοῦτο
760 599 892 669 δρᾷν
917 597 1396 669 προαιρουμένοις.
1422 615 1440 648 ι
1458 596 1531 649 Ού
1551 597 1658 657 πᾶς
1674 595 1781 664 γὰρ
1799 593 1841 625 "

248 694 281 744 6
330 692 505 761 λέγων
560 691 919 764 μοι,⁷Κύριε,
955 690 1152 762 Κύριε,
1203 689 1579 744 εἰσελεύσεται
1620 690 1700 750 εἰς
1743 687 1842 759 τὴν

255 779 536 849 βασιλείαν
573 781 667 834 τοῦ
697 780 858 846 Θεοῦ,
882 781 998 835 ἀλλ’
1020 784 1048 835 6
1075 781 1245 835 ποιῶν
1270 781 1330 836 τὸ
1359 780 1574 851 Θέλημα
1606 778 1700 834 τοῦ
1728 780 1841 833 Πα-

252 874 383 943 τρός
416 892 519 945 μου
548 875 642 928 τοῦ
673 876 732 927 ἐν
759 874 1031 946 οὐρανοῖς.
1067 894 1085 928 ι
1122 875 1216 929 Διὸ
1249 876 1557 945 ἐπήγαγεν*

328 964 418 1019 ιθ’.
467 984 487 1016 ι
516 966 654 1038 Θέλη
664 984 740 1037 μα
769 966 881 1018 τῶν
912 966 1268 1037 φοϐουμένων
1298 965 1461 1019 αὐτὸν
1484 966 1725 1035 ποιήσει,
1752 964 1847 1017 καὶ

254 1053 358 1123 τῆς
387 1054 626 1124 δεήσεως
668 1056 849 1110 αὐτῶν
882 1054 1271 1109 εἰσακούσεται
1293 1057 1359 1121 ¹⁷,
1391 1055 1486 1109 καὶ
1536 1055 1701 1109 σώσει
1749 1055 1848 1109 αὺ-

256 1145 405 1210 τούς.
438 1166 456 1198 ι
489 1147 551 1200 0i
590 1148 683 1202 τὸν
712 1147 853 1202 θεῖον
889 1148 1103 1219 ἔχοντες
1136 1148 1301 1217 φόϐον
1330 1147 1605 1220 πρότεροι,
1635 1146 1847 1203 ποιοῦσι

255 1241 354 1295 τοῦ
381 1241 519 1296 Θεοῦ
550 1243 610 1295 τὸ
643 1243 873 1314 θέλημα.
893 1243 1111 1313 Ἐπειδὴ
1141 1243 1324 1297 τοίνυν
1353 1242 1643 1315 συμϐαίνει
1669 1242 1849 1297 αὐτῶν

256 1335 287 1385 6
317 1335 521 1398 σκοπὸς
546 1337 683 1407 πρὸς
714 1338 775 1390 τὸ
805 1337 948 1391 θεῖον
980 1330 1284 1409 θέλημαη,
1317 1318 1850 1405 ἀναγκαίωςίαύτῶν

256 1427 287 1479 ὁ
320 1428 600 1500 Δεσπότης
640 1430 840 1502 πληροῖ
868 1431 935 1485 τά
964 1431 1252 1502 θελήματα
1272 1432 1335 1484 ⁸⁸.
1368 1430 1534 1484 Οὐδὲν
1561 1431 1671 1502 γάρ
1699 1432 1853 1483 ἐναν-

258 1521 376 1575 τίον
402 1519 487 1585 οἷς
513 1521 765 1592 βούλεται
800 1523 1071 1578 Θέλουσιν.

332 1611 404 1669 κ’.
452 1615 771 1671 (Φυλάσσει
826 1616 1033 1688 Κύριος
1083 1616 1294 1682 πάντας
1340 1617 1468 1682 τοὺς
1520 1617 1852 1682 ἀγαπῶντας

260 1705 456 1809 533m,
488 1708 582 1761 καὶ
608 1708 820 1771 πάντας
848 1708 977 1772 τοὺς
1007 1709 1367 1779 ἁμαρτωλοὺς
1398 1709 1793 1782 ἐξολοθρεύσει.
1828 1730 1845 1761 ι
1884 1750 1928 1809 Β

266 1797 482 1863 Ἕδειξε
514 1799 633 1863 πῶς
659 1799 871 1864 δίκαιος
914 1802 944 1854 6
976 1801 1179 1872 Κύριος
1208 1802 1265 1854 ἐν
1303 1802 1508 1865 πάσαις
1546 1804 1669 1866 ταῖς
1712 1802 1854 1867 ὁδοῖς

264 1890 624 1947 αύτοῦ.”ῐδιον
652 1894 761 1962 γάρ
788 1894 884 1947 τοῦ
908 1894 1115 1948 δικαίου
1138 1894 1200 1948 τὸ
1221 1895 1532 1967 πρόσφορον
1558 1896 1855 1967 ἀπονέμειν

210 1984 226 1995 ⁸
264 1983 508 2055 ἑκάστῳ,
538 1978 600 2039 οὗ
634 1984 697 2055 δὴ
722 1986 886 2057 χάριν
915 1987 1044 2049 τοὺς
1081 1987 1180 2057 μὲν
1209 1983 1268 2041 εὖ
1299 1987 1427 2058 περὶ
1457 1987 1620 2042 αὐτὸν
1648 1988 1855 2041 διακει-

269 2077 470 2144 μένους
507 2080 761 2150 φρουρεῖ,
792 2080 888 2132 καὶ
920 2078 1207 2146 φυλάττει,
1247 2080 1343 2133 καὶ
1390 2080 1501 2134 τῶν
1554 2080 1857 2135 ἐπιϐούλων

266 2168 550 2240 ἐλευθεροῖ
572 2187 586 2201 ·
620 2171 747 2234 τοὺς
783 2170 841 2224 δέ
868 2170 969 2239 τὴν
1010 2172 1262 2227 ἐναντίαν
1292 2172 1712 2243 ἀσπαζομένους
1741 2173 1858 2228 ὁδὸν

262 2261 565 2332 τιμωρίαις
594 2262 891 2318 ἐκδίδωσιν.

340 2359 450 2408 κα’.
496 2373 515 2405 ι
546 2354 764 2408 Αἷνεσιν
795 2355 1003 2427 Κυρίου
1034 2355 1261 2428 λαλήσει
1303 2356 1365 2410 τὸ
1406 2357 1581 2429 στόμα
1614 2376 1737 2429 μου,
1765 2360 1860 2414 καὶ

269 2442 572 2512 εὐλογείτω
602 2446 753 2498 πᾶσα
799 2446 936 2516 σάρξ
983 2447 1047 2501 τὸ
1095 2447 1269 2517 ὄνομα
1299 2447 1360 2501 τὸ
1394 2446 1552 2516 ἅγιον
1584 2449 1750 2503 αὑτοῦ
1782 2452 1861 2515 εἰς

268 2536 364 2589 τὸν
398 2535 592 2603 αίῶνα,
612 2538 707 2590 καὶ
736 2539 816 2602 είς
838 2538 931 2591 τὸν
962 2538 1136 2593 αἰῶνα
1157 2538 1252 2593 τοῦ
1279 2541 1494 2603 αἰῶνος.
1527 2560 1545 2593 ι
1585 2538 1727 2609 Ἐγὼ
1763 2541 1862 2612 μὲν

270 2625 389 2693 οὖν,
424 2631 582 2701 φησὶ,
601 2631 752 2685 τόνδε
780 2631 872 2686 τὸν
910 2631 1079 2703 ὕμνον
1111 2633 1497 2702 συγγέγραφα.
1516 2634 1863 2705 Προσήκειδέ

271 2722 499 2776 ἃπασαν
545 2721 655 2776 τῶν
698 2723 1006 2796 ἀνθρώπων
1034 2723 1133 2797 τήν
1170 2724 1337 2794 φύσιν
1374 2726 1462 2780 ἀεὶ
1487 2728 1555 2797 τῇ
1586 2726 1865 2799 δοξολογίᾳ

271 2815 561 2885 γεραίρειν
583 2815 674 2870 τὸν
696 2816 947 2888 ποιητὴν,
979 2816 1076 2872 καὶ
1102 2818 1412 2890 πρόσφορον
1441 2818 1608 2883 σέϐας
1635 2819 1713 2890 τῷ
1735 2820 1864 2891 Θείῳ

273 2909 613 2979 προσφέρειν
632 2910 878 2980 ὀνόματι.
896 2910 1375 2982 Ἐπισημήνασθαι
1395 2910 1453 2964 δὲ
1475 2913 1766 2982 προσήκει,
1788 2912 1866 2976 ὼς

274 3001 372 3053 καὶ
396 3001 633 3058 ἐνταῦθα
653 3004 753 3058 ούκ
775 3002 1057 3068 Ἰουδαίοις
1081 3003 1174 3057 τὸν
1198 3002 1365 3075 ὕμνον
1387 3002 1705 3074 ἀπένειμεν,
1731 3004 1866 3059 ἀλλὰ

1943 497 2118 563 adest,
2137 497 2233 553 sed
2267 496 2335 552 iis
2351 497 2447 566 qui
2474 495 2528 550 in
2556 493 2785 549 veritate
2812 492 2920 545 hoc
2947 488 3128 543 facere
3145 486 3531 541 decreverunt.

1948 609 1968 641 ε
2009 589 2129 646 Non
2151 590 2300 646 enim
2332 588 2537 650 omnis,
2563 584 2763 656 inquit,
2799 583 2893 653 qui
2923 580 3055 635 dicit
3082 577 3240 644 mihi,
3278 574 3530 636 Domine,

1945 682 2194 747 Domine,
2229 682 2458 736 intrabit
2496 680 2551 734 in
2586 692 2813 750 regnum
2858 673 2973 735 Dei,
3000 672 3096 728 sed
3127 672 3222 741 qui
3264 669 3395 725 facit
3435 682 3534 719 vo-

1945 777 2211 830 luntalem
2263 773 2440 829 Patris
2494 771 2623 837 mei,
2664 770 2755 841 qui
2818 768 2874 823 in
2918 767 3073 824 caelis
3120 772 3204 821 est
3236 771 3284 817 ο.
3333 779 3353 813 ι
3403 759 3532 815 ldeo

1947 866 2146 923 infert:

2018 960 2186 1016 Vens.
2222 959 2310 1017 l9.
2349 977 2367 1012 ι
2406 957 2756 1013 Voluntatem
2786 968 2983 1010 eorum
3031 951 3125 1022 qui
3174 949 3366 1004 timent
3407 959 3532 997 eum

1949 1054 2135 1119 faciet,
2165 1063 2220 1109 et
2251 1050 2693 1123 deprecationem
2722 1062 2912 1103 eorum
2949 1043 3226 1106 exaudiet,
3258 1050 3313 1095 et
3350 1037 3535 1093 salvos

1950 1146 2113 1202 faciet
2148 1160 2265 1201 eos.
2316 1162 2334 1195 ι
2378 1142 2481 1210 Qui
2525 1141 2772 1198 divinum
2818 1139 3021 1194 habent
3058 1136 3346 1197 timorem,
3380 1128 3535 1200 prius

1950 1237 2042 1292 Dei
2081 1238 2417 1293 voluntatem
2441 1235 2666 1291 faciunt.
2694 1232 2967 1297 Quoniam
2998 1230 3165 1300 igitur
3194 1239 3387 1279 eorum
3409 1235 3537 1291 pro-

1949 1327 2190 1397 positum
2252 1327 2450 1383 divinae
2506 1323 2782 1381 voluntati
2833 1319 3168 1391 respondet,
3217 1313 3536 1371 necessario

1951 1420 2217 1477 Dominus
2276 1435 2468 1475 eorum
2526 1417 2842 1472 voluntates
2885 1412 3137 1484 perﬁcit:
3199 1408 3337 1463 nihil
3387 1406 3533 1461 enim

1953 1528 2268 1582 repugnans
2297 1512 2364 1567 iis
2393 1525 2516 1581 qua:
2542 1509 2659 1563 vult
2695 1507 2907 1561 volunt.

2026 1604 2190 1661 Vens.
2221 1604 2309 1659 20.
2358 1624 2378 1656 ι
2420 1602 2675 1659 Custodit
2714 1598 2981 1655 Dominus
3035 1608 3228 1651 omnes
3269 1591 3365 1663 qui
3407 1589 3535 1645 dili-

1955 1706 2091 1767 gunt
2111 1713 2260 1765 eum,
2277 1712 2469 1751 omnes
2486 1710 2615 1751 vero
2635 1700 2955 1764 peceatores
2979 1687 3191 1759 perdet.
3239 1705 3259 1740 ι
3285 1683 3536 1740 Ostendit

1955 1790 2232 1860 quomodo
2282 1787 2495 1859 1565
2532 1787 2718 1857 justus
2757 1783 2831 1838 sit
2879 1779 3146 1836 Dominus
3188 1778 3243 1831 in
3283 1774 3540 1831 omnibus

1955 1884 2059 1939 viis
2084 1883 2221 1953 ejus.
2248 1879 2384 1934 Nam
2418 1878 2700 1950 proprium
2730 1875 2862 1946 justi
2905 1882 3023 1936 est,
3051 1871 3199 1942 quod
3235 1881 3540 1939 congruum

1956 1987 2039 2033 est
2091 1974 2394 2044 unicuique
2450 1972 2712 2027 tribuere.
2766 1969 3067 2038 PrOpterea
3118 1980 3215 2019 eos
3264 1962 3358 2031 qui
3412 1976 3541 2029 erga

1958 2068 2136 2139 ipsum
2189 2065 2329 2121 bene
2370 2063 2551 2120 affecu
2601 2072 2730 2119 sunt
2770 2068 2953 2116 tuetur
2995 2066 3057 2139 et
3099 2054 3359 2120 custodit,
3390 2062 3445 2108 et
3471 2054 3540 2107 ab

1958 2138 2378 2213 insidiatoribus
2433 2154 2661 2208 liberat:
2713 2166 2810 2207 eos
2856 2162 3011 2214 vero,
3054 2138 3153 2217 qui
3202 2142 3537 2199 contrariam

1959 2248 2192 2321 ingressi
2212 2255 2343 2303 sunt
2371 2248 2515 2301 viam
2536 2286 2551 2311 ,
2583 2242 2870 2316 suppliciis
2891 2240 3077 2297 allicit.

2033 2341 2199 2397 Vens.
2247 2341 2338 2395 2t.
2389 2358 2408 2392 ι
2460 2338 2855 2394 Laudationem
2912 2333 3126 2389 Domini
3180 2333 3435 2402 loquetur
3482 2344 3545 2382 os

1961 2448 2169 2497 meum,
2202 2438 2259 2486 et
2283 2429 2577 2485 benedicat
2598 2429 2782 2482 omnis
2810 2441 2940 2482 caro
2969 2423 3178 2479 nomini
3207 2431 3398 2477 sancto
3423 2418 3545 2489 ejus

1963 2526 2020 2579 in
2065 2521 2350 2586 szeeulum,
2389 2528 2445 2574 et
2483 2518 2538 2573 in
2584 2517 2844 2574 saeclum
2893 2514 3101 2571 saeculi.
3141 2532 3160 2566 ι
3196 2512 3310 2584 Ego
3356 2510 3544 2581 igitur,

1963 2615 2159 2685 inquit,
2204 2613 2469 2684 hymnum
2524 2610 2854 2681 conscripsi.
2896 2607 3171 2664 Convenit
3214 2613 3395 2659 autem
3446 2601 3547 2657 toti

1965 2704 2249 2759 hominum
2280 2711 2509 2766 natura},
2540 2714 2756 2770 semper
2778 2699 3042 2755 laudibus
3082 2695 3334 2768 opificem
3368 2694 3547 2749 hono-

1963 2812 2109 2864 rare,
2134 2804 2635 2867 congruentemque
2654 2793 2863 2850 cultum
2883 2792 3066 2848 divino
3091 2788 3298 2845 nomini
3325 2786 3541 2842 afferre.

1965 2890 2275 2944 Notandum
2321 2897 2404 2944 est
2448 2896 2631 2942 autem
2677 2903 2803 2943 eum
2861 2886 2952 2941 hic
2990 2885 3157 2940 etiam
3194 2897 3315 2943 non
3344 2878 3549 2935 Judzeis

1968 2982 2232 3054 hymnum
2270 2980 2535 3045 tribuere,
2578 2978 2675 3035 sed
2707 2992 2926 3033 omnem
2961 2990 3188 3032 carnem
3222 2974 3276 3027 in
3308 2973 3547 3043 hymno-

275 3095 466 3149 πᾶσαν
499 3095 679 3167 σάρκα
705 3099 788 3159 είς
811 3096 911 3168 τὴν
936 3062 1215 3168 ὑμνῳδίαν
1234 3062 1488 3151 ἐκάλεσε.
1515 3062 1660 3168 Δήιλη
1690 3062 1859 3152 τοίνυν

1973 3090 2091 3129 rum
2124 3073 2457 3130 mutilenam
2492 3085 2741 3127 vocasse.
2775 3067 3065 3125 Manifesta
3106 3073 3192 3122 est
3220 3065 3388 3135 igitur
3410 3062 3550 3117 vati-

277 3190 313 3257 ή
352 3186 663 3259 πρόρρησις
702 3191 769 3260 τῇ
819 3188 1043 3245 ἐκϐάσει
1095 3190 1650 3262 μαρτυρουμένη.Ἐν
1696 3189 1869 3245 ἅπασι

279 3278 392 3350 γὰρ
415 3280 533 3343 τοῖς
566 3278 711 3334 κατὰ
729 3281 830 3351 τὴν
860 3281 1191 3352 οἰκουμένην
1221 3281 1424 3349 ἔθνεσι,
1450 3282 1592 3337 κατὰ
1618 3282 1717 3354 τήν
1736 3299 1872 3353 προ-

281 3370 539 3442 φητείαν,
564 3370 594 3424 6
616 3370 725 3425 τῶν
753 3372 891 3427 ὅλων
921 3372 1178 3442 ὑμνεῖται
1208 3372 1364 3436 Θεός.

580 3485 846 3541 ΕΡΜΗΝ.
880 3488 1020 3541 ΤΟΥ
1058 3486 1217 3541 PME'
1253 3488 1576 3542 ΨΔΛΜΟΥ.

357 3599 429 3656 α’.
470 3600 958 3667 Ἀλληλούἴα.Ἐν
973 3601 1017 3633 ¹⁰
1049 3602 1215 3665 ἐνίοις
1259 3600 1675 3670 άντιγράφοις²¹
1705 3600 1871 3670 πρόσο

287 3710 467 3747 κειται
504 3693 772 3763 Ἀγγαίου
802 3692 900 3749 καὶ
936 3694 1257 3763 Ζαχαρίου.
1289 3691 1460 3745 Τοῦτο
1487 3691 1544 3745 δὲ
1578 3691 1701 3745 οὔτε
1725 3693 1876 3763 παρὰ

286 3784 369 3854 τῷ
401 3784 656 3856 Ἑϐραίῳ,
683 3782 804 3838 οὔτε
835 3785 987 3856 παρὰ
1017 3786 1127 3848 τοῖς
1150 3783 1329 3848 ἄλλοις
1358 3777 1515 3853 εὗρον
1534 3784 1580 3814 ’⁸
1607 3783 1877 3853 ἑρμηνευ-

291 3879 433 3942 ταῖς,
464 3876 588 3930 οὗτε
611 3877 761 3950 παρὰ
782 3880 891 3940 τοῖς
933 3878 1344 3949 Ἐϐδομήκοντα
1374 3868 1534 3947 εὖρον
1566 3876 1623 3929 ἐν
1645 3874 1722 3944 τῷ
1762 3875 1877 3942 Ἑξ-

290 3968 472 4040 απλῷ.
491 3969 713 4041 ’Υμνεῖν
753 3970 850 4041 μέν
881 3970 977 4024 καὶ
1000 3962 1156 4033 οὗτος
1200 3971 1228 4022 6
1269 3968 1483 4039 ψαλμὸς
1512 3961 1879 4039 παρακελεύε-

291 4078 390 4115 ται
430 4061 520 4116 τὸν
558 4061 667 4116 τῶν
699 4062 836 4116 ὅλων
864 4063 1016 4116 Θεόν.
1051 4062 1223 4116 Τοῦτο
1250 4061 1358 4134 γάρ
1389 4061 1485 4116 καὶ
1524 4063 1558 4133 ἡ
1596 4061 1877 4133 ἐπιγραφή

292 4154 466 4225 δηλοῖ.
494 4156 567 4209 Τὸ
595 4156 704 4228 γάρ
738 4157 1132 4224 Ἀλληλούϊα,
1162 4155 1391 4211 Αἰνεῖτε
1420 4154 1529 4209 τὸν
1549 4155 1768 4224 Κύριον
1792 4155 1882 4226 ἐρ-

298 4247 622 4319 μηνεύεται,
651 4246 727 4311 ὡς
763 4248 1022 4313 πολλάκις
1052 4249 1382 4320 εἰρήκαμεν.

373 4340 652 4410 β⁹.‹Αἴνει,
676 4343 708 4413 ή
740 4342 886 4413 ψυχή
926 4360 1052 4413 μου,
1081 4341 1173 4395 τὸν
1198 4341 1431 4413 Κύριον.
1458 4359 1477 4394 ι
1502 4334 1583 4394 ’Ἥ
1609 4340 1768 4411 χάρις
1789 4339 1881 4394 τοῦ

1971 3167 2196 3229 cinatio,
2237 3173 2433 3221 eventu
2474 3163 2820 3220 confirmata.
2865 3162 2922 3217 in
2965 3159 3224 3216 omnibus
3265 3156 3410 3213 enim
3458 3170 3554 3226 per

1974 3267 2148 3313 totum
2191 3256 2376 3312 orbem
2418 3264 2692 3311 terrarum
2731 3254 2987 3326 gentibus
3026 3250 3324 3307 secundum
3363 3246 3556 3302 vatici-

1972 3352 2253 3407 nationem
2281 3350 2666 3404 universorum
2701 3347 2846 3402 Deus
2876 3344 3149 3401 laudatur.

2343 3463 2621 3521 INTERP.
2678 3460 2933 3518 PSALMI
2973 3460 3183 3517 CXLV.

2051 3581 2215 3639 Vens.
2244 3580 2295 3636 l.
2332 3598 2350 3633 ι
2379 3579 2632 3635 Alleluia.
2675 3598 2693 3631 ι
2736 3576 2792 3631 ln
2828 3575 3112 3632 nonnullis
3152 3571 3557 3644 exemplaribus
3638 3583 3643 3589 '

1977 3674 2219 3729 additum
2247 3681 2349 3738 est,
2385 3671 2568 3742 Aggwi
2600 3679 2651 3724 et
2671 3668 2973 3722 Zachariw.
3000 3665 3115 3721 lloc
3147 3679 3275 3719 vero
3297 3679 3394 3718 nec
3415 3661 3560 3731 apud

1978 3767 2286 3830 Hebraeum,
2332 3779 2433 3819 nec
2478 3762 2621 3834 apud
2670 3762 2808 3816 alios
2838 3764 2855 3784 ‘
2891 3761 3235 3828 interpretes,
3267 3771 3368 3811 nec
3411 3754 3557 3824 apud

1982 3859 2333 3929 Septuaginta
2361 3856 2543 3911 inveni
2578 3855 2632 3909 in
2676 3854 2941 3925 Hexaplo.
2977 3852 3238 3906 Hortatur
3265 3851 3430 3903 etiam
3472 3847 3563 3900 hic

1978 3950 2245 4023 psalmus,
2272 3956 2330 4002 ut
2360 3946 2531 4001 Deum
2560 3945 2947 4000 universorum
2976 3942 3232 3998 laudibus
3259 3953 3561 4011 prosequa-

1980 4059 2126 4099 mur.
2155 4041 2208 4095 ld
2240 4040 2387 4094 enim
2424 4038 2710 4108 inscriptio
2753 4037 2869 4107 ipsa
2906 4035 3200 4108 significat.
3246 4032 3380 4086 Nam
3425 4029 3564 4085 Alle-

1982 4138 2115 4202 luia,
2168 4132 2411 4189 Laudate
2460 4132 2746 4187 Dominum
2796 4129 3062 4205 vertitur,
3123 4133 3184 4181 ut
3229 4125 3427 4194 smpius
3474 4121 3561 4178 di-

1982 4231 2189 4285 ximus.

2054 4318 2222 4374 Vens.
2258 4319 2313 4373 2.
2349 4336 2368 4370 ι
2399 4315 2606 4381 Lauda,
2649 4314 2834 4370 anima
2860 4328 3003 4381 mea,
3038 4310 3349 4366 Dominum.
3392 4327 3411 4361 ι
3444 4305 3571 4377 Spi-

297 4433 620 4504 ῐῐνεύματος
655 4435 821 4488 πᾶσιν
854 4436 985 4506 ήμῖν
1016 4436 1341 4508 παρεγγυᾷ,
1382 4437 1463 4499 εἰς
1492 4434 1591 4506 τὴν
1622 4435 1714 4488 τοῦ
1746 4434 1859 4487 Θεοί

1986 4414 2127 4470 ritus
2162 4415 2337 4482 gratia
2379 4425 2487 4465 non
2532 4422 2725 4465 omnes
2750 4404 3195 4468 commonefacit,
3245 4400 3461 4472 1566
3512 4408 3569 4452 ut

295 4492 614 4592 δοξολογίαν
634 4525 781 4595 ἡμᾶς
813 4492 1012 4589 αὐτοὺς
1042 4492 1352 4599 διεγείρειν.
1398 4544 1417 4576 ι
1443 4492 1651 4578 λίνέσω
1680 4523 1859 4596 Κύριοε

1988 4510 2054 4563 ad
2094 4506 2188 4561 Dei
2244 4504 2436 4559 laudes
2465 4517 2571 4557 nos
2604 4500 2925 4556 excitemus.
2952 4516 2969 4548 ι
2998 4495 3251 4551 Laudabo
3279 4492 3572 4547 Dominum

301 4580 454 4685 tv-zij
486 4580 600 4687 ζωῇ
633 4580 938 4685 μουίψαλῶ
965 4580 1044 4686 τῷ
1069 4580 1189 4681 Θεῷ
1218 4580 1324 4688 μου
1353 4617 1458 4680 ἕως
1492 4580 1781 4687 Omina;
1798 4617 1859 4670 Ἐ

1988 4601 2044 4656 in
2082 4599 2190 4654 vita
2218 4612 2362 4661 mea,
2392 4594 2623 4665 psallam
2654 4592 2765 4647 Deo
2796 4606 2918 4645 meo
2956 4588 3197 4659 quandiu
3234 4585 3410 4639 fuero.
3454 4601 3471 4633 ι
3515 4580 3573 4635 In

298 4702 383 4774 τῷ
733 4674 951 4776 ᾧάλμῴ,
989 4674 1275 4760 ιζὈτιΙούκ
1301 4674 1453 4758 ἐστιν
1476 4707 1534 4757 ἐν
1562 4674 1859 4775 τιξὺιὶθανάτι

1992 4702 2146 4749 sexto
2227 4690 2365 4745 dixit
2439 4688 2690 4758 psalmo:
2773 4702 2790 4735 ι
2862 4681 3137 4749 Quoniam
3198 4695 3305 4733 non
3372 4685 3458 4731 est
3518 4674 3572 4728 iu

301 4796 331 4847 6
353 4765 718 4865 μνημονεύων
745 4765 868 4860 σου,
989 4793 1045 4848 δὲ
1071 4793 1148 4865 τῷ
1175 4793 1275 4866 ᾄδῃ
1320 4792 1405 4856 τίς
1435 4765 1859 4861 ἐξομολογήσετα

1995 4794 2170 4841 morte
2217 4784 2313 4855 qui
2356 4795 2567 4835 memor
2612 4779 2686 4834 sit
2732 4776 2831 4839 tui,
2865 4775 2920 4829 in
2965 4772 3182 4829 inferno
3216 4780 3397 4826 autem
3449 4765 3576 4837 quis

308 4861 429 4953 σοις
454 4861 705 4941 Τούτου
728 4888 889 4959 χάριν
913 4888 1055 4941 κατὰ
1080 4861 1171 4941 τδν
1314 4883 1459 4955 ζωῆς
1490 4882 1680 4954 χρόνον
1700 4882 1859 4951 ὑμνεῖ

1997 4877 2345 4933 conﬁtebitur
2372 4874 2469 4929 tibi
2500 4873 2565 4927 9?
2601 4892 2619 4925 ι
2656 4871 2863 4927 Idcirco
2889 4869 2941 4923 in
2966 4867 3091 4923 vita
3124 4874 3371 4935 tempore
3402 4861 3579 4915 Deum

306 4978 676 5049 διδασκόμεθα
707 4978 798 5033 τὸν
828 4978 981 5047 Θεὸν,
1021 4978 1128 5043 ἓως
1145 4979 1192 5011 ’³
1225 4978 1290 5033 ἂν
1320 4976 1474 5031 τοῦδε
1524 4973 1619 5029 τοῦ
1671 4973 1788 5045 βίου
1836 4991 1859 5027 τ

1996 4971 2222 5027 laudare
2252 4969 2537 5035 docemur,
2573 4966 2750 5023 donec
2786 4962 3011 5032 hujusce
3048 4959 3171 5015 vita:
3217 4957 3381 5012 tinem
3421 4968 3581 5013 ποορ-ι

385 5190 406 5211 ⁸
447 5179 635 5236 Matth.
681 5179 890 5247 vn,2|.
968 5190 994 5230 ι)
1030 5177 1178 5235 Psal.
1206 5193 1283 5245 vi,
1313 5177 1363 5232 6.

1440 5355 1679 5413 VARIE
1720 5350 2100 5413 LECTIONHS
2139 5349 2227 5407 ET
2265 5345 2497 5407 ΝΟΤᾸΞ.

394 5549 437 5582 ιι
480 5544 797 5613 Ἐδήλωσε.
834 5543 967 5600 ibid.
1003 5542 1218 5598 additur
1240 5541 1406 5613 gata
1429 5540 1519 5613 τὸν
1545 5541 1685 5594 θεῖον
1733 5537 1859 5613 ἀπό(

1972 5552 2049 5613 ον.
2131 5535 2173 5566 ¹⁶
2386 5531 2647 5613 ἰιικεεῳι.
2681 5523 2873 5613 φησίῆ
3140 5515 3397 5613 going.

321 5585 714 5673 ἐπακούσεται.
820 5618 861 5648 ¹⁸
887 5614 1006 5669 cod.
1038 5614 1063 5666 i
1115 5612 1191 5683 τῷ
1233 5611 1363 5683 θείῳ
1387 5611 1704 5683 θελήματα
1858 5636 1859 5643 η

1971 5585 2189 5683 ditare
2209 5585 2395 5683 ibi“;
2424 5585 2756 5683 είτήιλατςίδ
2808 5591 3013 5683 fil.”
3040 5585 3402 5683 ήέἱεῑίξξὲλ
3420 5585 3579 5683 ἑξέίῖίέξ

324 5656 714 5757 Ξέείἷῶἷὸἷῖιῖἔῖ
745 5686 796 5740 in
829 5656 1672 5757 alii."rem};amitam?
1693 5680 1745 5757 in
1783 5679 1859 5757 μη

1973 5656 2196 5732 nihil}.
2356 5672 2398 5703 ²¹
2431 5672 2484 5727 ib
2511 5656 2621 5722 τ’ὢν
2660 5661 3032 5735 ἀντιγράφων.
3105 5658 3150 5689 ³³
3182 5656 3377 5727 Εὗρον.
3412 5656 3581 5711 Abest

324 5777 355 5815 a
392 5760 514 5815 eod.
560 5759 608 5813 1.
653 5750 731 5790 ὐ
764 5758 919 5823 Ἕως
958 5787 1022 5795 -—
1052 5750 1369 5824 δεξώμεθα.
1405 5751 1528 5811 Des.
1550 5752 1602 5807 in
1622 5751 1741 5808 cod.
1784 5750 1830 5803 l.
