3996 6466
450 281 588 353 1975

1427 292 1919 359 THEODORETI
1964 293 2310 362 EPISCOPI
2347 301 2729 367 CYRENSIS

3570 301 3712 369 1976

442 403 706 473 perimus.
742 423 761 456 ι
798 400 976 463 Nolite
1007 409 1282 465 conlidere
1323 409 1378 464 in
1416 411 1781 482 principibus.
1820 432 1838 463 ι
1877 412 2016 465 Bona

2130 414 2302 484 πέρας
2347 415 2652 489 δεξώμεθα.
2697 437 2717 471 ‹
2749 417 2841 490 Μὴ
2882 417 3180 473 πεποίθατε
3211 417 3324 479 ,ἐπὶ
3353 418 3643 490 ἄρχοντας.
3687 438 3709 472 ι

440 496 767 552 admonitio.
797 498 982 569 Neque
1000 502 1146 557 enim
1176 503 1453 574 principes
1480 519 1697 574 semper
1723 505 2018 575 imperant,

437 588 533 643 sed
577 592 645 645 ad
691 600 900 647 certum
952 602 1170 663 tempus
1214 595 1417 652 habent
1469 598 1783 667 imperium,
1842 615 2020 666 neque

438 694 631 737 omnes
696 685 971 756 principes
1030 687 1298 757 justitiam
1357 691 1656 745 honorant.
1711 692 1783 747 Ut
1833 702 2016 747 autem

440 781 734 844 utrumque
785 777 955 843 adsit,
1006 790 1220 836 naturae
1284 780 1636 838 imbecillitas
1671 783 2018 853 respicienda

435 874 539 919 est.
574 863 688 921 lloc
708 868 853 923 enim
881 870 1087 927 subdit:

506 953 677 1012 Vens.
703 959 757 1012 5.
786 978 805 1010 σ
847 960 905 1015 In
947 961 1074 1018 ﬁliis
1115 964 1424 1027 hominum,
1471 966 1523 1020 in
1557 969 1757 1037 quibus
1788 984 1895 1023 non
1932 978 2016 1026 est

436 1046 606 1102 salus.
651 1069 669 1100 ι
696 1048 910 1120 Inspice
941 1064 1219 1119 naturam,
1254 1066 1307 1113 et
1341 1074 1411 1113 ne
1441 1059 1517 1114 sis
1542 1061 1785 1129 potentia
1818 1062 2011 1118 fretus.

439 1153 460 1187 ο
506 1138 682 1195 Homo
724 1144 868 1198 enim
911 1148 1140 1202 vanitati
1182 1149 1378 1206 similis
1428 1152 1608 1208 factus
1649 1165 1731 1210 est
1758 1164 1791 1204 ιι
1819 1195 1832 1219 ,
1874 1176 1892 1208 ι
1923 1166 2010 1211 et:

439 1246 459 1281 ι
500 1230 696 1299 Homo,
725 1236 867 1291 sicut
898 1239 1080 1294 fenum
1111 1243 1227 1299 dies
1259 1244 1380 1313 ejus
1408 1256 1455 1299 ι’.
1494 1265 1513 1298 ι

504 1322 672 1382 Vnus.
698 1329 755 1384 4.
796 1350 814 1383 ι
857 1331 1039 1389 Exibit
1064 1337 1289 1405 spiritus
1324 1340 1465 1410 ejus,
1520 1352 1574 1397 et
1606 1353 1908 1400 revertetur
1954 1345 2010 1401 in

433 1420 637 1472 terram
673 1434 851 1476 suam.
895 1441 915 1476 ι
954 1424 1217 1494 Spiritum
1249 1429 1353 1486 hoc
1398 1432 1452 1486 in
1487 1433 1609 1489 loco
1639 1437 1877 1490 animam
1911 1452 2011 1493 vo-

432 1517 540 1561 cat.
585 1506 698 1566 Hac
750 1529 879 1569 vero
914 1518 1239 1586 emigrante,
1287 1522 1352 1577 ad
1413 1527 1798 1595 cognationem
1855 1545 2009 1585 suam

432 1586 637 1669 corpus
669 1606 979 1677 revertitur,
1018 1613 1319 1669 secundum
1349 1616 1590 1672 divinam
1638 1623 2006 1678 sententiam:

438 1704 458 1741 ι
492 1688 761 1758 Quoniam
798 1706 940 1755 terra
982 1716 1065 1767 es,
1112 1712 1167 1758 et
1211 1706 1279 1761 ad
1327 1715 1527 1763 terram
1576 1712 1869 1769 reverteris
1898 1725 1945 1769 ο.
1985 1735 2003 1767 ι

2138 509 2341 583 ’Λγαθὴ
2393 513 2734 584 παραίνεσις.
2771 512 2911 567 Οὔτε
2952 513 3063 584 γὰρ
3109 512 3199 567 ἀεὶ
3232 514 3283 567 οι
3321 515 3581 585 ἄρχοντες
3615 515 3716 585 ἄρ’

2125 620 2343 673 χουσιν,
2402 605 2540 659 ἁλλά
2599 605 2938 677 πρόσκαιρον
2984 606 3202 676 ἔχουσιν
3256 607 3539 671 ἐξουσίαν,
3584 605 3715 658 οὔτε

2124 693 2328 757 πάντες
2357 697 2404 749 οἱ
2432 697 2696 767 ἄρχοντες
2724 697 2927 767 τιμῶσι
2961 698 3022 751 τὸ
3042 699 3419 765 ,δίκαιονθινα
3444 699 3500 751 δὲ
3529 698 3712 765 προσῇ

2125 790 2220 843 καὶ
2258 790 2564 862 ἀμφότερα,
2609 792 2717 864 χρὴ
2765 795 2867 863 τῆς
2912 792 3127 863 φύσεως
3159 795 3286 847 ἰδεῖν
3321 794 3382 846 τὸ
3417 792 3711 862 ἐπίκηρον.

2123 876 2296 935 Τοῦτο
2324 882 2433 953 γὰρ
2464 884 2714 954 ἐπιφέρει
2734 885 2780 916 ’δ
2809 900 2825 915 σ

2193 980 2264 1041 γ’.
2313 992 2331 1024 ι
2356 972 2481 1028 Ἐπὶ
2502 972 2546 1006 ⁸⁸
2581 976 2731 1039 υἱοὺς
2773 975 3102 1047 ἀνθρώπων,
3134 969 3216 1038 οἷς
3242 977 3343 1029 οὐκ
3373 975 3488 1028 ἔστι
3525 988 3712 1043 σωτη-

2123 1070 2235 1139 ρία.
2267 1089 2286 1122 ι
2320 1050 2499 1124 Βλέπε
2523 1070 2622 1141 τὴν
2656 1070 2853 1141 φύσιν,
2896 1073 2991 1126 καὶ
3022 1071 3098 1142 μὴ
3129 1071 3321 1143 θάρρει
3357 1074 3425 1141 τῇ
3462 1068 3711 1139 ἐξουσίᾳ.

2128 1164 2487 1233 «Ἀνθρωπος
2518 1164 2629 1236 γὰρ
2660 1165 2983 1236 ματαιότητι
3008 1161 3716 1234 ὼμοιώθηρκαὶιἊνθρωο

2121 1270 2217 1318 πος
2250 1254 2382 1308 ὡσεὶ
2410 1255 2606 1326 χόρτος
2653 1257 2711 1310 at
2743 1256 2944 1329 ἡμέραι
2977 1256 3165 1310 αὐτοῦ.
3197 1275 3215 1309 ι

2188 1344 2250 1397 δ’.
2298 1363 2317 1394 ι
2344 1343 2715 1410 Ἐξελεύσεται
2752 1348 2813 1400 τὸ
2844 1347 3063 1415 πνεῦμα
3089 1344 3255 1399 αὐτοῦ
3278 1386 3291 1405 ,
3322 1345 3416 1397 καὶ
3450 1342 3713 1412 ἐπιστρέ-

2117 1436 2207 1506 ψει
2231 1438 2312 1501 είς
2332 1436 2430 1508 τὴν
2456 1437 2561 1507 γῆν
2590 1437 2777 1491 αὑτοῦ.
2812 1457 2829 1490 ι
2867 1438 3108 1508 Πνεῦμα
3134 1436 3370 1490 ἐνταῦθα
3397 1435 3495 1506 τὴν
3521 1435 3707 1505 ψυχὴν

2119 1531 2294 1584 καλεῖ.
2333 1530 2549 1601 Ταύτης
2595 1530 2654 1583 δέ
2702 1529 2955 1601 ἐξιούσης
2979 1572 2994 1594 ,
3030 1532 3107 1592 εἰς
3136 1529 3236 1599 τὴν
3263 1528 3472 1582 οἰκείαν
3502 1525 3704 1593 συγγέ-

2117 1638 2267 1675 νειαν
2312 1620 2372 1673 τὸ
2419 1620 2576 1691 σῶμα
2622 1622 2819 1693 χωρεῖ,
2869 1620 3009 1673 κατὰ
3049 1620 3150 1690 τὴν
3194 1620 3345 1673 θείαν
3395 1618 3698 1684 ἀπόφασιν,

2122 1714 2275 1767 «Ὅτι
2302 1715 2373 1784 γῆ
2404 1710 2474 1779 εἶ,
2502 1712 2596 1766 καὶ
2622 1712 2701 1773 είς
2738 1713 2842 1782 γῆν
2869 1712 3168 1783 ἀπελεύσῃ.
3202 1731 3219 1762 ι
3248 1741 3317 1751 —
3347 1728 3365 1761 ι
3390 1710 3478 1763 Ἐν
3508 1708 3701 1778 ἐκείνη

432 1807 505 1825 -α-
539 1803 557 1834 ι
596 1785 655 1841 1η
690 1787 783 1844 illo
814 1790 904 1847 die
924 1794 1182 1861 peribunt
1206 1811 1401 1855 omnes
1422 1802 1783 1872 cOgitationes
1809 1806 1951 1876 ejus.
1986 1825 2004 1859 ι

2127 1808 2178 1876 τῇ
2199 1778 2385 1876 ἡμέρά
2399 1804 2725 1859 ἀπολοῦνται
2749 1778 2953 1867 πάντες
2973 1805 3023 1857 οἱ
3042 1778 3385 1873 διαλογισμοὶ
3408 1800 3572 1854 αὑτοῦ
3592 1800 3661 1852 ⁸⁸.
3678 1819 3697 1849 ι

433 1868 570 1930 Nam
599 1880 782 1935 anima
815 1895 1096 1952 separata,
1130 1898 1183 1944 et
1221 1906 1455 1961 corpore
1496 1895 1551 1949 in
1589 1896 1866 1966 pulverem
1899 1901 2013 1957 dis-

433 1964 638 2032 soluto,
680 1969 872 2029 inanes
903 1976 1260 2046 cogitationes
1298 1964 1685 2042 ostenduntur.
1710 1988 1824 2045 Hoc
1847 1995 2010 2050 etiam

432 2067 532 2125 per
556 2056 972 2122 similitudinem
1012 2067 1277 2130 Dominus
1321 2091 1425 2133 nos
1451 2079 1661 2135 docuit.
1688 2081 1826 2138 Cum
1862 2087 2010 2142 enim

433 2149 658 2206 divitem
685 2154 1101 2227 introduxisset,
1123 2164 1280 2234 cujus
1305 2158 1434 2237 ager
1467 2171 1779 2231 uberrimos
1801 2176 2012 2237 fructus

433 2242 766 2313 reddiderat,
814 2250 886 2305 in~
911 2254 1100 2311 animo
1132 2256 1420 2317 habentem
1463 2263 1746 2322 destruere
1788 2268 2008 2338 horrea,

433 2339 490 2388 et
530 2337 738 2407 majora
768 2342 1059 2413 aediﬁcare,
1091 2351 1371 2418 subdidit;
1422 2372 1441 2405 ι
1481 2354 1674 2423 Stulte,
1714 2359 1818 2416 hac
1856 2337 2014 2421 nocte

435 2436 692 2495 repetunt
711 2434 950 2490 animam
979 2451 1008 2490 a
1034 2447 1105 2505 te,
1139 2440 1352 2514 1567
1375 2461 1498 2515 quae
1520 2464 1648 2504 vero
1668 2456 2013 2524 congregasti

435 2518 597 2589 cujus
626 2534 787 2578 erunt
822 2528 892 2581 ‘7
924 2549 947 2581 ι
980 2528 1050 2584 Et
1086 2548 1152 2587 ex
1183 2535 1308 2592 aliis
1340 2539 1677 2610 hominibus,
1708 2518 2012 2619 hiquidem

435 2608 667 2681 imperia
692 2625 747 2670 et
777 2624 1073 2690 potentias,
1102 2626 1155 2681 hi
1192 2644 1323 2684 vero
1348 2646 1605 2702 agrorum
1638 2641 2015 2707 possessiones

432 2707 490 2754 et
514 2703 741 2761 aedificia
772 2710 1042 2780 cogitant,
1078 2724 1141 2771 et
1172 2718 1264 2773 alii
1299 2722 1557 2780 victorias
1596 2703 1651 2781 in
1678 2728 1834 2785 bellis
1862 2748 2015 2789 som-

433 2793 617 2860 niant,
672 2798 764 2853 alii
814 2816 947 2859 vero
1012 2804 1264 2865 hostibus
1317 2822 1545 2871 mortem
1605 2825 1866 2878 struunt:
1919 2828 2012 2883 sed

431 2882 651 2945 irruens
701 2908 850 2949 mors
894 2901 1210 2969 repentina,
1257 2904 1608 2976 imperfectas
1659 2915 2015 2986 cogitationes

433 2972 652 3035 illorum
687 2983 837 3040 facit.
866 2988 957 3045 Sic
984 3001 1204 3050 ostensa
1238 2998 1481 3056 vanitate
1512 3005 1650 3073 spei,
1684 3022 1807 3077 qum
1834 3011 1884 3063 in
1914 3012 2015 3067 ho-

2111 1900 2222 1970 Τῆς
2246 1899 2357 1969 γὰρ
2380 1896 2563 1968 ψυχῆς
2585 1895 3044 1968 ἀποζευχθείσης,
3079 1897 3176 1997 καλ
3198 1894 3292 1997 τού
3321 1894 3703 1997 σιῖιματοςηδιαῖ

2110 1990 2362 2055 λυθέντος
2405 1992 2487 2054 είς
2527 1990 2676 2043 κόνιν
2699 2030 2715 2056 ,
2740 1988 2953 2060 ἐδείχθη
2990 1989 3195 2060 ματαία
3222 1988 3331 2040 τῶν
3360 1986 3639 2055 λογισμῶν
3664 1986 3699 2055 ἡ

2113 2083 2405 2155 φαντασία.
2432 2082 2603 2136 Τοῦτο
2633 2083 2727 2137 καὶ
2754 2083 2843 2191 διά
2866 2082 2966 2152 τῆς
2985 2080 3485 2191 ,παρμϐολῇςιήμᾶς
3517 2081 3571 2191 δ*

2115 2194 2231 2248 ριος
2264 2175 2524 2241 ἐδίδαξεν.
2562 2175 2894 2244 Είσαγαγὼν
2938 2174 3047 2246 γὰρ
3076 2175 3169 2227 τὸν
3199 2173 3477 2235 πλούσιον,
3509 2173 3575 2225 οὗ
3600 2173 3702 2240 ηὐ-

2113 2270 2352 2341 φόρησεν
2381 2270 2414 2339 ἡ
2442 2268 2619 2339 χώρα,
2645 2267 2993 2337 λογιζόμενον
3033 2265 3334 2320 καταλῦσαι
3357 2264 3458 2327 τάς
3487 2263 3699 2333 ἀποθή-

2112 2381 2234 2426 κας,
2263 2362 2357 2416 καὶ
2394 2361 2645 2432 μείζονας
2674 2360 3051 2432 οἰκοδομῆσαι,
3076 2360 3386 2429 ἐπήγαγεν
3430 2358 3696 2425 «Ἀφρον,

2112 2453 2316 2522 ταύτην
2357 2452 2459 2522 τὴν
2500 2452 2674 2506 νύκτα
2691 2452 2735 2484 ’⁷
2766 2452 3065 2505 ἀπαιτοῦσι
3111 2452 3211 2513 τὴν
3242 2451 3423 2520 ψυχήν
3458 2466 3552 2501 σου
3585 2447 3698 2501 ἀπὸ

2116 2546 2232 2609 σοῦ,
2263 2546 2299 2600 ὃ.
2328 2545 2385 2598 δέ
2409 2545 2713 2615 ἡτοίμασας
2745 2544 2851 2599 τίνι
2880 2544 3067 2610 ἐσταις
3100 2564 3119 2597 ι
3154 2545 3263 2597 Καὶ
3294 2542 3405 2595 τῶν
3435 2541 3613 2595 ἀλλων
3644 2540 3702 2592 δὲ

2115 2639 2424 2711 ἀνθρώπων
2445 2680 2457 2703 ,
2488 2641 2536 2692 οἱ
2573 2639 2673 2708 μέν
2710 2638 2887 2709 ἀρχὰς
2917 2637 3013 2690 καὶ
3035 2634 3374 2699 δυναστείας,
3404 2636 3455 2686 οἱ
3484 2632 3543 2686 δὲ
3569 2634 3701 2702 κτήο

2117 2750 2232 2795 σεις
2256 2731 2444 2803 ἀγρῶν
2469 2733 2565 2784 καὶ
2587 2730 2901 2800 οἰκοδομίας
2926 2728 3327 2830 φαντάζονταις
3358 2724 3501 2830 οί-δέ⁸
3521 2724 3620 2830 cf;
3644 2724 3704 2830 ἐν

2115 2823 2380 2893 πολέμοις
2418 2821 2826 2891 ὀνειροπολοῦσι
2861 2820 3016 2884 νίκας
3038 2862 3052 2885 ,
3086 2820 3234 2917 ἄλλοι
3264 2818 3320 2871 δέ
3344 2820 3459 2917 τοῖς
3484 2815 3706 2917 ἐχθροῖς

2114 2913 2490 2966 τεκταίνουσιν
2523 2911 2777 2981 ὄλεθρον·
2808 2910 2923 2965 ἀλλ’
2946 2910 3116 2965 ἐπιὼν
3153 2907 3483 2973 ἐξαπιναίως
3524 2909 3554 2960 ό
3605 2906 3709 2957 θά-

2117 3022 2275 3069 νατος
2323 3005 2609 3059 ἀτέλεστον
2655 3004 2765 3058 τῶν
2820 3003 3099 3074 λογισμῶν
3143 3003 3242 3071 τὴν
3277 2998 3583 3068 φαντασίαν
3613 2999 3702 3066 ἐᾷ.

434 3067 678 3128 minibus
721 3079 1063 3147 collocatur,
1114 3086 1406 3145 utilitatem
1456 3067 1572 3162 spei
1624 3067 1851 3156 in-Deb
1898 3106 2016 3164 lixae

438 3156 587 3181 ,μω
670 3174 683 3181 _
762 3178 769 3181 _

2127 3067 2277 3152 Οὕτω
2303 3097 2486 3162 δείξας
2504 3099 2602 3167 τῆς
2624 3099 2712 3151 ἐπ’
2728 3067 3041 3165 ἁνθριῖιποις
3053 3096 3097 3127 ³⁸
3120 3067 3334 3155 ἐλπίδος
3356 3093 3417 3145 τὸ
3446 3091 3703 3161 μάταιον,

432 3156 797 3224 demonstrat.

509 3340 527 3362 ⁶
553 3340 719 3399 Vens.
755 3345 808 3401 5.
859 3370 877 3401 ι
906 3349 1107 3409 Beatus
1130 3395 1145 3422 ,
1190 3358 1349 3428 cujus
1379 3362 1601 3433 adjutor
1625 3366 1768 3425 Deus
1801 3372 2013 3440 Jacobi,

435 3430 597 3501 cujus
631 3449 755 3505 spes
804 3439 857 3493 in
911 3440 1144 3501 Domino
1184 3448 1297 3505 Deo
1329 3430 1522 3522 ipsius.
1560 3476 1578 3509 ι
1622 3458 1794 3515 Deum
1827 3463 2018 3522 Jacobi

435 3536 545 3580 non
586 3538 791 3586 temere
834 3537 1053 3591 vocavit
1083 3556 1097 3593 :
1127 3544 1220 3596 sed
1256 3559 1525 3603 revocans
1565 3553 1724 3606 nobis
1768 3554 1821 3609 in
1864 3573 2017 3612 men-

434 3619 569 3680 tem,
596 3626 856 3687 quan‘tam
901 3640 1061 3695 Opem
1112 3645 1443 3691 consecutus
1472 3637 1637 3695 fuerit
1660 3642 1851 3710 Jacob,
1893 3664 2015 3705 cum

434 3700 492 3759 in
525 3701 638 3762 Deo
675 3725 802 3775 spes
844 3730 974 3772 suas
1004 3721 1405 3792 constituisset,
1440 3738 1494 3782 et
1521 3731 1713 3799 quales
1751 3749 2017 3804 quantos-

436 3806 544 3863 que
578 3800 693 3867 spei
726 3799 941 3860 fructus
969 3812 1303 3879 perceperit,
1350 3824 1411 3869 ut
1446 3817 1496 3871 in
1532 3816 1642 3873 Deo
1668 3799 1789 3892 ejus
1829 3842 2018 3896 spere-

436 3894 563 3939 tnus
605 3893 1034 3950 commonefacit
1065 3917 1077 3951 :
1111 3909 1166 3953 et
1197 3899 1486 3960 Dominum
1530 3908 1707 3977 ipsum
1740 3929 1805 3969 ac
1847 3893 2018 3974 Deum

438 3979 704 4047 nominat,
770 3994 823 4038 et
886 4002 983 4055 per
1038 4000 1332 4063 utrumque
1380 4003 1682 4065 potentiam
1739 4008 2017 4075 prmdicat.

440 4061 648 4128 Deinde
678 4088 745 4128 ex
788 4075 906 4145 ipsa
939 4094 1168 4148 operum
1220 4088 1521 4157 creatione,
1564 4090 1687 4161 ejus
1718 4094 2020 4153 bonitatem

436 4170 491 4215 et
515 4167 814 4232 potentiam
847 4169 1023 4225 docet.

512 4253 682 4314 Vsus.
729 4259 782 4313 6.
830 4280 849 4313 ‹
896 4264 997 4330 Qui
1040 4265 1173 4324 fecit
1216 4272 1414 4327 coelum
1463 4283 1517 4330 et
1564 4284 1792 4344 terram,
1842 4297 2019 4348 mare,

438 4353 493 4401 et
530 4350 713 4404 omnia
745 4367 865 4421 qua:
896 4355 946 4408 in
975 4357 1057 4412 eis
1093 4373 1239 4417 sunt.
1275 4382 1294 4414 ι
1331 4363 1487 4421 Brevi
1517 4376 1691 4425 totum
1726 4376 2018 4439 mundum,

2119 3192 2216 3261 τῆς
2257 3191 2337 3253 είς
2372 3190 2463 3243 τὸν
2495 3189 2628 3242 Θεὸν
2673 3189 3064 3259 πεποιθήσεως
3098 3187 3157 3240 τὸ
3205 3185 3533 3256 ὀνησιφόοον
3584 3186 3709 3236 ἐπι-

2116 3284 2413 3337 δείκνυσιν.
3094 3370 3218 3377 ___
3302 3370 3344 3377 μ
3483 3369 3494 3377 ,
3577 3366 3602 3377 -

2190 3383 2252 3431 ε’.
2301 3396 2319 3429 ‹
2348 3375 2637 3447 Μακάριος
2667 3368 2727 3427 οὗ
2752 3376 2781 3427 ὁ
2810 3372 2943 3436 Θεὸς
2965 3370 3161 3426 Ἰακὼὸ
3195 3370 3390 3441 βοηθὸς
3438 3366 3629 3426 αὑτοῦ,
3672 3366 3707 3436 ἠ

2119 3468 2275 3532 ἐλπὶς
2306 3467 2472 3522 αὑτοῦ
2498 3467 2591 3520 ἐπὶ
2620 3465 2831 3538 Κύριον
2864 3464 2957 3519 τὸν
2986 3465 3121 3518 Θεὸν
3145 3464 3332 3519 αὐτοῦ.
3367 3484 3384 3515 ι
3418 3462 3571 3516 Θεὸν
3597 3464 3690 3517 Ἰιι

2119 3559 2242 3615 κὼϐ
2265 3560 2363 3629 οὐχ
2390 3558 2574 3621 ἁπλῶς
2624 3557 2925 3629 ὠνόμασεν,
2957 3556 3073 3611 ἀλλ’
3101 3557 3535 3627 ἀναμιμνήσκων
3559 3555 3711 3624 ἡμᾶς

2120 3649 2294 3719 πόσης
2322 3647 2663 3720 προμηθείας
2686 3647 3004 3718 ἀπήλαυσεν
3025 3645 3223 3700 Ἰακὼϐ
3258 3646 3396 3717 πρὸς
3435 3646 3530 3697 τὸν
3573 3643 3710 3696 Θεὸν

2121 3740 2369 3805 ἐλπίσας,
2409 3741 2504 3795 καὶ
2549 3739 2695 3804 οἴους
2730 3742 2825 3794 καὶ
2870 3739 3030 3804 ὅσους
3070 3738 3333 3810 ἐδρέψατο
3359 3738 3459 3807 τῆς
3491 3734 3710 3796 ἐλπίδος

2122 3833 2388 3902 καρποὺς,
2419 3834 2497 3895 εἰς
2541 3832 2636 3884 τὸν
2681 3831 2875 3885 τούτου
2921 3831 3056 3885 Θεὸν
3105 3831 3343 3894 ἐλπίζειν
3369 3828 3706 3897 παρεγγυᾷ·

2122 3927 2216 3981 καὶ
2264 3926 2470 3996 Κύριον
2504 3925 2686 3989 αὑτὸν,
2717 3927 2807 3978 καὶ
2834 3925 2967 3979 Θεὸν
2996 3923 3275 4019 ὀνομάζει,
3307 3924 3403 4019 καί
3432 3921 3499 3974 δι’
3526 3922 3709 4019 ἀμφο-

2120 4018 2294 4088 τέρων
2315 4016 2576 4089 κηρύττει
2605 4017 2662 4070 τὸ
2684 4016 2929 4071 δυνατόν.
2957 4013 3093 4071 Εἶτα
3120 4018 3183 4069 ἐκ
3208 4015 3308 4084 τῆς
3338 4014 3446 4066 τῶν
3470 4030 3711 4081 ποιημα-

2119 4127 2227 4165 των
2275 4109 2637 4181 δημιουργίας
2693 4108 2935 4163 διδάσκει
2983 4106 3149 4162 αὑτοῦ
3191 4107 3348 4177 rip"
3396 4106 3712 4174 ἀγαθότητα

2122 4203 2216 4254 καὶ
2243 4201 2341 4273 τὴν
2363 4201 2610 4272 δύναμιν.
3064 4276 3068 4281 ι

2195 4290 2269 4357 ς’.
2321 4312 2339 4344 ι
2369 4294 2472 4347 Τὸν
2503 4296 2805 4364 ποιήσαντα
2836 4294 2929 4346 τὸν
2956 4290 3187 4364 οὐρανὸν
3220 4292 3313 4345 καὶ
3334 4289 3431 4355 τὴν
3461 4290 3584 4359 γῆν,
3608 4287 3711 4359 τὴν

2123 4385 2423 4450 θάλασσαν,
2452 4385 2544 4439 καὶ
2566 4387 2746 4441 πάντα
2770 4386 2839 4438 τά
2867 4387 2924 4438 ἐν
2954 4386 3159 4447 αὐτοῖς.
3193 4402 3211 4434 ι
3246 4382 3539 4447 Συντόμως
3564 4380 3712 4433 ᾶπα-

438 4441 534 4510 qui
585 4446 945 4516 conspicitur,
999 4461 1051 4507 ct
1101 4456 1190 4525 qui
1242 4460 1469 4533 minime
1520 4468 1767 4537 conspici
1820 4480 2016 4540 potest,

2129 4496 2227 4532 σαν
2268 4478 2366 4550 τὴν
2414 4479 2699 4550 ὁρωμένην
2732 4481 2827 4533 καὶ
2856 4478 3086 4548 ἀόρατον
3126 4476 3202 4546 τῷ
3240 4476 3382 4545 λόγῳ
3412 4473 3713 4544 περιέλαϐε

440 4546 697 4590 sermone
738 4544 1174 4609 comprehendit.
1226 4549 1362 4606 Nam
1415 4569 1525 4609 non
1565 4559 1727 4614 modo
1777 4563 1921 4626 coeti,
1967 4573 2022 4619 et

439 4632 620 4689 terras,
641 4636 695 4682 et
720 4632 889 4689 maris
910 4634 1036 4691 fecit
1064 4642 1424 4711 mentionem,
1444 4647 1537 4702 sed
1562 4648 1725 4704 etiam
1750 4654 2017 4720 omnium,

440 4730 565 4784 qua?
598 4718 652 4774 in
685 4721 767 4776 eis
795 4736 938 4781 sunt.
976 4726 1031 4784 lu
1059 4733 1199 4788 cmlo
1228 4745 1409 4792 autem
1440 4751 1572 4795 sunt
1602 4745 1798 4811 angeli,
1837 4758 1889 4801 et
1923 4764 2021 4803 na-

442 4818 580 4864 turae
615 4811 940 4882 invisibiles,
971 4830 1025 4875 et
1070 4825 1171 4889 sol,
1202 4835 1256 4881 et
1281 4828 1431 4895 luna,
1468 4841 1521 4886 et
1558 4835 1841 4891 stellarum
1881 4841 2021 4893 mul-

441 4900 643 4957 titudo.
673 4902 731 4957 ln
773 4914 915 4962 terra
951 4927 1082 4966 vero
1127 4924 1180 4968 et
1223 4918 1383 4982 mari,
1414 4921 1684 4991 homines,
1721 4935 1775 4980 et
1812 4927 2021 4983 anima-

444 4988 580 5047 lium
624 4997 838 5054 ratione
868 5006 1174 5060 carentium
1208 5024 1431 5078 genera.
1459 5013 1627 5082 Talis,
1661 5018 1755 5085 ait,
1799 5020 2019 5075 univer-

444 5086 620 5143 sitatis
644 5089 961 5150 Conditoris
991 5108 1076 5152 est
1106 5103 1370 5169 potentia.
1403 5104 1597 5163 Cernis
1622 5109 1802 5179 igitur,
1843 5127 2021 5181 quan-

445 5184 563 5234 tum
602 5180 859 5239 differant
905 5188 1098 5243 caduci
1144 5192 1419 5264 principes
1468 5212 1497 5251 a
1544 5212 1725 5253 rerum
1769 5202 2016 5285 omnium

521 5350 550 5392 τι
588 5342 733 5399 Psal.
764 5361 950 5407 cxmu.
983 5348 1037 5401 4.
1119 5358 1140 5386 τ
1181 5350 1325 5406 Psal.
1369 5369 1462 5419 cn,
1501 5352 1584 5408 l5.
1666 5364 1688 5393 ο
1727 5355 1862 5412 Gen.
1899 5374 1976 5427 ιιι,
2015 5361 2100 5416 19.

2128 4569 2323 4624 κτίσιν.
2358 4570 2433 4622 Οὐ
2465 4571 2573 4643 γὰρ
2608 4570 2767 4640 μόνον
2791 4569 3025 4641 ούρανοῦ
3047 4608 3062 4632 ,
3093 4568 3185 4621 καὶ
3214 4567 3349 4637 γῆς,
3378 4568 3476 4669 καὶ
3504 4565 3715 4669 Balari-

2130 4679 2230 4732 σης
2280 4663 2548 4732 ἐμνήσθη,
2577 4662 2712 4715 ἀλλά
2754 4662 2849 4715 καῖ⁹
2898 4662 3119 4715 πάντων
3161 4660 3271 4712 τῶν
3304 4661 3360 4711 ἐν
3394 4658 3716 4721 αὑτοῖς.Ἐν

2127 4752 2341 4822 ούρανῷ
2388 4753 2445 4805 δὲ
2491 4752 2741 4821 ἄγγελοι,
2786 4756 2880 4806 καὶ
2917 4754 3028 4805 τῶν
3059 4750 3364 4820 ἁοράτωνή
3396 4750 3581 4816 φύσις,
3616 4749 3717 4801 καὶ

2129 4844 2310 4915 ἥλιος,
2341 4845 2437 4897 καὶ
2468 4846 2690 4915 σελήνη,
2722 4844 2816 4898 κα)⁵
2858 4844 2967 4897 τῶν
2995 4844 3239 4915 ἀστέρων
3274 4842 3335 4895 τὸ
3377 4841 3717 4910 πλῆθο;.Ἑν

2128 4938 2198 5006 γῇ
2240 4935 2296 4988 δὲ
2344 4937 2441 4989 καὶ
2485 4936 2727 5009 θαλάσσῃ
2773 4936 3075 5007 ἄνθρωποι,
3106 4938 3200 4990 καὶ
3237 4934 3348 4988 τῶν
3396 4934 3606 5001 ἀλόγων
3644 4935 3715 4987 τὰ

2128 5027 2283 5097 γένη.
2313 5029 2589 5099 Τοσαύτη,
2609 5031 2763 5100 φησὶ,
2790 5029 2881 5083 τοῦ
2912 5028 3145 5099 Ποιητοῦ
3183 5029 3292 5081 τῶν
3326 5028 3462 5080 ὅλων
3488 5031 3521 5097 ἡ
3552 5026 3717 5127 δύνα-

2132 5137 2243 5189 μις.
2294 5119 2521 5185 Βλέπεις
2553 5122 2731 5176 τοίνυν
2753 5122 2798 5153 ³⁸
2838 5121 3004 5175 πόσον
3051 5120 3168 5173 ἐστὶ
3220 5119 3281 5172 τδ
3318 5119 3580 5217 διάφορον
3601 5119 3715 5217 τιῖδν

2127 5207 2502 5279 φθειρομένων
2545 5210 2899 5281 ἁρχόντων³¹,
2934 5212 3029 5265 καὶ
3073 5211 3166 5264 τοῦ
3223 5207 3561 5280 δημιουργοῦ
3602 5209 3715 5261 τῶν

2212 5368 2230 5401 ί
2261 5363 2396 5421 Luc.
2436 5384 2531 5431 vn,
2558 5367 2647 5421 20.

1573 5489 1806 5547 VARle
1848 5490 2229 5552 hECTlONES
2269 5498 2356 5553 ET
2394 5499 2625 5557 NOTAE.

504 5575 553 5612 ⁸⁵
576 5577 755 5633 Τοῦτο
795 5576 906 5647 γὰρ
924 5577 1089 5647 amp.
1126 5577 1247 5635 Des.
1298 5578 1429 5634 ibid.

1538 5583 1585 5661 ²ξ
1615 5585 1768 5661 Ἐπί.
1802 5585 1858 5640 1η
1916 5594 2089 5661 textu
2118 5588 2225 5661 τῷν
2250 5592 2305 5645 0'
2334 5610 2515 5661 praem.
2553 5596 2663 5649 καί.

2775 5599 2820 5630 ’⁸
2844 5596 2973 5651 Rec.
3004 5597 3164 5651 lectio
3195 5597 3248 5652 Ιι.
3288 5597 3322 5651 l.
3371 5605 3453 5654 est
3512 5594 3715 5651 αὐτῶν.

442 5643 487 5741 1:
524 5651 644 5703 cod.
677 5643 992 5741 ι’ταξτῂιτῇ
1025 5643 1198 5741 νυκτί.
1243 5650 1446 5741 ’ξὶἘπξ
1471 5651 1825 5741 ἀνθρώποις.
1860 5656 1979 5713 cod.
2006 5660 2016 5710 l

2127 5643 2738 5735 tepueaiaiiwu'rijr.
2779 5643 2973 5726 οοῖῐξῖ
3006 5643 3339 5739 ῌέθὲἰῇΪξςαῒ.
3373 5643 3711 5725 ῖῖΐὲἱῶἓξ

448 5713 526 5773 ιυ.
580 5715 734 5789 φησι.
810 5719 850 5751 ³⁸
873 5713 1227 5789 Ἅώςόντων.
1264 5720 1381 5778 Des.
1414 5722 1542 5779 ibid.
