3996 6488
235 305 371 374 1977

1580 312 1663 375 1N
1690 313 1900 375 PSAL.
1931 312 2181 377 CXLVI-

3375 307 3512 373 1978

229 416 509 469 ἁπάντων.
544 413 703 471 Οὕτω
745 415 924 482 δείξας
955 416 1119 472 αὐτὸν
1149 417 1259 470 τῶν
1305 416 1443 472 ὃλιυν
1470 418 1820 491 δημιουργὸν,

1932 420 2146 489 opiﬁce.
2179 421 2477 491 Postquam
2505 421 2573 477 ad
2612 421 2761 477 hunc
2791 421 3015 477 modum
3052 418 3293 475 ostendit
3328 419 3508 489 ipsum
3579 458 3582 461 .

227 507 505 562 δείκνυσιν
533 508 695 562 αὐτὸν
724 509 819 563 καὶ
849 510 1305 581 προμηθούμενον
1333 505 1407 565 ὧν
1438 511 1715 580 ἐποίησεν.

297 682 368 752 ζ’.
434 706 453 738 ι
484 687 588 741 Τδν
618 687 960 757 φυλάσσοντα
1017 688 1276 759 ἀλήθειαν
1328 688 1408 749 είς
1461 685 1551 740 τδν
1607 685 1814 750 αἰῶνα,

230 779 493 832 ποιοῦντα
541 782 719 851 γρῖμα
762 782 876 843 τοῖς
921 781 1321 851 ἀδικουμένοις,
1368 778 1577 832 διδόντα
1614 776 1819 846 τροφὴν

226 874 343 936 τοῖς
380 871 659 927 πεινῶσιν.
694 891 711 923 r
743 872 1012 942 Ἀψευδὴς
1040 873 1148 943 γάρ
1181 875 1332 926 ἐστιν
1362 870 1816 942 ὑπισχνούμενος,

230 966 325 1017 καὶ
358 964 664 1034 φιλαλήθης
694 965 794 1028 τὰς
820 965 1153 1032 ἐπαγγελίας
1188 964 1411 1036 πληροῖ.
1430 962 1734 1033 Ἐπαμύνει
1764 961 1819 1014 δὲ

228 1058 345 1119 τοῖς
370 1056 775 1125 ἀδικουμένοις,
792 1059 887 1110 καλ⁸
908 1058 1081 1129 κρίνει
1107 1057 1359 1119 δικαίως·
1390 1054 1623 1127 παρέχει
1642 1054 1699 1107 δέ
1727 1053 1819 1106 καὶ⁵

230 1150 367 1201 πᾶσι
396 1153 510 1212 τοῖς
536 1150 765 1202 πεινῶσι
788 1148 887 1218 τὴν
921 1149 1258 1218 κατάλληλον
1288 1149 1517 1219 τροφήν.
1536 1144 1819 1199 Ἐντεῦθεν

232 1243 325 1293 καὶ
358 1241 459 1303 τὰς
486 1241 574 1294 διά
604 1241 704 1312 τῆς
743 1240 1211 1312 ἐνανθρωπήσεως
1240 1239 1335 1294 τοῦ
1366 1238 1621 1311 Σωτῆρος
1664 1235 1819 1309 ἡμῶν

230 1345 430 1401 γεγενη
442 1330 608 1399 μένας
636 1330 955 1402 εὐεργεσίας
984 1329 1262 1402 προλέγει.

299 1431 371 1494 η’.
418 1442 438 1474 ι
460 1424 671 1495 Κύριος
716 1425 834 1477 λύει
876 1424 1293 1496 πεπεδημένους
1314 1463 1329 1485 ,
1361 1422 1569 1496 Κύριος
1601 1427 1756 1495 σοφοῖ
1774 1426 1817 1458 ³⁸

228 1518 489 1588 τυφλοὺς,
527 1520 730 1589 Κύριος
776 1519 1000 1591 ἀνορθοῖ
1038 1519 1545 1590 κατερῤαγμένους.
1576 1537 1595 1568 ι
1634 1517 1816 1572 Ταῦτα

228 1612 323 1663 καὶ
358 1612 449 1665 διὰ
482 1611 709 1664 ⁹Ησαίου
740 1615 1022 1683 προφήτου
1054 1612 1467 1684 προηγόρευσεν
1499 1614 1526 1665 ὁ
1551 1613 1659 1666 τῶν
1683 1613 1818 1667 ὅλων

228 1704 385 1767 Θεός.
420 1704 669 1775 Εἰρηκὼς
719 1704 850 1775 γὰρ,
888 1725 907 1757 ι
936 1704 1156 1759 Δέδωκά
1203 1722 1263 1757 σε
1296 1707 1377 1768 είς
1408 1704 1526 1773 φῶς
1569 1706 1758 1767 ἐθνῶν,
1793 1725 1811 1757 ι

1932 512 2149 583 1508
2191 528 2375 569 rerum
2422 514 2673 569 omnium
2728 516 3107 577 conditorem,
3166 514 3512 568 demonstrat

1929 604 2106 674 ipsum
2139 620 2327 660 curam
2363 622 2552 675 gerere
2579 621 2797 671 eorum,
2827 623 2952 676 qua:
2980 605 3131 661 fecit.

2006 693 2165 751 Vsns.
2192 695 2245 750 7.
2292 714 2310 746 ι
2346 695 2450 761 Qui
2495 696 2737 751 custodit
2801 697 3084 750 veritatem
3128 697 3181 749 in
3221 694 3509 755 smeulum,

1927 786 2167 842 vindicat
2204 787 2475 856 judicium
2522 802 2714 842 eorum
2763 788 2857 857 qui
2904 789 3159 857 injuriam
3204 787 3508 855 patiuntur,

1927 876 2020 931 dat
2057 892 2240 933 escam
2288 878 2685 937 esurientibus.
2717 897 2736 929 ι
2779 877 2956 932 Verax
2994 880 3140 933 enim
3176 887 3261 933 est
3292 878 3382 930 ille
3414 877 3508 945 qui

1927 970 2236 1039 pollicetur,
2282 979 2335 1024 et
2364 972 2481 1027 veri
2519 987 2714 1026 amans
2755 971 3001 1026 studiose
3026 972 3297 1041 promissa
3343 969 3509 1039 perﬁ-

1927 1060 2022 1115 cit.
2053 1060 2292 1130 Adjuvat
2332 1058 2533 1115 autem
2562 1078 2679 1124 eos.
2714 1062 2809 1131 qui
2847 1061 3049 1131 injuria
3085 1060 3422 1124 alliciuntur,
3453 1066 3509 1113 et

1922 1153 2067 1225 juste
2092 1154 2337 1223 judicat:
2371 1155 2577 1224 praebet
2614 1171 2745 1212 vero
2773 1156 2938 1210 etiam
2973 1154 3230 1209 omnibus
3256 1153 3508 1209 esurien-

1925 1248 2073 1303 tibus
2111 1257 2505 1317 congruentem
2544 1249 2747 1305 cibum.
2780 1248 2920 1304 llinc
2949 1257 3002 1303 et
3034 1248 3297 1302 beneﬁcia
3324 1248 3377 1301 in
3406 1260 3509 1301 nos

1927 1354 2024 1410 per
2054 1340 2491 1394 incarnationem
2528 1339 2835 1397 Salvatoris
2864 1341 3063 1397 collata
3096 1340 3364 1408 praedicit.

1998 1428 2163 1485 Vsus.
2201 1430 2255 1485 8.
2301 1449 2319 1482 ι
2352 1430 2621 1486 Dominus
2668 1432 2836 1487 solvit
2888 1430 3250 1500 compeditos,
3328 1429 3509 1483 Domi-

1925 1535 2031 1574 nus
2055 1520 2330 1589 sapientes
2352 1520 2529 1575 reddit
2558 1537 2753 1586 caecos,
2786 1520 3052 1576 Dominus
3080 1520 3240 1590 erigit
3263 1518 3450 1573 elisos.
3479 1536 3501 1570 ι

1925 1614 2053 1672 llaec
2082 1615 2246 1671 etiam
2286 1631 2379 1687 per
2418 1620 2742 1687 prophetam
2783 1618 2985 1672 Isaiam
3034 1619 3174 1671 Deus
3217 1616 3509 1670 universo-

1929 1725 2052 1763 rum
2096 1708 2365 1779 prmdixit.
2412 1710 2546 1765 Cum
2595 1711 2741 1766 enim
2786 1710 3058 1765 dixisset:
3088 1727 3107 1760 ι
3136 1708 3408 1762 Constitui
3454 1715 3507 1761 te

229 1800 538 1869 ἐπήγαγεν,
579 1818 597 1849 ι
646 1798 883 1862 Ἀνοῖξαι
915 1797 1229 1868 ὀφθαλμοὺς
1258 1798 1495 1866 τυφλῶν,
1533 1797 1820 1867 ἐξαγαγεῖν

1932 1801 2100 1856 lucem
2154 1800 2423 1870 gentium,
2456 1819 2475 1854 ι
2530 1802 2796 1865 subdidit,
2855 1820 2873 1853 ι
2907 1800 2976 1857 Ut
3031 1801 3274 1870 aperires
3316 1797 3509 1852 oculos

230 1894 295 1945 ἐκ
332 1891 553 1961 δεσμῶν
600 1890 940 1961 δεδεμένους,
986 1891 1083 1943 καὶ
1120 1889 1178 1956 ἐξ
1207 1890 1359 1942 οἴκου
1393 1889 1643 1960 φυλακῆς
1689 1889 1819 1943 καθ-

229 1982 473 2051 ημένους
504 1982 560 2034 ἐν
590 1981 794 2036 σκότει.
826 1999 843 2032 ι
883 1981 995 2033 Καὶ
1023 1979 1254 2050 ἑτέρωθι
1290 1981 1354 2033 ἐκ
1385 1981 1680 2051 προσώπου
1714 1979 1818 2049 ἔφη

226 2074 324 2128 τοῦ
372 2075 652 2129 Δεσπότου
701 2072 798 2129 τοῦ
849 2073 1121 2145 Χριστοῦ·
1181 2092 1199 2125 ι
1232 2073 1456 2143 Πνεῦμα
1488 2075 1693 2145 Κυρίου
1721 2073 1822 2126 ἐπ’

232 2167 351 2239 ἐμὲ,
386 2161 449 2221 οῦ
477 2167 686 2220 εἵνεκεν
720 2167 905 2237 ἔχρισέ
940 2184 1007 2236 με
1030 2207 1045 2231 ,
1082 2165 1544 2235 εὐαγγελίσασθαι
1585 2168 1822 2236 πτωχοῖς

230 2258 546 2313 ἀπέσταλκε
595 2276 686 2329 με,
722 2257 982 2312 ίάσασθαι
1011 2258 1138 2321 τοὺς
1182 2257 1682 2328 συντετριμμένους
1722 2257 1822 2327 τὴν

230 2349 487 2421 καρδίαν,
530 2348 766 2419 κηρῦξαι
796 2347 1167 2419 αἰχμαλώτοις
1200 2348 1415 2419 ἄφεσιν,
1443 2349 1666 2417 τυφλοῖς
1688 2349 1822 2402 ἀνά-

233 2443 447 2513 ϐλεψιν.
478 2462 497 2495 ι
534 2444 643 2497 Καὶ
670 2441 927 2514 ἀλλαχοῦ,
967 2460 984 2493 ι
1017 2443 1152 2495 Τότε
1189 2442 1517 2497 ἀκούσονται
1547 2442 1719 2510 κωφοὶ
1738 2442 1823 2495 λό-

237 2555 367 2606 γους
401 2536 637 2608 βιϐλίου,
665 2537 761 2590 καλ⁵
787 2538 837 2591 oi
885 2538 941 2589 ἐν
966 2535 1043 2606 τῷ
1075 2536 1278 2602 σκότει,
1311 2537 1405 2591 καὶ
1437 2537 1487 2589 oi
1516 2537 1574 2591 ἐν
1601 2539 1667 2608 τῇ
1697 2536 1822 2608 ὀμί-

232 2630 357 2701 χλῃ,
395 2630 669 2701 όφθαλμολ⁸
702 2628 923 2698 τυφλῶν
948 2628 1193 2699 ὄψονται.

310 2763 329 2795 ι
364 2744 571 2815 Κύριος
620 2744 817 2816 ἀγαπᾷ
864 2744 1134 2809 δικαίους.
1173 2743 1264 2816 [θ’]
1314 2744 1519 2815 Κύριος
1557 2743 1822 2813 φυλάσσει

230 2835 364 2897 τοὺς
395 2834 807 2913 προσηλύτουςτ
832 2854 851 2887 ι
890 2834 1141 2905 Ἐκάστῳ
1182 2834 1249 2887 τὰ
1294 2834 1609 2905 κατάλληλα
1654 2850 1825 2905 προσ-

232 2928 391 2997 φέρει
418 2928 526 2980 τῶν
569 2927 706 2981 ὅλων
734 2928 763 2980 ὁ
793 2926 1018 2998 Κύριος.
1049 2926 1161 2979 Καὶ
1186 2927 1314 2989 τοὺς
1358 2927 1458 2995 μὲν
1490 2926 1822 2992 ἀγαπῶντας

232 3019 399 3073 αὐτὸν
431 3020 675 3084 δικαίους
702 3022 814 3083 τοῖς
843 3018 979 3083 ἴσοις
1004 3020 1295 3089 ἀμείϐεται
1313 3061 1327 3081 ,
1356 3020 1449 3071 καὶ
1476 3020 1697 3090 ἀγάπην
1725 3019 1822 3071 αὑ-

1923 1909 2217 1957 czecorum.
2266 1902 2327 1948 ut
2382 1894 2647 1949 educeres
2683 1909 2713 1947 e
2746 1893 3104 1962 compedibus
3159 1892 3408 1955 vinctos,
3454 1896 3513 1944 et

1923 2000 1955 2041 e
1974 1987 2138 2041 domo
2163 1985 2404 2041 carceris
2434 1987 2691 2042 sedentes
2722 1985 2778 2039 in
2804 1985 3047 2041 tenebris
3071 1996 3120 2037 ιι.
3151 2003 3169 2036 ι
3194 1982 3259 2037 Ει
3285 1981 3416 2035 alibi
3439 1995 3505 2035 ex

1922 2094 2152 2148 persona
2197 2080 2413 2134 Domini
2443 2078 2648 2135 Christi
2688 2079 2766 2133 ait
2796 2096 2811 2133 :
2846 2097 2863 2129 ι
2895 2075 3132 2147 Spiritus
3166 2073 3379 2129 Domini
3413 2087 3509 2128 su-

1923 2186 2020 2241 per
2045 2187 2153 2234 me.
2181 2186 2247 2227 eo
2266 2171 2410 2241 quod
2436 2170 2591 2226 unxit
2619 2185 2727 2234 me,
2755 2170 2822 2224 ad
2849 2165 3337 2237 evangelizandum
3368 2179 3506 2235 pau-

1925 2260 2143 2330 peribus
2190 2260 2347 2315 misit
2391 2276 2498 2325 me,
2529 2267 2587 2314 ut
2636 2259 2888 2314 mederer
2933 2257 3189 2312 contritis
3226 2255 3411 2316 corde,
3452 2263 3508 2307 et

1924 2353 2279 2423 prredicarem
2313 2352 2547 2422 captivis
2586 2353 3007 2417 indulgentiam,
3038 2349 3199 2404 caecis
3236 2348 3390 2402 visus
3414 2363 3504 2400 re-

1925 2447 2335 2517 cuperationem
2355 2457 2402 2504 ν.
2442 2468 2461 2500 ι
2504 2446 2579 2501 Et
2618 2447 2796 2501 alibi:
2831 2464 2850 2497 ι
2883 2444 3037 2499 Tunc
3084 2442 3307 2497 audient
3354 2440 3504 2495 surdi

1925 2540 2089 2595 verba
2133 2540 2282 2605 libri,
2322 2550 2376 2594 et
2420 2540 2513 2609 qui
2556 2546 2688 2592 sunt
2739 2538 2793 2592 in
2850 2535 3096 2592 tenebris
3141 2543 3196 2589 et
3239 2534 3295 2588 in
3334 2534 3504 2596 nube,

1926 2632 2067 2687 oeuli
2100 2648 2367 2688 caecorum
2397 2632 2661 2686 videbunt
2682 2645 2731 2686 ι.
2764 2650 2782 2681 ι

1996 2749 2011 2768 ⁸
2040 2765 2059 2798 ι
2096 2746 2359 2801 Dominus
2408 2745 2585 2816 diligit
2622 2746 2824 2815 justos.
2875 2743 3067 2817 [νεηε.
3116 2742 3197 2815 9.]
3244 2740 3507 2795 Dominus

1923 2839 2166 2896 custodit
2196 2839 2457 2892 advenas.
2494 2857 2512 2890 ι
2568 2838 2710 2891 Deus
2750 2853 2931 2891 rerum
2968 2835 3213 2889 omnium
3256 2831 3509 2887 conditur

1924 2932 2148 2987 cuilibet
2180 2930 2537 3000 congruentia
2566 2929 2814 2984 exhibet.
2862 2930 2929 2983 Et
2951 2928 3114 2997 justis
3142 2926 3386 2998 quidem,
3412 2924 3507 2993 qui

1925 3028 2100 3095 ipsum
2134 3025 2391 3093 diligunt,
2434 3024 2584 3092 paria
2619 3022 2891 3091 rependit,
2918 3029 3321 3090 paternumque
3356 3031 3507 3069 amo-

231 3118 347 3178 τοῖς
383 3115 474 3167 καὶ
508 3113 894 3184 φιλοστοργίαν
923 3110 1229 3166 ἀντιδίδωσι
1269 3113 1546 3183 πατρικήν
1565 3128 1578 3141 ·
1609 3112 1735 3174 τοὺς
1763 3112 1819 3165 δὲ

1932 3135 2036 3173 rem
2076 3116 2317 3172 ostendit
2348 3134 2361 3168 :
2395 3130 2491 3169 eos
2520 3129 2671 3180 vero,
2704 3114 2799 3183 qui
2845 3124 3129 3183 paternam
3167 3110 3503 3180 impietatem

234 3209 335 3278 τὴν
366 3207 629 3279 πατρῴαν
660 3206 932 3276 φυγόντας
962 3204 1244 3270 ἀσέϐειαν,
1277 3205 1371 3258 καὶ
1403 3204 1543 3274 μετὰ
1584 3204 1820 3267 πίστεως

234 3302 386 3371 αὐτῷ
418 3300 767 3373 προσιόντας,
802 3299 984 3370 πάσης
1011 3297 1154 3362 ἀξιοῖ
1181 3298 1428 3368 φυλακῆς
1457 3316 1517 3351 τε
1557 3301 1649 3351 καὶ
1686 3316 1819 3369 προ-

239 3396 492 3468 μηθείας.
520 3392 905 3463 Προσηλύτους
929 3392 1037 3462 γὰρ
1070 3392 1198 3455 τοὺς
1234 3390 1417 3455 ξένους
1458 3393 1633 3447 καλεῖ.
1663 3391 1821 3445 Οὕτω

236 3489 329 3542 καὶ
356 3489 386 3540 ό
419 3486 690 3556 μακάριος
715 3485 819 3553 ἔφη
858 3483 1091 3547 Παῦλος,
1124 3484 1207 3537 ὅτι
1246 3479 1459 3553 «Ἦμεν
1487 3500 1620 3538 ποτε
1650 3483 1823 3553 χωρὶς

234 3579 476 3650 Χριστοῦ
500 3575 1007 3648 ἀπηλλοτριωμένοι
1036 3576 1137 3645 τῆς
1166 3574 1442 3637 πολιτείας
1465 3574 1557 3628 τοῦ
1582 3573 1821 3645 Ἰσραὴλ,

234 3674 329 3726 καὶ
366 3672 509 3736 ξένοι
531 3670 640 3723 τῶν
665 3668 936 3738 διαθηκῶν
961 3707 976 3733 ,
1018 3669 1118 3736 τῆς
1148 3667 1485 3735 ἐπαγγελίας
1512 3666 1706 3720 ἐλπίδα
1746 3668 1819 3735 μὴ

234 3765 453 3837 ἔχοντες
470 3763 545 3796 ³⁸⁸
576 3762 690 3817 ἀλλ’
725 3762 774 3815 οἱ
823 3761 954 3814 ποτέ
987 3759 1141 3823 ὄντες
1184 3758 1403 3830 μακρὰν
1433 3760 1601 3826 ἐγγὺς
1632 3758 1823 3827 ἐγενή-

236 3862 435 3932 Θημεν.
474 3878 495 3913 ι
520 3890 583 3901 -
618 3878 635 3911 ι
659 3856 925 3929 Ὀρφανὸν
975 3855 1070 3909 καὶ
1119 3856 1294 3925 χήραν
1324 3852 1695 3923 ἀναλήψεται,
1728 3851 1823 3905 καὶ

234 3954 357 4007 ὁδὸν
409 3950 757 4023 ἁμαρτωλῶν
795 3949 1033 4018 ἀφανιεῖ.
1072 3966 1091 3999 ι
1120 3947 1256 4000 Ἀπὸ
1280 3949 1381 4017 τῆς
1410 3944 1645 3999 καθόλου
1678 3944 1822 4014 Προ-

236 4048 388 4110 νοίας
417 4048 511 4100 ἐπί
536 4045 607 4098 τά
643 4042 846 4117 μερικά
877 4041 969 4096 τὸν
998 4040 1157 4111 λόγον
1187 4042 1503 4107 κατήγαγε,
1534 4037 1627 4091 καί
1660 4053 1823 4108 φησιν

234 4142 311 4204 ὠς
363 4138 576 4200 οὐδενὸς
623 4136 822 4207 ἀμελεῖ
863 4134 971 4188 τῶν
1001 4133 1139 4188 ὅλων
1167 4135 1195 4185 ὁ
1224 4131 1511 4201 πρύτανις,
1551 4129 1687 4184 ἀλλά
1730 4129 1826 4182 καὶ

236 4234 365 4303 τοὺς
392 4231 635 4301 ἐρήμους
661 4225 1013 4299 ἀνθρωπίνης
1039 4223 1369 4295 κηδεμονίας
1390 4221 1435 4254 ³⁸
1472 4221 1653 4289 πάσης
1685 4218 1826 4285 ἀξιοῖ

236 4324 561 4394 ἐπιμελείας
579 4324 648 4385 ³³,
682 4322 778 4376 καὶ
802 4319 902 4383 τὰς
947 4316 1094 4373 κατά
1136 4315 1345 4369 τούτων
1394 4312 1686 4376 ἐπιϐουλὰς
1713 4310 1827 4363 δια-

237 4414 379 4470 λύει.

1923 3210 2199 3281 fugerunt,
2245 3216 2299 3262 et
2330 3223 2451 3263 eum
2497 3208 2601 3262 ﬁde
2630 3207 2695 3261 ad
2730 3206 2908 3275 ipsum
2953 3211 3326 3268 accesserunt,
3356 3200 3507 3255 omni

1923 3302 2171 3359 custodia
2211 3309 2266 3356 et
2312 3314 2415 3368 ope
2454 3300 2733 3370 dignatur.
2766 3297 2982 3368 1569
3008 3296 3321 3367 Proselytos
3361 3294 3506 3347 enim

1923 3396 2163 3449 advenas
2205 3401 2384 3446 vocat.
2433 3391 2525 3445 Sic
2571 3392 2740 3445 etiam
2792 3390 2982 3444 beatus
3039 3387 3218 3456 inquit
3264 3385 3506 3439 Paulus:

1930 3509 1949 3541 ι
1979 3487 2211 3543 Eramus
2233 3484 2512 3555 quondam
2541 3482 2659 3538 sine
2690 3480 2933 3545 Christo,
2959 3479 3180 3533 alienati
3218 3494 3247 3532 a
3279 3492 3509 3532 conver-

1925 3577 2139 3631 satione
2182 3574 2424 3636 Israclis,
2475 3582 2529 3627 et
2577 3571 2822 3640 hospites
2869 3578 3346 3629 testamentorum,
3385 3581 3513 3637 pro-

1890 3666 2208 3723 "missionis
2252 3680 2402 3735 spem
2452 3680 2556 3717 non
2607 3664 2918 3717 habentes:
2952 3660 3045 3714 sed
3103 3675 3223 3723 nos,
3272 3659 3367 3726 qui
3408 3656 3510 3709 ali-

1924 3761 2147 3830 quando
2178 3762 2334 3829 longe
2382 3757 2573 3812 remoti
2608 3770 2853 3815 eramus,
2887 3751 3016 3806 facti
3048 3766 3241 3805 sumus
3281 3749 3508 3819 propin-

1925 3854 2019 3923 qui
2042 3861 2093 3905 γ.
2128 3870 2146 3903 ι
2190 3881 2258 3890 -
2283 3871 2303 3902 ι
2331 3849 2605 3919 Pnpillum
2628 3857 2682 3900 et
2735 3847 2955 3898 viduam
3000 3843 3286 3912 suscipiet,
3313 3852 3367 3895 et
3394 3842 3511 3895 vias

1926 3951 2278 4012 peccatorum
2310 3938 2608 4009 disperdat.
2642 3956 2661 3988 ι
2708 3934 2791 3988 Ab
2828 3933 3129 3987 universali
3162 3931 3511 3986 Providentia

1927 4034 1992 4087 ad
2024 4030 2323 4102 singularia
2356 4042 2666 4085 sermonem
2701 4022 2986 4087 transfert,
3020 4032 3076 4077 et
3106 4023 3182 4077 ait
3232 4023 3512 4077 neminem

1928 4130 1997 4183 ab
2023 4126 2399 4193 universitatis
2429 4122 2775 4177 moderatore
2802 4118 2998 4187 negligi
3023 4138 3035 4171 :
3058 4117 3151 4171 sed
3179 4117 3344 4171 istum
3363 4116 3513 4169 omni

1929 4220 2169 4274 humano
2191 4217 2401 4270 auxilio
2427 4215 2742 4277 destitutos,
2777 4210 2929 4264 omni
2960 4224 3096 4263 cura
3130 4208 3368 4279 dignari,
3391 4221 3515 4261 om-

1930 4326 2137 4381 nesque
2167 4309 2394 4365 insidias
2428 4309 2479 4363 in
2514 4307 2614 4361 hos
2638 4311 2989 4375 comparatas
3018 4302 3354 4357 dissolvere.

310 4510 365 4562 t'.
412 4528 431 4559 ι
474 4505 794 4561 Βασιλεύσει
838 4502 1046 4574 Κύριος
1098 4501 1179 4563 είς
1220 4499 1315 4553 τὸν
1354 4486 1560 4558 αἰῶνα,
1612 4498 1641 4549 ὁ
1688 4494 1820 4556 Θεός

1997 4491 2166 4546 Vens.
2202 4492 2290 4547 10.
2327 4510 2345 4543 ι
2379 4487 2649 4560 Regnabit
2700 4486 2963 4540 Dominus
3013 4484 3067 4538 in
3112 4481 3335 4542 saecula.
3375 4479 3515 4534 Deus

239 4619 336 4655 σου
396 4598 537 4653 Σιὼν
587 4601 668 4660 είς
719 4597 914 4667 γενεὰν
964 4598 1060 4652 καὶ
1109 4594 1329 4663 γενεάν.
1369 4611 1388 4643 ι
1447 4589 1673 4643 Αίὼνιον
1714 4586 1823 4656 γάρ

239 4693 357 4763 εχει
398 4691 461 4745 τὸ
497 4689 730 4760 κράτος,
787 4689 882 4742 καὶ
914 4687 1014 4758 τὴν
1062 4685 1341 4756 βασιλείαν
1376 4680 1543 4734 ἀΐδιον
1572 4682 1600 4734 ὁ
1630 4677 1745 4743 νῦν,
1778 4671 1824 4731 ὧ

239 4782 404 4852 Σιὼν,
433 4783 604 4854 μόνης
631 4798 726 4835 σου
755 4780 889 4843 Θεὸς
920 4778 1299 4850 νομιζόμενος.

380 4876 383 4879 Ι
511 4916 777 4971 EPMHN.
833 4915 973 4969 ΤΟΥ
1022 4914 1196 4981 ΡΜςν
1237 4908 1557 4964 ΨΑΛΜΟΥ.

313 5057 385 5105 α’.
441 5050 880 5116 Ἀλ.1ηλού7α³⁸.
920 5047 1182 5101 Ἐνταῦθα
1236 5046 1424 5115 σαφῶς
1471 5040 1828 5111 ἐδιδάχθημεν

1930 4596 2080 4649 tuus,
2121 4600 2155 4637 ο
2202 4582 2357 4646 Sion.
2409 4582 2463 4636 in
2499 4580 2905 4651 generationem
2928 4585 2983 4629 et
3022 4573 3455 4643 generationem.
3492 4590 3509 4621 ι

1930 4678 2063 4733 Nam
2107 4691 2347 4748 perenne
2380 4675 2546 4729 habet
2574 4672 2761 4736 ruhur,
2810 4682 3152 4739 regnumque
3186 4672 3515 4733 perpetuum

1930 4772 2001 4836 is,
2044 4773 2136 4841 qui
2175 4783 2321 4824 nunc
2352 4766 2697 4821 existimatur
2723 4762 2800 4816 tui
2846 4762 3044 4821 solius.
3094 4774 3127 4812 ο
3157 4756 3314 4811 Sion.
3350 4757 3513 4809 Deus.

2300 4902 2571 4983 INTERP.
2616 4896 2869 4955 PSALMI
2911 4893 3141 4952 CXLVI.

2005 5042 2176 5099 Vens.
2235 5042 2286 5096 1.
2342 5040 2597 5095 Alleluia.
2624 5036 2723 5092 llic
2771 5033 3063 5090 manifesto
3110 5028 3377 5085 discimus
3437 5026 3522 5079 in-

243 5143 339 5198 τοῦ
370 5114 712 5211 diluluum
743 5142 841 5213 τὴν
875 5141 1194 5212 ἑρμηνείαν.
1230 5141 1303 5192 Τὸ
1323 5114 1441 5208 γὰρ
1467 5134 1694 5191 Αἰνεῖτε
1723 5135 1820 5187 τὸν

1932 5132 2373 5202 terpretationem
2410 5128 2560 5183 vocis
2589 5124 2844 5179 Alleluia.
2887 5121 3131 5176 Laudale
3160 5117 3307 5174 euiut
3333 5114 3518 5169 Domi-

279 5356 308 5386 υ
334 5344 437 5401 lsa.
468 5359 599 5409 xui,
633 5344 687 5399 6.
758 5354 785 5380 ν
811 5346 915 5399 lsa.
944 5360 1052 5409 ut,
1092 5343 1139 5397 l.
1217 5340 1368 5396 xlsa.
1406 5356 1555 5405 χχιχ,
1598 5339 1686 5398 18.
1728 5346 1756 5386 Υ
1781 5334 1820 5389 Ε

1935 5351 1980 5391 s.
2016 5310 2077 5401 .1,
2112 5334 2201 5399 ιε,
2240 5335 2324 5388 ιδ.

1360 5534 1593 5591 νΑιιιΑῑ
1633 5531 2015 5590 LECTIONES
2054 5529 2142 5585 ΕΤ
2179 5529 2411 5585 ΝΟΤᾸΞ.

317 5679 361 5713 ³⁹
390 5677 593 5749 Σοφοῖ.
626 5675 788 5732 Hebr.
844 5678 1031 5745 aperit,
1083 5694 1128 5730 s.
1176 5677 1318 5731 visui
1356 5674 1609 5733 restituit.
1689 5674 1735 5705 ³³
1762 5674 1820 5728 'E

317 5751 526 5801 ηθείαε.
602 5750 645 5781 ³³
678 5750 967 5801 Ἑπιιι.ἰι).
1014 5747 1324 5801 τητλελείαε.
1442 5746 1487 5779 ³⁸
1511 5746 1761 5801 Ἀλληλ.
1795 5746 1820 5799 ll

1932 5714 1935 5724 .
1992 5670 2078 5741 μὴ
2125 5671 2391 5739 ἔχοντες.
2454 5668 2577 5721 Des.
2609 5665 2661 5720 in
2694 5667 2793 5721 cod
2826 5665 2844 5719 Ι

1935 5752 2028 5798 xtu
2054 5742 2161 5797 τῶν
2193 5742 2247 5795 0'
2301 5740 2455 5801 aequ.
2502 5738 2756 5801 ’Λγγαίου
2814 5754 2844 5791 κ

1620 5760 1761 5813 .4q.t.
1795 5761 1847 5799 ιιι
1877 5760 2028 5800 ιοκιιι
2054 5760 2161 5797 των

240 5747 526 5821 βοηθείας.
602 5750 645 5781 ³³
678 5751 873 5818 Ἑπιμ.
896 5750 967 5803 ib.
1014 5747 1324 5817 τημελείας.

2966 5665 3011 5741 ξ)
3042 5662 3260 5741 Κηδεμ.
3319 5659 3442 5721 cod.
3478 5657 3503 5719 Ι

2193 5742 2247 5795 0'
2301 5740 2455 5810 Sequ.
2502 5738 2756 5808 ’Λγγαίου
2814 5738 2909 5791 καὶ
2965 5736 3258 5808 Ζαχαρίου.
