3996 6488
235 272 256 336 1
276 269 381 339 981

1547 293 1631 355 IN
1651 293 1852 359 PSAL.
1893 299 2174 364 CXLVII.

3376 309 3398 374 1
3409 310 3514 374 982

304 389 371 453 ζ’.
434 407 454 440 ι
525 389 818 465 Ἐξάρξατε
869 396 950 468 τῷ
1010 399 1202 472 Κυρίῳ
1258 402 1317 456 ἐν
1377 401 1766 479 ἐξομολογήσει
1796 428 1810 442 ·

2003 415 2170 472 Vens.
2221 417 2272 476 7.
2323 438 2342 472 ι
2372 419 2660 478 Praecinite
2689 424 2923 480 Domino
2966 438 3089 480 cum
3135 423 3508 492 confessione,
3600 459 3604 464 -

228 479 444 549 ψάλατε
473 480 551 552 τῷ
571 483 690 555 Θεῷ
720 485 878 556 ἡμῶν
921 490 980 542 ὲν
1011 492 1234 565 κιθάρᾳ.
1274 513 1292 546 ι
1334 495 1555 570 Ταύτην
1588 500 1764 555 τοίνυν
1782 502 1827 536 δ’

231 571 441 633 εἰδότες
484 574 581 628 τοῦ
623 575 760 629 Θεοῦ
805 580 905 650 τὴν
953 582 1289 655 ἁγαθότητα,
1331 590 1426 641 καὶ
1475 591 1687 658 σοφίαν,
1734 596 1830 648 καὶ

229 662 465 734 δύναμιν
486 705 500 728 ,
538 668 773 738 ἄρχεσθε
805 672 908 742 τῆς
941 675 1214 748 ὑμνῳδίας
1243 680 1496 752 ὀργάνοις
1544 688 1658 749 τοῖς
1704 703 1828 740 συν-

232 752 392 824 ήθεσι
424 755 724 827 χρώμενοι.

304 852 375 914 η’.
416 867 435 900 ι
473 849 564 918 Τῷ
612 854 997 923 περιδάλλοντι
1041 857 1134 912 τὸν
1177 861 1407 932 οὐρανὸν
1451 865 1509 917 ἐν
1549 867 1824 936 νεφέλαις,

232 936 684 1011 τῷἑτοιμάζοντι
728 948 793 1017 τῇ
829 949 898 1018 γῇ
937 948 1111 1003 ὑετόν.
1153 970 1170 1001 ι
1220 952 1534 1026 Ἀμφότερα
1585 960 1678 1011 καὶ
1727 961 1829 1026 τῆς

233 1030 542 1102 δυνάμεως,
581 1036 675 1087 καὶ
715 1037 815 1107 τῆς
858 1040 1199 1111 ἁγαθότητος
1243 1043 1529 1114 δείγματα.
1576 1049 1663 1112 Ὠς
1693 1052 1830 1118 ἀγα-

236 1120 329 1184 θὸς
378 1123 480 1192 μὲν
532 1127 666 1195 γὰρ,
718 1128 814 1180 καὶ
857 1131 1259 1204 φιλάνθρωπος,
1313 1138 1674 1210 προμηθεῖται
1721 1143 1830 1196 τῶν

238 1214 334 1267 ἐπὶ
364 1215 468 1285 γῆς
497 1233 513 1248 ·
550 1217 624 1281 ὡς
670 1221 1076 1294 παντοδύναμος
1103 1225 1182 1290 δὲ,
1234 1230 1510 1303 μετέωρον
1538 1231 1692 1303 φέρει
1723 1234 1830 1286 τῶν

242 1306 456 1361 ὑδάτων
502 1307 602 1380 τὴν
650 1312 845 1380 φύσιν,
897 1316 990 1368 καὶ
1046 1317 1138 1371 τοῦ
1185 1320 1415 1392 οὐρανοῦ
1461 1324 1830 1392 συγκαλύπτει

236 1399 334 1471 τὴν
378 1400 531 1467 θέαν,
581 1403 778 1475 δροφόν
821 1424 942 1460 τινα
979 1410 1145 1478 μέσον
1185 1413 1420 1484 οὐρανοῦ
1461 1417 1556 1468 καὶ
1599 1417 1707 1486 γῆς
1744 1417 1832 1470 διὰ

235 1490 349 1543 τῶν
393 1493 576 1562 νεφῶν
627 1500 1062 1570 τεκταινόμενος,
1117 1503 1213 1556 καὶ
1261 1507 1383 1569 ταῖς
1430 1506 1582 1560 ὠδῖσι
1627 1507 1831 1562 τούτων

237 1579 421 1652 ἄρδων
451 1583 550 1652 τὴν
577 1584 702 1654 γῆν.
733 1583 865 1639 Εἶτα
893 1589 990 1659 τὴν
1015 1591 1266 1646 ἐντεῦθεν
1292 1597 1569 1669 φυομένην
1593 1598 1830 1654 δείκνυσι

239 1672 459 1745 χρείαν.
501 1691 521 1725 t
569 1676 658 1746 Τῷ
691 1676 1098 1742 ἐξανατέλλοντι
1143 1685 1201 1738 ἐν
1231 1686 1382 1758 ὄρεσι
1415 1689 1630 1761 χόρτον,
1664 1692 1758 1745 καὶ
1781 1692 1828 1724 ⁸³

237 1764 405 1835 χλόην
437 1770 504 1838 τῇ
535 1768 751 1842 δουλείᾳ
773 1772 883 1825 τῶν
906 1774 1264 1846 ἀνθρώπων.»
1291 1778 1368 1834 Οὐ
1395 1781 1504 1850 γὰρ
1536 1783 1696 1854 μόνον
1731 1787 1830 1855 τήν

239 1855 336 1909 ὑπ’
367 1857 674 1929 ἀνθρώπων
713 1867 1140 1940 γεωργουμένην
1187 1870 1343 1942 ἄρδει
1384 1873 1509 1943 γῆν,
1552 1875 1687 1928 ἀλλὰ
1738 1878 1830 1931 καὶ

237 1948 308 2001 τὰ
341 1949 469 2022 ὅρη,
514 1953 608 2006 καὶ
651 1956 778 2020 τοὺς
819 1955 1058 2029 ἐρήμους
1105 1959 1337 2034 χώρους,
1381 1965 1474 2018 τὸν
1523 1966 1589 2020 ὲκ
1627 1968 1831 2023 τούτων

241 2040 514 2111 φυόμενον
550 2045 700 2114 χιλὸν
731 2050 1057 2123 προσφέρων
1090 2057 1200 2118 τοῖς
1240 2059 1483 2126 κτήνεσι.
1527 2059 1638 2113 Καὶ
1674 2061 1832 2114 τοῦτο

247 2131 347 2202 μὲν
379 2133 468 2188 διὰ
502 2136 599 2208 τὴν
630 2139 709 2202 είς
757 2141 1085 2212 ἀνθρώπους
1129 2147 1449 2218 εὐεργεσίαν
1499 2155 1664 2206 ποιεῖ·
1717 2158 1829 2220 τοῖς

243 2223 554 2297 ἀνθρώποις
585 2231 694 2301 γὰρ
727 2231 1024 2304 ὑπουργεῖν
1055 2236 1124 2289 τὰ
1152 2238 1323 2309 κτήνη
1363 2243 1722 2312 προσέταξεν.

311 2317 379 2373 θ’.
437 2323 547 2375 Καὶ
569 2323 615 2354 ⁵⁸
663 2323 860 2379 διδόντι
934 2332 1158 2400 κτήνεσι
1219 2333 1427 2404 τροφὴν
1477 2335 1678 2404 αὐτῶν,
1737 2338 1830 2391 καὶ

240 2411 354 2474 τοῖς
407 2417 651 2478 νεοσσοῖς
719 2416 828 2470 τῶν
898 2421 1152 2491 κοράκων
1211 2427 1325 2488 τοῖς
1383 2427 1833 2500 ἐπικαλουμένοις

240 2501 428 2557 αὐτόν.
469 2521 488 2555 ι
535 2505 610 2557 Οὐ
640 2505 833 2579 λογικὴ
866 2509 976 2563 τῶν
1017 2513 1268 2583 κοράκων
1301 2517 1334 2588 ή
1378 2516 1558 2586 φύσις,
1599 2521 1708 2573 οὐδ’
1745 2523 1828 2575 ὅτι

239 2592 480 2661 λογικῶς
529 2597 873 2653 ἐπικαλεῖται
923 2600 1014 2655 τὸν
1062 2606 1294 2678 ποιητήν
1325 2622 1340 2637 ο
1374 2608 1490 2661 ἀλλ’
1526 2611 1557 2680 ὴ
1594 2611 1682 2665 διὰ
1732 2613 1830 2684 τὴν

239 2686 432 2757 χρείαν
481 2689 702 2760 κραυγή
760 2696 1012 2763 μιμεῖται
1069 2695 1166 2766 τὴν
1231 2697 1467 2770 αἴτησιν.
1547 2702 1831 2759 Ἐντεῦθεν

238 2779 486 2850 ἡγοῦμαι
516 2782 724 2836 καὶτὸν
756 2785 1034 2857 Δεσπότην
1060 2782 1318 2859 Χριστὸν,
1351 2793 1459 2846 τῶν
1486 2795 1662 2852 ἄλλων
1693 2816 1831 2870 πτη.

237 2873 346 2925 νῶν
392 2873 768 2931 καταλιπόντα
815 2879 914 2950 τὴν
964 2883 1206 2954 μνήμην,
1253 2885 1362 2938 τῶν
1397 2889 1648 2959 κοράκων
1697 2909 1831 2963 μνη-

239 2963 460 3034 σθῆναι,
484 2968 577 3019 καὶ
599 2969 711 3032 τοῖς
739 2969 1008 3041 μαθηταῖς
1040 2973 1652 3048 είπεῖν,‹Ἀπο6λέψατε
1676 2981 1721 3013 ⁸³
1750 2983 1831 3046 είς

237 3058 367 3119 τοὺς
397 3058 666 3129 κόρακας.
692 3061 774 3115 ὅτι
810 3063 870 3115 οὑ
897 3061 941 3094 ⁸⁸
972 3064 1310 3134 σπείρουσιν,
1344 3068 1466 3120 οὐδὲ
1509 3071 1826 3139 συνάγουσιν

240 3150 322 3211 εἰς
352 3149 671 3221 ἀποθήκας,
708 3155 857 3207 καὶὸ
892 3156 1084 3228 Πατὴρ
1119 3159 1273 3227 ὑμῶν
1301 3161 1329 3214 6
1362 3160 1612 3232 οὐράνιος
1637 3163 1822 3233 τρέφει

235 3239 455 3305 αὐτούς.
502 3262 521 3294 ι

309 3339 362 3398 ι’,
394 3333 484 3388 ιάν.
535 3353 554 3386 ι
591 3335 705 3390 Οὐκ
752 3340 810 3393 ὲν
831 3341 898 3411 τῇ
934 3341 1225 3416 δυναστείᾳ
1250 3343 1342 3399 τοῦ
1375 3346 1544 3400 ἵππου
1586 3347 1822 3421 θελήσει,

235 3425 355 3479 οὐδὲ
386 3429 447 3480 ὲν
484 3430 605 3492 ταῖς
653 3431 891 3502 κνήμαις
943 3435 1038 3488 τοῦ
1084 3437 1277 3506 ἀνδρὸς
1321 3439 1553 3498 εὐδοκεῖ.
1601 3444 1828 3499 Εὺδοκεῖ

237 3517 448 3589 Κύριος
502 3523 561 3575 ἐν
595 3525 708 3586 τοῖς
759 3524 1122 3596 φοϐουμένοις
1175 3531 1356 3596 αὑτὸν,
1394 3534 1488 3587 καὶ
1534 3537 1594 3589 ὲν
1646 3542 1757 3602 τοῖς
1781 3539 1826 3571 ⁸⁷

235 3609 554 3675 ἐλπίζουσιν
580 3615 673 3668 ὲπὶ
701 3615 760 3668 τὸ
789 3616 936 3682 ἕλεος
966 3620 1153 3674 αὐτοῦ.
1188 3641 1207 3676 ι
1349 3624 1516 3698 ῥώμῃ
1551 3626 1823 3698 σώματος,

238 3707 376 3772 φησι
409 3744 425 3769 ,
474 3707 572 3760 καὶ
612 3709 811 3781 ἱππικῇ
862 3711 1028 3783 τέχνῃ
1057 3753 1072 3775 ,
1124 3715 1220 3768 καλ⁸
1264 3717 1531 3789 ταχύτητι
1576 3722 1752 3776 ποδῶν
1797 3725 1826 3777 6

235 3791 370 3859 Θεὸς
396 3796 756 3868 ἐπιτέρπεται
785 3816 797 3828 ο
831 3801 970 3855 ἀλλὰ
1002 3805 1197 3869 καλαῖς
1235 3807 1505 3877 πράξεσιν
1528 3812 1595 3876 ⁸⁸,
1631 3807 1705 3867 ὧν
1730 3814 1826 3887 δη-

239 3889 504 3958 μιουργὸς
537 3891 570 3956 ἡ
604 3891 878 3947 εὐλάϐεια.
925 3895 1000 3947 Οὐ
1047 3897 1208 3965 μόνον
1254 3899 1312 3952 δὲ
1356 3901 1563 3956 τούτων
1609 3923 1828 3978 προμη-

239 3978 414 4032 θεῖται
464 3981 797 4047 σπουδαίως,
831 3984 968 4038 ἀλλὰ
1020 3988 1116 4040 καὶ
1163 3991 1272 4044 τῶν
1328 3999 1829 4066 περιπεπτωκότων

233 4071 559 4143 ἁμαρτίαις,
597 4077 934 4150 μεταμελείᾳ
979 4079 1036 4132 δὲ
1077 4085 1467 4154 χρησαμένων,
1505 4092 1598 4143 καὶ
1639 4109 1828 4162 στηρι-

237 4164 479 4236 χθέντων
510 4171 576 4238 τῇ
615 4169 714 4240 τῆς
739 4170 1158 4242 φιλανθρωπίας
1182 4176 1380 4232 ἑλπίδι.
1417 4181 1491 4232 Οὐ
1525 4182 1635 4253 γάρ
1667 4184 1828 4252 μόνον

235 4261 357 4322 τοῖς
403 4260 634 4324 τελείοις
677 4263 780 4332 τῆς
830 4263 1032 4336 ἀρετῆς
1090 4267 1350 4340 ἀθληταῖς
1407 4273 1512 4345 ἔφη
1556 4277 1648 4329 τὸν
1697 4279 1828 4332 Θεὸν

237 4351 506 4419 εὐδοκεῖν,
538 4353 676 4408 ἀλλὰ
711 4357 805 4407 καὶ
837 4356 932 4409 ἐπὶ
973 4361 1086 4420 τοῖς
1125 4361 1216 4416 τὸν
1251 4362 1396 4418 θεῖον
1429 4368 1828 4440 προσμένουσιν

237 4444 410 4502 ελεον.

524 4564 788 4623 ΕΡΜΗΝ.
833 4569 973 4624 ΤΟΥ
1022 4571 1182 4626 PMZ'
1217 4573 1539 4631 ΨΑΛΜΟΥ.

322 4675 689 4744 Ἀλληλούὶυ
708 4679 772 4735 δ’.
810 4681 1032 4753 ’Υμνεῖν
1054 4684 1100 4716 ⁸⁸
1155 4685 1250 4738 καὶ
1309 4686 1545 4741 ἐνταῦθα
1575 4707 1824 4760 παρακε-

237 4764 459 4820 λεύεται
492 4768 520 4820 6
553 4771 890 4841 προφητικδς
933 4774 1109 4842 λόγος.
1171 4776 1436 4847 Προλέγει
1482 4777 1538 4830 δὲ
1581 4781 1675 4832 καὶ
1721 4781 1821 4852 τὴν

241 4858 384 4927 μετὰ
427 4858 528 4930 τὴν
580 4862 841 4916 ἐπάνοδον
887 4868 1265 4939 γεγενημένην
1331 4869 1510 4940 νίκην.
1569 4872 1712 4943 Πρὸς
1764 4873 1821 4928 δὲ

238 4950 435 5024 ταύτῃ,
458 4953 551 5004 καὶ
589 4954 656 5006 τὰ
693 4953 802 5007 τῶν
841 4956 1156 5012 ἀποστόλων
1205 4960 1560 5030 προθεσπίζει
1613 4965 1826 5038 κηρύγ-

243 5059 390 5111 ματα
415 5083 431 5108 ,
467 5043 650 5098 πᾶσαν
684 5044 766 5098 ὅτι
802 5046 1035 5118 τάχιστα
1080 5049 1466 5125 διαδραμόντα,
1491 5055 1591 5126 τὴν
1644 5061 1824 5113 οἰκου-

242 5133 437 5206 μένην.

318 5283 340 5310 ι
366 5271 500 5329 Luc.
537 5291 634 5341 xu,
677 5275 759 5330 Η.

1932 508 2145 576 psallite
2170 507 2280 564 Deo
2303 521 2490 566 nostro
2512 529 2636 568 cum
2659 515 2888 570 cithara.
2917 533 2934 567 ι
2964 512 3114 571 Hanc
3143 517 3310 586 igitur
3331 522 3513 574 scicn-

1932 609 2013 655 tes
2047 600 2136 656 Dei
2170 602 2492 671 bonitatem,
2536 614 2590 661 et
2638 607 2986 677 sapientiam,
3033 617 3086 662 et
3118 611 3397 673 virtutem,
3431 611 3515 664 in-

1931 688 2097 756 cipite
2135 691 2463 760 hymnorum
2493 695 2824 750 cantilenam
2856 697 3079 752 usitatis
3124 696 3515 753 instrumentis

1931 790 2170 838 utentes.

2002 877 2021 895 '
2044 875 2208 931 Vens.
2241 877 2293 932 8.
2342 895 2362 930 ι
2390 877 2493 944 Qui
2533 881 2707 949 operit
2733 885 2934 936 caelum
2979 882 3240 946 nubibus,
3275 891 3329 938 et
3359 893 3515 953 parat

1930 977 2091 1023 terra:
2121 969 2375 1038 pluviam.
2412 990 2430 1022 ι
2468 969 2709 1043 Utraque
2757 985 2888 1029 sunt
2923 976 3103 1044 signa,
3150 985 3207 1030 et
3233 976 3508 1046 potentiae,

1929 1068 1985 1115 et
2013 1059 2289 1116 bonitatis.
2322 1061 2458 1117 Nam
2488 1073 2548 1118 ut
2571 1065 2749 1120 bonus
2777 1073 2831 1120 et
2859 1067 3149 1138 benignus,
3174 1084 3363 1124 eorum
3389 1084 3514 1140 qua:

1933 1167 2101 1222 supra
2148 1160 2353 1208 terram
2411 1164 2540 1210 sunt
2579 1171 2767 1212 curam
2821 1159 3005 1228 gerit,
3049 1168 3110 1213 ut
3163 1159 3512 1230 onmipotens

1933 1254 2136 1312 autem,
2175 1261 2439 1317 aquarum
2485 1259 2739 1304 naturam
2783 1251 2838 1303 in
2877 1251 3112 1307 sublime
3145 1253 3320 1315 ‘tollit,
3367 1254 3514 1308 coeli-

1932 1353 2038 1409 que
2067 1355 2344 1409 aspecwm
2379 1341 2572 1411 operit,
2621 1358 2716 1412 per
2748 1343 2974 1398 nebulas
3020 1343 3298 1399 fabricatis
3333 1346 3504 1400 veluti

1936 1433 2207 1502 quoddam
2229 1442 2426 1488 tectum
2455 1433 2597 1488 inter
2629 1435 2828 1489 ctelnm
2876 1445 2931 1490 et
2962 1445 3182 1500 terram,
3232 1447 3286 1492 et
3313 1438 3514 1494 barum

1934 1526 2196 1596 partubus
2229 1534 2428 1580 terram
2453 1525 2708 1596 irrigans.
2745 1528 2950 1582 Deinde
2976 1528 3234 1595 fructum,
3265 1532 3359 1599 qui
3385 1531 3514 1587 hinc

1933 1618 2147 1681 oritur,
2190 1618 2450 1673 ostendit.
2489 1638 2506 1670 ι
2536 1619 2639 1685 Qui
2690 1619 2958 1686 producit
3006 1621 3060 1674 in
3120 1623 3396 1676 montibus
3434 1621 3514 1678 fe-

1934 1726 2088 1774 num,
2128 1719 2183 1765 et
2229 1711 2456 1766 herbam
2505 1711 2752 1766 servituti
2801 1712 3108 1769 hominum.
3141 1732 3159 1765 ι
3212 1713 3362 1768 Nam
3403 1730 3514 1770 non

1936 1804 2112 1859 solum
2143 1812 2342 1858 terram
2376 1805 2445 1858 ab
2479 1805 2801 1860 hominibus
2825 1807 3026 1860 cultam
3060 1806 3272 1876 1572
3303 1807 3513 1880 irrigat,

1934 1891 2026 1946 sed
2071 1891 2231 1945 etiam
2263 1899 2477 1947 montes
2523 1899 2576 1946 et
2609 1893 2824 1948 deserta
2859 1893 2998 1958 loca,
3034 1895 3293 1963 pabulum
3331 1911 3395 1949 ex
3432 1897 3516 1950 his

1934 1995 2117 2041 ortum
2159 1985 2492 2041 animalibus
2537 1986 2805 2057 praebens.
2856 1987 2924 2042 Et
2967 1988 3069 2041 hoc
3103 1989 3322 2058 quidem
3361 1989 3512 2054 facit,

1933 2085 1994 2130 ut
2034 2075 2313 2132 beneficiis
2366 2076 2615 2131 homines
2651 2076 2888 2132 alliciat:
2923 2078 3182 2133 animalia
3225 2080 3370 2133 enim
3415 2081 3515 2135 ho-

1935 2167 2178 2222 minibus
2209 2168 2418 2221 servire
2442 2166 2632 2237 jussit.

2005 2343 2172 2401 Vens.
2205 2345 2261 2402 9.
2305 2363 2325 2397 ι
2359 2345 2462 2422 Qui
2491 2345 2586 2400 dat
2619 2335 2886 2417 jur'ncntis
2916 2361 3100 2402 escam
3140 2346 3410 2417 ipsorum,
3455 2357 3510 2403 et

1932 2440 2099 2511 pullis
2144 2455 2434 2496 corvorum
2485 2441 2872 2497 invocantibus
2914 2457 3061 2496 eum.
3094 2461 3112 2493 ι
3147 2440 3264 2498 Non
3305 2450 3390 2497 est
3423 2457 3513 2498 ra-

1932 2535 2096 2590 tionis
2136 2535 2408 2604 particeps
2454 2549 2747 2590 corvorum
2794 2545 3012 2601 natura,
3057 2549 3234 2606 neque
3281 2536 3512 2592 rationis

1931 2626 2096 2682 ductu
2131 2614 2382 2695 opificem
2437 2626 2674 2691 invocat,
2713 2628 2809 2682 sed
2853 2627 3064 2682 clamor
3107 2627 3177 2682 ob
3213 2627 3512 2683 necessita-

1935 2728 2039 2770 tem
2063 2717 2302 2772 emissus
2327 2717 2642 2787 petitionem
2673 2718 2937 2773 imitatur.
2969 2718 3107 2774 Hinc
3129 2719 3326 2789 opinor
3344 2719 3508 2773 etiam

1933 2806 2222 2864 Dominum
2255 2809 2558 2878 Christum,
2585 2811 2818 2865 aliarum
2859 2810 3041 2865 avium
3085 2810 3346 2865 memoria
3373 2826 3512 2879 prte-

1931 2903 2110 2967 terita,
2144 2916 2433 2957 corvorum
2482 2903 2823 2968 meminisse,
2851 2911 2906 2956 et
2935 2901 3223 2972 discipulis
3255 2902 3462 2957 dixisse
3491 2919 3505 2954 :

1937 3009 1955 3042 ι
1990 2990 2264 3062 Respicite
2305 2993 2372 3047 ad
2423 3007 2639 3054 corvos,
2678 2991 2807 3061 quia
2841 3006 2948 3046 non
3002 2993 3296 3052 seminam,
3333 3007 3510 3062 neque

1930 3093 2264 3154 congregant
2288 3085 2341 3140 in
2363 3085 2580 3150 horrea,
2605 3093 2661 3140 et
2686 3085 2846 3140 Pater
2869 3092 3049 3140 vester
3073 3084 3311 3140 caelestis
3337 3085 3512 3155 pascit

1930 3175 2054 3231 illos
2079 3184 2123 3228 ι.
2160 3193 2180 3226 ι

2003 3355 2165 3412 Vens.
2200 3355 2288 3423 10,
2325 3356 2416 3410 Η.
2443 3376 2461 3408 ι
2489 3355 2606 3411 Νοιι
2633 3357 2687 3412 in
2723 3355 3047 3414 fortitudine
3065 3358 3188 3428 equi
3215 3358 3510 3414 delectabi-

1928 3458 2039 3513 tur,
2077 3464 2179 3504 nec
2223 3449 2277 3502 in
2329 3449 2477 3503 tibiis
2505 3449 2607 3502 viri
2649 3449 3051 3518 beneplacitum
3085 3451 3193 3503 erit
3231 3449 3300 3506 ei.
3339 3450 3511 3505 Bene-

1930 3541 2191 3612 placitum
2226 3550 2310 3597 est
2336 3541 2570 3596 Domino
2625 3543 2680 3594 in
2725 3542 2806 3598 eis
2835 3541 2931 3611 qui
2960 3543 3153 3596 timent
3192 3559 3341 3609 eum,
3371 3552 3422 3598 et
3455 3543 3509 3598 in

1929 3634 2032 3701 eis,
2083 3633 2178 3703 qui
2235 3641 2458 3702 sperant
2516 3647 2684 3702 super
2731 3634 3112 3687 misericordia
3153 3633 3289 3703 ejus.
3323 3653 3340 3686 ι
3391 3633 3512 3690 Non

1929 3725 2174 3794 corporis
2207 3725 2424 3789 robore,
2459 3725 2555 3787 ait,
2589 3731 2644 3777 et
2667 3723 2906 3792 equestri
2939 3734 3074 3790 arte,
3109 3733 3164 3778 et
3195 3727 3392 3794 pedum
3421 3740 3511 3780 ce-

1929 3817 2142 3872 leritate
2177 3817 2318 3871 Deus
2351 3815 2674 3880 delectatur,
2713 3814 2808 3869 sed
2837 3815 2997 3870 bonis
3026 3817 3334 3872 actionibus
3357 3819 3510 3873 oble-

1929 3917 2128 3972 ctatur,
2182 3921 2415 3976 quarum
2463 3913 2656 3960 auctor
2709 3914 2794 3960 est
2839 3906 3051 3976 religio.
3089 3907 3356 3964 Caeterum
3398 3926 3510 3965 non

1931 4000 2092 4054 modo
2122 4000 2319 4053 horum
2368 3999 2613 4054 studiose
2653 3997 2792 4068 gerit
2816 3983 3032 4064 curam,
3082 4000 3174 4055 sed
3205 4002 3367 4056 etiam
3402 4003 3514 4057 illo-

1930 4109 2075 4156 rum,
2126 4093 2219 4162 qui
2268 4093 2322 4146 in
2357 4101 2578 4162 peccata
2617 4091 2858 4162 prolapsi
2897 4101 3043 4159 sunt,
3097 4101 3151 4148 et
3192 4097 3510 4164 paenitentia

1931 4193 2178 4247 utuntur,
2211 4193 2264 4239 et
2291 4183 2644 4253 benignitatis
2673 4199 2770 4253 spe
2815 4184 3231 4242 conﬁrmantur.
3269 4185 3384 4240 Non
3420 4203 3511 4242 so-

1931 4279 2043 4332 lum
2071 4276 2216 4331 enim
2255 4273 2511 4345 perfectis
2539 4275 2757 4330 virtutis
2792 4277 3017 4333 athletis
3051 4278 3308 4333 delectari
3342 4281 3510 4334 Deum

1931 4371 2080 4432 dicit,
2114 4368 2208 4425 sed
2237 4369 2402 4425 etiam
2438 4367 2544 4435 his,
2575 4368 2671 4439 qui
2701 4369 2945 4424 divinam
2990 4380 3308 4442 exspeetant
3345 4372 3513 4429 mise-

1860 4467 1905 4521 D
1935 4461 2249 4518 ricordiam.

2155 4575 2366 4646 1573
2408 4574 2681 4630 INTERP.
2722 4575 2973 4630 PSALMI
3017 4575 3272 4632 CXLVII.

2002 4691 2255 4746 Alleluia.
2293 4689 2468 4743 Etiam
2504 4689 2609 4743 hoc
2654 4689 2706 4742 in
2755 4690 2876 4745 loco
2929 4705 3114 4746 sermo
3158 4689 3514 4760 propheticus

1930 4784 2187 4840 hortatur
2212 4789 2272 4835 ut
2301 4778 2468 4834 Deum
2510 4779 2818 4834 laudemus.
2850 4779 3104 4835 Praedicit
3133 4789 3314 4834 autem
3347 4781 3511 4835 etiam

1933 4859 2058 4946 post
2100 4873 2380 4928 obtentum
2425 4872 2443 4892 ⁶
2491 4871 2724 4926 reditum
2762 4871 3074 4926 victoriam.
3123 4873 3206 4927 Ac
3251 4860 3513 4940 praeterea

1932 4966 2347 5041 praedicationes
2366 4979 2587 5035 quoque
2611 4965 2984 5035 apostolorum
3009 4965 3362 5030 vaticinatur,
3389 4981 3517 5035 quae

1933 5071 2112 5116 totum
2140 5069 2411 5115 terrarum
2442 5057 2631 5113 orbem
2684 5073 2854 5130 quam
2898 5057 3184 5114 celerrime
3227 5073 3518 5129 percurre-

1933 5159 2080 5207 runt.

1350 5414 1588 5474 VARI-1E
1625 5419 2008 5478 LECTIONES
2041 5420 2130 5476 ΕΤ
2160 5419 2394 5477 NOTAE.

315 5527 364 5564 ⁸⁸
399 5529 636 5585 Τοίνυν.
669 5530 837 5586 Abest
871 5547 899 5585 a
937 5531 1058 5587 cod.
1092 5532 1145 5586 1.

247 5604 416 5660 Abest
447 5619 476 5655 a
507 5602 630 5656 cod.
663 5604 715 5656 1.

1259 5531 1306 5566 ⁵³
1330 5533 1441 5588 Καὶ
1455 5567 1540 5607 _—-
1577 5539 1828 5607 ἀνθρώπια

1964 5540 2086 5596 Des.
2123 5542 2178 5595 in
2236 5550 2384 5597 textu
2432 5540 2595 5598 Hebr.
2651 5553 2703 5599 et
2755 5543 2807 5598 in
2860 5545 2982 5598 cod.
3039 5543 3193 5599 Alex.

790 5602 834 5635 ⁸⁵
857 5603 955 5656 eod
992 5603 1014 5656 1
1053 5601 1382 5672 taste-sitm.
1451 5605 1497 5637 “
1526 5610 1645 5662 cod.
1685 5601 1709 5663 ἶ
1746 5610 1894 5665 οὔτε.

3309 5544 3354 5576 ⁸⁸
3379 5545 3510 5605 Kal.

1968 5611 2011 5644 "7
2050 5610 2196 5678 Τοῖς.
2237 5613 2293 5667 In
2357 5623 2500 5666 textu
2550 5615 2656 5666 τῶν
2688 5616 2742 5667 0'
2782 5631 2968 5678 prtem.
3015 5616 3169 5668 πᾶσι.
3256 5613 3302 5646 ⁸⁸
3327 5617 3515 5679 Ἀλλὰ

249 5676 385 5756 κατι.
419 5671 733 5756 πρᾴξξσιν.
756 5673 892 5756 Πρω.
929 5671 1121 5756 adlidi
1152 5671 1383 5754 ἀγαθαῖς
1409 5676 1764 5756 ἐπιτέρπεται
1798 5701 1828 5756 π

1939 5684 2101 5756 ίεσινη
2155 5671 2913 5756 "”A.1.ln.l.lntextu-163v
2964 5689 3018 5739 0’
3077 5685 3328 5756 sequitur
3388 5671 3513 5755 ’ᾉγζ

247 5743 404 5812 γαίου
439 5743 534 5796 καὶ
563 5743 850 5814 Ζαχαρίου.
929 5743 974 5775 ⁸ο
1019 5743 1257 5813 ’Υμνεῖν
1280 5775 1348 5786 —
1378 5743 1757 5820 οἰκουμένην.
1795 5754 1828 5808 Α

1939 5754 2053 5824 h'ig.
2089 5753 2202 5810 haec
2235 5743 2550 5811 referuntur
2602 5757 2747 5825 apud
2799 5759 2964 5812 (λυγιι.
3005 5759 3039 5810 1.
3073 5773 3123 5812 c.
3247 5757 3374 5813 819.
