3996 6492
499 287 638 355 1983

1521 298 2015 362 THEODORETI
2049 302 2392 365 EPISCOPI
2452 305 2823 368 CYRENSIS

3650 308 3793 372 1984

567 400 734 458 Vsus.
762 401 848 471 19,
879 405 1216 472 15.‹ιειιιι]ο,
1249 420 1282 461 0
1310 403 1715 479 Hierosolyma,
1749 410 2043 466 Dominum

2266 413 2355 484 ιβ’,
2376 421 2467 485 ιγ’.
2490 435 2510 468 ι
2534 418 2802 485 Ἐπαίνει,
2851 414 3236 490 Ἰερουσαλὴμ,
3269 414 3361 470 τὸν
3389 413 3626 488 Κύριον,
3645 417 3789 471 αῑνει

492 491 654 546 lauda
672 492 840 548 Deum
863 505 1042 562 tuum,
1065 497 1220 552 Sion.
1245 495 1516 564 Quoniam
1544 501 1876 559 eonfortavit
1900 513 2079 558 vectes

491 591 777 651 portarum
805 594 1048 642 tuarum.
1089 607 1108 640 ι
1161 587 1264 644 Per
1313 590 1738 660 inexpugnabile
1783 592 1874 647 Dei
1926 595 2082 649 auxi-

491 673 623 726 lium
652 717 667 738 ,
715 683 770 730 et
813 677 880 732 ab
919 679 1172 736 hostibus
1218 681 1471 748 liberata,
1520 693 1575 738 et
1613 700 1723 738 non
1773 699 2078 757 expugnata

492 777 742 828 manens,
779 781 812 819 0
846 765 1225 839 Hierosolyma
1255 812 1270 835 ,
1304 771 1540 840 hymnos
1578 772 1827 828 benelicii
1864 777 2106 842 auctori_

489 857 750 924 repende.
787 857 1212 932 Hierosolymam
1251 873 1433 917 autem
1469 880 1578 920 non
1618 865 1844 921 :edificia
1887 879 2078 934 vocat,

490 947 590 1001 sed
628 948 748 1017 ejus
782 953 1010 1006 incolas.
1052 972 1072 1004 σ
1110 953 1392 1008 Benedixit
1428 955 1555 1011 llliis
1582 957 1766 1013 tuisin
1801 967 1906 1012 te.»
1943 958 2079 1016 Nam

492 1039 874 1099 benedictione
923 1053 1147 1114 accepta
1200 1045 1268 1102 de
1325 1047 1686 1117 procreandis
1741 1049 1971 1115 liberis,
2023 1059 2080 1106 et

494 1133 706 1198 multis,
738 1134 790 1188 in
828 1137 1238 1192 multitudinem
1268 1147 1428 1194 aucta
1460 1153 1542 1195 es.

562 1231 734 1290 Vsus.
770 1227 860 1281 14.
901 1247 919 1279 ‹
952 1226 1055 1294 Qui
1091 1231 1248 1300 ponit
1277 1231 1414 1286 ﬁnes
1445 1241 1571 1288 tuos
1606 1247 1814 1303 pacem.
1847 1232 2080 1290 rllndi—

492 1331 601 1386 que
635 1317 730 1371 tibi
760 1333 950 1388 pacem
985 1320 1230 1376 donavit.
1271 1321 1530 1379 Exterriti
1563 1325 1706 1380 enim
1736 1339 1951 1391 eorum,
1982 1327 2078 1397 qui

419 1465 423 1469 ,
493 1406 549 1461 in
585 1407 725 1463 bello
755 1410 1134 1467 occubuerunt
1157 1453 1172 1477 ,
1204 1422 1374 1480 metu,
1402 1415 1590 1470 caeteri
1623 1415 1804 1473 redire
1829 1432 1940 1473 non
1974 1419 2078 1473 ite-

492 1513 617 1552 rum
658 1501 881 1556 audent.
935 1521 953 1554 ι
984 1502 1051 1557 Et
1083 1504 1244 1574 adipe
1293 1503 1552 1562 frumenti
1603 1507 1765 1562 satiat
1806 1518 1877 1564 te.
1913 1530 1931 1562 ι
1970 1509 2078 1564 Co-

492 1591 647 1660 piose
685 1593 850 1648 etiam
893 1594 1043 1649 dedit
1085 1596 1185 1652 tibi
1234 1597 1376 1652 bona
1420 1614 1452 1653 e
1496 1609 1639 1656 terra
1677 1612 1818 1657 orta.
1857 1601 2078 1673 Adipem

2191 505 2284 559 τὸν
2306 506 2442 562 Θεόν
2471 526 2589 574 σου,
2625 509 2915 564 Σιών.⁹¹οτι
2957 509 3210 580 ὲνίσχυσε
3251 508 3375 572 τοὺς
3409 507 3648 580 μοχλοὺς
3677 509 3790 562 τῶν

2187 598 2373 652 πυλῶν
2407 616 2526 653 σου.
2553 619 2572 654 ο
2611 601 2711 654 Διά
2743 601 2844 672 τὴν
2889 601 3107 672 ἄμαχον
3137 599 3232 654 τοῦ
3266 599 3401 654 Θεοῦ
3446 599 3651 671 ῥοπὴν,
3694 602 3789 653 καὶ

2182 687 2292 742 τῶν
2343 690 2621 762 πολεμίων
2672 691 3214 759 ἀπαλλαγεῖσα,καὶ
3263 690 3695 763 ἀπολιόρκητος,
3744 684 3788 743 ὦ

2193 783 2569 856 Ἰερουσαλὴμ,
2592 785 2847 856 μείνασα,
2873 783 3066 855 ὕμνοις
3087 785 3315 855 ἀμείϐου
3340 785 3432 838 τὸν
3455 786 3784 855 εὐεργέτην.

2196 875 2596 946 Ἰερουσαλὴμ
2628 877 2688 930 δὲ
2735 878 2798 930 οὐ
2827 876 2928 940 τὰς
2953 876 3268 948 οἰκοδομίας
3294 877 3469 943 καλεῖ,
3489 876 3631 930 ἀλλά
3659 878 3785 940 τοὺς

2180 967 2384 1040 ταύτης
2430 971 2741 1042 οἰκήτορας.
2799 989 2819 1023 ι
2852 969 3135 1040 Εύλόγησε
3183 971 3311 1034 τοὺς
3357 969 3514 1034 υἱούς
3575 987 3678 1023 σου
3725 970 3786 1022 ὲν

2183 1060 2285 1114 σοί.
2324 1078 2343 1112 ι
2383 1060 2686 1126 Εὑπαιδίας
2721 1063 2830 1132 γὰρ
2861 1062 2957 1116 καὶ
2989 1061 3359 1125 πολυπαιδίας
3391 1061 3651 1130 εὐλογίαν
3683 1061 3784 1114 λαι-

2182 1151 2352 1204 6οὖσα
2386 1152 2466 1213 είς
2496 1150 2706 1222 πλῆθος
2736 1150 3004 1223 ηὗξήθης.

2252 1240 2332 1294 ιδ’.
2380 1259 2398 1293 ι
2421 1241 2480 1294 '0
2514 1240 2684 1304 τιθεὶς
2715 1241 2784 1294 τὰ
2807 1241 2934 1312 ὄριά
2975 1259 3069 1296 σου
3103 1242 3351 1314 εἰρήνην.
3383 1260 3400 1292 ι
3455 1241 3780 1314 Δεδώρηταί

2182 1349 2265 1389 σοι
2297 1333 2395 1386 καὶ
2437 1332 2778 1404 πανταχόθεν
2822 1334 3068 1405 εἰρήνην.
3094 1334 3624 1406 Ἐκδειματωθέντες
3667 1335 3779 1405 γὰρ

2178 1423 2258 1496 τῷ
2299 1425 2406 1479 δέει
2456 1426 2566 1479 τῶν
2607 1426 3007 1498 ἀναιρεθέντων
3044 1428 3220 1498 ἕτεροι
3250 1428 3413 1482 πάλιν
3453 1427 3778 1480 ἐπανελθεῖν

2179 1517 2240 1570 οὐ
2286 1516 2581 1588 τολμῶσιν.
2613 1537 2633 1570 ι
2687 1519 2800 1572 Καὶ
2848 1519 3016 1590 στέαρ
3068 1520 3246 1591 πυροῦ
3304 1519 3598 1590 ἐμπιπλῶν
3629 1537 3712 1574 σε.
3749 1538 3771 1572 ι

2193 1606 2492 1661 Ἑπέκλυσέ
2517 1626 2578 1662 τε
2611 1609 2706 1663 καὶ
2738 1612 2852 1675 τοῖς
2885 1610 2994 1664 ἀπὸ
3025 1612 3129 1681 γῆς
3155 1611 3401 1678 ἀγαθοῖς.
3435 1611 3628 1679 Στέαρ
3663 1611 3775 1683 γὰρ

492 1685 639 1738 enim
664 1685 918 1751 frumenti
947 1686 1224 1743 fructuum
1250 1690 1584 1746 affluentiam
1607 1694 1843 1760 vocavit,
1870 1710 1900 1748 a
1923 1704 2069 1764 parte

2180 1701 2376 1769 πυροῦ
2408 1700 2517 1754 τῶν
2546 1702 2776 1773 καρπῶν
2800 1703 2898 1776 τὴν
2924 1703 3187 1772 ἀφθονίαν
3218 1703 3502 1768 ἐκάλεσεν,
3531 1702 3643 1756 ἀπὸ
3675 1701 3774 1756 τοῦ

493 1784 669 1831 totum
697 1792 933 1844 vocans;
968 1795 1091 1835 nam
1123 1781 1448 1863 frumentum
1477 1793 1562 1838 est
1601 1785 1843 1840 triticum
1865 1827 1882 1852 ,
1913 1787 2069 1857 adeps

2181 1761 2379 1866 μέρους
2402 1796 2462 1849 τὸ
2499 1797 2607 1850 πᾶν
2624 1761 2928 1867 όνομάσάς.
2962 1761 3162 1865 ίῖυρὸς
3193 1796 3302 1867 γάρ
3333 1798 3481 1849 ἐστιν
3529 1797 3558 1849 ό
3603 1798 3774 1860 σῖτος,

489 1876 674 1922 autem
709 1869 964 1939 frumenti
994 1881 1079 1928 est
1114 1873 1519 1942 pulcherrimus
1555 1877 1734 1947 panis.
1777 1879 1883 1934 Per
1928 1879 2075 1937 hunc

490 1967 678 2015 autem
712 1960 929 2019 fructus
961 1964 1102 2020 alios
1131 1966 1448 2022 declaravit.
1490 1969 1690 2024 Verum
1736 1971 1839 2026 hac
1888 1973 2074 2042 provi-

488 2051 672 2106 dentia
701 2053 831 2107 olim
865 2053 1036 2111 Judaei
1076 2058 1232 2128 potiti
1263 2068 1394 2114 sunt
1422 2079 1435 2115 :
1481 2070 1603 2130 post
1650 2062 1859 2117 rabiem
1894 2079 2023 2120 vero
2052 2105 2068 2129 ,

488 2159 597 2213 qua
625 2145 678 2198 in
721 2144 1064 2203 Salvatorem
1094 2151 1287 2218 perciti
1318 2152 1580 2219 fuerunt,
1617 2155 1877 2211 omnibus
1910 2155 2072 2212 bonis

487 2235 666 2290 orbati
713 2247 860 2295 sunt.
907 2238 1202 2310 Propterea
1245 2258 1430 2300 sermo
1468 2247 1827 2316 propheticus
1861 2249 1928 2304 de
1961 2250 2070 2307 illis

488 2326 604 2382 luec
635 2329 853 2396 effatus,
883 2332 1128 2402 gentium
1143 2334 1474 2392 vaticinatur
1505 2339 1760 2394 salutem.

555 2501 722 2561 Vms.
758 2507 844 2562 15.
894 2527 913 2561 ι
949 2508 1053 2576 Qui
1101 2511 1270 2568 mittit
1315 2514 1600 2586 eloquium
1654 2534 1817 2575 suum
1867 2531 2063 2588 teme,

484 2597 745 2653 velociter
776 2601 948 2656 currit
980 2618 1163 2659 sermo
1204 2606 1342 2676 ejus.
1385 2629 1404 2661 ›
1445 2607 1746 2666 Sermonem
1797 2613 1902 2668 hoc
1945 2614 2066 2670 loco

485 2686 764 2758 Evangelii
799 2693 1240 2760 praedicationem
1267 2702 1503 2757 vocavit.
1534 2703 1690 2758 Hanc
1728 2703 1941 2777 1574
1967 2722 2064 2762 au-

490 2786 600 2832 tem
633 2795 742 2835 non
772 2781 975 2840 Juda‘is
1003 2787 1179 2843 solum
1201 2832 1215 2856 ,
1260 2792 1355 2846 sed
1399 2793 1562 2847 etiam
1599 2797 1854 2865 gentibus
1887 2799 2065 2853 omni-

486 2869 589 2924 bus
635 2872 802 2929 misit.
857 2896 876 2927 ι
915 2876 1120 2935 Euntes
1153 2883 1340 2948 enim,
1391 2885 1608 2955 inquit,
1643 2888 1837 2944 docete
1871 2905 2066 2948 omnes

485 2969 674 3030 gentes
696 2976 744 3018 α.
767 2985 785 3016 ι
823 2966 1071 3026 Ostendit
1094 2989 1223 3029 vero
1245 2991 1462 3047 quoque
1482 2979 1812 3036 celeritatem
1845 2997 2064 3038 cursus.

2173 1884 2358 1954 στέαρ
2383 1884 2440 1938 δὲ
2467 1887 2662 1955 πυροῦ
2691 1889 2720 1941 ό
2751 1887 3038 1951 κάλλιστος
3071 1889 3253 1959 ἄρτος.
3283 1887 3567 1958 Δεδήλωκε
3597 1887 3656 1940 δὲ
3681 1886 3778 1940 διὰ

2172 1976 2362 2030 τούτου
2392 1977 2486 2030 καὶ
2511 1979 2635 2041 τοὺς
2659 1977 2854 2043 ἄλλους
2876 1977 3150 2050 καρπούς.
3169 1977 3331 2032 Ἀλλά
3365 1978 3574 2048 ταύτης
3598 1978 3772 2031 παλαι

2172 2068 2274 2140 τῆς
2294 2068 2552 2141 προνοίας
2585 2069 2869 2142 ἀπήλαυον
2893 2070 3172 2125 Ἰουδαῖοι·
3197 2071 3338 2125 κατά
3361 2070 3419 2124 δὲ
3446 2070 3542 2123 τοῦ
3575 2069 3761 2138 Σωτῆ-

2176 2177 2266 2232 ρος
2302 2159 2662 2230 λυττήσαντες
2691 2159 2888 2232 ἔρημοι
2934 2161 3153 2216 πάντων
3183 2162 3430 2230 ἐγένοντο
3475 2159 3587 2213 τῶν
3634 2162 3772 2228 ἀγα-

2173 2252 2303 2307 θῶν.
2331 2253 2432 2307 Διά
2459 2253 2616 2307 τοῦτο
2655 2255 2752 2307 καὶ
2801 2254 2829 2306 ό
2873 2253 3214 2324 προφητικὺς
3244 2253 3401 2324 λόγος
3433 2253 3608 2307 ταῦτα
3638 2255 3773 2326 περὶ

2171 2341 2394 2396 ἐκείνων
2421 2341 2730 2408 διεξελθὼν,
2759 2343 2871 2396 τῶν
2919 2342 3094 2398 ἐθνῶν
3143 2342 3503 2414 προθεσπίζει
3531 2343 3634 2414 τὴν
3663 2361 3772 2397 an»

2170 2450 2236 2505 τη
2245 2433 2390 2504 ρίαν.

2242 2533 2326 2580 ιε’.
2371 2545 2390 2578 ι
2412 2527 2472 2579 ὐ
2501 2524 2852 2580 ἀποστέλλων
2899 2522 2960 2577 τὸ
3012 2521 3196 2591 λόγιον
3238 2522 3404 2576 αὐτοῦ
3434 2526 3499 2594 τῇ
3533 2525 3629 2594 γῇ,
3659 2523 3769 2586 ἕως

2170 2621 2371 2691 τάχους
2411 2620 2698 2691 δραμεῖται
2741 2619 2769 2672 ὁ
2800 2620 2960 2688 λόγος
2995 2619 3182 2672 αὑτοῦ.
3216 2638 3234 2671 ι
3288 2621 3484 2687 Λόγον
3527 2619 3769 2672 ἐνταῦθα

2172 2711 2524 2782 εύαγγελικὸν
2545 2713 2769 2766 ἐκάλεσε
2792 2715 3076 2786 κήρυγμα.
3098 2710 3266 2765 Τοῦτο
3289 2711 3346 2764 δὲ
3364 2713 3464 2765 οὐκ
3482 2711 3767 2775 Ἰουδαίοις

2172 2806 2351 2876 μόνον,
2401 2805 2536 2858 ἀλλά
2579 2806 2674 2858 καὶ
2715 2808 2829 2870 τοῖς
2860 2805 3042 2868 ἄλλοις
3073 2806 3241 2859 πᾶσιν
3287 2804 3603 2874 ἀνθρώποις
3656 2804 3764 2856 ἀπ-

2168 2895 2400 2949 έστειλε.
2456 2914 2475 2946 ι
2518 2895 2885 2967 Πορευθέντες
2931 2894 3081 2966 γὰρ,
3136 2895 3273 2964 φησὶ
3302 2936 3317 2960 ,
3376 2893 3766 2965 μαθητεύσατε

2169 2987 2349 3042 πάντα
2372 2986 2440 3041 τὰ
2461 2968 2608 3058 ἔθνη.
2635 3005 2654 3039 ι
2688 2987 2897 3052 Ἔδειξε
2925 2987 2980 3041 δὲ
3008 2990 3104 3040 καὶ
3127 2987 3225 3060 τὴν
3250 2987 3485 3059 ὀξύτητα
3509 2986 3609 3039 τοῦ
3638 2985 3759 3058 δρό-

488 3052 642 3107 Brevi
673 3057 818 3111 enim
848 3069 1095 3132 tempore
1126 3075 1295 3120 totam
1323 3078 1520 3124 terram
1551 3079 1605 3126 et
1639 3089 1790 3129 mare
1815 3074 2065 3132 doctrina

2179 3096 2297 3150 μου.
2317 3079 2406 3132 Ἐν
2438 3052 2607 3149 όλίγιρ
2648 3077 2758 3150 γὰρ
2795 3079 2971 3149 χρόνῳ
3003 3052 3194 3132 πᾶσαν.
3214 3052 3316 3150 γῆν
3349 3052 3444 3131 καὶ
3471 3052 3765 3131 θάλασσαν

486 3145 869 3215 impleverunt.
902 3152 1015 3210 Hoc
1043 3159 1349 3227 praevidens
1374 3160 1640 3233 Propheta
1663 3168 1794 3222 dicit
1818 3187 1832 3223 :
1862 3187 1880 3220 ι
1915 3169 2071 3224 Velo-

483 3239 621 3294 citer
654 3245 831 3298 currit
864 3262 1048 3303 sermo
1075 3251 1217 3321 ejus.
1249 3273 1267 3304 ι
1309 3252 1365 3310 ld
1397 3272 1527 3311 vero
1563 3275 1670 3313 non
1712 3276 1937 3328 novum,
1973 3279 2072 3320 nec

484 3347 648 3400 supra
689 3335 851 3392 ﬁdem
879 3350 961 3396 est
989 3381 1005 3406 ,
1037 3346 1229 3399 omnia
1264 3349 1414 3402 enim
1443 3351 1641 3405 divina:
1674 3355 1939 3410 voluntati
1980 3373 2071 3414 cc-

474 3423 638 3479 dunt.
675 3426 862 3498 Itaque
889 3447 1158 3501 aquarum
1195 3450 1471 3510 naturam,
1505 3460 1630 3499 cum
1670 3462 1774 3503 una
1808 3450 1916 3512 sit.
1942 3466 2070 3507 mox

479 3524 542 3570 ut
573 3519 766 3586 voluit,
799 3521 855 3575 in
884 3523 1129 3583 infinitas
1150 3532 1366 3597 species
1398 3535 1682 3592 transfert.

549 3695 718 3755 Vsus.
744 3700 812 3756 16
832 3741 847 3768 ,
881 3703 968 3760 17.
1013 3723 1033 3757 ι
1059 3706 1164 3772 Qui
1192 3707 1286 3764 dat
1315 3710 1497 3767 nivem
1541 3713 1685 3772 sicut
1713 3715 1890 3774 lanam
1913 3760 1930 3787 ,
1967 3737 2068 3778 ne-

480 3787 668 3844 bulam
699 3793 846 3849 sicut
865 3796 1108 3854 cinerem
1133 3803 1360 3873 spargit.
1379 3803 1878 3880 Mittitcrystallum
1905 3830 2063 3869 suam

473 3881 617 3937 sicut
637 3884 935 3944 buccellas.
958 3908 976 3941 ι
1002 3888 1136 3946 Nam
1175 3909 1241 3948 ex
1270 3911 1376 3950 una
1410 3913 1680 3968 aquarum
1715 3913 1909 3960 natura
1925 3906 1985 3960 ﬁt
2013 3915 2068 3962 et

469 3973 679 4042 glacies
705 3978 878 4035 solida
910 3989 965 4036 et
993 3985 1279 4052 resistens,
1315 3997 1370 4042 et
1402 3990 1493 4044 nix
1524 4007 1646 4046 rara
1681 4003 1736 4048 et
1771 3996 1970 4063 mollis,
2006 4014 2068 4068 οι

474 4064 614 4122 lanae
639 4067 932 4125 fracturam
969 4073 1212 4131 imitans.
1244 4075 1328 4132 Fit
1353 4081 1516 4134 etiam
1548 4084 1726 4139 oulvis
1759 4064 2059 4146 humidusi

474 4156 600 4212 talis
622 4159 767 4214 enim
795 4171 877 4217 est
901 4165 1111 4221 nebulae
1139 4177 1358 4224 natura.
1395 4188 1414 4222 ι
1434 4171 1632 4229 Coram
1663 4174 1868 4246 frigore
1898 4181 1916 4198 ⁶
1939 4181 2061 4252 ejus

475 4247 603 4315 quis
640 4251 947 4308 consistet?
993 4257 1230 4327 «[Aerem
1268 4261 1434 4317 etiam
1474 4262 1634 4320 facile
1672 4247 1985 4335 immutat;
2007 4279 2064 4328 et

469 4352 598 4392 eum
638 4340 732 4410 qui
781 4345 943 4401 modo
990 4348 1202 4406 calidus
1231 4363 1383 4420 erat,
1425 4357 1589 4425 paulo
1625 4370 1749 4428 post
1799 4363 2056 4434 frigidum

474 4426 628 4485 facit.

543 4605 710 4662 Vsus.
740 4609 826 4664 18.
867 4631 886 4659 σ
920 4612 1144 4671 Emittet
1171 4620 1395 4675 verbum
1430 4638 1627 4689 suum,
1658 4637 1710 4682 et
1738 4628 2054 4700 liquefaciet

2174 3170 2273 3240 τῆς
2301 3169 2652 3232 διδασκαλίας
2681 3170 2818 3241 ὲπλή
2831 3187 3032 3238 ρωσαν.
3065 3169 3237 3223 Τοῦτο
3272 3168 3521 3241 προορῶν
3549 3171 3577 3221 ό
3618 3169 3765 3238 Προ-

2174 3262 2351 3334 φήτης
2379 3261 2506 3333 ἔφη,
2545 3260 2720 3324 (Ἕως
2747 3261 2946 3332 τάχους
2971 3261 3261 3333 δραμεῖται
3285 3263 3313 3314 ὁ
3338 3261 3492 3328 λόγος
3529 3257 3755 3314 αὑτοῦ.»

2172 3354 2284 3409 Καὶ
2323 3354 2509 3408 καινὸν
2553 3353 2725 3416 οὐδὲν,
2752 3354 2874 3407 οὐδὲ
2907 3353 3231 3424 παράδοξον.
3273 3353 3456 3406 Ηάντα
3483 3353 3592 3423 γὰρ
3618 3351 3760 3404 εἴκει

2171 3445 2248 3516 τῷ
2288 3445 2416 3517 θείῳ
2446 3444 2768 3516 βουλήματι.
2803 3446 3017 3500 Αὐτίκα
3057 3446 3235 3499 τοίνυν
3263 3447 3372 3499 τῶν
3414 3444 3625 3498 ὑδάτων
3659 3443 3760 3512 τὴν

2171 3534 2334 3604 φύσιν
2361 3534 2489 3607 μίαν
2514 3531 2679 3590 οὖσαν
2711 3537 2791 3600 εἰς
2821 3536 3023 3608 μυρίας
3070 3535 3213 3600 ἰδέας
3247 3534 3531 3607 βουληθεὶς
3584 3549 3758 3604 μετα-

2171 3626 2379 3682 σάλλει.

2243 3721 2339 3786 ις’,
2370 3719 2454 3786 ιζ’.
2502 3741 2522 3773 ι
2558 3719 2864 3784 Διδόντος⁸¹
2893 3720 3048 3790 χιόνα
3077 3717 3245 3774 αὐτοῦ
3279 3718 3409 3770 ὡσεὶ
3446 3717 3614 3788 ἔριον,
3640 3715 3761 3785 ὁμί-

2167 3814 2302 3884 χλην
2333 3797 2466 3868 ὡσεὶ
2495 3813 2690 3868 σποδὸν
2729 3812 3049 3876 πάσσοντος.
3081 3811 3376 3898 Βάλλοντος
3416 3810 3759 3881 κρύσταλλον

2169 3904 2331 3958 αὑτοῦ
2345 3906 2390 3936 ⁸⁸
2424 3903 2558 3958 ὡσεὶ
2589 3903 2839 3974 ψωμούς.
2875 3921 2893 3955 ι
2931 3904 3024 3956 Ἐκ
3054 3905 3162 3975 γὰρ
3187 3903 3286 3971 τῆς
3335 3901 3463 3972 μιᾶς
3487 3900 3598 3954 τῶν
3637 3900 3754 3953 ὑδά-

2167 4013 2273 4050 των
2295 3995 2481 4058 οὐσίας
2510 3995 2720 4065 γίνεται
2751 3994 2849 4065 μὲν
2877 3994 3167 4053 ἀντίτυπος
3204 3992 3574 4065 κρύσταλλος·
3604 3990 3756 4058 γίνε-

2165 4106 2256 4141 ται
2288 4088 2344 4142 δὲ
2367 4087 2499 4158 χιὼν
2525 4088 2669 4158 μανή
2700 4103 2760 4139 τε
2795 4087 2890 4139 καὶ
2922 4085 3164 4156 μαλακὴ,
3191 4086 3287 4137 καὶ
3317 4083 3466 4154 ἐρίου
3489 4084 3757 4152 κάταγμα

2170 4179 2480 4250 μιμουμένη
2503 4194 2517 4208 ·
2550 4177 2760 4246 γίνεται
2786 4177 2841 4231 δὲ
2875 4177 2971 4231 καὶ
3002 4177 3148 4239 κόνις
3178 4176 3342 4247 ὑγρά.
3375 4174 3613 4244 Τοιαύτη
3644 4174 3757 4244 γὰρ

2164 4271 2262 4340 τῆς
2292 4270 2520 4342 ὁμίχλης
2549 4271 2583 4341 ἡ
2626 4270 2806 4340 φύσις.
2860 4286 2880 4320 ι
2912 4267 3072 4322 Κατὰ
3103 4269 3395 4340 πρόσωπον
3422 4267 3517 4320 τοῦ
3544 4266 3759 4335 ψύχους

2164 4361 2330 4416 αὐτοῦ
2364 4363 2447 4424 τίς
2475 4362 2870 4433 ὐποστήσεταις
2907 4378 2926 4412 ι
2965 4359 3079 4414 Καὶ
3107 4359 3198 4412 τὸν
3225 4359 3362 4430 ἀέρα
3391 4357 3446 4411 δὲ
3477 4357 3760 4428 μεταϐάλ-

2090 4481 2133 4536 D
2164 4454 2244 4507 λει
2277 4453 2496 4525 ῥᾳδίως,
2524 4453 2618 4506 καὶ
2666 4455 2755 4506 τὸν
2800 4453 2924 4523 ἄρτι
2956 4451 3204 4523 φλογώδη
3244 4451 3364 4522 μετ’
3394 4450 3579 4518 ὀλίγον
3616 4467 3758 4518 κρυ-

2207 4545 2315 4614 ώδη
2348 4547 2514 4598 ποιεῖ.

2165 4562 2315 4616 μωοη
2348 4562 2514 4598 ποιει.

2234 4633 2321 4707 ιη’.
2371 4635 2793 4702 «Ἑξαποστελεῖ
2810 4636 2856 4667 ⁸³
2909 4634 2999 4690 τὸν
3047 4634 3208 4703 λόγον
3258 4632 3446 4698 αὑτοῦ,
3474 4634 3573 4687 καὶ
3597 4631 3758 4702 τήξει

468 4713 558 4762 ea,
591 4697 745 4754 ﬂabit
773 4703 997 4771 spiritus
1026 4708 1170 4777 ejus,
1197 4719 1249 4764 et
1273 4710 1442 4766 fluent
1469 4731 1680 4784 aquai,»
1718 4697 1821 4773 Sed
1855 4737 2049 4778 rursus

2179 4727 2336 4781 ιύτά⁸
2367 4726 2590 4781 πνεύσει
2621 4727 2682 4780 τὸ
2715 4725 2933 4798 πνεῦμα
2964 4725 3131 4780 αὑτοῦ
3153 4767 3168 4791 ,
3202 4727 3296 4780 καὶ
3326 4727 3592 4797 ῥυήσεται
3621 4725 3754 4778 ὕδα-

469 4807 594 4845 cum
615 4793 729 4846 vult
755 4809 953 4864 aquam
979 4800 1371 4867 conglaciatam
1401 4803 1561 4862 facile
1585 4809 1853 4878 dissolvit,
1879 4824 1934 4868 et
1958 4831 2054 4885 per

2179 4835 2249 4870 :a.
2283 4836 2300 4867 ι
2339 4817 2499 4870 Ἀλλά
2539 4817 2701 4872 πάλιν
2729 4793 3012 4888 βουληθεὶς
3051 4817 3112 4870 τὸ
3150 4793 3502 4888 παγὲν-ὓδωρ
3535 4816 3752 4870 διαλύει

469 4877 618 4934 rivos
650 4895 873 4936 currere
904 4883 1052 4943 facit.
1084 4886 1220 4943 Nam
1251 4893 1493 4960 spirante
1524 4908 1733 4965 austro,
1759 4912 1813 4956 et
1840 4877 1974 4972 nix,
1999 4917 2054 4962 et

468 4971 672 5038 glacies
701 4975 951 5032 solvitur.
975 4978 1091 5034 Non
1126 4991 1330 5040 temere
1355 4998 1534 5044 autem
1567 4994 1632 5046 de
1667 4993 1748 5050 his
1781 4971 2058 5053 narratio-

458 5077 590 5116 .ne:n
628 5065 907 5135 instituit,
952 5070 1049 5126 sed
1083 5074 1184 5128 alia
1227 5092 1322 5146 per
1363 5079 1478 5135 haec
1512 5083 1784 5143 indicans.
1845 5088 2055 5155 Quem-

456 5151 764 5211 admodum
795 5161 941 5216 enim
972 5166 1066 5220 nix
1093 5166 1349 5225 deorsum
1381 5172 1557 5230 deleta
1585 5189 1802 5236 montes
1838 5180 2053 5252 implet,

530 5371 564 5400 -ι
603 5359 788 5415 Matth.
811 5378 1015 5432 _xxvu|,
1051 5367 1137 5426 19.

2164 4909 2378 4988 ῥαδίως,
2412 4909 2507 4962 καὶ
2537 4907 2832 4980 κρουνηδὸν
2853 4908 3119 4979 φέρεσθαι
3143 4908 3302 4962 τοῦτο
3326 4912 3487 4962 ποιεῖ.
3506 4907 3616 4961 Τοῦ
3641 4909 3755 4979 γὰρ

2165 5007 2317 5055 νότου
2367 5002 2638 5066 πνέοντος,
2673 5002 2768 5055 καὶ
2815 5000 2970 5072 χιὼν,
3002 5001 3098 5055 καὶ
3142 5000 3478 5072 κρύσταλλος
3533 5001 3750 5057 λύεται.

2165 5093 2278 5162 Οὐχ
2303 5091 2492 5155 ἁπλῶς
2521 5093 2580 5146 δὲ
2606 5091 2809 5146 τούτων
2839 5092 3141 5162 ἐποιήσατο
3173 5092 3272 5162 τὴν
3299 5091 3579 5162 διήγησιν,
3609 5092 3753 5145 ἀλλά

2164 5183 2325 5255 ἕτερα
2369 5185 2456 5238 διὰ
2486 5184 2694 5238 τούτων
2719 5183 3025 5255 σημαίνων.
3069 5183 3339 5256 Καθάπερ
3369 5184 3480 5254 γὰρ
3525 5185 3560 5255 ἡ
3613 5182 3750 5255 χιὼν

1580 5492 1810 5550 νΑιιιλΕ
1852 5494 2234 5554 LECTIONES
2269 5494 2354 5551 ET
2386 5495 2619 5553 NOTAE.

533 5656 878 5747 σιριδόντος.
957 5663 1196 5747 lu_t-xtu
1232 5673 1336 5728 τῶν
1365 5677 1419 5730 0'
1460 5690 1647 5746 prtem.
1675 5676 1786 5732 τοῦ.
1864 5677 1908 5710 "
1938 5677 2069 5747 Kpt’n

2179 5676 2562 5735 .morat'itoﬁ.
2597 5675 2761 5732 Hebr.
2795 5673 3028 5732 Glaciem
3055 5691 3226 5732 suam.
3314 5675 3361 5708 ⁸³
3395 5676 3524 5733 Rec.
3577 5675 3742 5732 lectio

465 5731 533 5787 li.
578 5731 614 5784 l.
640 5743 721 5788 est
752 5737 1057 5792 ἀποστελεῖ.
