3996 6488
251 326 391 391 1985

1566 332 1649 393 IN
1686 332 1912 396 .PSAL.
1942 331 2257 394 CXLVIII.

3390 332 3533 399 1936

247 442 674 515 καταφερομένη
702 441 771 495 τὰ
799 440 902 513 ὅρη
929 440 1160 511 ιιτιληροῖ⁹
1192 438 1470 511 τηκομένη
1498 441 1557 495 δὲ
1598 443 1679 505 εἰς
1715 445 1842 506 τοὺς

1954 444 2237 513 liquefacta
2268 458 2394 498 vero
2434 443 2487 497 in
2526 442 2807 512 proximos
2838 443 3033 499 ﬂuvios
3069 443 3283 509 fertur,
3320 456 3376 501 et
3405 449 3531 503 aliis
3596 464 3600 469 ‘

244 535 696 606 παρακειμένους
727 535 896 604 χωρεῖ
923 531 1227 601 ποταμοίκ,
1259 532 1355 584 καὶ
1391 531 1612 603 χωρίοις
1632 533 1842 604 ἑτέροις

245 625 443 697 ἀρδεία
488 624 897 695 προσφέρεται·
938 620 1082 675 οὕτω
1120 620 1231 673 τῶν
1276 616 1574 674 θεοσδότων
1620 622 1841 690 ἀγαθῶν

243 719 279 787 ἡ
323 716 467 786 φορὰ
520 714 761 786 πρώτοις
814 713 914 784 μὲν
973 710 1320 784 προσηνέχθη
1365 715 1475 774 τοῖς
1522 713 1839 775 Ἰουδαίοις·

246 809 476 863 ἐκείνων
518 808 576 861 δὲ
608 805 1138 877 παραπεμψαμένων
1173 804 1271 875 τὴν
1293 804 1474 875 χάριν,
1502 804 1589 859 διὰ
1619 806 1729 859 τῶν
1765 807 1842 859 ἱε-

250 901 360 972 ρῶν
408 900 745 962 ἀποστόλων,
781 898 972 969 ῶσπερ
1019 896 1108 950 διά
1159 913 1320 949 τινων
1350 896 1696 968 ποταμῶν,ἠ
1743 898 1841 968 τῆς

245 991 600 1055 διδασκαλίας
625 990 819 1062 ἀρδεία
847 988 1194 1061 προσηνέχθη
1222 990 1333 1052 τοῖς
1362 987 1589 1042 ἔθνεσιν.

321 1104 406 1159 ιϐ’.
448 1123 468 1155 ι
501 1101 562 1157 '0
583 1102 631 1134 “
660 1101 1007 1156 ἀποστέλλων
1031 1101 1093 1154 τὸ
1118 1100 1296 1170 λόγιον
1317 1098 1483 1154 αὑτοῦ
1514 1099 1592 1171 τῷ
1621 1100 1836 1156 Ἰακώϐ·

1944 534 2080 588 locis
2126 534 2507 603 irrigationem
2547 534 2735 597 aliert,
2799 535 2881 590 sic
2930 536 3203 591 bonorum
3250 536 3529 594 aﬂluentia

1943 626 2208 680 divinitus
2249 626 2413 690 data,
2465 624 2671 680 ludatis
2716 626 2910 695 primis
2957 643 3089 682 sane
3148 628 3329 683 oblata
3388 628 3529 697 fuit,

1949 716 2161 788 1575
2202 718 2307 773 illis
2336 734 2463 772 vero
2491 721 2721 788 gratiam
2764 721 3160 786 renuentibus,
3203 736 3301 791 per
3339 737 3534 777 sacros

1892 835 1903 844 -
1944 812 2258 881 apostolos,
2312 811 2480 865 veluti
2527 827 2622 877 per
2662 813 2934 881 quosdam
2984 812 3181 870 ﬂuvios
3207 856 3222 881 ,
3262 815 3534 871 doctrina:

1945 901 2194 974 irrigatio
2226 903 2481 972 gentibus
2515 912 2599 958 est
2630 905 2814 959 oblata

2013 1098 2176 1155 Vens.
2210 1101 2327 1156 19.0
2360 1100 2774 1168 Quiannuntiat
2804 1103 3032 1157 verbum
3071 1120 3232 1160 suum
3271 1104 3480 1161 Jacobo
3510 1126 3529 1160 :

248 1193 599 1265 δικαιώματα
628 1193 726 1247 καὶ
754 1192 1000 1263 κρίματα
1030 1190 1197 1245 αὐτοῦ
1223 1190 1301 1261 τῷ
1334 1191 1571 1263 Ἰσραήλ.
1608 1211 1627 1244 ι
1662 1193 1837 1247 Πάλαι

1954 1192 2184 1251 lustitias
2217 1194 2494 1262 etjudicia
2517 1210 2616 1250 sua
2642 1195 2880 1250 lsraeli.»
2905 1196 3043 1250 Olim
3074 1197 3294 1266 quidem
3324 1199 3525 1268 legem,

252 1288 350 1357 μὲν
396 1287 489 1338 τὸν
527 1285 712 1356 νόμον,
750 1284 889 1355 μετὰ
931 1283 989 1335 δὲ
1022 1282 1197 1337 ταῦτα
1230 1284 1324 1337 καὶ
1354 1285 1454 1354 τὴν
1499 1284 1694 1355 χάρινο
1722 1286 1837 1339 ἀλλ’

248 1380 463 1445 ἀνάξιοι
487 1378 768 1448 ἑκατέρων
802 1376 1147 1447 ἐδείχθησαν.

318 1495 390 1547 κ’.
432 1513 450 1544 ι
480 1493 595 1545 Οὐκ
621 1490 879 1559 ἐποίησεν
902 1489 1076 1551 οὕτως
1109 1488 1272 1541 παντὶ
1299 1488 1460 1554 ἔθνει,
1487 1489 1583 1543 καὶ
1614 1488 1682 1543 τὰ
1715 1488 1838 1561 κρί-

251 1603 398 1657 ματα
417 1585 584 1639 αύτοῦ
620 1584 720 1637 οὐκ
739 1582 1008 1652 ἐδήλωσεν
1034 1581 1099 1636 ⁸⁸.
1130 1600 1149 1634 ι
1190 1580 1380 1634 Ούδενὶ
1398 1581 1506 1652 γὰρ
1532 1582 1641 1634 τῶν
1668 1581 1836 1635 ἐθνῶν

246 1683 338 1735 τὸν
366 1680 459 1733 διὰ
486 1672 687 1733 Μωσοῢ
722 1676 923 1730 δέδωκε
946 1676 1133 1746 νόμον,
1168 1674 1294 1729 οὔτε
1322 1675 1421 1747 τὴν
1451 1675 1541 1730 διὰ
1569 1676 1675 1729 τῶν
1701 1693 1834 1747 προ-

248 1774 441 1845 φητῶν
493 1771 890 1842 προσενήνοχεν
934 1768 1226 1837 ὠφέλειαν.
1254 1767 1494 1831 Τούτους
1534 1768 1591 1822 δὲ
1642 1768 1837 1838 μόνους

1939 1294 2125 1355 postea
2164 1300 2294 1340 vero
2330 1294 2396 1361 et
2429 1287 2659 1357 gratiam
2698 1303 2712 1339 :
2759 1288 2853 1343 sed
2890 1300 3125 1359 utroque
3180 1289 3390 1361 indigni
3427 1305 3525 1346 co-

1940 1374 2075 1443 gniti
2101 1383 2254 1429 sunt.

2010 1487 2179 1542 Vsus.
2207 1487 2296 1543 20.
2335 1506 2354 1539 ι
2386 1486 2505 1542 Non
2539 1487 2664 1544 fecit
2696 1489 2771 1545 ila
2809 1490 2906 1544 ulli
2940 1492 3189 1558 nationi,
3221 1502 3275 1549 et
3314 1494 3529 1563 judicia

1940 1592 2036 1632 sua
2052 1593 2162 1631 non
2184 1576 2577 1633 manifestavit.
2600 1596 2618 1630 ι
2641 1578 2782 1633 Nulli
2807 1582 2951 1636 enim
2975 1584 3212 1652 gentium
3229 1599 3325 1653 per
3339 1584 3525 1640 Mosen

1941 1669 2113 1740 legem
2138 1670 2303 1731 dedit,
2332 1685 2509 1739 neque
2534 1686 2631 1739 per
2651 1675 2946 1742 prophetas
2976 1676 3267 1730 utilitatem
3300 1679 3485 1733 attulit
3511 1697 3525 1734 :

1942 1761 2042 1815 hos
2094 1771 2278 1815 autem
2333 1761 2481 1817 solos
2538 1762 2641 1817 hac
2696 1764 3014 1835 irrigatione
3063 1768 3257 1839 dignos
3315 1770 3527 1825 habuit.

247 1866 349 1935 τῆς
384 1864 648 1933 τοιαύτης
677 1862 903 1933 ἀρδείας
932 1861 1164 1931 ἠξίωσεν
1189 1879 1203 1893 ο
1251 1860 1365 1915 ἀλλ’
1392 1861 1677 1932 ἀχάριστοι
1713 1862 1841 1932 περὶ

1954 1850 2150 1907 Tamen
2201 1854 2396 1922 ingrati
2450 1870 2579 1927 erga
2628 1855 2879 1912 benelicii
2936 1871 3219 1915 auctorem
3281 1862 3526 1918 fuerunt.

249 1955 339 2011 τὸν
364 1956 665 2027 εὐεργέτην
717 1954 987 2022 ἐγένοντο.
1018 1953 1099 2005 Τά
1125 1953 1182 2007 δὲ
1212 1953 1361 2025 ἔθνη,
1394 1953 1486 2007 διὰ
1523 1953 1632 2006 τῶν
1677 1953 1841 2024 ίερῶν

246 2049 575 2104 ἀποστόλων
609 2046 703 2101 τοῦ
734 2044 925 2117 νοεροῦ
961 2045 1139 2115 φωτὸς
1184 2045 1284 2117 τὴν
1316 2044 1513 2117 αἴγλην
1546 2045 1839 2117 δεξάμενοι,

250 2143 339 2196 τὸν
368 2141 581 2194 οξκεῖον
608 2139 823 2207 ἐπέγνω
847 2136 1204 2208 δημιουργὸν,
1226 2136 1322 2191 καὶ
1343 2135 1519 2208 τούτῳ
1543 2135 1844 2210 προσφέρει

249 2232 309 2286 τὸ
343 2231 515 2286 σέϐας
538 2230 829 2303 διηνεκῶς.

553 2370 821 2425 EPMIIN.
859 2370 998 2425 ΤΟΥ
1024 2373 1190 2426 PMH'
1216 2372 1542 2426 ΨΔΛΜΟΥ.

320 2484 390 2540 α’.
422 2505 441 2539 α
479 2486 1216 2554 Ἀλ.1ηλούῖα,ἀλληλούὶὶι
1229 2488 1298 2543 ⁸⁸.
1324 2486 1529 2558 Διπλῆν
1548 2486 1844 2559 ἐποιήσατο

248 2579 349 2651 τὴν
373 2579 784 2650 παρακέλευσιν
804 2580 832 2631 ὁ
849 2576 1164 2651 Προφήτης,
1188 2580 1270 2642 εἰς
1294 2577 1512 2632 πλείονα
1532 2578 1845 2651 προθυμίαν

248 2671 351 2735 τὰς
374 2668 558 2741 ψυχὰς
593 2668 949 2740 παραθήγων.
990 2669 1197 2739 Ὕμνος
1234 2669 1290 2722 δὲ
1322 2669 1418 2723 καὶ
1465 2663 1620 2732 οὗτος
1658 2669 1845 2740 ἔτερος

247 2766 351 2834 τὴν
385 2764 565 2817 κτίσιν
594 2762 833 2828 ἃπασαν,
861 2765 1060 2832 νοητήν
1087 2778 1149 2813 τε
1178 2763 1272 2814 καὶ
1296 2761 1584 2834 αἰσθητὴν,
1618 2762 1843 2833 λογικήν

248 2871 311 2908 τε
344 2854 440 2907 καὶ
467 2853 682 2920 ἄλογον,
712 2851 956 2921 ἔμψυχόν
981 2868 1041 2903 τε
1070 2852 1164 2905 καὶ
1188 2850 1417 2921 ἄψυχον,
1436 2852 1517 2914 εἰς
1546 2850 1677 2921 μίαν
1702 2869 1843 2921 συμ-

252 2945 466 3016 φωνίαν
494 2944 596 3014 τῆς
628 2942 900 3014 ύμνῳδὶας
922 2942 1229 3013 διεγείρων,
1263 2941 1505 3013 Οὐρανὸν
1536 2943 1721 3012 μέντοι
1750 2946 1847 2997 καὶ

251 3041 383 3108 γῆν,
436 3037 533 3090 καὶ
580 3034 873 3099 ἀὸύσσους,
911 3035 1006 3088 καὶ
1048 3036 1176 3097 τοὺς
1218 3034 1337 3087 κατ’
1364 3035 1594 3105 οὐρανὸν
1628 3037 1847 3105 φωστῆ-

258 3148 380 3200 ρας,
426 3130 524 3183 καὶ
556 3129 684 3198 ὅρη.
721 3129 817 3181 καὶ
859 3127 1025 3196 φυτὰ,
1073 3127 1165 3180 καὶ
1210 3128 1259 3179 τ’
1287 3127 1425 3181 ἄλλα
1457 3129 1558 3182 ὅσα
1589 3130 1842 3192 τοιαῦτα,

256 3223 360 3276 ὅσα
393 3222 438 3252 ⁸⁷
466 3220 645 3290 ψυχῆς
679 3219 774 3273 καὶ
804 3218 963 3285 λόγου
1008 3216 1328 3286 μετέχοντα,
1380 3219 1716 3289 προσφέρειν
1754 3221 1845 3274 τὸν

258 3312 430 3380 ὕμνον
491 3308 802 3379 παρεγγυᾷ.
847 3304 988 3360 Ἀλλ’
1020 3308 1101 3367 είς
1152 3304 1327 3357 ταῦτα
1371 3304 1466 3358 τοῦ
1510 3305 1671 3373 λόγου
1717 3324 1844 3377 μετ-

257 3404 551 3473 ειληχότας
581 3399 914 3455 ἀποϐλέπειν
950 3396 1187 3459 κελεύει,
1240 3397 1336 3450 καὶ
1377 3397 1479 3469 τὴν
1530 3398 1590 3451 ὲν
1635 3397 1847 3461 τούτοις

258 3494 599 3566 φαινομένην
654 3490 848 3560 σοφίαν
898 3488 1425 3559 νκαταμανθάνοντας
1468 3488 1561 3542 τδν
1607 3490 1846 3561 Ποιητὴν

258 3587 543 3657 ἀνυμνεῖν.
586 3602 605 3635 ι
639 3584 851 3635 Αἰνεῖτε
910 3580 1005 3634 τὸν
1056 3579 1261 3651 Κύριον
1307 3582 1371 3633 ὲκ
1417 3579 1526 3633 τῶν
1576 3581 1845 3650 οὐρανῶν,

259 3684 463 3736 αἰνεῖτε
494 3678 655 3732 αὐτὸν
684 3678 742 3730 ἐν
773 3679 889 3740 τοῖς
922 3674 1187 3745 ὑψίστοις.
1225 3693 1244 3726 ι
1286 3673 1391 3727 Δύο
1449 3675 1711 3745 οὐρανοὺς
1743 3675 1847 3728 ὑπὸ

256 3772 356 3827 τοῦ
389 3769 524 3824 Θεοῦ
556 3766 886 3838 γεγενῆσθαι
926 3767 954 3818 ὁ
986 3765 1162 3836 μέγας
1191 3766 1338 3835 ἡμᾶς
1370 3764 1575 3826 ἐδίδαξε
1607 3765 1836 3835 Μωσῆς.

261 3865 414 3920 τόνδε
458 3865 555 3917 σὺν
586 3864 656 3933 τῆ
710 3863 782 3931 γῇ
816 3858 1206 3929 γεγενημένον,
1233 3856 1330 3910 καὶ
1366 3855 1457 3908 τὸν
1486 3855 1710 3927 ὕστερον
1754 3856 1848 3926 μέ-

264 3977 359 4014 σον
385 3958 493 4013 τῶν
516 3957 725 4011 ὑδάτων
753 3952 1168 4026 προσταχθέντα
1199 3949 1479 4019 γενέσθαι,
1512 3948 1571 4003 ὃν
1599 3949 1697 4003 καὶ
1726 3967 1847 4002 στε-

263 4054 459 4125 ρέωμα
489 4047 928 4121 προσηγόρευσε.
964 4044 1063 4098 Διὰ
1115 4042 1282 4097 τοῦτο
1321 4043 1387 4095 ὲκ
1422 4041 1531 4095 τῶν
1576 4041 1845 4111 οὐρανῶν,

262 4144 361 4197 καὶ
383 4144 448 4196 ἐκ
472 4141 580 4195 τῶν
612 4138 873 4209 ύψίστων,
909 4133 1198 4207 ὑμνεῖσθαι
1231 4132 1537 4204 προσέταξε
1568 4132 1660 4184 τὸν
1689 4130 1842 4184 Θεὸν·

260 4240 389 4293 ἀντὶ
413 4235 530 4300 τοῦ,
557 4234 651 4289 καὶ
688 4231 816 4296 τοὺς
853 4230 913 4283 ὲν
950 4226 1126 4298 τούτῳ
1164 4226 1260 4279 καὶ
1282 4225 1409 4287 τοὺς
1451 4226 1509 4277 ὲν
1542 4222 1738 4293 ἐκείνῳ
1770 4222 1848 4276 διο

264 4331 503 4397 άγοντας
556 4325 666 4377 τῶν
714 4320 1025 4391 ἀσωμάτων
1072 4315 1287 4387 χορούς.
1328 4313 1549 4385 Ἐπειδὴ
1608 4314 1702 4369 καὶ
1726 4313 1771 4346 ³⁸
1816 4313 1853 4365 δ

264 4420 410 4483 θεῖος
438 4415 657 4487 ,Μωσῆς
694 4412 848 4466 οὐδὲν
890 4411 1038 4481 ἡμᾶς
1070 4408 1201 4479 περὶ
1238 4408 1337 4477 τῆς
1367 4406 1478 4460 τῶν
1511 4405 1714 4479 νοερῶν
1741 4404 1846 4475 φύ-

266 4529 411 4567 σεων
439 4506 806 4579 δημιουργίας
836 4503 1095 4567 ἐδίδαξεν,
1135 4498 1453 4569 ἀναγκαίως
1490 4500 1520 4552 6
1554 4499 1847 4570 Προφήτης

263 4602 503 4659 ἐνταῦθα
529 4600 623 4654 καὶ
655 4599 755 4669 τὴν
784 4595 991 4650 τούτων
1026 4593 1326 4664 ἐποιήσατο
1362 4590 1606 4661 μνήμην.
1630 4589 1723 4642 Διὸ
1753 4592 1850 4646 καὶ

264 4694 606 4771 προσφέρειν
634 4690 713 4762 τῷ
760 4690 975 4759 Ποιητῇ
1005 4687 1098 4740 τὸν

262 4791 378 4862 γὰρ
408 4786 561 4857 αὐτῷ
591 4782 740 4855 παρὰ
768 4781 878 4835 τῶν
903 4778 1227 4851 ποιημάτων
1268 4776 1331 4829 τὸ
1360 4774 1518 4847 χρέος
1552 4772 1851 4843 ὀφείλεται,

266 4889 367 4944 καὶ
389 4886 499 4939 πᾶν
524 4883 615 4936 ὑπ’
640 4879 807 4935 αὑτοῦ
836 4877 1151 4948 γενόμενον,
1181 4874 1276 4928 κα)⁵
1302 4872 1445 4941 λόγῳ
1467 4864 1852 4937 τετιμημένον,

266 4976 543 5049 προσήκει
572 4970 731 5024 τοῦτο
779 4968 867 5022 διά
916 4966 1119 5030 παντὸς
1149 4964 1384 5018 ἐκτίνειν
1422 4958 1482 5012 τὸ
1510 4956 1756 5027 ὄφλημα.
1790 4951 1855 5006 Εἰ

265 5069 328 5123 δὲ
351 5065 423 5119 τὰ
450 5063 677 5133 κτιστὴν
695 5061 887 5131 ἔχοντα
908 5058 1073 5130 φύσιν
1097 5058 1278 5129 ὑμνεῖ,
1307 5054 1432 5109 οὗτε
1458 5052 1517 5107 δὲ
1538 5054 1566 5106 ὁ
1587 5050 1717 5112 Υἱὸς
1741 5049 1856 5109 τοῖς

267 5158 560 5230 ὑμνοῦσιν,
584 5155 709 5209 οὔτε
746 5154 809 5208 τὸ
834 5152 1100 5220 πανάγιον
1117 5148 1474 5203 συντέτακται
1503 5142 1747 5213 Πνεῦμα,
1768 5139 1859 5210 δῆ-

268 5229 362 5305 λον
400 5250 483 5302 ὅτι
516 5246 617 5316 τῆς
649 5244 875 5314 κτιστῆς
906 5242 1005 5313 οὐχ
1035 5240 1344 5309 ὑπάρχουσι
1376 5233 1592 5303 φύσεως
1612 5247 1624 5260 '
1668 5230 1701 5300 ἢ
1748 5229 1859 5299 γὰρ

274 5345 368 5409 ἂν,
403 5341 509 5413 πρὸ
538 5338 647 5393 τῶν
669 5336 849 5393 ἄλλων
874 5335 965 5389 τὸν
995 5332 1227 5403 ποιητὴν
1254 5328 1528 5401 ὕμνησαν,
1551 5325 1627 5388 ὡς
1648 5323 1857 5376 δικαιο-

1943 1947 2143 2000 Gentes
2167 1956 2348 2001 autem
2372 1989 2387 2014 ,
2416 1962 2540 2003 cum
2574 1962 2669 2018 per
2706 1960 2927 2006 sanctos
2958 1954 3236 2022 apostolos
3267 1956 3529 2024 spiritua-

1944 2037 2012 2092 lis
2058 2037 2287 2094 luminis
2319 2038 2533 2093 radium
2577 2040 2957 2110 accepissent,
3008 2053 3310 2100 creatorem
3364 2062 3528 2102 suum

1943 2138 2319 2200 agnoverunt,
2359 2140 2415 2185 et
2452 2130 2582 2186 huic
2613 2131 2876 2188 continue
2912 2132 3119 2189 cultum
3147 2134 3422 2191 deferunt.

2295 2348 2573 2406 INTERP.
2616 2348 2872 2405 PSALMI
2911 2348 3192 2407 CXLVIII.

2016 2463 2184 2519 Vens.
2222 2464 2275 2519 I.
2331 2463 2563 2517 Alleluia
2592 2502 2608 2527 ,
2649 2463 2902 2518 Alleluia.
2951 2464 3231 2533 Duplicem
3274 2460 3529 2522 admoni-

1944 2554 2148 2609 tionem
2198 2551 2470 2622 Propheta
2509 2551 2674 2614 fecit,
2731 2560 2791 2605 ut
2851 2552 2918 2606 ad
2966 2552 3233 2621 majorem
3274 2553 3531 2608 alacrita-

1946 2653 2054 2699 tem
2108 2644 2323 2699 animos
2381 2643 2727 2697 accenderet.
2765 2640 2865 2697 llic
2904 2642 3047 2697 alius
3109 2652 3193 2698 est
3253 2645 3527 2714 hymnus,

1946 2749 2164 2790 omnem
2225 2741 2571 2797 creaturam,
2642 2740 2697 2786 et
2753 2746 2878 2800 qua:
2946 2732 3051 2787 sub
3113 2733 3531 2803 intelligentiam

1945 2826 2134 2887 cadit,
2197 2834 2252 2879 et
2296 2841 2422 2894 quae
2496 2823 2600 2878 sub
2668 2837 2937 2887 sensum,
3004 2824 3237 2878 rationis
3299 2838 3536 2893 compo-

1948 2928 2091 2985 tem,
2120 2927 2173 2971 et
2206 2917 2439 2971 rationis
2474 2926 2790 2985 expertem,
2833 2915 3133 2969 animatam
3169 2925 3223 2969 et
3256 2915 3530 2969 inanima-

1946 3019 2080 3074 tam,
2111 3009 2179 3063 ad
2208 3023 2381 3062 unum
2424 3008 2583 3077 quasi
2614 3015 2938 3062 concentum
2974 3006 3345 3060 canendorum
3377 3005 3534 3077 hym-

1947 3117 2143 3156 norum
2171 3102 2439 3156 excitans.
2467 3099 2678 3155 Caelum
2717 3098 2906 3170 igitur,
2940 3108 2998 3153 et
3030 3107 3254 3164 terram,
3284 3108 3337 3152 et
3370 3100 3533 3169 abys-

1873 3199 1914 3256 C
1948 3209 2068 3260 sos,
2108 3204 2164 3248 et
2196 3192 2488 3247 luminaria
2518 3208 2640 3261 quas
2668 3192 2723 3245 in
2756 3192 2896 3247 coelo
2927 3199 3076 3256 sunt,
3109 3198 3166 3245 et
3199 3201 3409 3245 montes
3435 3228 3450 3254 ,
3479 3200 3535 3244 et

1952 3285 2202 3355 plantas,
2235 3293 2288 3339 et
2326 3285 2431 3338 alia
2475 3284 2792 3354 huiusmodi
2826 3298 3167 3353 quaecunque
3197 3283 3438 3336 animam
3480 3294 3536 3338 et

1952 3379 2221 3432 rationem
2254 3377 2476 3442 habent,
2504 3377 2767 3446 hynmnm
2796 3374 2994 3430 oﬂ‘erre
3025 3374 3294 3445 praecipit.
3328 3372 3541 3428 Verum,

1954 3469 2008 3524 in
2038 3470 2153 3524 haec
2170 3483 2267 3523 eos
2292 3467 2387 3538 qui
2412 3469 2655 3523 ratione'
2678 3469 2894 3539 praediti
2918 3466 3280 3533 sunt,intueri
3300 3466 3538 3535 jubet,et

1954 3562 2277 3632 sapientiam
2305 3576 2431 3631 quae
2458 3576 2510 3614 In
2536 3560 2619 3616 his
2640 3561 2885 3615 cernitur
2906 3559 3198 3625 discentes,
3217 3561 3540 3615 Creatorem

1953 3655 2251 3709 celebrare.
2299 3672 2317 3704 ι
2347 3652 2594 3708 Laudate
2642 3652 2860 3724 1576
2911 3653 3200 3708 Dominum
3240 3653 3305 3706 de
3338 3652 3544 3717 caelis,

1954 3744 2172 3799 laudate
2205 3758 2330 3798 eum
2370 3743 2422 3797 in
2450 3743 2708 3797 excelsis.
2739 3760 2761 3792 ι
2799 3743 2945 3797 Duos
2972 3742 3142 3796 caalos
3165 3757 3196 3796 a
3222 3743 3331 3796 Deo
3362 3742 3542 3796 factos

1953 3851 2075 3891 esse
2106 3851 2337 3906 magnus
2364 3834 2546 3889 Moses
2572 3849 2673 3889 nos
2711 3835 2972 3900 edocuit,
3003 3851 3173 3889 unum
3213 3835 3376 3890 simul
3406 3850 3543 3889 cum

1955 3941 2099 3985 terra
2123 3928 2429 3993 conditum,
2458 3928 2689 3983 alterum
2718 3936 2905 3998 postea
2934 3927 3175 3982 medium
3201 3928 3341 3982 inter
3362 3943 3547 3998 aquas

1954 4022 2069 4077 ﬁeri
2105 4021 2345 4092 iussum.
2374 4019 2517 4088 quod
2544 4027 2598 4074 et
2626 4019 3031 4073 ﬁrmamentum
3056 4018 3369 4089 appellavit.
3403 4020 3539 4074 Pro«

1953 4126 2139 4187 pterea
2156 4117 2224 4169 de
2248 4114 2403 4169 caelis
2424 4114 2564 4168 etde
2585 4106 2820 4167 excelsis
2841 4111 3005 4166 Deum
3029 4112 3239 4167 laudari
3259 4111 3541 4182 praecepit,

1955 4206 2061 4261 hoc
2090 4213 2210 4271 est,
2240 4218 2337 4260 eos
2366 4201 2462 4274 qui
2499 4211 2553 4257 et
2600 4202 2655 4256 in
2700 4202 2843 4267 hoc,
2905 4207 2961 4256 et
3013 4200 3069 4255 in
3141 4202 3234 4260 illo
3284 4206 3536 4277 degunt,

1954 4296 2405 4366 incorporearum
2469 4294 2695 4347 choros.
2761 4291 3033 4358 Quoniam
3100 4295 3249 4349 enim
3319 4294 3549 4349 divinus

1952 4388 2132 4444 Moses
2170 4387 2306 4442 nihil
2340 4387 2408 4440 de
2453 4393 2666 4439 naturze
2706 4386 3015 4441 emlestium
3050 4388 3344 4456 spirituum
3381 4401 3543 4441 crea-

1956 4484 2102 4538 tione
2140 4496 2242 4535 nos
2278 4478 2506 4541 docuit,
2531 4479 2844 4533 necessario
2884 4478 2974 4534 hic
3012 4478 3287 4548 Propheta
3335 4478 3545 4533 horum

1953 4572 2117 4628 etiam
2152 4568 2278 4625 fecit
2316 4568 2993 4639 mentionem,.Proplerea
3021 4579 3081 4623 ut
3111 4568 3344 4625 oll‘erant
3374 4570 3507 4625 Crea
3521 4598 3551 4612 οη

1133 4660 1303 4756 ὕμνον
1334 4660 1646 4754 παρεγγυᾷ.
1680 4679 1845 4733 Τοῦτο

1958 4664 2064 4719 tori
2101 4662 2367 4733 hymnum
2400 4660 2662 4714 mandat:
2714 4660 3163 4731 quandoquidem
3195 4661 3302 4716 hoc
3335 4661 3414 4715 illi
3449 4663 3543 4716 de-

1956 4758 2135 4813 bitum
2163 4771 2199 4809 a
2228 4754 2503 4810 creaturis
2538 4753 2801 4819 debetur,
2852 4762 2909 4809 et
2950 4755 3101 4809 omni
3145 4754 3289 4825 quod
3324 4756 3393 4810 ab
3424 4756 3549 4825 ipso

1961 4850 2245 4908 conditum
2283 4856 2338 4901 et
2373 4846 2592 4902 ratione
2621 4846 2953 4902 honoratum
2990 4857 3108 4913 est,
3163 4848 3268 4903 hoc
3297 4848 3541 4903 debitum

1962 4961 2178 5017 semper
2206 4943 2489 5000 exsolvere
2516 4943 2795 4999 convenit.
2825 4941 2982 5009 Quod
3036 4944 3084 4999 si
3118 4954 3297 4999 autem
3331 4960 3393 4998 ea
3425 4958 3555 5013 qua:

1962 5050 2200 5095 creatam
2232 5045 2484 5090 naturam
2518 5035 2722 5090 habent
2750 5035 3011 5099 laudant,
3049 5046 3103 5091 et
3133 5052 3310 5106 neque
3340 5035 3548 5100 Filius,

1964 5148 2144 5203 neque
2178 5136 2402 5185 sanctus
2438 5125 2675 5199 Spiritus
2704 5146 2831 5186 cum
2865 5130 3219 5185 laudantibus
3244 5143 3552 5182 connume-

1967 5235 2118 5280 ratus
2144 5222 2257 5289 esti,
2296 5230 2473 5293 patet,
2517 5220 2617 5278 bos
2648 5232 2845 5279 creatae
2884 5233 3094 5279 naturae
3124 5222 3552 5291 haudquaquam

1964 5333 2085 5374 esse
2109 5335 2123 5369 :
2152 5316 2395 5386 alioquin
2420 5321 2544 5368 ante
2567 5329 2762 5369 omnes
2786 5315 2924 5371 alios
2951 5315 3203 5386 opilicem
3240 5314 3551 5376 laudarent,

1350 5505 1589 5563 VAIHIE
1626 5498 2019 5559 LECTIONES
2056 5498 2143 5553 ET
2180 5498 2419 5553 ΝΟΤᾸΞ.

344 5680 396 5719 ⁵⁸
429 5680 565 5734 '0—
579 5678 808 5734 λόγιον.
844 5672 976 5729 Rec.
1002 5668 1162 5725 lectio
1195 5676 1280 5723 est
1317 5661 1702 5734 Ἀπαγγέλλων
1736 5659 1829 5713 τὸν

1956 5676 2037 5734 ον.
2080 5657 2154 5734 _"
2176 5653 2394 5734 _‘lv.‘6_1§.1.
2426 5653 2605 5734 c_o_d._l
2625 5651 2760 5734 add.
2789 5652 3062 5734 αὑτοῖςμιι
3084 5650 3137 5706 in
3171 5657 3315 5705 textu
3345 5645 3452 5702 τῶν
3475 5642 3558 5701 0'.

276 5751 590 5820 "3.1.1111.
640 5735 758 5803 Non
810 5744 1072 5815 repetitur
1134 5742 1188 5795 in
1242 5735 1426 5794 cod.I

1544 5735 1587 5767 ⁸⁷
1657 5732 1834 5786 Ὅσα.
1904 5725 2025 5785 eod.
2074 5726 2235 5797 1οὑχ
2274 5725 2369 5791 ὡς.

2451 5726 2497 5758 ⁸⁸
2524 5725 2655 5778 Καί.
2703 5723 2824 5779 cod.
2869 5727 2889 5777 l
2926 5721 3057 5794 γάρ.
