3996 6494
471 339 606 405 198Ἰ

1508 341 2017 403 THEODORETI
2044 342 2386 404 EPISCOPI
2421 346 2791 407 CYRENSIS

3614 349 3765 414 1988

461 461 521 506 ut
541 451 720 506 fontes
739 447 1196 521 justitiaejustum
1228 446 1584 506 honorantes.
1625 452 1730 506 Sed
1764 468 1866 508 nec
1890 453 2039 507 Filia:

2167 451 2332 522 σύνης
2361 455 2536 523 πηγαὶ
2569 455 2808 525 τιμῶσαι
2850 473 2908 511 το
2940 458 3174 512 δίκαιον.
3224 460 3364 513 Ἀλλ’
3399 460 3526 514 οὔτε
3561 461 3590 514 6
3621 462 3758 526 Υἱὸς

460 544 688 606 laudat,
734 557 832 596 nec
877 540 1119 611 Spiritus
1171 550 1438 596 sanctus:
1483 557 1595 596 non
1639 543 1805 613 igitur
1851 553 2052 598 creata:

462 647 674 691 natura:
699 644 784 688 est
813 644 908 688 aut
939 633 1145 700 Filius,
1185 643 1280 688 aut
1320 635 1558 703 Spiritus
1590 645 1836 691 sanctus.
1878 635 2052 690 Nimi-

461 743 586 781 rum
611 727 865 780 laudatur
892 733 946 779 et
976 725 1091 795 ipse
1111 765 1125 788 ,
1157 732 1212 778 et
1241 723 1482 793 Spiritus
1509 735 1731 781 sanctus
1756 767 1771 792 ,
1801 728 2052 798 quando-

460 817 689 888 quidem
729 831 836 870 non
881 824 960 870 est
998 816 1149 868 aliud
1179 815 1311 884 quid
1359 817 1602 871 medium
1642 818 1788 872 inter
1818 833 1913 873 eos
1955 817 2047 886 qui

460 911 708 974 laudant,
741 917 794 962 et
819 908 914 977 qui
951 908 1245 961 laudantur
1275 926 1289 961 :
1332 908 1428 962 sed
1461 909 1649 963 laudat
1674 918 1923 964 creatura
1948 950 1962 974 ,
1994 918 2049 964 et

461 998 688 1054 Creator
707 998 984 1051 laudatur.
1004 995 1060 1050 Si
1079 1006 1261 1050 autem
1281 996 1480 1067 aliquis
1510 1013 1669 1053 suum
1691 998 2046 1055 Conditorem

459 1092 794 1157 nonlaudat,
817 1099 1078 1160 tanquam
1101 1090 1346 1158 ingratus
1360 1105 1468 1144 non
1485 1091 1690 1146 laudat.
1710 1092 1913 1148 Verum
1934 1095 2048 1149 haec

463 1184 746 1253 copiosius
792 1184 844 1237 in
886 1181 1041 1236 libris
1077 1181 1143 1235 de
1181 1180 1388 1250 Spiritu
1440 1193 1634 1239 saneto
1664 1185 2042 1254 exposuimus.

459 1277 604 1346 Ergo
622 1276 686 1329 ad
700 1274 1167 1330 continuationem
1191 1272 1655 1343 interpretationis
1678 1285 2043 1333 transeamus.

532 1366 702 1422 Vens.
752 1367 808 1421 2.
863 1385 882 1418 ι
933 1365 1180 1421 Laudate
1229 1381 1377 1432 eum,
1430 1381 1618 1422 omnes
1669 1369 1845 1438 angeli
1885 1369 2040 1438 ejus,

459 1460 680 1514 laudate
710 1475 858 1522 eum,
888 1474 1079 1514 omnes
1113 1457 1346 1512 virtutes
1385 1459 1596 1529 1577
1630 1459 1772 1530 ejus.
1808 1480 1827 1513 ι
1861 1463 2046 1530 Ange—

459 1549 540 1603 los
576 1559 629 1604 et
673 1548 905 1602 Virtutes
948 1548 1313 1618 intelligentes
1340 1559 1567 1602 naturas
1606 1558 1785 1604 vocat.
1816 1550 2043 1620 Angelos

460 1640 708 1709 quidem,
745 1648 801 1694 ut
828 1640 920 1710 qui
950 1639 1134 1693 divina
1165 1638 1332 1692 verba
1367 1639 1764 1694 transmittant.
1806 1637 2041 1695 Virtutes

2154 546 2332 616 ὑμνεῖ,
2353 546 2478 600 οὔτε
2502 547 2562 599 τὸ
2587 547 2853 615 πανάγιον
2889 549 3115 619 Πνεῦμα
3134 552 3202 583 ⁵³⁸
3227 550 3288 603 οὑ
3313 552 3496 604 τοίνυν
3519 555 3752 622 κτιστῆς

2155 639 2274 691 ἐστι
2298 639 2535 707 φύσεως,
2551 639 2673 692 οὔτε
2691 644 2718 693 ὁ
2736 642 2884 707 Υἱὸς,
2907 641 3030 694 οὔτε
3057 644 3116 694 τὺ
3139 644 3403 712 πανάγιον
3425 645 3660 715 Πνεῦμα
3680 645 3752 698 ⁵9.

2163 731 2447 802 Ὕμνεῖται
2469 732 2714 804 δηλονότι
2749 737 2844 788 καὶ
2868 736 3052 799 αὐτὸς,
3074 738 3167 791 καὶ
3188 737 3249 790 τὸ
3279 738 3549 806 πανάγιον
3577 739 3757 792 Πνεῦο

2154 839 2261 893 μα·
2295 823 2355 876 οὐ
2387 823 2497 893 γάρ
2527 827 2676 878 ἐστιν
2701 825 2830 880 ἄλλο
2858 845 2910 879 τι
2944 828 3110 897 μέσον
3143 829 3254 882 τῶν
3293 830 3611 900 ὑμνούντων
3652 835 3755 884 καὶ

2151 915 2530 984 ὑμνουμένων,
2566 916 2682 970 ἀλλ’
2715 918 2748 987 ἡ
2800 917 2900 986 μὲν
2942 918 3120 977 κτίσις
3149 920 3339 990 ὑμνεῖ,
3367 923 3395 974 ὀ
3424 923 3481 974 δὲ
3500 923 3748 992 Κτίστης

2150 1004 2424 1076 ὑμνεῖται.
2443 1007 2504 1059 El
2529 1006 2582 1059 δέ
2619 1025 2702 1071 τις
2728 1008 2817 1062 τὸν
2843 1009 3084 1080 Κτιστὴν
3107 1011 3208 1080 οὑχ
3239 1013 3416 1081 ὑμνεῖ,
3442 1013 3517 1077 ώς
3544 1015 3754 1085 ἀχάρι-

2153 1116 2278 1162 στος
2301 1100 2400 1171 οὐχ
2426 1101 2606 1171 ὑμνεῖ.
2644 1099 2806 1154 Ἀλλὰ
2828 1102 3010 1156 ταῦτα
3037 1103 3372 1177 πλατύτερον
3395 1109 3453 1161 ἐν
3476 1113 3593 1173 τοῖς
3615 1110 3755 1179 περὶ

2148 1188 2244 1241 τοῦ
2277 1190 2433 1259 ἁγίου
2461 1189 2780 1262 Πνεύματος
2803 1191 3156 1265 διεξήλθομεν
3179 1193 3380 1264 λόγοις.
3405 1198 3619 1252 Οὐκοῦν
3649 1199 3754 1252 ἐπὶ

2147 1279 2217 1333 τὰ
2241 1283 2440 1354 συνεχῆ
2462 1283 2562 1354 τῆς
2588 1284 2887 1355 ἑρμηνείας
2923 1285 3250 1358 βαδίσωμεν.

2221 1374 2286 1444 β’.
2342 1394 2360 1426 ι
2403 1376 2616 1428 Αίνεῖτε
2666 1376 2858 1442 αὑτὸν,
2897 1379 3098 1442 πάντες
3153 1382 3201 1433 οί
3254 1381 3476 1450 ἄγγελοι
3532 1385 3748 1438 αὐτοῦ’

2147 1465 2349 1519 αἱνεῖτε
2384 1466 2571 1533 αὑτὸν,
2600 1469 2774 1522 πᾶσαι
2803 1470 2859 1521 αί
2888 1469 3144 1538 δυνάμεις
3162 1471 3346 1525 αὑτοῦ.
3366 1493 3385 1526 ι
3427 1475 3752 1544 Ἀγγέλους

2149 1559 2244 1611 καὶ
2301 1558 2586 1627 δυνάμεις
2633 1561 2731 1623 τὰς
2774 1562 2966 1632 νοερᾶς
2995 1563 3184 1630 φύσεις
3209 1568 3381 1618 καλεῖ.
3423 1567 3751 1638 Ἀτγέλσυς

2149 1654 2270 1725 μὲν,
2302 1654 2378 1719 ὡς
2404 1655 2476 1708 τὰ
2500 1655 2619 1710 θεῖα
2647 1656 3152 1728 διαπορθμεύοντας
3189 1661 3234 1692 ⁶⁰
3263 1663 3511 1732 ρήματω
3547 1664 3747 1718 δυνά-

459 1744 625 1792 vero,
673 1729 804 1798 quia
854 1729 1132 1798 corporeis
1176 1726 1462 1783 allectibus
1509 1737 1735 1794 carent,
1788 1738 1844 1784 et
1886 1730 2039 1800 jussa

2150 1761 2272 1812 μείς
2302 1743 2381 1808 δὲ,
2434 1744 2510 1808 ὡς
2541 1745 2648 1798 τῶν
2685 1726 3014 1815 σωματικῶν
3061 1726 3276 1803 ποιθῶνί
3295 1726 3614 1821 ἐλευθέρας,
3641 1755 3750 1807 καὶ

461 1824 728 1891 perlicere
754 1831 1006 1890 possunt.
1060 1838 1078 1871 ι
1115 1820 1372 1874 Potentes
1407 1819 1576 1884 enim,
1614 1820 1810 1889 inquit,
1840 1821 2039 1876 virtute

2150 1809 2386 1907 πληροῦν
2424 1838 2492 1891 τά
2531 1809 2867 1906 κελευόμενα
2911 1839 3240 1911 δυναμένας.
3287 1861 3305 1893 ι
3342 1809 3746 1916 Δυνατοὶ-ἰγὰρ,

461 1911 732 1967 facientes
766 1912 992 1966 verbum
1036 1913 1156 1981 ejus
1198 1911 1248 1966 ι).
1278 1931 1296 1963 ι
1353 1909 1548 1967 Totam
1591 1913 1735 1967 enim
1786 1921 2040 1968 naturam

460 2004 890 2074 intelligibilium
967 2019 1062 2073 per
1126 2005 1242 2060 haec
1314 2004 1541 2059 nomina
1605 2005 2039 2075 comprehendit.

460 2095 732 2150 (Ia-terum
779 2096 1074 2150 admodum
1123 2107 1489 2167 congruenter
1534 2097 1787 2153 ccelestes
1844 2098 2043 2153 choros

461 2189 670 2258 primos
690 2230 705 2254 ,
743 2187 798 2242 in
831 2190 1158 2259 hymnorum
1187 2189 1518 2244 cantilenam
1549 2192 1787 2245 vocavit.

535 2279 769 2336 Vens.5.
795 2300 812 2332 ι
842 2281 1086 2336 Laudate
1112 2297 1262 2348 eum,
1287 2284 1369 2338 sol
1393 2292 1448 2338 et
1468 2284 1595 2338 luna
1617 2302 1630 2351 ;
1651 2285 1871 2342 laudate
1889 2301 2038 2352 eum,

461 2369 645 2423 omnia
687 2378 836 2424 astra
874 2379 931 2424 et
968 2370 1173 2426 lumen.
1217 2391 1236 2423 ι
1271 2376 1291 2394 ‘
1332 2371 1695 2444 Symmachus
1741 2376 1854 2430 sic:
1897 2375 2043 2430 Lau-

461 2461 584 2514 date
614 2477 752 2524 eum,
788 2477 968 2517 omnes
1001 2462 1170 2518 stella:
1196 2463 1422 2518 luminis
1461 2482 1479 2520 :
1515 2468 1594 2521 sic
1624 2467 1788 2522 etiam
1835 2470 2038 2523 catteri.

461 2553 531 2607 At
585 2553 887 2608 secundum
939 2555 1295 2626 Septuaginta
1345 2558 1428 2612 sic
1476 2567 1562 2613 est
1605 2559 2038 2630 intelligendum.

461 2644 649 2699 Primo
672 2645 760 2699 die
784 2645 960 2700 lucem
987 2648 1130 2702 Deus
1155 2647 1302 2710 fecit.
1324 2660 1525 2719 quarto
1553 2665 1680 2706 vero
1715 2651 2038 2709 luminaria:

462 2741 520 2787 et
549 2743 834 2802 propterea
868 2750 1120 2790 seorsum
1154 2736 1378 2794 luminis
1402 2740 1736 2796 mentionem
1761 2740 1910 2809 fecit,
1932 2756 2038 2796 non

461 2824 608 2892 quod
635 2841 732 2894 per
757 2827 999 2896 seipsum
1030 2829 1337 2897 consistat,
1395 2831 1489 2886 scd
1519 2835 1649 2901 quia
1721 2833 1774 2887 in
1806 2834 2042 2888 lumina-

467 2915 618 2970 ribus
667 2917 1021 2973 distributum
1068 2930 1170 2976 est.
1225 2922 1352 2977 Haec
1390 2937 1549 2988 vero,
1595 2933 1656 2978 ut
1707 2924 1822 2994 jam
1874 2941 2040 2996 supra

461 3006 736 3074 diximus,
779 3010 1045 3079 propheta
1093 3021 1395 3080 convocat,
1451 3029 1556 3068 non
1597 3015 1763 3070 veluti
1798 3017 2037 3071 animata

462 3103 516 3147 et
540 3095 807 3151 rationem
834 3099 1124 3155 habentia:
1153 3102 1248 3157 sed
1277 3111 1336 3156 ut
1365 3118 1466 3158 nos
1489 3103 1543 3157 in
1572 3104 1686 3159 haec
1705 3105 2014 3161 intueamur

463 3185 672 3256 Deique
702 3189 1029 3257 sapientiam
1058 3191 1372 3260 discamus,
1403 3205 1459 3250 et
1483 3209 1579 3264 per
1617 3199 1800 3252 omnia
1839 3195 1902 3254 ut
1937 3199 2040 3269 ipsi

461 3279 654 3334 laudes
681 3291 950 3345 texamus,
979 3282 1326 3342 adhortatur.

535 3457 701 3514 Vens.
723 3460 778 3515 4.
808 3479 828 3513 ι
852 3461 1094 3518 Laudate
1122 3481 1272 3531 eum,
1304 3467 1429 3521 caeli
1460 3469 1753 3536 caelorum,
1785 3481 1838 3526 et
1862 3487 2037 3542 aqum,

461 3568 586 3622 qua:
611 3569 776 3622 super
806 3557 961 3610 ctelis
995 3566 1143 3610 sunt.
1187 3576 1204 3609 ς
1241 3556 1614 3613 Firmamento
1641 3575 1905 3629 aquarum
1943 3579 2040 3616 na-

463 3652 645 3698 turam
698 3645 845 3701 Deus
885 3646 1104 3712 divisit,
1145 3648 1518 3718 inexplicabili
1560 3649 1827 3719 sapientia
1861 3654 2040 3706 maxi-

461 3749 607 3786 mam
633 3734 769 3803 ipsis
793 3736 1198 3791 distinctionem
1228 3737 1569 3806 impertiens.
1587 3739 1654 3793 Et
1680 3756 1846 3810 super
1869 3758 2040 3814 aquas

459 3834 776 3891 compactas
813 3824 1133 3880 immensum
1189 3825 1546 3883 luminarium
1609 3831 1788 3901 ignem
1844 3833 2040 3890 decur-

460 3928 581 3968 rere
601 3914 784 3983 jussit.
812 3915 968 3984 Aqua
995 3925 1176 3969 autem
1205 3925 1260 3970 et
1285 3917 1427 3986 ignis
1453 3918 1557 3973 sibi
1591 3920 1821 3975 invicem
1848 3924 2040 3978 adver-

460 4016 654 4060 santur
680 4026 697 4059 -.
732 4007 827 4061 sed
866 4017 1048 4062 tamen
1083 4024 1262 4078 neque
1302 4011 1444 4080 ignis
1481 4027 1621 4082 aqua
1649 4016 2038 4086 exstinguitur,

459 4111 636 4166 neque
658 4108 845 4152 coacta
866 4099 958 4152 illa
987 4114 1128 4168 aqua
1159 4101 1375 4171 1578
1399 4103 1665 4160 immenso
1697 4108 1819 4176 igne
1839 4101 2040 4167 dissol-

456 4189 622 4244 vitur.
643 4191 814 4245 Porro
830 4191 946 4246 haec
970 4190 1516 4262 Deiinexplicabilem
1539 4202 1832 4266 potentiam
1855 4213 2040 4259 osten-

457 4281 616 4334 dunt.
652 4281 821 4336 Carius
867 4292 1050 4337 autem
1100 4285 1470 4340 multitudinis
1505 4302 1736 4345 numero
1780 4295 2034 4357 vocavit,

456 4385 566 4424 non
597 4372 742 4440 quod
775 4372 976 4427 multos
997 4387 1092 4426 eos
1118 4388 1239 4427 esse
1265 4373 1452 4440 sciret,
1474 4377 1569 4430 sed
1589 4379 1733 4448 quod
1754 4379 2035 4439 Hebraea"!

457 4463 702 4532 linguam
747 4475 972 4520 secutus
999 4466 1106 4529 sit,
1157 4466 1428 4536 siquidem
1459 4484 1692 4525 numero
1729 4475 2031 4529 multitudi-
2065 4499 2107 4554 ο
2134 4499 2200 4567 τῇ

456 4556 543 4610 nis
572 4558 647 4611 ilh
695 4557 796 4614 hos
840 4569 1070 4625 vocant,
1117 4561 1260 4615 sicut
1321 4576 1424 4616 nos
1457 4563 1700 4620 Athenas
1735 4577 1789 4622 et
1819 4567 2034 4626 Thebas

455 4649 717 4704 dicimus.
753 4651 996 4721 Denique
1020 4669 1162 4722 quos
1195 4653 1284 4708 hic
1313 4655 1470 4708 cmlos
1508 4658 1758 4712 caelorum
1782 4663 2032 4730 vocavit,

453 4743 585 4796 alibi
615 4744 803 4797 caelum
825 4744 939 4799 οωίὶ
966 4747 1322 4817 nuncupavit.
1354 4765 1372 4798 ι
1404 4747 1614 4806 Caelum
1641 4751 1810 4820 enim,
1837 4754 2033 4825 inquit,

454 4836 578 4890 (ιωιὶ
611 4836 846 4890 Domino
875 4847 922 4891 ε.
954 4857 973 4888 ι

530 5009 695 5067 Vens.
726 5013 776 5068 5.
841 5033 861 5064 ι
894 5013 1139 5071 Laudent
1187 5033 1386 5074 nomen
1441 5021 1692 5091 Domini,
1743 5030 1872 5097 quia
1912 5032 2030 5105 ipse

451 5097 590 5155 dixit
621 5114 674 5157 et
701 5106 847 5158 facta
871 5115 999 5159 sunt
1028 5124 1040 5160 :
1073 5108 1189 5176 ipse
1221 5111 1498 5168 mandavit
1532 5123 1585 5167 et
1615 5128 1796 5173 creata
1827 5097 1973 5177 sunt.
2001 5144 2019 5175 ι

455 5193 685 5265 Dignum
716 5205 801 5250 est
837 5199 981 5250 enim
1020 5198 1245 5254 laudare
1270 5199 1460 5266 illum,
1501 5205 1593 5274 qui
1631 5219 1829 5264 cuncta
1862 5213 2024 5269 verbo

447 5287 744 5343 fabricatus
773 5299 875 5344 est.

518 5395 546 5435 δ
575 5395 722 5452 Psal.
754 5414 826 5454 cn
849 5441 864 5466 ,
905 5401 996 5456 20.
1061 5413 1083 5442 ε
1117 5401 1261 5460 Psal.
1287 5420 1445 5473 cmi,
1476 5407 1563 5462 l6.

2147 1927 2334 1998 φησὶν,
2365 1927 2510 1999 ἰσχύϊ
2537 1930 2819 1993 ποιοῦντες
2840 1931 2931 1984 τὸν
2961 1931 3117 2000 λόγον
3142 1933 3327 1988 αὑτοῦ.
3360 1953 3378 1984 ι
3408 1936 3599 1989 Πᾶσαν
3633 1940 3748 2007 μέν

2143 2036 2225 2073 τοι
2260 2020 2370 2074 τῶν
2398 2021 2602 2093 νοερῶν
2631 2023 2729 2092 τὴν
2769 2023 2931 2094 φύσιν
2960 2025 3047 2079 διὰ
3077 2025 3282 2079 τούτων
3309 2028 3602 2098 περιέλαὸε
3626 2029 3744 2082 τῶν

2144 2113 2448 2182 ὀνομάτων.
2478 2115 2644 2170 Μάλα
2671 2116 2729 2169 δὲ
2764 2117 3040 2187 ἁρμοδίως
3068 2120 3198 2184 τοὺς
3231 2120 3596 2191 ὲπουρανίους
3641 2135 3742 2190 χο-

2149 2207 2275 2276 ροὺς
2307 2208 2559 2278 πρώτους
2589 2210 2632 2240 ⁶¹
2665 2211 2744 2271 είς
2774 2210 3049 2281 ὑμνῳδίαν
3079 2213 3328 2269 ἐκάλεσε.

2215 2305 2284 2366 γ’.
2318 2316 2336 2350 ι
2372 2300 2581 2353 Αἰνεῖτε
2614 2301 2804 2367 αὑτὸν,
2834 2301 2984 2372 ἥλιος
3015 2305 3112 2358 καὶ
3151 2305 3369 2377 σελήνη,
3403 2306 3602 2359 αίνεῖτε
3637 2305 3749 2359 αὕη

2142 2389 2258 2456 τὸν,
2287 2390 2466 2444 πάντα
2499 2392 2568 2446 τά
2597 2393 2771 2463 ἄστρα
2807 2395 2987 2448 καὶτὸ
3014 2395 3149 2464 φῶς.
3187 2415 3205 2448 ι
3247 2399 3307 2450 ’0
3340 2397 3398 2451 δὲ
3435 2399 3744 2469 Σύμμαχος

2143 2480 2336 2546 οὕτως,
2385 2482 2443 2535 Ὺ
2434 2483 2640 2552 μνεῖτε
2687 2485 2896 2551 αὐτὸν,
2937 2487 3158 2555 πάντες
3209 2489 3458 2558 ἀστέρες
3499 2493 3738 2559 φωτός·

2142 2571 2285 2626 οὓτω
2329 2573 2388 2626 δὲ
2436 2575 2531 2629 καὶ
2562 2577 2609 2629 oi
2643 2575 2812 2632 ἄλλοι.
2845 2579 3002 2632 Κατὰ
3050 2582 3179 2644 τοὺς
3231 2579 3636 2653 Ἐσδομήκοντα
3675 2583 3744 2637 δὲ

2141 2667 2284 2722 οὕτω
2313 2672 2531 2741 νοητέον
2550 2687 2564 2701 ο
2594 2672 2674 2744 Τῇ
2711 2672 2902 2745 πρώτῃ
2929 2674 3113 2747 ἡμέρᾳ
3143 2675 3202 2730 τὸ
3231 2677 3346 2746 φῶς
3369 2678 3742 2751 ἐδημιούργη-

2144 2776 2234 2813 σεν
2269 2763 2297 2814 6
2325 2761 2479 2826 Θεὸς,
2510 2766 2576 2834 τῇ
2602 2766 2840 2838 τετάρτῃ
2872 2767 2928 2819 δὲ
2963 2770 3090 2832 τοὺς
3129 2769 3458 2840 φωστῆρας·
3503 2771 3602 2823 καὶ
3641 2771 3742 2825 διὰ

2140 2850 2300 2904 τοῦτο
2327 2852 2424 2905 τοῦ
2461 2855 2638 2923 φωτὸς
2673 2857 2842 2926 χωρὶς
2884 2859 3316 2929 ἐμνημόνευσεν,
3344 2861 3442 2932 οὐχ
3481 2861 3557 2925 ὡς
3606 2862 3740 2916 καθ’

2141 2944 2303 2997 ἑαυτὸ
2332 2946 2666 3014 ὑφεστῶτος,
2693 2948 2807 3001 ἀλλ’
2833 2951 2907 3014 ώς
2929 2954 2986 3004 ὲν
3007 2956 3124 3016 τοῖς
3156 2955 3440 3025 φωστῆρσι
3467 2957 3744 3029 διανεμη-

2141 3033 2348 3097 θέντος.
2374 3033 2557 3088 Ταῦτα
2586 3036 2665 3101 δὲ,
2696 3038 2771 3101 ὡς
2799 3040 2893 3092 καὶ
2915 3041 3015 3111 ἤδη
3037 3046 3471 3115 προειρήκαμεν,
3501 3049 3602 3100 οὐκ
3632 3049 3742 3117 ἒμ-

2021 3147 2037 3210 ξ
2068 3148 2112 3208 c
2143 3125 2292 3195 ψυχα
2320 3128 2364 3157 ⁸³
2399 3127 2494 3179 καὶ
2523 3128 2716 3195 λογικὰ
2743 3132 3037 3199 συγκαλεῖο
3065 3134 3180 3186 ἀλλ’
3210 3137 3357 3206 ἡμᾶς
3387 3140 3602 3209 άφορᾷν
3648 3142 3740 3202 εἰς

2145 3215 2339 3280 ταῦτα,
2372 3217 2468 3270 καὶ
2501 3217 2596 3270 τοῦ
2619 3218 2755 3270 Θεοῦ
2785 3219 2882 3290 τὴν
2913 3222 3107 3291 σοφίαν
3133 3228 3599 3296 καταμανθάνειν,
3634 3234 3740 3285 καὶ

2144 3307 2234 3362 διὰ
2308 3309 2524 3362 πάντων
2589 3309 2741 3380 αὐτῷ
2800 3311 3024 3367 πλέκειν
3082 3317 3183 3387 τὴν
3247 3318 3518 3388 ὑμνῳδίαν
3584 3339 3738 3394 παρ-

2145 3401 2341 3471 εγγυᾷ.

2213 3491 2274 3544 δ’.
2311 3509 2330 3542 ‹
2355 3493 2564 3545 Αἰνεῖτε
2593 3493 2842 3562 αὑτὸν,οί
2871 3497 3088 3568 οὐρανοὶ
3117 3501 3223 3552 τῶν
3246 3503 3508 3571 οὐρανῶν,
3542 3508 3638 3559 καὶ
3667 3508 3735 3560 τὺ

2144 3583 2288 3654 ὕδωρ
2348 3584 2408 3638 τὸ
2440 3587 2695 3657 ὑπεράνω
2744 3588 2853 3642 τῶν
2883 3590 3151 3661 οὐρανῶν.
3187 3612 3205 3644 ι
3239 3595 3330 3665 Τῷ
3379 3598 3732 3669 στερεώματι

2141 3675 2458 3748 διεχώρισεν
2487 3680 2515 3731 6
2540 3678 2672 3743 Θεὸς
2700 3680 2808 3733 τῶν
2831 3682 3039 3736 ὑδάτων
3066 3687 3164 3754 τὴν
3188 3686 3369 3754 φύσιν,
3403 3693 3470 3761 τῇ
3498 3693 3732 3764 ἀρρήτῳ

2145 3767 2308 3837 σοφίᾳ
2339 3768 2438 3837 τὴν
2468 3768 2562 3820 ἐπὶ
2596 3769 2844 3824 πλεῖστον
2872 3773 3056 3838 αὐτοῖς
3079 3775 3366 3846 διανομίαν
3388 3781 3434 3811 ⁵³
3468 3785 3730 3852 μηχανὼ-

2144 3874 2326 3928 μενος.
2359 3860 2470 3911 Καὶ
2505 3861 2597 3914 ἐπὶ
2631 3862 2742 3914 τῶν
2784 3866 3113 3935 πεπηγότων
3145 3868 3352 3923 ὑδάτων
3391 3872 3452 3924 τὸ
3497 3875 3731 3946 ἄπειρον

2139 3949 2248 4003 τῶν
2277 3954 2582 4024 φωστήρων
2610 3955 2816 4009 ὁδεύειν
2849 3960 3149 4030 προσέταξε
3190 3962 3333 4034 πῦρ·
3368 3967 3512 4038 ὕδωρ
3541 3969 3598 4022 δὲ
3633 3974 3731 4026 καὶ

2143 4040 2252 4114 πῦρ
2286 4043 2505 4098 ἐναντία
2536 4045 2788 4117 ἀλλήλοις
2812 4065 2826 4078 ·
2865 4049 2980 4104 ἀλλ’
3002 4052 3152 4123 ὅμως
3171 4054 3294 4108 οὔτε
3331 4060 3444 4121 τοῖς
3473 4060 3630 4114 ὕδασι
3665 4063 3732 4117 τὸ

2141 4131 2252 4203 πῦρ
2283 4134 2327 4166 ⁸³
2373 4135 2824 4206 κατασϐέννυται,
2882 4139 3006 4194 οὔτε
3047 4143 3109 4196 τὸ
3156 4150 3404 4216 πεπηγὸς
3447 4149 3596 4222 ὕδωρ
3645 4155 3730 4224 τῷ

2138 4223 2353 4297 ἀπείρῳ
2403 4227 2538 4297 πυρὶ
2585 4231 2976 4303 κατατήκεται.
3022 4228 3275 4291 Δείκνυσι
3315 4240 3371 4292 δὲ
3414 4242 3588 4297 ταῦτα
3623 4247 3728 4300 τοῦ

2137 4312 2274 4366 Θεοῦ
2316 4315 2417 4384 τὴν
2457 4317 2698 4388 ἄρρητον
2743 4319 2991 4391 δύναμιν.
3045 4325 3433 4395 Πληουντικῶς
3482 4331 3541 4385 δὲ
3594 4336 3729 4398 τοὺς

2137 4406 2435 4473 οὐρανοὺς
2460 4409 2761 4480 ὠνόμασεν,
2791 4415 2852 4467 οὐ
2877 4415 3106 4482 πολλοὺς
3132 4420 3348 4486 τούτους
3373 4412 3553 4489 εἰδὼς,
3583 4427 3728 4482 ἀλλὰ

2245 4497 2514 4571 Ἑϐραίων
2555 4503 2929 4575 ἀκολουθήσας
2962 4514 3150 4581 φωνῇ’
3184 4513 3566 4582 πληθυντικῶς
3609 4521 3725 4591 γὰρ

2134 4587 2358 4654 τούτους
2386 4593 2582 4646 ἐκεῖνοι
2608 4594 2886 4665 καλοῦσιν,
2916 4600 2994 4663 ὡς
3025 4603 3185 4674 ἡμεῖς
3227 4606 3472 4677 Ἀθήνας,
3504 4611 3601 4663 καὶ
3621 4613 3728 4675 τὰς

2136 4678 2341 4770 βήξας.
2390 4683 2606 4754 ’Δμέλει
2635 4686 2728 4750 οὒς
2758 4689 2800 4722 ⁸³
2829 4692 3065 4746 ἐνταῦθα
3105 4697 3402 4764 οὐρανοὺς
3443 4702 3729 4770 οὐρανῶν

2136 4767 2418 4836 ἐκάλεσεν,
2443 4774 2670 4845 ἑτέρωθι
2693 4777 2737 4807 ⁶⁶
2764 4781 3025 4848 οὐρανὸν
3048 4787 3309 4852 οὐρανοῦ
3339 4767 3726 4864 προσηνγόρευο

2137 4875 2249 4954 σεν.
2288 4880 2307 4912 ‹
2351 4862 2409 4916 '0
2449 4865 2679 4936 οὐρανὸς
2722 4870 2856 4940 γάρ,
2884 4873 3040 4942 φησὶ,
3068 4875 3163 4928 τοῦ
3210 4878 3443 4950 οὐρανοῦ
3492 4884 3572 4954 τῷ
3598 4862 3722 4940 Κυ-

2141 4953 2262 5024 ρίῳ.
2296 4973 2315 5006 ι

2209 5051 2270 5098 ε’.
2310 5066 2328 5098 ι
2364 5048 2742 5106 Αίνεσάτωσαν
2775 5053 2836 5107 τὸ
2860 5054 3029 5125 ὄνομα
3061 5058 3265 5130 Κυρίου
3287 5078 3300 5091 ·
3327 5062 3409 5117 ὅτι
3441 5065 3608 5132 αὐτὸς
3643 5066 3725 5123 εἷ-

2136 5155 2207 5191 πε
2241 5140 2335 5192 καὶ
2365 5142 2740 5213 ὲγενήθησανσ
2766 5147 2929 5212 αὐτὸς
2954 5151 2996 5181 ⁶⁷
3020 5151 3320 5206 ἐνετείλατο
3345 5157 3438 5208 καὶ
3463 5159 3723 5231 ἐκτίσθη-

2136 5244 2256 5283 σαν.
2284 5248 2303 5280 ι
2368 5229 2553 5294 Ἀξιον
2597 5233 2728 5304 γὰρ,
2760 5239 2946 5306 φησὶν,
2981 5240 3171 5310 ὑμνεῖν
3213 5243 3303 5297 τὸν
3351 5245 3494 5318 λόγῳ
3536 5229 3723 5307 πάντα

2130 5318 2304 5373 ταῦτα
2332 5323 2754 5395 τεκτηνάμενον.

1545 5523 1778 5584 νΑιιιιΕ
1809 5530 2198 5596 LECTIONES
2237 5541 2326 5598 ET
2365 5543 2599 5602 NOTAE.

528 5631 576 5726 ς
609 5631 1017 5726 ῌνεῦμιξὶλςοιξ.
1055 5637 1078 5690 1
1111 5637 1233 5726 add:
1261 5638 1520 5726 algetis
1554 5643 1714 5726 ὑμνεῖ
1763 5649 1792 5701 6
1823 5647 1952 5726 Υίδς
1978 5693 1993 5717 ,
2028 5657 2162 5726 μήτε
2197 5659 2257 5713 τὸ

443 5701 488 5794 :1
514 5701 1187 5794 ζένίώξξξιςὶρςξ.’ἰιιιςοιῂ
1204 5710 1259 5794 _l.
1339 5710 1383 5740 “
1418 5701 1729 5794 Ἐῥψῦκιξι
1749 5701 2039 5791 cod-Tris?

2166 5728 2263 5794 ὡς.

442 5773 488 5865 ps
524 5770 765 5865 1353:1313,
875 5775 1057 5865 ‘cod‘l
1092 5779 1310 5865 ponitur
1340 5790 1471 5865 ρηοςὲ
1487 5770 2234 5865 κᾶταῖὸέν-νυταῖῘ-δ”δῦἒῖ

443 5835 499 5892 iu
523 5841 645 5894 col.
685 5835 731 5894 l'.
793 5843 834 5874 ⁸⁷
860 5845 1052 5912 Αὐτὸς
1084 5835 1152 5888 ὶ-
1175 5835 1406 5906 extio-0.
1434 5850 1555 5908 Des.
1975 5866 2051 5924 0'.

2311 5663 2590 5765 τῑξνὲἶξον.
2618 5667 2885 5765 ΞῖῗῨὲῧῗὶῖ.
2940 5674 3140 5765 ετοέ¹ο
3198 5681 3221 5735 ¹
3275 5685 3709 5765 ῖτορθμεφντατ·

2414 5737 2534 5822 cpd.
2571 5736 2594 5791 l
2623 5736 2924 5822 διαμονὴν,
2942 5761 3042 5822 pro
3068 5736 3707 5822 Stavouhv:

2276 5803 2400 5859 cod.
2438 5807 2460 5859 l
2504 5822 2694 5877 praem.
2717 5803 2804 5874 ’ὡς
2840 5803 3090 5886 ἑτέρωθι.
3165 5803 3441 5894 «"7128;
