3996 6492
240 322 400 387 1989
500 312 506 319 ’

1539 313 1621 374 IN
1678 313 1883 374 PSAL.
1930 311 2246 373 CXLVIII.

3411 315 3549 383 1990

320 438 409 496 ς’.
446 448 465 483 ι
506 428 778 498 Ἐστησεν
826 424 966 478 αὐτά
1012 425 1093 488 εἰς
1125 424 1217 477 τὸν
1255 423 1453 486 αἰῶνα,
1500 424 1597 478 καὶ
1634 426 1714 488 εἰς
1764 425 1854 477 τὸν

2038 423 2201 478 Vens.
2230 421 2282 477 6.
2323 441 2340 473 ι
2380 420 2582 477 Statuit
2614 438 2676 478 ea
2712 422 2765 477 in
2796 436 3082 489 aeternum,
3112 434 3166 480 et
3196 425 3250 480 in
3287 431 3547 487 saeculum
3621 477 3625 481 .

239 520 433 576 αἰῶνα
483 517 576 571 τοῦ
602 517 801 579 αἰῶνος
830 533 843 547 ο
879 514 1211 586 πρόσταγμα
1262 512 1435 579 ἔθετο,
1467 514 1560 567 καὶ
1601 514 1664 567 ού
1712 531 1853 583 παρ-

239 614 563 668 ελεύσεται.
600 628 618 661 ι
651 610 727 663 Uti
782 608 944 678 μόνον
995 608 1053 661 δὲ
1098 606 1558 677 ἐδημιούργησεν,
1593 606 1731 661 ἀλλά
1756 605 1852 659 καὶ

240 704 719 778 προμηθούμενος
748 701 928 755 αὐτῶν
962 700 1227 753 διατελεί’
1260 699 1386 753 ὅθεν
1418 699 1512 753 καὶ
1544 699 1604 752 τὸ
1630 698 1853 769 διαρκὲς

243 798 501 865 ἔχουσιν,
536 794 614 856 ὡς
639 793 684 823 ⁵⁸
711 792 776 845 ἂν
808 792 971 854 αὐτὸς
1002 789 1257 860 ἐθελήσῃ.
1289 788 1421 842 Οὐδὲ
1452 791 1561 859 γὰρ
1593 789 1721 851 τοὺς
1759 788 1852 839 ὑπ’

242 882 424 938 αὐτοῦ
472 882 726 943 τεθέντας
774 880 934 951 ὄρους
979 877 1297 948 παραϐῆναι
1346 876 1637 947 δυνήσεται
1666 878 1730 928 σθ.
1771 876 1855 928 Τά

252 978 362 1049 μὲν
393 972 490 1031 οὖν
521 975 724 1045 ἀψυχα,
762 973 858 1026 καὶ
893 971 1081 1041 μέντοι
1112 971 1207 1023 καὶ
1236 970 1347 1023 τῶν
1385 970 1560 1024 ἄλλων
1588 970 1631 1001 ⁷⁸
1664 969 1733 1021 τά
1761 970 1855 1037 γέ-

249 1089 348 1143 νη,
392 1070 522 1132 τοὺς
547 1068 803 1129 τεθέντας
839 1063 1156 1135 αἰσχύνεται
1202 1064 1430 1134 νόμους·
1492 1063 1624 1134 μόνη
1660 1063 1715 1116 δὲ
1746 1063 1853 1116 τῶν

251 1165 572 1237 ἀνθρώπων
612 1166 643 1233 ἡ
676 1162 862 1231 φύσις,
886 1162 921 1229 ὴ
955 1159 1101 1228 λόγῳ
1130 1157 1499 1229 τετιμημένη,
1524 1154 1853 1228 παραϐαίνει

253 1262 390 1324 τοὺς
413 1261 636 1329 νόμους.
669 1258 776 1311 Καὶ
802 1259 835 1326 ἡ
870 1255 969 1325 μὲν
999 1253 1249 1308 θάλασσα
1270 1254 1399 1314 τοὺς
1432 1252 1592 1323 ὄρους
1628 1252 1854 1305 ἐπίστα-

255 1371 379 1422 ται,
405 1356 502 1406 καὶ
524 1352 624 1421 τὴν
647 1350 875 1419 ψάμμον
900 1346 1237 1418 αἰσχύνεται,
1270 1345 1365 1398 καὶ
1398 1344 1495 1410 νὺξ
1536 1344 1630 1397 καί⁸
1671 1343 1856 1414 ἡμέρα

259 1447 335 1499 τὰ
384 1443 616 1497 τεθέντα
673 1440 1001 1511 φυλάττουσι
1052 1439 1258 1509 μέτραο
1316 1435 1594 1507 ἄνθρωποι
1640 1435 1696 1487 δὲ
1747 1435 1856 1487 τῶν

269 1537 441 1591 θείων
476 1536 656 1606 νόμων
689 1532 1147 1604 καταφρονοῦσιν.
1173 1530 1331 1583 οὕτω
1370 1531 1427 1583 δὲ
1470 1530 1563 1582 καί
1592 1529 1633 1559 ⁷¹
1662 1528 1730 1581 τὰ
1756 1530 1855 1580 ἐπ-

260 1629 504 1700 ουράνια
528 1627 621 1681 καὶ
646 1625 875 1697 οὐράνια
901 1625 982 1687 εἰς
1007 1622 1293 1676 κοινωνίαν
1322 1620 1422 1691 τῆς
1461 1618 1733 1689 ὑμνῳδίας
1759 1634 1858 1671 κα-

258 1718 457 1787 λέσας,
498 1721 578 1785 εἰς
630 1717 729 1789 τὴν
769 1717 876 1787 γῆν
915 1714 1232 1788 μεταϐαίνει
1268 1713 1368 1784 τὴν
1398 1711 1585 1783 κοινὴν
1621 1709 1730 1764 τῶν
1759 1712 1855 1763 ἀν-

260 1813 535 1885 θρῶπων,
567 1813 663 1865 καὶ
696 1811 808 1863 τῶν
838 1810 1052 1877 ἀλόγων
1082 1808 1314 1880 μητέρα.

336 1903 410 1968 ζ’.
445 1922 463 1956 ι
492 1904 705 1956 Αἰνεῖτε
756 1903 849 1955 τὸν
880 1900 1085 1971 Κύριον
1117 1901 1182 1952 ὲκ
1203 1899 1304 1968 τῆς
1331 1897 1458 1968 γῆς.
1496 1917 1514 1949 ι
1549 1892 1684 1950 Εἶτα
1720 1893 1861 1949 κατὰ

264 1997 462 2068 μέρος,
504 1994 858 2064 Δράκοντες,
892 1992 992 2047 καὶ
1016 1990 1205 2046 πᾶσαι
1233 1991 1515 2045 ἄϐυσσοι.
1546 1988 1729 2059 Μέρος
1762 1987 1860 2058 τῆς

262 2088 369 2157 γῆς
399 2090 435 2157 ἡ
463 2086 732 2151 θάλασσα,
767 2089 824 2139 ὲν
850 2085 905 2138 δὲ
934 2083 1108 2155 ταύτῃ
1139 2083 1208 2136 τά
1231 2085 1393 2153 κήτη.
1428 2080 1781 2151 Ἀξιάγαστος
1802 2079 1860 2133 δὲ

262 2178 362 2230 τοῦ
388 2176 742 2249 Δημιουργοῦ
765 2177 859 2230 καὶ
887 2175 1026 2244 αὕτη
1058 2177 1093 2247 ἡ
1128 2174 1379 2245 πρόνοια,
1411 2175 1494 2227 ὅτι
1521 2174 1589 2226 τὰ
1617 2174 1862 2243 ὑπερμε-

264 2270 411 2339 γέθη
438 2270 535 2322 καὶ
560 2270 844 2340 ὑπέρογκα
875 2267 991 2332 ζῶα
1009 2267 1055 2298 ⁷²
1077 2266 1513 2338 δημιουργήσας,
1541 2266 1654 2329 τοῖς
1679 2262 1862 2316 ἀπλώ-

263 2371 381 2418 τοις
414 2354 735 2425 ἐγκαθεῖρξε
763 2354 1055 2423 πελάγεσι·
1077 2354 1259 2419 δείξας
1287 2355 1385 2426 μὲν
1410 2356 1474 2424 τῇ
1504 2352 1859 2424 δημιουργίᾳ,

266 2444 312 2474 τι
337 2445 435 2496 καὶ
465 2447 532 2515 τῇ
559 2443 769 2498 τούτων
806 2444 998 2515 μνήμῃ
1053 2442 1426 2513 δεδιττόμενος
1475 2442 1602 2507 τοὺς
1650 2440 1863 2513 ἀνθρώ-

268 2555 430 2605 πους,
460 2540 540 2611 τῷ
574 2540 631 2593 δὲ
667 2541 768 2611 τὴν
807 2538 1058 2595 ἐντεῦθεν
1087 2538 1333 2595 κωλύσαι
1358 2538 1541 2611 λώϐην
1573 2537 1862 2609 κηρύττων

265 2631 370 2703 τὴν
405 2631 742 2704 ἀγαθότητα.

342 2817 413 2883 η’.
448 2828 468 2863 ι
496 2812 638 2884 Πῦρ,
667 2812 898 2884 χάλαζα,
922 2811 1082 2884 χιὼν,
1106 2812 1464 2886 κρύσταλλος,
1485 2812 1705 2884 πνεῦμα
1726 2828 1861 2867 κατ·-

268 2907 503 2974 αιγὶδος.
540 2925 559 2958 ι
593 2907 702 2959 Καὶ
731 2907 778 2937 ’⁵
825 2905 1002 2960 ταῦτα
1051 2907 1111 2973 ἐξ
1145 2906 1356 2961 ὑδάτων
1397 2905 1511 2976 ἔχει
1551 2904 1650 2977 τὴν
1692 2907 1863 2979 ἀφορ-

272 3002 407 3071 μήν.
457 3002 547 3053 Ἐν
576 3000 700 3072 ἀέρι
725 3000 784 3055 δὲ
814 3001 1026 3070 γίνεται
1060 3000 1159 3053 καὶ
1184 2998 1416 3071 χάλαζα,
1455 2999 1548 3052 καὶ
1580 2997 1735 3069 χιὼν,
1765 2999 1861 3052 καὶ

270 3089 629 3162 κρύσταλλος,
676 3092 770 3143 καὶ
807 3091 876 3144 τά
922 3090 1129 3161 σφοδρά
1175 3088 1480 3160 πνεύματα.
1514 3087 1700 3143 Ταῦτα
1750 3088 1859 3159 γὰρ

1958 512 2194 568 saeculi:
2247 522 2582 584 praeceptum
2629 517 2847 583 posuit,
2898 528 2953 570 et
2992 530 3100 570 non
3148 519 3469 587 praeteribit.
3524 541 3543 572 ι

1957 603 2076 659 Non
2119 606 2284 660 modo
2322 616 2506 661 autem
2558 606 2843 672 condidit,
2877 622 3065 661 verum
3097 609 3265 663 etiam
3299 611 3366 665 de
3413 610 3550 681 ipsis

1958 712 2151 753 curam
2196 714 2387 768 gerere
2430 700 2639 770 pergit:
2676 699 2818 754 unde
2855 708 2909 753 et
2944 702 3411 769 perseverantiam
3454 704 3553 758 ha-

1959 791 2111 854 bent,
2142 801 2308 858 prout
2338 791 2454 859 ipse
2486 792 2742 846 voluerit.
2774 792 2988 846 Etenim
3034 808 3137 847 nec
3180 797 3441 851 terminos
3484 798 3554 851 ab

1960 880 2085 950 ipso
2122 882 2328 950 positos
2362 883 2674 952 transgredi
2724 885 2944 952 poterit.
2998 885 3302 941 lnanimata
3357 887 3550 957 igitur,

1960 981 2012 1027 et
2043 972 2276 1026 aliorum
2310 988 2508 1043 genera
2538 973 2743 1038 omnia,
2778 974 2927 1044 leges
2957 976 3166 1044 positas
3195 986 3549 1032 reverentur:

1961 1063 2077 1120 sola
2105 1074 2287 1119 autem
2318 1065 2604 1120 hominum
2634 1074 2854 1130 natura,
2879 1068 3093 1122 ratione
3122 1068 3371 1138 praedita.
3406 1070 3549 1137 leges

1963 1158 2384 1228 transgreditur.
2426 1157 2494 1211 Et
2537 1174 2686 1213 mare
2727 1160 2950 1230 quidem
3001 1162 3267 1217 terminos
3316 1162 3453 1229 scit,
3496 1170 3553 1216 et

1958 1263 2186 1304 arenam
2221 1258 2444 1305 veretur
2466 1291 2483 1319 ,
2511 1260 2566 1306 et
2599 1267 2707 1306 nox
2739 1260 2903 1321 atque
2930 1252 3045 1307 dies
3080 1269 3369 1309 mensuras
3402 1254 3550 1322 posi-

1964 1351 2047 1397 tas
2086 1353 2464 1398 conservant:
2527 1342 2779 1397 homines
2830 1357 2960 1396 vero
3002 1343 3218 1399 divinas
3265 1345 3412 1414 leges
3452 1358 3551 1413 pro

1963 1434 2140 1490 nihilo
2176 1436 2407 1491 ducunt.
2460 1432 2551 1490 Sic
2580 1445 2764 1489 autem
2791 1476 2807 1500 ,
2853 1444 3143 1505 postquam
3188 1437 3432 1491 coelestia
3453 1477 3468 1503 ,
3496 1445 3553 1491 et

1965 1545 2027 1583 ca
2062 1545 2185 1599 qua:
2211 1544 2377 1597 supra
2398 1529 2568 1582 caelos
2589 1537 2738 1594 sunt,
2770 1530 2823 1581 in
2846 1530 3287 1583 communionem
3316 1530 3549 1600 hymno-

1966 1637 2089 1676 rum
2132 1621 2386 1684 vocavit,
2429 1619 2496 1672 ad
2535 1628 2734 1672 terram
2764 1635 3107 1675 communem
3136 1624 3154 1642 ‘
3188 1631 3415 1676 matrem
3451 1622 3551 1675 ho-

1966 1714 2178 1767 minum
2221 1723 2275 1767 et
2322 1711 2643 1766 animalium
2694 1710 2910 1765 ratione
2953 1711 3259 1767 carentium
3312 1729 3371 1768 se
3416 1730 3551 1770 con-

1891 1794 1933 1853 Β
1964 1809 2147 1862 vertit.

2035 1898 2198 1953 Vens.
2229 1896 2281 1950 7.
2328 1914 2347 1949 ι
2383 1896 2627 1951 Laudate
2660 1896 2954 1951 Dominum
2992 1896 3061 1951 de
3101 1906 3263 1952 terra.
3296 1917 3315 1951 ι
3348 1898 3555 1955 Deinde

1965 1989 2356 2061 particulatim,
2390 1988 2681 2055 Dracones,
2715 1998 2762 2042 et
2793 2004 2972 2042 omnes
3003 1988 3198 2058 abyssi.
3226 1991 3361 2045 Pars
3396 2002 3553 2047 terra:

1963 2089 2048 2136 est
2070 2096 2241 2146 mare,
2264 2082 2391 2135 etin
2422 2081 2525 2134 hoc
2552 2090 2681 2135 sunt
2701 2090 2838 2135 cete.
2861 2078 3196 2134 Admiranda
3231 2080 3445 2151 1579
3469 2099 3553 2137 ve-

1964 2189 2026 2228 ro
2073 2174 2189 2229 haec
2224 2172 2563 2242 providentia
2592 2169 2849 2241 Opificis,
2900 2171 3047 2241 quod
3086 2172 3325 2225 maxima
3365 2184 3417 2226 et
3448 2173 3551 2226 ini-

1964 2279 2168 2319 mensae
2206 2263 2368 2317 molis
2397 2262 2659 2316 animalia
2692 2262 2761 2315 ab
2795 2263 2913 2331 ipso
2940 2261 3159 2315 condita
3196 2262 3250 2315 in
3284 2263 3549 2329 maribus,

1963 2372 2087 2426 qua:
2125 2355 2369 2426 navigari
2414 2368 2522 2408 non
2569 2364 2839 2423 possunt,
2891 2353 3230 2408 concluserit
3264 2394 3280 2420 ,
3331 2353 3552 2423 opiflcio

1963 2447 2183 2518 quidem
2212 2447 2329 2502 haec
2370 2446 2753 2501 demonstrans
2774 2483 2789 2509 ,
2821 2452 2878 2500 et
2906 2444 3105 2499 horum
3140 2459 3549 2499 commemora-

1966 2540 2113 2596 tione
2141 2539 2393 2594 homines
2424 2546 2637 2593 terrens
2666 2554 2681 2591 :
2724 2551 2880 2592 suam
2912 2551 3045 2593 vero
3079 2537 3377 2591 bonitatem
3416 2553 3554 2607 prae-

1964 2629 2155 2684 dicans
2178 2668 2193 2695 ,
2233 2644 2358 2684 cum
2390 2628 2801 2695 detrimentum,
2833 2627 2983 2697 quod
3023 2628 3153 2681 hinc
3180 2628 3314 2682 oriri
3340 2635 3549 2698 posset,

1964 2720 2333 2791 impediverit.

2039 2813 2209 2870 Vens.
2241 2814 2296 2869 8.
2348 2831 2366 2865 ι
2407 2812 2574 2885 Ignis,
2628 2813 2856 2882 grando,
2906 2813 3023 2877 nix,
3058 2806 3306 2881 'glacies,
3356 2824 3553 2869 ventus

1962 2904 2353 2973 procellarum.
2387 2923 2407 2957 ι
2457 2903 2524 2957 Ει
2556 2905 2672 2957 haec
2705 2918 2773 2957 ex
2806 2903 2966 2972 aquis
3002 2915 3185 2958 ortum
3236 2904 3459 2959 habent.
3494 2905 3552 2959 In

1963 3011 2091 3051 aere
2126 3006 2308 3051 autem
2345 3004 2401 3051 et
2454 2997 2687 3066 grando,
2722 3003 2777 3051 et
2807 2996 2921 3060 nix,
2953 3005 3008 3051 et
3039 2996 3242 3066 glacies
3268 2998 3347 3065 lit,
3378 3008 3433 3052 et
3457 3012 3551 3053 ve-

1964 3088 2248 3143 hementes
2280 3088 2429 3143 venti
2478 3106 2492 3143 :
2543 3088 2646 3144 hos
2691 3089 2835 3143 enim
2877 3088 3140 3156 procellas
3191 3092 3550 3159 nuncupavit.

271 3151 624 3249 καταιγίόαξ
675 3182 928 3239 ἐκάλεσε.
968 3151 1101 3236 ’Καὶ
1149 3181 1210 3235 τὸ
1253 3151 1365 3253 πύρ
1399 3181 1456 3234 δὲ
1497 3151 1856 3244 ὡσαύτως-ού

1966 3180 2031 3235 Et
2065 3180 2208 3250 ignis
2239 3180 2493 3236 similiter
2524 3195 2632 3235 non
2664 3181 2843 3236 solum
2880 3180 2934 3234 in
2970 3190 3134 3245 terra,
3173 3180 3269 3236 sed
3297 3182 3461 3237 etiam
3492 3184 3550 3239 in

275 3273 435 3341 μόνον
456 3274 515 3325 ἐν
538 3276 631 3341 γῇ,
663 3272 798 3326 ἀλλά
822 3274 916 3327 καὶ
941 3274 999 3326 ὲν
1023 3272 1145 3343 ἀέρι
1172 3272 1502 3342 φαινόμενον
1534 3272 1680 3323 ἔστιν
1707 3270 1856 3325 ίδεῖν.

272 3364 382 3416 Καὶ
411 3362 520 3432 γάρ
546 3363 848 3433 ἀστραπαὶ,
873 3364 968 3416 καὶ
995 3362 1274 3433 κεραυνοί,
1302 3362 1399 3415 καὶ
1430 3360 1771 3431 πρηστῆρες,
1800 3360 1859 3427 ἐξ

272 3454 435 3523 ἀέρος
463 3454 836 3526 ἐπιφέρονται.
879 3473 898 3506 ι
926 3455 1007 3509 Τά
1030 3454 1291 3508 ποιοῦντα
1317 3455 1409 3508 τὸν
1436 3454 1592 3522 λόγον
1621 3453 1807 3507 αὐτοῦ.
1834 3472 1853 3504 ι

272 3545 387 3599 Καὶ
420 3545 597 3599 ταῦτα
629 3546 710 3612 δὲ,
741 3546 895 3618 φησὶ,
929 3548 1044 3611 τοῖς
1079 3546 1248 3601 αὐτοῦ
1275 3547 1540 3618 νεύμασιν
1572 3549 1729 3611 είκει,
1762 3550 1860 3618 οὐχ

275 3637 350 3700 ὡς
382 3637 607 3708 ἔμψυχα
636 3640 733 3691 καί
762 3636 982 3707 λογικὰ,
1015 3638 1131 3692 ἀλλ’
1157 3638 1233 3702 ὡς
1264 3639 1509 3708 ἑπόμενα
1553 3638 1632 3709 τῷ
1663 3638 1861 3710 βουλή-

280 3751 433 3804 ματι.
466 3732 737 3797 Νεύοντος
783 3734 890 3803 γὰρ
942 3732 1035 3785 τοῦ
1068 3729 1203 3785 Θεοῦ
1247 3730 1453 3784 τούτων
1502 3730 1734 3783 ἕκαστον
1772 3732 1859 3798 γί-

278 3842 365 3878 νετ
371 3841 449 3879 αι.

345 3916 411 3970 θ’.
451 3934 469 3968 ι
509 3916 593 3970 Τά
625 3917 726 3988 ὄρη
757 3918 852 3970 καὶ
880 3917 1082 3981 πάντες
1135 3918 1184 3971 οί
1226 3916 1428 3987 βουνοί,
1464 3914 1597 3981 ξύλα
1649 3933 1858 3988 καρπο-

279 4010 441 4080 φόρα,
500 4010 597 4062 καὶ
645 4011 814 4063 πᾶσαι
875 4010 1081 4081 κέδροι.
1118 4028 1137 4062 ι
1182 4010 1368 4063 Ἰκανά
1411 4009 1507 4062 καί⁵
1552 4007 1726 4061 ταῦτα
1777 4011 1858 4072 εἰς

277 4102 627 4173 εὐχαριστίαν
657 4105 880 4173 κινῆσαι
916 4102 1074 4174 ἡμῶν
1100 4102 1202 4165 τὰς
1223 4101 1490 4170 γλώττας.
1523 4100 1597 4154 Οὐ
1628 4100 1736 4171 γὰρ
1769 4102 1859 4172 μόο

277 4208 364 4245 νον
418 4194 480 4247 τὸ
541 4193 748 4247 τούτων
807 4195 1038 4265 μέγεθος
1094 4194 1446 4262 άξιάγαστον,
1494 4191 1631 4247 ἀλλά
1686 4193 1853 4263 καὶὴ

276 4283 523 4338 ἐντεῦθεν
561 4286 806 4357 φυομένη
853 4285 1051 4358 χρεία’
1096 4286 1324 4356 πλείστη
1358 4285 1467 4357 γάρ
1516 4285 1613 4338 καὶ
1655 4301 1855 4337 παντο-

274 4376 437 4448 δαπή.

1962 3291 2089 3332 aere
2122 3291 2395 3347 apparens
2421 3278 2568 3331 cerni
2604 3286 2783 3346 potest
2812 3295 2824 3329 :
2858 3275 3059 3331 etenim
3090 3275 3330 3345 fulgura,
3357 3285 3411 3330 et
3442 3277 3551 3332 ful-

1963 3371 2131 3435 mina,
2168 3379 2222 3425 et
2256 3371 2401 3441 ignei
2435 3361 2685 3425 turbines
2710 3385 2775 3423 ex
2812 3385 2938 3424 aere
2975 3368 3321 3426 deferuntur.
3362 3390 3379 3422 ι
3418 3372 3551 3438 Quae

1964 3461 2174 3517 faciunt
2207 3464 2432 3516 verbum
2459 3462 2600 3531 ejus.
2646 3480 2663 3513 ι
2700 3459 2765 3515 Et
2789 3461 2904 3515 [nec
2935 3475 3124 3529 porro,
3158 3462 3255 3525 ait,
3296 3462 3417 3531 ejus
3444 3479 3548 3517 nu-

1964 3555 2109 3610 tibus
2140 3554 2360 3620 cedunt,
2406 3569 2517 3608 non
2572 3562 2832 3621 tanquam
2870 3553 3112 3607 animata
3165 3562 3219 3608 et
3273 3554 3546 3610 rationem

1965 3646 2241 3711 habentia,
2285 3646 2381 3701 sed
2417 3655 2475 3699 ut
2503 3646 2774 3700 voluntati
2827 3645 2949 3714 ejus
2983 3645 3367 3715 obsequentia,
3409 3645 3547 3701 Nam

1963 3737 2073 3793 Deo
2104 3748 2381 3793 annuente
2416 3738 2695 3807 quodlibet
2732 3752 2923 3791 eorum
2953 3736 3034 3790 fit.

2030 3917 2198 3973 Vens.
2238 3918 2291 3973 9.
2331 3937 2349 3969 ‹
2382 3916 2613 3981 Montes,
2641 3927 2695 3973 et
2726 3932 2918 3972 omnes
2947 3916 3137 3980 colles,
3172 3918 3318 3989 ligna
3354 3917 3543 3973 fructi-

1960 4011 2097 4077 fera,
2136 4018 2191 4064 et
2213 4025 2405 4065 omnes
2434 4009 2608 4065 cedri.
2652 4029 2669 4061 ι
2713 4010 2778 4064 Et
2808 4012 2922 4064 haec
2953 4010 3116 4064 etiam
3152 4010 3204 4063 in
3244 4011 3542 4081 gratiarum

1958 4103 2230 4156 actionem
2264 4102 2479 4171 linguas
2521 4110 2742 4156 nostras
2786 4100 3066 4170 impellere
3099 4111 3354 4171 possunt.
3401 4101 3543 4158 Nam

1957 4209 2067 4248 non
2123 4192 2287 4247 modo
2335 4193 2535 4247 horum
2588 4193 2910 4263 magnitudo
2969 4193 3335 4247 admiratione
3379 4195 3541 4261 digna

1956 4294 2060 4349 est,
2107 4283 2202 4338 sed
2258 4282 2424 4337 etiam
2466 4298 2620 4349 usus,
2673 4283 2767 4352 qui
2802 4283 2932 4338 hinc
2988 4285 3166 4339 oritur
3209 4302 3221 4338 :
3258 4284 3542 4354 multiplex

1954 4375 2100 4429 enim
2126 4383 2208 4430 est
2235 4383 2290 4429 et
2318 4374 2524 4429 diversi
2550 4373 2788 4443 generis.

343 4485 395 4543 ι’.
433 4507 453 4541 ι
489 4489 571 4543 Τὰ
607 4490 793 4562 θηρία,
837 4492 934 4545 καὶ
965 4492 1144 4548 πάντα
1190 4492 1259 4547 τὰ
1304 4492 1499 4564 κτήνη.
1528 4508 1546 4542 ι
1585 4491 1742 4544 Κατὰ
1770 4490 1851 4544 δι-

2027 4486 2195 4544 Vens.
2241 4487 2327 4543 lO.
2371 4507 2389 4540 ι
2441 4488 2657 4551 Bestiae,
2706 4496 2758 4543 et
2811 4488 3067 4543 universa
3117 4503 3336 4558 pecora.
3372 4507 3391 4540 ι
3439 4486 3541 4543 Per

274 4575 479 4647 αἰρεσιν
508 4577 603 4632 καὶ
638 4579 833 4634 ταῦτα.
862 4582 937 4636 Οὐ
965 4582 1075 4655 γὰρ
1109 4581 1297 4646 ἁπλῶς
1328 4577 1453 4636 εἶπε
1486 4580 1554 4635 τὰ
1581 4581 1850 4651 τετράπο-

273 4666 354 4731 δα,
397 4666 533 4722 ἀλλά
574 4668 809 4741 διέκρινε
856 4671 967 4726 τῶν
1010 4673 1235 4744 ἡμέρων
1272 4673 1341 4727 τὰ
1381 4673 1569 4744 ἄγρια.
1616 4675 1729 4728 Καὶ
1764 4675 1851 4729 διὰ

274 4756 474 4810 τούτων
507 4757 714 4828 μέντοι,
740 4764 834 4817 καὶ
863 4762 932 4816 δι’
957 4764 1206 4829 ἐκείνων,
1238 4764 1450 4818 κελεύει
1491 4765 1581 4818 τὸν
1612 4767 1850 4837 Ποιητὴν

274 4847 545 4917 ἀνυμνεῖν.
595 4852 764 4906 Οὐδὲν
809 4853 919 4924 γὰρ
964 4855 1221 4926 περιττὸν
1248 4858 1345 4911 καὶ
1374 4858 1669 4928 ἀχάριστον
1699 4860 1765 4923 ⁷⁸,
1799 4860 1849 4911 εἰ

276 4939 366 4991 καὶ
401 4940 503 5011 τὴν
542 4944 819 5015 ἡμετέραν
848 4946 1137 5017 διαφεύγει
1169 4949 1393 5018 γνῶσιν.
1428 4968 1447 5001 ι
1485 4948 1722 5020 Ἐρπετά
1755 4950 1852 5003 καὶ

276 5031 491 5086 πετεινά
543 5037 818 5107 πτερωτά.
854 5057 873 5091 ι
916 5040 995 5112 Τῇ
1055 5042 1246 5114 μνήμῃ
1302 5042 1412 5095 τῶν
1461 5040 1710 5113 ἑρπετῶν
1756 5040 1853 5095 καί⁵

274 5120 376 5173 τῶν
404 5125 619 5194 νηκτῶν
649 5130 681 5199 ἡ
712 5130 877 5199 φύσις
913 5132 1289 5197 συνέζευκταιο
1324 5134 1484 5207 ἕρπει
1516 5134 1625 5206 γὰρ
1651 5135 1709 5189 ἐν
1738 5136 1853 5200 τοῖς

1957 4582 2283 4638 divisionem
2314 4583 2483 4636 etiam
2521 4583 2634 4637 haec
2666 4582 2825 4636 dixit.
2864 4580 2982 4636 Non
3019 4580 3164 4636 enim
3212 4580 3540 4650 simpliciter

1956 4686 2193 4747 quatuor
2224 4675 2420 4745 pedum
2450 4675 2706 4729 animalia
2742 4674 2903 4739 dixit,
2934 4675 3027 4729 sed
3054 4676 3293 4745 agrestia
3322 4690 3352 4729 a
3382 4690 3539 4729 man-

1956 4769 2130 4823 suetis
2169 4766 2426 4837 sejunxit.
2464 4765 2533 4821 Et
2573 4781 2670 4836 per
2697 4765 2814 4821 haec
2844 4765 3011 4835 igitur
3034 4774 3087 4819 et
3114 4780 3208 4834 per
3249 4764 3341 4819 illa
3365 4763 3536 4820 Deum

1956 4860 2234 4915 celebrare
2259 4859 2435 4930 jubet.
2465 4858 2613 4913 Nihil
2643 4859 2789 4914 enim
2834 4872 3303 4927 supervacaneum
3356 4866 3410 4913 et
3452 4858 3537 4913 in-

1956 4952 2092 5007 utile
2136 4960 2241 5018 est,
2298 4951 2426 5008 licet
2477 4960 2720 5006 nostram
2766 4949 3052 5005 scientiam
3097 4949 3314 5019 1580
3343 4949 3539 5018 fugiat.

1961 5063 1979 5095 ι
2021 5042 2313 5115 Serpentes
2365 5054 2419 5100 et
2477 5044 2728 5098 volucres
2785 5051 3054 5112 pennatae.
3110 5061 3129 5094 ι
3186 5043 3538 5113 Serpentium

1955 5137 2461 5193 commemorationi
2488 5138 2651 5193 etiam
2681 5137 2984 5191 natantium
3016 5144 3210 5190 natura
3246 5136 3538 5211 conjungi-

277 5211 475 5268 ὕδασιν.
512 5217 667 5273 Οὕτω
700 5221 931 5277 δὲαύτά
986 5225 1082 5279 καὶ
1130 5227 1159 5278 ό
1205 5224 1341 5289 Θεὸς
1381 5226 1850 5298 προσηγόρευσεν.

1966 5236 2047 5281 tur
2083 5246 2095 5282 :
2132 5235 2361 5297 serpunt
2410 5228 2557 5282 enim
2594 5228 2648 5281 in
2684 5228 2864 5296 aquis.
2904 5226 2995 5283 Sic
3030 5238 3212 5284 autem
3249 5228 3339 5283 illa
3372 5228 3536 5283 etiam

1357 5403 1592 5461 VARUE
1634 5402 2020 5460 LECTIONES
2074 5402 2167 5459 ET
2196 5401 2430 5459 NOTAE.

329 5540 373 5576 ⁸³
413 5538 527 5605 Ὧς.
578 5539 702 5595 cod.
728 5539 750 5593 l
773 5540 903 5604 ἕως.
978 5541 1023 5573 ⁸³
1047 5540 1122 5611 ih.
1183 5538 1403 5611 δύναται
1438 5582 1454 5606 ,
1486 5542 1720 5609 ascripta
1757 5550 1856 5596 tam

1972 5541 2140 5597 altera
2178 5540 2433 5597 lectione.
2523 5544 2570 5575 ⁷ο
2600 5543 3005 5601 Ἀλλων.¹εοό.
3050 5543 3329 5611 ίάλόγων.
3384 5542 3428 5573 ⁷³
3457 5538 3533 5593 Ad

275 5611 380 5664 καί.
420 5611 587 5679 Abest
617 5627 645 5663 a
678 5611 799 5665 cod.
827 5612 880 5664 ί.
954 5611 1001 5644 ’⁸
1024 5609 1175 5665 Ζῶα.
1209 5610 1329 5666 cod.
1363 5611 1387 5663 l
1424 5612 1489 5679 μέ

1495 5628 1585 5684 ρην.
1617 5613 1662 5644 ⁷³
1690 5614 2066 5684 Δ-ημιουργὶᾳ.
2096 5613 2169 5668 ib.
2201 5628 2356 5684 sequ.
2384 5614 2444 5666 τὸ
2476 5614 2718 5667 δυνατόν.
2809 5615 2855 5647 ⁷⁸
2880 5615 2985 5670 Καί
3020 5646 3089 5656 —-
3124 5611 3532 5683 ἐπιφέρονταιδ

214 5686 217 5693 ‘
278 5680 392 5735 Haec
431 5678 651 5752 Origeni
682 5681 868 5738 tribuit
920 5680 1085 5738 Cord.
1110 5682 1148 5739 l.
1175 5697 1226 5739 c.
1262 5696 1316 5752 p.
1351 5678 1507 5738 853.’
1554 5678 1601 5716 ⁷⁵
1630 5682 1738 5735 Καὶ
1760 5678 1856 5752 ⁷⁷ἀχ

1967 5678 2135 5739 om.
2169 5678 2295 5740 cod.
2328 5685 2352 5738 l
2383 5684 2501 5738 οὐδὲ
2535 5686 2823 5755 ἄχρηστον.
