3996 6488
233 345 376 412 1993

1608 353 1691 415 IN
1738 356 1946 419 PSAL.
1988 359 2101 419 CL.

3363 370 3497 437 1934

296 453 369 523 γ’.
414 471 433 505 ι
481 451 857 525 Εὐφρανθήτω
894 450 1115 527 Ἰσραὴλ
1147 455 1239 511 ἐπὶ
1267 456 1345 528 τῷ
1393 460 1680 531 ποιήσαντι
1711 464 1809 516 αὑ-

1985 463 2150 521 Vens.
2178 466 2233 521 ὅ.
2270 486 2288 519 ι
2323 467 2559 525 Laetetur
2582 471 2744 530 lsrael
2776 478 2844 533 de
2873 493 2940 535 eo
2963 480 3060 552 qui
3086 481 3211 538 fecit
3241 483 3412 550 illum,
3444 493 3501 541 et
3576 471 3580 475 ’

224 548 344 612 τὸν,
390 547 488 600 καὶ
530 548 639 600 υίοὶ
672 547 812 601 Σιὼν
844 549 1299 617 άγαλλιάσθωσαν
1345 554 1437 607 ἐπὶ
1484 554 1559 625 τῷ
1608 556 1819 625 βασιλεί

225 639 433 694 αὐτῶν.
474 658 494 693 ι
535 641 762 695 Πάντων
792 640 894 710 μὲν
933 640 1067 705 Θεὸς
1111 644 1141 697 ό
1169 644 1276 697 τῶν
1315 645 1454 698 ὅλων
1480 646 1634 712 Θεὸς,
1672 648 1821 714 ἰδίως

226 731 282 784 δὲ
315 731 426 785 τῶν
493 731 847 803 Ἰσραηλιτῶν
892 735 1233 806 ἐχρημάτιζε
1282 737 1560 807 βασιλεὺς.
1607 741 1817 796 Αὐτίκα

226 822 407 875 τοίνυν
435 822 537 893 τὴν
583 824 906 897 ἀχαριστίαν
942 830 1338 899 νενοσηκότων,
1370 832 1467 885 καὶ
1497 831 1685 902 ἕτερον
1717 834 1818 888 αὐο

226 916 341 977 τοῖς
370 912 716 984 αἰτησάντων
762 917 988 989 βασιλέα
1018 920 1296 989 γενέσθαι,
1357 924 1491 993 φησὶ
1540 925 1677 996 πρὸς
1725 925 1816 980 τὸν

228 1007 488 1079 Σαμουὴλ
505 1010 536 1062 ό
552 1009 736 1077 Θεὸς,‹
750 1011 823 1065 Οὐ
844 1010 905 1065 σὲ
920 1009 1360 1085 ἐξουδενήκασιν,
1373 1017 1489 1071 ἀλλ’
1508 1018 1555 1049 ⁸⁸
1576 1018 1698 1089 ἐμὲ,
1720 1021 1814 1074 τοῦ

230 1098 304 1168 μὴ
336 1098 648 1169 βασιλεύειν
675 1103 875 1159 αὐτῶν.
911 1124 932 1157 ι

294 1192 359 1245 δ’.
411 1211 431 1243 α
482 1194 869 1253 Αίνεσάτωσαν
916 1200 979 1253 τὸ
1011 1201 1185 1271 ὄνομα
1234 1202 1402 1257 αὐτοῦ
1454 1207 1513 1258 ἐν
1556 1208 1722 1279 χορῷ,
1757 1210 1816 1261 ἐν

224 1287 496 1357 τυμπάνῳ
553 1290 649 1342 καὶ
695 1289 978 1364 ψαλτηρίφ
1024 1293 1357 1363 ψαλάτωσαν
1407 1298 1580 1370 αὐτῷ.
1640 1319 1659 1351 ι
1712 1302 1814 1355 Διὰ

224 1376 428 1439 παντὸς
461 1378 720 1447 ὀργάνου,
752 1383 908 1453 φησὶ,
938 1386 1085 1438 κατὰ
1111 1385 1205 1440 τὸν
1240 1386 1402 1458 νόμον
1428 1388 1518 1442 τὸν
1546 1391 1812 1464 ἡμέτερον

224 1464 566 1538 ὑμνήσωμεν
596 1469 689 1524 τὸν
714 1471 1033 1545 εὐεργέτην.

294 1555 359 1612 ε’.
398 1576 416 1609 ι
447 1561 568 1613 Ὀτι
593 1563 805 1617 εὐδοκεί
832 1565 1040 1636 Κύριος
1069 1569 1128 1622 ἐν
1154 1569 1233 1639 τῷ
1255 1570 1372 1641 λαῷ
1403 1573 1591 1629 αὑτοῦ.
1622 1594 1641 1628 ι
1673 1574 1811 1630 Πολ·-

223 1648 320 1719 λῆς
368 1652 542 1721 ἡμᾶς,
580 1658 715 1725 φησὶ
763 1658 832 1725 ⁸⁷,
882 1660 1297 1731 φιλανθρωπίας
1326 1665 1548 1735 ἠξίωσε,
1585 1668 1681 1721 καὶ
1713 1668 1812 1740 τὴν

221 1744 435 1797 οἰκείαν
483 1749 618 1817 ἡμῖν
665 1747 867 1817 ἔδειξεν
908 1753 1244 1825 ἀγαθότητα.
1292 1775 1311 1809 ι
1368 1759 1478 1812 Καὶ
1524 1759 1729 1828 ὑψώσει
1764 1761 1810 1794 ⁸³

1917 556 2012 610 ﬁlii
2044 556 2230 613 Sionis
2258 562 2531 617 exsultent
2562 564 2615 618 in
2641 582 2767 637 rege
2791 586 2911 625 suo.
2951 591 2969 625 ι
2998 572 3252 630 Omnium
3278 578 3498 646 quidem

1921 650 2062 706 Deus
2094 654 2477 709 universorum
2502 666 2585 712 cst
2614 659 2756 717 Deus
2784 680 2798 716 :
2827 665 3048 733 proprie
3074 676 3257 722 autem
3284 668 3498 725 lsracli-

1918 749 2096 798 tarum
2158 760 2255 799 rex
2327 751 2770 819 nuncupabatur.
2826 755 3015 827 Itaque
3069 775 3193 815 cum
3245 763 3497 833 ‘ingrati

1917 835 2085 889 animi
2128 838 2318 893 morbo
2352 840 2689 907 laborarent,
2725 856 2779 901 et
2811 849 2981 905 alium
3014 868 3198 922 regem
3229 865 3494 925 peterent,

1920 926 2135 998 1582
2170 930 2310 985 dixit
2340 932 2486 988 Deus
2523 934 2764 993 Samueli
2812 958 2827 995 :
2866 960 2884 992 ι
2924 942 3042 999 Non
3075 956 3127 1003 te
3166 949 3494 1019 reiecerunt,

1914 1021 2010 1075 sed
2048 1037 2152 1087 me,
2182 1039 2249 1079 ne
2280 1040 2499 1095 regnem
2526 1043 2690 1099 super
2722 1046 2817 1089 eos
2851 1032 2897 1088 ί.
2942 1053 2961 1086 ι

1984 1195 2151 1255 Vens.
2197 1201 2253 1255 4.
2309 1222 2326 1254 ι
2358 1203 2603 1262 Laudent
2642 1226 2838 1267 nomen
2870 1216 2991 1284 ejus
3043 1219 3096 1272 in
3132 1222 3323 1288 choro,
3367 1242 3493 1281 cum

1913 1294 2172 1360 tympano
2198 1303 2252 1347 et
2281 1296 2539 1364 psalterio
2571 1302 2804 1369 psallant
2832 1307 2905 1360 ei.
2942 1326 2960 1358 ι
3001 1308 3105 1364 Per
3130 1328 3295 1369 omne
3321 1333 3493 1387 genus

1912 1395 2265 1451 organorum,
2292 1389 2389 1453 ait,
2418 1389 2578 1458 juxta
2606 1393 2778 1463 legem
2809 1398 3212 1460 benefactorem
3243 1421 3489 1468 nostrum

1912 1469 2169 1528 laudibus
2204 1475 2520 1534 eil‘eramus.

1988 1562 2151 1620 Vens.
2181 1565 2233 1620 5.
2276 1586 2295 1619 ι
2325 1568 2462 1635 Quia
2493 1571 2898 1644 beneplacit'um
2929 1592 3011 1637 est
3040 1585 3273 1642 Domino
3308 1591 3362 1646 in
3393 1610 3491 1665 po-

1912 1656 2043 1725 pulo
2081 1674 2204 1715 suo.
2236 1680 2254 1712 »
2293 1661 2462 1719 Multa
2491 1665 2850 1738 benignitate,
2886 1674 3082 1744 inquit,
3116 1696 3215 1736 nos
3236 1656 3491 1753 dignatus

1910 1756 2017 1810 est,
2040 1757 2093 1801 et
2121 1749 2422 1807 bonitatem
2452 1770 2608 1810 suam
2638 1760 2798 1816 nobis
2827 1766 3058 1831 aperuit.
3098 1788 3115 1821 ‹
3145 1768 3208 1825 Et
3231 1749 3494 1833 exaltabit

223 1838 425 1905 πραεῖς
452 1840 511 1890 ἐν
539 1840 802 1911 σωτηρίᾳ.
841 1860 860 1892 ι
893 1844 1032 1908 Τοὺς
1057 1845 1114 1898 δὲ
1142 1848 1383 1918 ἐρήμους
1413 1849 1690 1921 βοηθείας,
1716 1852 1809 1905 καὶ

1927 1852 2226 1897 nansuetos
2254 1844 2308 1898 in
2353 1847 2550 1903 salute.
2588 1869 2606 1900 ι
2646 1851 2752 1906 Eos
2787 1864 2992 1923 autem,
3025 1863 3115 1929 qui
3167 1869 3373 1923 auxilio
3398 1871 3494 1926 dc-

222 1926 449 1997 τρόποις
475 1929 703 1997 ἀγαθοῖς
726 1940 1121 2006 κεχρημένους,
1158 1939 1398 2010 ὑψηλοὺς
1419 1942 1692 2011 ἀποφανεῖ
1717 1945 1810 1999 καὶ

225 2018 651 2088 περιϐλέπτους.

295 2116 373 2174 ς’.
423 2130 442 2163 ι
478 2113 864 2184 Καυχήσονται
914 2118 1051 2172 ὅσιοι
1095 2121 1154 2174 ἐν
1200 2120 1351 2193 δόξῃ,
1411 2122 1503 2175 καὶ
1549 2122 1810 2191 άγιιιλλιά⁴

226 2219 415 2256 σονται
462 2206 556 2259 ἐπὶ
599 2208 707 2261 τῶν
736 2210 933 2263 κοιτῶν
980 2212 1180 2268 αὐτῶν.
1233 2233 1250 2264 ι
1287 2215 1396 2268 Καὶ
1426 2217 1473 2267 οἱ
1509 2216 1569 2269 τὸ
1599 2216 1809 2270 δίκαιον

222 2294 520 2365 τιμῶντες,
557 2298 616 2352 ἐν
645 2300 867 2373 εὐκλείᾳ
902 2304 1247 2375 γενήσονται,
1280 2306 1479 2377 πολλῆς
1510 2308 1809 2361 όιπολοιύον⁹

220 2403 313 2450 τες
345 2389 686 2462 ἁναπαύλης.
718 2396 939 2462 Κοίτην
974 2396 1083 2466 γὰρ
1114 2397 1213 2469 τὴν
1257 2397 1577 2453 ἀνάπαυλαν
1603 2402 1649 2433 ⁸³
1680 2398 1807 2455 ἐκά-

220 2474 415 2530 λεσεν·
444 2480 766 2551 ἀναπαύλης
794 2487 901 2555 γὰρ
930 2486 961 2555 ἡ
998 2485 1155 2555 κλίνη
1185 2491 1519 2560 σημαντικὴ.

299 2571 367 2636 ζ’.
410 2594 429 2627 ι
462 2576 529 2628 Δί
557 2574 793 2646 ὑψώσεις
812 2578 905 2630 τοῦ
929 2577 1065 2631 Θεοῦ
1100 2582 1158 2632 ὲν
1183 2578 1260 2649 τῷ
1285 2580 1523 2650 λάρυγγι
1547 2583 1747 2636 αὐτῶν.
1781 2602 1800 2633 ›

219 2664 505 2738 Διηνεκῶς
536 2667 593 2719 δέ
624 2666 725 2730 τὰς
771 2666 924 2730 θείας
958 2668 1279 2738 εὐεργεσίας
1327 2669 1677 2741 κηρύττουσι,
1715 2673 1805 2726 τὸν

219 2757 431 2813 τούτων
460 2759 635 2812 αἴτιον
682 2758 1074 2828 ἀνυμνοῦντες.

297 2870 317 2903 ε
372 2848 488 2903 Καὶ
512 2854 777 2923 ῥομφαῖαι
806 2852 1050 2924 δίστομοι
1094 2857 1154 2909 ἐν
1196 2861 1317 2921 ταῖς
1364 2859 1550 2929 χερσὶν
1602 2859 1798 2914 αὐτῶν.

221 2941 348 3015 [η’.]
372 2943 480 2996 Τοῦ
504 2945 727 3015 ποιῆσαι
759 2946 1117 3018 ἐκδίκησινξὲν
1143 2952 1252 3012 τοῖς
1281 2951 1512 3016 ἔθνεσιν,
1537 2952 1804 3023 ἐλεγμοὺς

220 3036 281 3085 ἐν
301 3038 414 3097 τοῖς
445 3034 615 3097 λαοῖς.
649 3055 668 3087 ι
686 3037 800 3089 Οὐκ
826 3037 1067 3091 ἐναντίον
1088 3043 1153 3109 τῇ
1172 3041 1457 3113 ἀναπαύλῃ
1477 3042 1536 3096 τὸ
1560 3046 1617 3096 ἐν
1648 3044 1805 3096 πολέ-

224 3144 350 3197 μοις
374 3128 555 3198 νικᾷν.
582 3128 769 3199 Πάσης
798 3130 905 3201 γάρ
933 3130 1252 3201 άναπαύλης
1277 3135 1336 3186 τὸ
1360 3137 1515 3205 νικᾷν
1560 3134 1803 3205 θυμηρέ-
1829 3166 1873 3223 C

221 3233 441 3288 στερον.
469 3220 733 3289 Προλέγει
762 3220 945 3291 μέντοι
976 3223 1063 3277 διὰ
1094 3225 1301 3278 τούτων
1329 3227 1551 3297 τὴντῶν
1574 3228 1803 3281 Μακκα-

220 3308 397 3362 ϐαίων
416 3310 657 3381 ἀνδρίαν,
742 3314 1097 3383 χρησάμενοι,
1124 3321 1218 3371 καὶ
1238 3319 1362 3381 τοὺς
1393 3319 1803 3389 πλησιοχώρους

223 3400 611 3472 ἐχειρώσαντο,
640 3404 736 3456 καὶ
767 3406 893 3469 τοὺς
914 3407 1230 3471 Μακεδόνας
1259 3411 1721 3477 κατηγωνίσαντο.

296 3492 361 3545 θ’.
401 3510 419 3543 ι
457 3493 564 3547 ’1ὀῦ
615 3495 773 3565 δῆσαι
820 3497 947 3561 τοὺς
981 3499 1221 3568 βασιλεῖς
1271 3501 1450 3554 αὐτῶν
1484 3504 1542 3555 ἐν
1584 3503 1800 3569 πέδαις,

222 3584 475 3649 καὶτοὺς
511 3586 753 3653 ἐνδόξους
782 3588 959 3642 αὐτῶν
991 3590 1047 3641 ἐν
1088 3592 1433 3660 χειροπέδαις
1470 3594 1736 3663 σιδηραῖς.
1777 3614 1795 3645 ο

223 3677 406 3729 11ολλά
454 3677 681 3732 τοιαῦτα
714 3680 805 3733 ὑπ’
841 3681 1067 3734 ἐκείνων
1094 3683 1476 3753 κατορθῶσθαι
1508 3687 1540 3754 ἡ
1594 3685 1803 3755 ἱστορία

222 3766 489 3830 διδάσκει,
518 3770 612 3823 καὶ
659 3771 843 3841 ῥᾴδιον
883 3774 997 3834 τοῖς
1042 3774 1283 3841 ἐντυχεῖν
1312 3774 1655 3844 βουλομένοις
1699 3774 1802 3846 τῆς

226 3862 565 3931 προφητείας
593 3863 936 3932 καταμαθεῖν
961 3864 1061 3935 τὴν
1093 3864 1372 3935 ἀλήθειαν.

306 3952 355 4007 ι’.
405 3972 425 4005 ‹
470 3954 576 4007 Τοῦ
614 3955 842 4025 ποιῆσαι
877 3958 935 4010 ἐν
979 3959 1163 4023 αὐτοῖς
1192 3962 1367 4030 κρῖμα
1398 3959 1729 4031 ἔγγραπτον.
1776 3981 1796 4013 ›

230 4045 299 4095 Ἀ
333 4044 444 4115 γὰρ
462 4047 542 4109 είς
570 4046 815 4110 ἐκείνους
845 4048 1069 4112 ἐνδίκως
1098 4051 1448 4121 εἰργάσαντο,
1475 4052 1803 4122 ἀνάγραπτα

222 4137 440 4203 γέγονε,
480 4137 574 4190 καὶ
605 4137 766 4209 μέχρι
800 4140 1037 4211 τήμερον
1066 4143 1111 4174 ὀ
1151 4143 1483 4215 ἀείμνηστον
1531 4144 1711 4198 αὐτῶν
1740 4144 1802 4197 τὸ

222 4226 385 4290 κλέος
414 4227 678 4297 διέμεινε.
731 4228 902 4283 Τοῦτο
946 4231 1053 4302 γὰρ
1095 4232 1379 4302 ἐπήγαγε·
1418 4254 1437 4285 ι
1481 4236 1619 4301 Δόξα
1662 4235 1799 4306 αὕτη

221 4318 381 4372 ἔσται
415 4320 458 4352 ⁹¹
493 4324 627 4375 πᾶσι
656 4325 767 4385 τοῖς
814 4323 981 4387 ὁσίοις
1030 4324 1221 4380 αὐτοῦ.
1260 4346 1278 4377 ι
1327 4328 1530 4398 Μήτηρ
1564 4328 1673 4401 γάρ
1702 4329 1802 4398 τῆς

222 4412 479 4476 εὐκλείας
505 4416 537 4482 ἡ
570 4415 806 4486 ὁσιότης,
824 4418 917 4468 καὶ
938 4419 986 4469 oi
1014 4417 1215 4489 ταύτης
1247 4421 1534 4489 emam"
1550 4421 1615 4474 δι’
1633 4421 1802 4492 αὐτὴν

220 4502 460 4572 ἀοίδιμοι
491 4504 751 4570 γίνονται.

535 4616 796 4672 EPMHN.
838 4620 974 4673 ΤΟΥ
1014 4621 1120 4673 PN'
1160 4624 1488 4678 ΨΑΛΜΟΥ.

296 4725 365 4781 α’.
414 4727 799 4796 Ἀλληλούῖα,
824 4732 1184 4797 (lanionia.
1204 4734 1501 4799 Ἐπινίκιος
1528 4737 1623 4789 καὶ
1648 4730 1803 4802 οὗτος

1911 1932 2089 1985 stituti
2123 1944 2273 2001 sunt,
2311 1937 2580 2009 bonisque
2606 1942 2850 2001 moribus
2878 1957 3125 2018 utuntur,
3151 1958 3412 2015 sublimes
3437 1972 3491 2017 et

1911 2021 2152 2079 illustres
2182 2028 2389 2084 reddet.

1984 2111 2146 2171 Vens.
2186 2117 2241 2171 6.
2300 2139 2319 2171 ι
2358 2119 2723 2180 Exsultabunt
2778 2131 2953 2186 sancti
2995 2133 3047 2186 in
3089 2136 3282 2205 gloria,
3336 2142 3487 2197 laeta-

1909 2202 2115 2258 buntur
2148 2206 2201 2259 in
2236 2207 2510 2268 cubilibus
2550 2214 2687 2269 suis.
2720 2234 2737 2266 ι
2772 2217 2838 2272 Et
2877 2223 2970 2290 qui
2998 2202 3281 2291 justitiam
3310 2233 3487 2288 hono-

1911 2307 2055 2360 rant,
2103 2298 2156 2351 in
2214 2301 2384 2368 gloria
2433 2314 2615 2369 erunt,
2672 2309 2842 2364 multa
2895 2314 3079 2382 quiete
3121 2320 3511 2388 periruentesﬁ

1907 2387 2094 2444 Cubile
2114 2392 2258 2445 enim
2289 2394 2525 2463 quietem
2552 2402 2861 2469 appellavit,
2887 2406 3012 2475 quia
3042 2387 3219 2468 lectus
3248 2416 3485 2485 quietem

1876 2500 1885 2508 ·
1909 2477 2132 2533 indicat.

1980 2569 2145 2629 Vens.
2180 2572 2232 2628 7.
2276 2594 2294 2626 ι
2333 2576 2710 2637 Exallationes
2748 2584 2839 2640 Dei
2875 2588 2929 2642 in
2958 2601 3177 2660 gutture
3207 2612 3418 2653 eorum.
3465 2623 3482 2652 ι

1910 2663 2098 2719 Divina
2139 2677 2319 2723 autem
2352 2671 2608 2728 beneficia
2649 2679 2908 2735 continue
2936 2684 3256 2751 pradicant,
3289 2690 3484 2745 borum

1907 2769 2184 2813 auctorem
2209 2762 2571 2820 celebrantes.

1982 2868 2001 2899 ι
2028 2849 2093 2903 Ει
2113 2852 2273 2920 gladii
2294 2856 2562 2924 ancipites
2584 2858 2634 2911 in
2664 2861 2921 2918 manibus
2940 2880 3151 2921 eorum.
3177 2868 3369 2940 [Vens.
3401 2874 3482 2948 8.]

1907 2940 1987 2994 Ad
2035 2946 2397 2999 exercendam
2438 2949 2730 3006 vindictam
2770 2953 2821 3007 in
2858 2958 3193 3027 nationibus,
3234 2940 3485 3035 increpa;

1908 3034 2081 3088 tiones
2112 3033 2163 3088 in
2212 3038 2450 3106 populis.
2487 3058 2506 3091 ι
2560 3041 2676 3096 Non
2723 3053 2806 3099 est
2843 3048 3015 3116 quieti
3065 3033 3399 3125 repugnans.
3430 3060 3484 3114 in

1907 3124 2063 3180 bellis
2096 3128 2332 3186 vincere.
2366 3130 2525 3186 Omni
2553 3137 2700 3188 enim
2733 3138 2917 3206 quiete
2935 3124 3232 3209 jucundius
3256 3159 3338 3203 est
3364 3150 3482 3204 vin-

1910 3233 2053 3273 cere.
2092 3216 2345 3275 Prmdicit
2381 3223 2547 3291 igitur
2581 3243 2674 3296 per
2712 3229 2824 3284 haec
2858 3231 3292 3293 Machabzeorum
3328 3241 3485 3298 furti-

1910 3310 2173 3375 tudinem,
2210 3328 2315 3382 qua
2346 3315 2449 3377 usi,
2477 3327 2529 3370 et
2552 3317 2813 3377 ﬁnitimos
2849 3325 3092 3393 captivos
3119 3343 3407 3399 ceperunt,
3430 3346 3485 3390 et

1907 3400 2228 3458 Macedones
2253 3403 2618 3463 debellarunt.

1981 3489 2140 3547 Vens.
2178 3494 2233 3547 9.
2270 3510 2289 3545 ι
2319 3494 2399 3549 Ad
2420 3497 2743 3555 vinciendos
2774 3518 2929 3573 reges
2968 3520 3158 3563 eorum
3184 3511 3236 3565 in
3262 3528 3487 3587 compe-

1906 3583 2092 3647 dibus,
2120 3593 2171 3639 et
2204 3586 2414 3640 nobiles
2439 3603 2628 3643 eorum
2657 3592 2711 3644 in
2742 3596 2976 3650 manicis
3006 3600 3215 3657 terreis.
3256 3621 3276 3654 ι
3318 3583 3483 3661 Multa

1908 3674 2222 3758 hujusmodi
2262 3677 2332 3731 ab
2372 3677 2477 3733 illis
2524 3683 2784 3750 przeclare
2827 3697 2975 3754 gesta
3037 3689 3263 3747 historia
3302 3696 3482 3760 docet,

1909 3752 2121 3836 1583
2157 3778 2211 3821 et
2265 3769 2429 3828 facile
2466 3783 2548 3828 est
2601 3773 2784 3843 legere
2832 3752 3144 3836 volentibus
3187 3752 3486 3855 prophetiae

1904 3859 2185 3913 veritatem
2212 3861 2478 3918 ediscere.

1980 3949 2139 4007 Vens.
2178 3952 2266 4007 10.
2302 3971 2321 4005 ι
2365 3953 2434 4010 Ut
2480 3954 2686 4013 faciant
2718 3961 2771 4015 in
2818 3962 2899 4018 eis
2928 3961 3197 4032 judicium
3238 3974 3485 4028 conscri-

1905 4052 2076 4111 ptum.
2117 4064 2136 4098 ι
2171 4046 2303 4113 Quae
2332 4048 2477 4102 enim
2504 4050 2557 4103 in
2590 4050 2715 4106 illos
2741 4053 2890 4122 juste
2920 4068 3226 4125 gesserunt,
3265 4063 3486 4134 scriptis

1904 4140 2162 4194 mandata
2208 4149 2357 4203 sunt,
2390 4151 2444 4195 et
2489 4158 2663 4212 usque
2702 4145 2757 4199 in
2795 4146 3119 4203 hodiernum
3161 4151 3305 4207 diem
3341 4141 3525 4211 cele-z

1904 4229 2141 4286 berrima
2175 4248 2364 4287 eorum
2398 4234 2569 4304 gloria
2604 4240 2928 4305 permansit.
2960 4241 3076 4296 Hoc
3106 4244 3252 4299 enim
3297 4246 3483 4302 infert.

1910 4341 1927 4373 ι
1960 4321 2145 4378 Gloria
2173 4324 2289 4380 haec
2316 4326 2420 4380 erit
2447 4328 2707 4385 omnibus
2740 4333 2947 4388 sanctis
2975 4333 3117 4404 ejus.
3156 4354 3174 4388 ι
3209 4336 3346 4392 Nam
3377 4340 3487 4409 glo-

1904 4414 1999 4470 riae
2024 4427 2197 4471 mater
2222 4426 2306 4473 est
2334 4421 2620 4486 sanctitas,
2655 4430 2710 4477 et
2736 4423 2899 4492 hujus
2922 4428 3157 4496 operarii
3184 4443 3280 4498 per
3309 4431 3481 4500 ipsam

1840 4544 1880 4597 η
1904 4510 2145 4565 celebres
2177 4510 2334 4565 ﬁunt.

2335 4621 2610 4678 INTERP.
2656 4624 2907 4682 PSALMI
2945 4629 3056 4685 CL.

1979 4721 2142 4789 Vens.
2220 4734 2273 4788 1.
2328 4734 2603 4801 Alleluia,
2657 4737 2911 4792 Alleluia.
2970 4739 3038 4794 Et
3098 4740 3186 4795 hic
3245 4741 3481 4812 hymnus

218 4820 251 4872 ὁ
292 4819 463 4889 ὕμνος
488 4836 502 4850 ο
545 4821 802 4890 προλέγει
830 4822 889 4874 δὲ
920 4824 1016 4893 τὴν
1047 4826 1314 4896 ἐσομένην
1373 4828 1541 4880 πᾶσιν
1591 4828 1803 4899 ἀνθρώ-

1927 4826 2250 4897 riumphalis
2269 4836 2370 4884 est.
2404 4827 2745 4886 Vaticinatur
2779 4840 2964 4888 autem
3012 4834 3269 4891 omnibus
3301 4836 3480 4892 homi—

220 4925 351 4971 ποις
376 4910 424 4941 ’³
454 4908 805 4976 θεογνωσίαν.

296 5010 363 5080 β’.
391 5028 408 5060 ι
432 5012 642 5063 Αἰνεῖτε
669 5013 759 5063 τὸν
788 5011 918 5064 Θεὸν
947 5014 1004 5064 ἐν
1035 5014 1143 5076 τοῖς
1170 5012 1346 5081 ἁγίοις
1367 5011 1587 5066 αὐτοῦ.»
1622 5013 1804 5084 Ἰκανὴ

217 5103 333 5173 γὰρ
377 5102 600 5174 ἀφορμὴ
649 5105 729 5167 εἰς
764 5104 1037 5175 ὑμνῳδίαν
1070 5104 1209 5175 αὕτη
1242 5106 1307 5157 ⁸³.
1360 5124 1379 5157 ι
1428 5107 1488 5159 Εἰ
1540 5104 1648 5177 γὰρ
1697 5106 1806 5160 ἀπὸ

303 5277 325 5315 τ
361 5277 379 5331 Ι
411 5276 546 5351 Reg.
581 5294 709 5343 vni,
741 5279 796 5334 7.

1900 4918 2064 4974 nibus
2100 4918 2340 4975 futuram
2367 4919 2459 4976 Dei
2488 4922 2881 4992 cognitionem.

1975 5012 2142 5069 Vens.
2169 5014 2225 5068 Ξ.
2253 5016 2298 5066 ἰ
2325 5014 2568 5071 Laudate
2606 5016 2897 5074 Dominum
2940 5020 2995 5074 in
3040 5022 3244 5076 sanctis
3284 5020 3403 5091 ejus
3456 5041 3475 5072 ι

1902 5099 2038 5156 Nam
2065 5104 2178 5159 haec
2195 5114 2281 5160 est
2308 5105 2584 5162 suﬁiciens
2605 5109 2824 5165 occasio
2847 5110 3220 5167 canendorum
3250 5113 3480 5183 hymno-

1319 5477 1553 5536 VAllI/E
1586 5478 1971 5539 LECTIONES
2008 5481 2096 5538 ΕΤ
2136 5483 2367 5543 NOTAE.

295 5642 552 5698 as’AJM'.
590 5640 713 5695 cod.
782 5640 803 5693 1
866 5639 991 5695 add.

1167 5641 1211 5672 ⁸⁷
1277 5642 1452 5707 Φησί.
1518 5639 1683 5694 Abest
1731 5657 1762 5695 a
1819 5646 1939 5700 cod.
2008 5646 2058 5701 i.

2144 5647 2189 5679 ”
2245 5649 2354 5703 Kal
2411 5648 2663 5716 ὑψώσει.
2714 5647 2781 5704 Et
2842 5650 3073 5706 ornabit.
3154 5652 3200 5684 ⁸⁸
3249 5652 3369 5707 cod.
3448 5656 3470 5709 ι

224 5715 549 5794 ἀνάπαυσιν.
618 5712 663 5743 ⁹⁰
693 5711 1133 5794 Τήμερογ.ὀοιί.
1173 5711 1191 5762 Ι
1228 5726 1425 5794 ριςθριη.
1440 5710 1555 5763 καί.
1620 5713 1664 5794 "_‘
1700 5713 1805 5794 liec

1927 5719 2025 5794 gtio
2061 5720 2113 5771 h.
2223 5728 2315 5794 est
2342 5710 2477 5772 ὲσξίῖ
2532 5720 2927 5794 Δ²⁹ΫἜργάτειμ
2973 5724 3095 5777 cod.
3147 5724 3169 5777 i
3219 5722 3469 5794 ἐρασταί.

224 5785 271 5823 ³³
296 5782 662 5853 ’Λνθρώποις.
690 5785 811 5835 cod.
847 5782 871 5834 1
915 5780 1111 5846 ἁγίοις.
1147 5784 1381 5849 ascripta
1412 5790 1592 5834 tamen
1630 5780 1809 5836 lectio:

1927 5786 2081 5842 itera.
2159 5790 2205 5820 ”
2232 5790 2415 5856 Αὕτη.
2448 5790 2566 5844 cod.
2606 5793 2626 5843 l
2661 5780 2844 5860 praem.
2867 5793 2981 5849 καί,

525 5880 796 5940 ΡΑτιιοι..
833 5877 949 5936 Gn.
975 5875 1205 5935 LXXX.

3037 5885 3114 5947 63
