3996 6448
485 339 621 407 1995

1191 313 1684 399 THEODORETI
1734 336 2059 397 EPISCOP.

2169 338 2494 400 YRENSIS
2543 341 2624 401 IN
2655 342 2862 404 PSAL.
2896 315 3006 404 CLI

3610 335 3762 409 1996

483 468 626 525 t‘lltli.
660 450 718 506 Si
754 449 900 506 enim
938 463 966 504 a
1003 448 1225 520 plantis,
1261 459 1316 504 et
1362 449 1517 512 feris,
1567 459 1622 504 et
1658 449 1962 519 reptilibns,
1997 447 2059 502 ad

2168 453 2376 520 φυτῶν,
2407 455 2503 508 καὶ
2533 455 2761 528 θηρίων,
2801 456 2898 509 καί¹
2942 454 3212 525 ἑρπετῶν,
3246 452 3522 525 πρόφασιν
3548 454 3629 519 εἰς
3658 457 3760 509 εύ-

479 544 779 615 gratiarum
833 543 1106 598 actionem
1137 557 1327 597 ansam
1373 543 1616 613 arripere
1651 542 1790 612 jussi
1845 557 2058 606 sumus,

477 637 652 691 multo
683 636 859 708 magis
897 635 1106 704 justum
1154 645 1234 690 est
1269 635 1324 689 in
1356 646 1577 690 sanctos
1619 634 1844 700 intueri,
1877 643 1932 688 et
1962 634 2062 688 ho-

476 743 600 782 rum
632 729 910 784 celebrare
957 729 1148 784 Deum.
1183 726 1320 793 Quis
1363 729 1508 782 enim
1545 743 1670 782 eum
1710 743 1797 792 ea,
1829 742 1951 796 qua:
1981 725 2064 781 vel

476 821 641 876 beato
670 821 842 876 Paulo
871 821 1212 884 acciderunt,
1248 819 1328 873 vel
1371 819 1556 874 divino
1589 818 1768 883 Petro,
1806 819 1890 872 vel
1925 818 2066 872 divi-

478 911 711 966 nissimo
756 909 975 976 Joanni,
1020 910 1100 964 vel
1149 910 1271 964 aliis
1317 909 1606 978 apostolis,
1641 909 1726 963 vel
1766 908 2063 964 victoribus

477 1006 838 1078 martyribus,
885 1005 972 1060 vel
1010 1004 1224 1058 caeteris
1264 1003 1493 1066 sanctis,
1544 1002 1628 1057 vel
1667 1002 1752 1057 his
1791 1002 1884 1072 qui
1917 1016 2065 1057 nunc

475 1103 724 1159 veritatis
754 1102 973 1158 athletae
994 1113 1143 1165 sunt,
1169 1100 1447 1164 didicerit,
1475 1099 1716 1170 linguam
1749 1116 1856 1154 non
1884 1109 2067 1156 movet

477 1199 546 1253 ad
588 1196 922 1252 laudandum
970 1211 1120 1260 eum,
1165 1195 1259 1265 qui
1303 1203 1510 1249 tantam
1547 1194 1818 1249 bonorum
1849 1197 2062 1264 copiam

474 1290 796 1346 hominibus
831 1290 1059 1361 largitus
1089 1288 1210 1344 est?
1243 1306 1262 1340 ι
1298 1285 1540 1343 Laudate
1594 1303 1718 1342 eum
1768 1289 1821 1343 in
1878 1289 2064 1343 ﬁrma-

475 1394 666 1438 mento
721 1383 945 1438 virtutis
1007 1383 1149 1452 ejus.
1187 1400 1207 1434 ι
1270 1379 1633 1453 Symmachus
1691 1391 1872 1436 autem
1919 1383 1998 1438 sic
2048 1401 2061 1436 :

473 1475 720 1530 Laudate
747 1492 866 1530 eum
896 1477 953 1529 in
977 1476 1315 1556 firmamento
1348 1474 1746 1544 inexpugnabili
1782 1475 1918 1544 ejus.
1962 1475 2065 1530 So—

473 1569 562 1624 lus
591 1569 738 1623 enim
782 1567 1023 1633 ﬁrmum,
1063 1576 1119 1622 et
1159 1567 1515 1633 immortale,
1554 1576 1610 1622 et
1670 1567 2061 1638 sempiternum

474 1661 640 1716 habet
665 1659 1225 1732 1584simperium.

2165 547 2454 617 χαριστίαν
2494 547 2680 602 λαϐεῖν
2709 549 3186 620 προσετάχθημεν,
3219 548 3399 618 πολλῷ
3432 548 3637 619 μᾶλλον
3675 550 3764 612 εἰς

2165 639 2294 703 τοὺς
2337 640 2525 709 ἁγίους
2549 642 2785 713 άφορᾷν,
2839 643 2934 695 καὶ
2977 643 3068 695 τὸν
3093 642 3300 696 τούτων
3323 641 3457 695 Θεὸν
3488 642 3763 712 άνυμνεῖν

2165 733 2522 805 δικαιότερον.
2573 736 2670 799 Τίς
2699 737 2806 807 γάρ
2855 736 2926 789 τά
2973 737 3114 790 κατᾶ
3145 735 3239 788 τὸν
3285 735 3559 806 μακάριον
3603 733 3762 788 διδα-

2169 827 2432 896 σκόμενος
2475 828 2711 895 Παῦλον,
2761 830 2795 899 ἢ
2849 830 2943 883 τὸν
2990 829 3274 882 θεσπέσιον
3309 830 3540 897 Πέτρον,
3575 828 3610 899 ἢ
3661 829 3758 882 τὸν

2167 917 2445 973 θειότατον
2490 920 2765 991 Ἰωάννην,
2809 922 2842 992 ἦ
2894 923 3022 986 τοὺς
3072 921 3268 985 ἄλλους
3323 921 3686 985 ἀποστόλους,
3714 922 3757 990 ἢ

2164 1012 2293 1074 τοὺς
2321 1012 2655 1083 νικηφόρους
2688 1011 2992 1084 μάρτυρας,
3022 1015 3056 1083 ἢ
3087 1012 3217 1076 τοὺς
3244 1013 3437 1077 ἄλλους
3466 1013 3682 1081 ἁγίους,
3715 1012 3757 1082 ἢ

2164 1104 2293 1168 τοὺς
2320 1103 2416 1158 νῦν
2439 1107 2539 1177 τῆς
2566 1104 2770 1175 ἀρετῆς
2797 1105 3059 1176 ἀθλητάς,
3091 1107 3154 1158 οὐ
3194 1108 3334 1158 κινεῖ
3355 1105 3458 1177 τὴν
3497 1104 3761 1173 γλῶτταν

2166 1198 2245 1259 εἰς
2275 1198 2553 1268 ὑμνῳδίαν
2581 1198 2674 1252 τοῦ
2704 1198 2975 1271 τοσαύτην
3000 1200 3116 1262 τοῖς
3147 1197 3452 1269 ἀνθρώποις
3477 1196 3591 1251 τῶν
3613 1197 3763 1264 ἀγα-

2165 1289 2275 1343 θῶν
2309 1288 2706 1361 δωρησαμένου
2736 1292 2945 1362 φοράν;
3001 1310 3020 1343 ι
3076 1293 3288 1346 Αἰνεῖτε
3329 1290 3488 1343 αὐτὸν
3518 1292 3579 1343 ὲν
3626 1307 3762 1342 στεο

2167 1382 2416 1452 ρεώματι
2447 1382 2734 1453 δυνάμεως
2760 1383 2948 1436 αὑτοῦ.
2989 1402 3007 1435 ι
3056 1383 3116 1436 '0
3141 1382 3198 1435 δὲ
3227 1382 3519 1452 Σύμμαχος
3551 1381 3757 1444 οὕτως·

2154 1471 2382 1525 Αἰνεῖτε
2423 1474 2469 1504 ’⁸
2505 1473 2695 1527 αὐτὸν
2735 1473 2806 1527 ἐν
2851 1473 3210 1543 στερεώματι
3263 1472 3345 1538 τῷ
3381 1473 3760 1541 ἀκαθαιρέτῳ

2162 1563 2372 1620 αὐτοῦ.
2427 1565 2605 1629 Μόνος
2659 1567 2769 1638 γὰρ
2820 1568 3081 1639 στερρὸν,
3123 1568 3218 1622 καὶ
3266 1566 3597 1636 ἀνώλεθρον,
3657 1567 3761 1620 καὶ

2163 1659 2386 1713 αἰώνιον
2410 1659 2524 1729 ἔχει
2558 1660 2620 1714 τὸ
2643 1661 2865 1730 κράτος.

546 1751 714 1806 Vens.
756 1753 811 1806 5.
853 1770 872 1803 ι
921 1749 1165 1806 Laudate
1198 1765 1323 1806 eum
1364 1752 1415 1806 in
1447 1751 1817 1822 potentatibus
1851 1750 1990 1822 ejus.
2034 1771 2053 1804 ι

2234 1751 2306 1821 γ’.
2342 1770 2362 1804 ι
2402 1754 2612 1806 Αἰνεῖτε
2645 1753 2807 1807 αὐτὸν
2839 1753 2931 1806 ἐπὶ
2965 1755 3087 1816 ταῖς
3126 1752 3466 1816 δυναστείαις
3498 1752 3690 1808 αὑτοῦ.
3729 1772 3753 1805 ι

474 1843 771 1902 ineli'abilia
801 1845 950 1900 enim
985 1854 1114 1900 sunt
1141 1860 1226 1911 ea,
1252 1861 1373 1915 quae
1407 1861 1501 1913 per
1526 1857 1747 1902 sanctos
1777 1846 1899 1916 ejus
1924 1861 2058 1900 con-

473 1939 626 1993 tinue
675 1946 823 1992 recte
867 1946 1155 2007 geruntur.
1215 1956 1232 1989 ι
1285 1937 1526 1994 Laudate
1572 1954 1698 1994 eum
1757 1939 2058 1994 secundum

471 2029 888 2084 multitudinem
935 2029 1333 2100 magnitudinis
1367 2030 1508 2099 ejus.
1549 2049 1567 2082 ι
1614 2028 1806 2085 Simile
1845 2031 2060 2086 esthoc

473 2121 566 2182 iis,
605 2136 728 2191 qua:
773 2120 886 2189 jam
928 2135 960 2174 a
1003 2121 1161 2175 nobis
1213 2121 1459 2190 exposita
1506 2120 1657 2176 fuere
1688 2139 1702 2177 :
1733 2140 1751 2172 ι
1790 2119 2058 2188 Quoniam

474 2211 873 2283 magnitudinis
897 2212 1017 2280 ejus
1044 2228 1152 2266 non
1177 2221 1260 2266 est
1285 2213 1408 2266 linis
1431 2223 1479 2267 ε.
1507 2233 1524 2264 ι
1561 2211 1772 2267 Intinita
1803 2214 1948 2268 enim
1977 2222 2062 2269 est

474 2305 615 2375 ejus,
673 2305 772 2368 ait,
815 2305 1155 2374 magnitudo,
1196 2315 1250 2359 et
1299 2305 1570 2360 immensa
1625 2306 1869 2374 potentia
1911 2321 1926 2359 :
1963 2319 2060 2376 per

473 2397 658 2452 omnia
697 2397 861 2468 igitur
892 2399 1070 2466 ipsum
1117 2407 1376 2467 perpetuo
1411 2399 1702 2456 celebrate.

541 2489 710 2545 Vens.
746 2491 798 2545 4.
835 2507 850 2541 ι
876 2489 1119 2544 Laudate
1147 2505 1271 2545 eum
1296 2505 1431 2544 sono
1461 2491 1622 2545 tubae.
1653 2511 1672 2544 ι
1709 2489 2058 2550 Sacerdotale

472 2595 592 2641 erat
655 2585 759 2640 hoc
801 2584 1232 2639 instrumentum
1289 2603 1302 2638 :
1351 2587 1666 2642 sacerdotes
1713 2588 1859 2642 enim
1911 2589 2058 2646 tubis

474 2679 789 2742 utebantur,
836 2679 996 2732 tubas
1035 2691 1158 2746 quae
1202 2677 1256 2731 in
1299 2677 1452 2732 Sinai
1500 2688 1684 2735 monte
1730 2679 1946 2736 fuerant
2000 2683 2056 2736 in

474 2770 797 2824 memoriam
836 2777 1189 2825 revocantes.

553 2882 572 2913 ι
611 2862 851 2918 Laudate
873 2879 997 2918 eum
1023 2877 1147 2918 eum
1175 2862 1435 2932 psalterio
1457 2872 1510 2918 et
1529 2863 1760 2924 cithara.
1785 2865 1972 2938 [Vens
2002 2869 2057 2933 5,

476 2955 558 3028 6.]
587 2955 828 3011 Laudate
866 2971 992 3011 eum
1031 2972 1158 3012 cum
1190 2965 1448 3027 tympano
1492 2965 1547 3012 et
1589 2957 1801 3014 choro:
1843 2959 2060 3017 laudate

476 3062 600 3101 eum
635 3047 856 3102 chordis
886 3054 940 3102 et
967 3060 1195 3116 organo.
1233 3043 1478 3100 Laudate
1513 3060 1638 3100 eum
1674 3062 1799 3102 eum
1837 3050 2062 3121 cymba-

2168 1847 2421 1918 Ἀῤῥητα
2449 1846 2560 1917 γὰρ
2588 1846 2656 1900 τά
2682 1846 2888 1900 διὰτῶν
2919 1846 3092 1914 ἁγίων
3123 1845 3290 1899 αὐτοῦ
3319 1845 3589 1915 διηνεκῶς
3613 1863 3758 1898 κατ-

2164 1941 2494 2012 ορθούμενα.
2540 1942 2754 1996 Αἰνεῖτε
2802 1940 2964 1995 αὐτὸν
3004 1940 3147 1994 κατὰ
3188 1939 3248 1991 τὸ
3287 1939 3487 2010 πλῆθος
3513 1943 3619 2010 τῆς
3656 1956 3756 2007 με-

2164 2034 2488 2104 γαλωσύνης
2518 2033 2706 2089 αὑτοῦ.
2746 2035 2928 2088 Ἐοικε
2967 2032 3126 2086 τοῦτο
3148 2035 3262 2096 τοῖς
3290 2033 3392 2102 ἤδη
3427 2034 3556 2102 παρ’
3593 2031 3752 2101 ἡμῶν

2164 2126 2626 2198 ὲρμηνευομένοις
2651 2126 2750 2178 ἐν»
2774 2125 2896 2178 Ὅτι
2919 2125 3017 2195 τῆς
3038 2124 3432 2195 μεγαλωσύνης
3453 2124 3624 2178 αὑτοῦ
3651 2125 3752 2178 ούκ

2163 2219 2280 2273 ἐστι
2325 2219 2522 2289 πέρας.
2562 2237 2583 2260 ι
2621 2219 2882 2289 Ἀπειρον
2915 2219 3025 2288 γάρ
3059 2216 3250 2283 αὐτοῦ,
3299 2217 3455 2286 φησὶ,
3486 2217 3550 2270 τὸ
3583 2218 3754 2287 μέγεο

2164 2309 2277 2376 θος,
2311 2310 2624 2383 ἀμέτρητος
2660 2312 2693 2381 ή
2735 2309 2997 2381 δύναμιςο
3028 2309 3117 2364 διά
3154 2309 3332 2363 πάντα
3364 2310 3546 2363 τοίνυν
3581 2310 3754 2362 αὐτὸν

2163 2399 2461 2471 ὑμνοῦντες
2494 2399 2868 2454 διατελέσατε.
3467 2453 3470 2460 ,

2231 2491 2297 2546 δ’.
2339 2509 2360 2544 ι
2393 2493 2604 2547 Αἰνεῖτε
2637 2491 2800 2546 αὑτὸν
2830 2491 2887 2543 ἐν
2929 2492 3046 2563 ἤχῳ
3086 2491 3406 2561 σάλπιγγος.
3444 2512 3462 2544 ι
3514 2492 3753 2565 Ἰερατιο

2165 2583 2258 2638 κὸν
2301 2580 2373 2655 ἦν
2421 2585 2581 2638 τοῦτο
2625 2585 2686 2638 τὸ
2727 2586 2991 2655 ὄργανον·
3038 2586 3086 2638 οἰ
3138 2586 3303 2655 ἰερεῖς
3346 2584 3454 2654 γὰρ
3503 2585 3753 2655 ἐχρῶντο

2161 2680 2283 2742 ταῖς
2319 2679 2593 2746 σάλπιγξι,
2633 2679 2743 2732 τῶν
2782 2680 2840 2731 ὲν
2872 2679 3002 2749 Σινᾷ
3029 2678 3144 2749 ὄρει
3169 2678 3480 2747 γενομένων
3512 2678 3753 2746 σαλπίγ-

2161 2786 2275 2838 γων
2301 2771 2834 2840 ἀναμιμνήσκοντες.

2238 2882 2257 2916 ι
2293 2865 2506 2916 Αἰνεῖτε
2539 2862 2702 2916 αὐτὸν
2731 2865 2790 2915 ἐν
2822 2861 3110 2934 ψαλτηρίῳ
3147 2862 3243 2916 καὶ
3272 2862 3493 2933 κιθάρα.
3529 2867 3614 2925 ιε’,
3647 2859 3755 2933 «εδ-’.1

2162 2958 2373 3010 Αἰνεῖτε
2399 2955 2559 3010 αὑτὸν
2580 2957 2635 3008 ὲν
2661 2955 2929 3024 τυμπάνῳ
2961 2956 3056 3009 καὶ
3077 2954 3224 3026 χορῷ
3242 2970 3254 2983 '
3284 2958 3484 3010 αἱνεῖτε
3507 2955 3673 3008 αὐτὸν
3693 2956 3756 3008 ἐν

2163 3047 2386 3118 χορδαῖς
2420 3045 2515 3100 καὶ
2538 3045 2775 3115 ὀργάνῳ.
2810 3047 3018 3099 Αἰνεῖτε
3047 3047 3210 3100 αύτὸν
3242 3048 3298 3099 ὲν
3327 3045 3631 3115 κυμϐάλοις
3659 3046 3756 3097 εὑ·-

476 3137 543 3192 lis
574 3138 711 3192 bene
755 3137 1105 3201 sonantibus,
1161 3135 1375 3192 laudate
1408 3151 1536 3191 eum
1569 3139 1834 3209 cymbalis
1859 3141 2059 3211 jubila-

2166 3143 2319 3210 ἠχοις
2333 3141 2398 3201 ⁸⁷,
2414 3139 2612 3193 αἰνεῖτε
2632 3139 2793 3192 αὐτὸν
2812 3141 2869 3192 ἐν
2888 3138 3192 3209 κυμϐάλοις
3207 3137 3550 3207 ἀλαλαγμοῦ.
3568 3156 3586 3188 ι
3613 3137 3756 3190 Τού-

479 3228 664 3282 tionis.
711 3246 730 3281 ι
775 3225 873 3283 His
912 3228 1296 3284 instrumentis
1336 3227 1467 3282 olim
1513 3227 1714 3286 Levita:
1742 3233 2054 3301 utebantur,

477 3318 643 3375 Deum
679 3319 735 3374 in
763 3319 952 3375 divino
992 3321 1194 3391 templo
1226 3320 1510 3378 laudantes
1541 3342 1555 3376 :
1593 3339 1701 3378 non
1737 3307 1882 3394 quod
1915 3327 2057 3383 Deus

475 3413 673 3467 horum
705 3427 845 3468 sono
876 3413 1260 3479 oblectaretur,
1294 3415 1390 3470 sed
1420 3416 1680 3486 quoniam
1714 3419 2056 3488 prapositum

474 3519 687 3569 eorum,
740 3503 834 3574 qui
887 3505 1006 3559 haec
1060 3503 1353 3571 faciebant,
1402 3508 1852 3576 amplectebatur.
1916 3509 2054 3566 Nam

476 3597 646 3652 Deum
680 3598 907 3654 minime
935 3599 1190 3654 cantibus
1219 3609 1273 3655 et
1307 3599 1459 3656 sonis
1484 3600 1761 3666 delectari,
1802 3603 2058 3661 audimus

477 3691 657 3762 ipsum
715 3689 922 3746 Judaais
967 3692 1238 3746 dicentem
1286 3713 1298 3748 :
1347 3713 1366 3744 ι
1401 3695 1600 3749 Averte
1652 3710 1682 3749 a
1731 3709 1820 3750 me
1857 3712 2055 3753 sonum

475 3783 794 3838 cantionum
836 3790 1079 3850 tuarum,
1125 3793 1180 3838 et
1209 3799 1404 3839 sonum
1453 3801 1783 3857 organorum
1835 3797 2052 3844 tuorum

475 3889 582 3929 non
621 3873 840 3928 audiam
878 3884 929 3928 ιι.
968 3893 985 3925 ι
1023 3873 1150 3929 Haec
1185 3873 1348 3944 igitur
1383 3875 1499 3930 ﬁeri
1534 3877 1798 3944 permisit,
1831 3893 1954 3932 eum
1987 3878 2056 3933 ah

478 3964 748 4020 idolorum
789 3981 975 4020 errore
1009 3979 1106 4020 eos
1136 3966 1368 4020 liberare
1399 3967 1576 4022 vellet.
1607 3968 1874 4033 Quoniam
1906 3971 2052 4024 enim

478 4057 729 4111 nonnulli
771 4056 1024 4111 ludorum
1063 4056 1296 4112 studiosi
1320 4065 1373 4111 et
1407 4059 1552 4112 risus
1578 4068 1848 4114 amatores
1876 4070 2051 4126 erant,

477 4148 594 4202 hate
619 4149 805 4202 omnia
836 4158 1020 4203 autem
1046 4150 1099 4201 in
1132 4147 1402 4202 idolorum
1435 4150 1652 4219 templis
1689 4149 1908 4212 ﬁebant,
1943 4151 2056 4206 hinc

475 4239 746 4308 permisit,
786 4239 889 4291 hoc
921 4246 1079 4307 pacto
1113 4253 1206 4292 eos
1232 4238 1499 4301 alliciens,
1526 4249 1580 4293 et
1615 4239 1811 4293 minori
1853 4241 2055 4295 damno

477 4330 656 4398 majus
680 4330 1004 4398 impediens,
1033 4327 1246 4398 1585
1274 4339 1327 4384 et
1356 4344 1450 4398 per
1480 4328 1794 4399 imperfecta
1818 4331 2054 4402 perfecta

481 4425 498 4444 ‘
531 4421 756 4475 docens.
794 4438 813 4470 ι
847 4417 1040 4475 Omnis
1073 4419 1299 4489 spiritus
1327 4418 1510 4474 laudet
1540 4419 1851 4476 Dominum.
1884 4442 1902 4474 ι
1936 4422 2056 4480 Νοη

2165 3250 2278 3296 τοις
2295 3233 2346 3284 οἰ
2369 3230 2593 3286 Λευῖται
2610 3231 2775 3284 πάλαι
2791 3235 2901 3293 τοῖς
2919 3231 3171 3302 ὀργάνοις
3191 3231 3428 3300 ἐχρῶντο
3452 3231 3509 3284 ἐν
3529 3229 3609 3299 τῷ
3624 3229 3756 3299 θείῳ

2165 3320 2271 3391 νεῷ
2293 3321 2386 3375 τὸν
2407 3321 2538 3375 Θεὸν
2557 3320 2924 3390 ἀνυμνοῦντες
2945 3339 2958 3352 θ
2988 3321 3089 3374 οὐκ
3114 3321 3304 3391 ἐπειδὴ
3334 3321 3465 3382 Θεὸς
3488 3321 3755 3389 ἐτέρπετο

2165 3417 2232 3486 τῇ
2254 3414 2460 3467 τούτων
2475 3417 2606 3486 ἠχῇ,
2619 3413 2732 3468 ἀλλ’
2747 3413 2932 3484 ἐπειδὴ
2950 3413 3059 3465 τῶν
3083 3413 3420 3483 γιγνομένων
3436 3411 3526 3464 τὸν
3549 3411 3755 3463 σκοπὸν

2164 3507 2481 3578 ἀπεδέχετο.
2503 3508 2626 3559 Ὅτι
2645 3505 2751 3576 γὰρ
2773 3505 2940 3576 ᾠδαῖς
2961 3506 3054 3558 καὶ
3083 3503 3218 3574 κρού
3227 3519 3358 3573 μασι
3387 3502 3447 3555 τὸ
3466 3503 3622 3555 Θεῖον
3651 3503 3754 3555 οὐκ

2163 3597 2544 3667 ἐπιτέρπεται,
2597 3593 2868 3666 ἀκούομεν
2917 3591 3082 3646 αὐτοῦ
3134 3591 3386 3660 λέγοντος
3425 3590 3705 3654 Ἰουδαέοις
3732 3605 3748 3618 ·

2170 3706 2190 3740 ι
2241 3687 2576 3756 Ἀπόστησον
2619 3685 2715 3740 ἀπ’
2746 3683 2881 3755 ἐμοῦ
2911 3680 3045 3756 ἦχον
3088 3683 3242 3754 ᾠδῶν
3280 3700 3395 3745 σου.
3434 3683 3530 3735 καὶ
3566 3685 3754 3753 φωνῆς

2163 3779 2412 3849 ὀργάνων
2458 3794 2552 3830 σου
2583 3777 2683 3830 οὐκ
2718 3776 3050 3846 ἀκούσομαι.
3091 3794 3110 3826 ι
3148 3773 3334 3828 Ταῦτα
3375 3774 3560 3826 τοίνυν
3603 3783 3754 3841 711v:-

2156 3871 2290 3925 ,σθαι
2337 3870 2705 3940 συνεχώρησε,
2736 3867 2835 3938 τῆς
2868 3868 2978 3921 τῶν
3022 3865 3258 3920 εἰδώλων
3305 3866 3505 3928 αὐτοὺς
3540 3865 3753 3936 πλάνης

2162 3961 2470 4028 ἀπαλλάξαι
2506 3959 2760 4031 θελήσας.
2818 3959 3033 4029 Ἐπειδὴ
3063 3957 3173 4028 γάρ
3213 3956 3646 4026 φιλοπαίγμονές
3673 3971 3751 4006 τι-

2162 4073 2252 4118 νες
2281 4051 2444 4125 ἦσαν,
2472 4053 2567 4106 καὶ
2605 4049 2986 4121 φιλογέλωτες,
3019 4048 3191 4103 ταῦτα
3217 4047 3274 4101 δὲ
3303 4048 3525 4102 ἅπαντα
3551 4047 3610 4099 ὲν
3629 4048 3751 4107 ’τοῖς

2164 4147 2399 4202 εἰδώλων
2448 4144 2755 4199 ἐπετελεῖτο
2798 4144 2968 4206 ναοῖς,
3013 4140 3364 4212 συνεχώρησε
3413 4139 3611 4203 ταῦτα,
3659 4139 3751 4193 διὰ

2163 4240 2368 4294 τούτων
2401 4239 2596 4302 αὐτοὺς
2627 4236 3013 4306 ἐφελκόμενος,
3063 4235 3157 4288 καὶ
3188 4237 3251 4305 τῇ
3284 4233 3529 4287 ἐλάττονι
3571 4232 3752 4305 βλάϐῃ

2165 4333 2390 4388 κωλύων
2429 4331 2529 4402 τὴν
2574 4329 2818 4401 μείζονα,
2851 4329 2945 4382 καὶ
2987 4328 3072 4381 διὰ
3106 4326 3216 4381 τῶν
3251 4325 3460 4379 ἀτελῶν
3491 4343 3749 4396 προπαι-

2163 4425 2332 4480 δεύων
2360 4425 2406 4456 ³⁸
2435 4423 2505 4477 τὰ
2539 4423 2739 4478 τέλεια.
2778 4441 2796 4472 ι
2833 4421 2989 4474 Πᾶσα
3016 4417 3153 4490 πνοὴ
3201 4418 3467 4471 αίνεσάτω
3503 4417 3598 4469 τὸν
3634 4416 3750 4470 Κύ-

477 4513 649 4570 Judtei
695 4513 899 4580 solum,
939 4513 1032 4568 sed
1074 4527 1265 4568 omnes
1304 4512 1576 4568 homines.
1623 4513 1741 4570 Non
1783 4516 1927 4571 enim
1958 4516 2057 4571 Ju-

2166 4534 2299 4589 ptov.
2339 4535 2357 4567 ι
2389 4517 2504 4570 Οὐκ
2541 4515 2784 4568 Ἰουδαῖοι
2814 4514 2994 4584 μόνον,
3038 4510 3176 4565 ἀλλὰ
3211 4513 3408 4573 πάντες
3439 4509 3746 4582 ἄνθρωποι.

479 4607 722 4663 daaorum
753 4605 896 4662 Deus
930 4617 1012 4662 est
1047 4614 1277 4668 tantum,
1304 4606 1604 4662 secundum
1638 4607 1883 4663 divinum
1909 4608 2058 4680 Apo-

480 4701 681 4756 stolam
715 4701 758 4768 ί,
785 4704 880 4756 sed
905 4700 1068 4755 etiam
1095 4702 1358 4770 gentium.
1385 4700 1442 4754 lu
1473 4701 1780 4756 centesimo
1814 4702 1980 4772 igitur
2005 4712 2061 4758 et

480 4793 902 4864 quadragesimo
932 4801 1132 4864 quarto
1161 4793 1372 4863 psalmo
1405 4794 1482 4848 ait
1515 4811 1529 4848 :
1566 4812 1585 4844 ι
1620 4792 1915 4851 Benedieat
1941 4811 2060 4850 om-

482 4884 568 4938 nis
599 4899 725 4939 raro
749 4884 956 4939 nomini
988 4893 1183 4940 saneto
1209 4884 1329 4954 ejus
1351 4883 1365 4934 ἰ
1386 4923 1400 4938 .
1437 4903 1455 4936 ι
1488 4883 1602 4940 Ηοο
1627 4894 1809 4940 autem
1839 4886 1892 4942 in
1915 4886 2055 4954 loco,

487 4994 505 5026 ι
536 4974 726 5031 Omnis
757 4977 1002 5046 spiritus,
1032 4976 1183 5041 dicit,
1220 4977 1401 5032 laudet
1431 4977 1744 5033 Dominum.
1777 4998 1797 5030 ι
1826 4979 1931 5034 Sed
1960 4995 2061 5035 nec

486 5067 560 5120 ibi
591 5066 762 5122 solam
791 5083 1036 5132 carnem,
1065 5081 1167 5122 nec
1193 5067 1282 5121 hic
1321 5066 1570 5136 spiritum
1597 5068 1778 5122 solum
1807 5069 2019 5124 vocavit
2049 5091 2060 5125 :

483 5173 674 5212 verum
716 5167 768 5213 et
802 5174 897 5228 per
939 5160 1042 5214 hoc
1071 5170 1124 5214 et
1155 5175 1251 5230 per
1283 5160 1438 5224 illud,
1468 5167 1522 5214 et
1547 5174 1778 5228 corpore
1800 5170 1852 5214 et
1879 5160 2063 5214 anima

487 5248 654 5303 Deum
689 5249 1072 5306 universorum
1105 5251 1314 5306 laudari
1357 5251 1627 5322 praecipit.
1664 5251 1934 5306 Cancrum
1966 5253 2063 5306 ad-

558 5447 585 5485 8
610 5436 754 5492 Psal.
790 5453 972 5504 chtv,
1000 5439 1054 5494 5.
1177 5438 1202 5477 ιι
1238 5437 1407 5492 Amos
1445 5453 1498 5503 v,
1525 5437 1616 5491 9.3.

1732 5435 1752 5476 ί
1790 5437 1946 5491 Rom.
1982 5454 2068 5499 nt,
2115 5438 2205 5492 9.9.

2163 4609 2236 4663 Ού
2264 4609 2373 4678 γὰρ
2411 4606 2682 4660 Ἰουδαίων
2707 4605 2839 4668 Θεὸς
2879 4604 3062 4675 μόνον,
3090 4603 3230 4657 κατὰ
3266 4603 3359 4656 τὸν
3393 4603 3537 4656 θεῖον
3580 4602 3750 4656 Ἀπό-

2162 4701 2370 4764 στολον,
2417 4697 2556 4752 ἀλλὰ
2597 4699 2690 4752 καὶ
2731 4696 2920 4752 ἐθνῶν.
2963 4697 3054 4750 Ἐν
3083 4696 3182 4766 μὲν
3210 4695 3304 4749 οῦν
3342 4694 3419 4766 τῷ
3460 4706 3503 4764 ρ’
3535 4697 3629 4748 καὶ
3663 4695 3749 4764 μδ⁸

2160 4792 2266 4864 ἔφη
2312 4790 2550 4861 ψαλμῷ·
2583 4808 2601 4843 ι
2656 4788 2962 4856 Εύλογείτω
3010 4790 3160 4843 πᾶσα
3207 4787 3345 4858 σὰρξ
3381 4787 3440 4840 τὸ
3480 4787 3657 4856 ὄνομα
3687 4787 3752 4840 τὸ

2162 4882 2318 4948 ἅγιον
2350 4878 2535 4934 αὑτοῦ.
2586 4897 2604 4930 ι
2650 4877 2916 4932 Ἐνταῦθα
2940 4877 2999 4930 δὲ
3018 4917 3033 4942 ,
3063 4897 3081 4929 ι
3118 4878 3276 4930 Πᾶσα
3305 4878 3441 4946 πνοὴ
3475 4877 3753 4929 αἰνεσάτω

2164 4975 2257 5027 τὸν
2296 4973 2522 5044 Κύριον.
2560 4991 2580 5025 ›
2624 4969 2761 5025 Οὔτε
2791 4971 2846 5024 δὲ
2875 4973 2992 5024 εκεῖ
3021 4970 3190 5041 μόνην
3225 4970 3323 5041 τὴν
3374 4970 3574 5040 σάρκα,
3620 4968 3751 5021 οὔτε

2160 5066 2394 5119 ἐνταῦθα
2449 5064 2616 5135 μόνην
2669 5063 2895 5118 ἐκάλεσε
2941 5063 3039 5134 τὴν
3085 5064 3294 5134 πνοήν·
3347 5061 3483 5116 ἀλλὰ
3532 5061 3629 5114 καὶ
3680 5061 3750 5114 δι’

2162 5162 2374 5213 ἐκείνου
2403 5161 2496 5212 καὶ
2522 5158 2610 5212 διὰ
2637 5158 2849 5223 τούτου,
2887 5155 2982 5210 καὶ
3005 5155 3220 5226 σώματι
3250 5155 3346 5208 καὶ
3371 5153 3517 5222 ψυχῇ
3553 5155 3751 5222 ὑμνεῖν

2166 5250 2603 5323 παρακελεύεται
2645 5251 2738 5304 τὸν
2773 5251 2881 5304 τῶν
2913 5249 3052 5303 ὅλων
3099 5247 3250 5302 Θεόν.
3303 5245 3660 5315 Ἀξιάγαστον
3688 5244 3748 5297 δὲ

2291 5438 2304 5488 i
2351 5437 2492 5491 Psal.
2528 5455 2710 5503 cxetv,
2747 5439 2836 5493 2|.

1557 5589 1793 5644 νΑιιιΑῑ
1826 5590 2208 5646 LECTIONES
2253 5591 2338 5643 ΕΤ
2370 5588 2599 5643 NOTAE.

492 5780 513 5792 ἢ
546 5713 595 5792 ξ⁵
621 5710 866 5766 Αἰνεῖτε.
893 5710 968 5766 ih.
1003 5712 1247 5780 ὑμνεῖτε.
1317 5711 1363 5742 ⁸⁸
1394 5709 1514 5765 cod.
1551 5712 1567 5764 Ι
1601 5711 2061 5782 ἡρμηνευμένοις.

485 5797 675 5833 οευων.

1176 5833 1204 5850 ά

2145 5713 2188 5742 ⁸⁷
2219 5710 2478 5778 Εὐιξχοις
2513 5742 2574 5751 -—
2601 5711 2946 5780 κυμϐάλοις.
2981 5713 3098 5768 Des.
3140 5715 3269 5768 ibid.
3348 5716 3528 5770 "cod.
3571 5717 3589 5770 ί
3624 5733 3750 5769 παι-
