3964 6536
508 440 610 512 ῙἸΙ

1035 553 1307 609 INTERR.
1366 553 1547 611 LXIV.

775 668 922 724 Unde
969 669 1342 723 Melchisedech
1399 686 1556 739 genus
1600 671 1821 723 traxit?

587 764 721 818 Cum
754 762 972 818 divinus
1017 762 1107 816 ille
1137 763 1337 817 Paulus
1366 761 1508 815 dicat
1540 780 1553 815 :
1594 782 1610 812 ι
1649 763 1767 816 sine
1795 770 1964 830 patre,
1999 760 2071 812 si-

514 874 585 912 ne
635 865 839 922 matre,
890 864 945 911 et
970 856 1101 911 ‘sine
1151 854 1461 926 genealogia
1492 864 1540 919 η,
1582 873 1599 904 ι
1634 854 1755 923 quis
1794 853 2073 907 veritatem

522 950 687 1019 hujus
714 949 795 1003 rei
832 963 994 1003 nosse
1024 948 1241 1017 potest?
1280 946 1579 1001 Verisimile
1601 956 1685 1000 est
1715 953 1893 999 autem
1923 944 2073 996 illum

518 1056 638 1096 csse
700 1056 764 1094 ex
825 1040 931 1094 illis
980 1039 1250 1109 gentibus,
1301 1053 1419 1107 quae
1477 1038 1815 1092 Palmstinam
1876 1035 2076 1090 incole-

520 1134 669 1187 bant.
702 1132 835 1185 Nam
866 1131 1077 1185 illarum
1104 1140 1216 1184 tum
1238 1146 1351 1193 rex,
1384 1139 1491 1184 tum
1523 1130 1774 1184 sacerdos
1803 1138 1958 1181 erat:
1992 1142 2079 1180 sa-

523 1222 712 1276 cerdos
770 1229 947 1274 autem
1009 1218 1102 1274 Dei
1148 1219 1411 1273 omnium.
1450 1237 1468 1268 ι
1507 1217 1633 1271 Erat
1676 1217 1840 1280 enim,
1884 1215 2076 1285 inquit,

524 1313 774 1367 sacerdos
816 1311 913 1367 Dei
965 1312 1210 1366 altissimi
1243 1319 1287 1364 ο.
1336 1330 1354 1362 ι
1409 1311 1562 1366 Unde
1603 1310 1763 1364 etiam
1808 1308 2079 1361 Abraham

524 1404 828 1473 patriarcha
859 1403 1055 1457 obtulit
1082 1403 1129 1455 ei
1160 1402 1456 1472 spoliorum
1479 1401 1736 1465 decimas,
1758 1409 1811 1453 et
1841 1416 1961 1454 cum
1990 1400 2081 1469 ju-

525 1504 641 1549 stus
688 1502 863 1559 esset,
899 1501 952 1548 et
998 1494 1208 1547 amicus
1248 1491 1363 1556 Dei,
1407 1492 1474 1546 ab
1518 1491 1608 1545 illo
1656 1491 2083 1545 benedictionem

524 1586 782 1654 percepit.
808 1586 1016 1655 Typum
1046 1584 1190 1640 enim
1218 1584 1436 1654 gerebat
1464 1583 1750 1654 sacerdotii
1794 1581 2080 1635 Dominici.

522 1676 759 1745 Ideoque
790 1683 845 1730 et
872 1676 1103 1730 Abrahae
1132 1690 1298 1745 panes
1335 1685 1388 1728 et
1420 1674 1602 1728 vinum
1634 1673 1875 1728 vicissim
1918 1672 2082 1738 dedit,

530 1778 587 1822 ut
602 1769 693 1836 qui
718 1765 947 1821 fortasse
968 1765 1161 1821 solitus
1176 1776 1291 1819 erat
1318 1763 1427 1818 Deo
1449 1764 1690 1817 omnium
1717 1762 1841 1816 talia
1869 1759 2082 1815 oﬂerre.

527 1860 823 1930 Oportebat
856 1857 998 1914 enim
1023 1868 1077 1913 et
1109 1857 1160 1911 in
1196 1856 1298 1911 hoc
1333 1866 1516 1926 typum
1542 1853 1803 1925 patefieri.

1091 2051 1370 2111 INTERR.
1396 2054 1558 2111 LXV.

532 2170 801 2236 Quomodo
845 2169 1015 2233 ﬁdelis
1060 2168 1355 2237 appellatur
1400 2167 1688 2229 Abraham,
1735 2184 1851 2220 cum
1898 2168 2089 2220 dixerit

599 2241 741 2323 Deo,
787 2240 870 2346 8:5
906 2257 1006 2309 quo
1046 2255 1353 2310 cognoscam
1394 2239 1525 2303 hoc,
1569 2238 1706 2308 quod
1754 2252 2088 2307 possessurus

599 2326 691 2346 ...η
721 2327 831 2346 ρηιη

594 2326 694 2365 διηι
721 2326 857 2363 eam:

590 2402 790 2457 'lstud:
831 2421 850 2453 ι
886 2399 963 2455 Ex
1013 2416 1122 2470 quo
1165 2414 1490 2471 cognoscam
1529 2400 1633 2453 hoc
1660 2415 1710 2462 ι»,
1750 2416 1768 2449 ι
1803 2413 1909 2452 non
1953 2396 2091 2452 difﬁ-

532 2495 713 2548 dentis
738 2502 840 2557 est,
874 2492 966 2546 sed
1002 2490 1218 2545 modum
1248 2488 1559 2559 possidendi
1595 2488 1736 2543 scire
1779 2487 2093 2542 desideran-

535 2585 783 2641 tis.-Cum
815 2582 958 2640 enim
995 2582 1201 2637 videret
1226 2582 1394 2635 multa
1427 2580 1706 2635 hominum
1737 2578 1903 2633 millia
1926 2578 2096 2633 Palae-

534 2676 733 2730 stinam
769 2673 1144 2737 incolentium,
1173 2672 1381 2725 discere
1415 2670 1648 2736 volebat,
1677 2684 1786 2739 quo
1817 2678 1975 2738 pacto
1997 2668 2095 2723 do-

538 2768 769 2823 minium
819 2767 965 2821 illius
1010 2775 1170 2819 terrae
1218 2772 1542 2832 accepturus
1585 2771 1929 2817 essetznum
1977 2761 2099 2831 jure

532 2862 779 2926 belli,va<n
804 2860 922 2914 sine
949 2858 1116 2912 armis
1153 2875 1164 2911 :
1198 2866 1251 2911 et
1281 2872 1347 2910 an
1384 2855 1687 2909 viventibus
1715 2854 1841 2917 illis,
1869 2870 1936 2907 an
1967 2854 2098 2909 sub—

534 2953 680 3017 latis,
718 2960 811 3006 aut
852 2965 1076 3019 prorsus
1105 2948 1311 3018 ejectis.
1350 2944 1460 3001 Hac
1493 2948 1560 3000 de
1597 2961 1761 3001 causa
1794 2946 1903 3015 78
1933 2946 2102 3000 sacri-

536 3047 660 3100 ticio
705 3044 857 3099 linito
903 3042 1045 3097 Deus
1074 3040 1315 3096 omnium
1342 3039 1478 3093 dixit
1507 3055 1521 3095 ;
1558 3056 1577 3090 ι
1624 3037 1969 3107 Cognoscens
2002 3051 2100 3091 co-

539 3151 789 3207 gnosces,
817 3134 961 3205 quod
985 3146 1169 3189 semen
1201 3140 1353 3186 tuum
1393 3130 1566 3185 incola
1594 3129 1698 3183 erit
1726 3128 1779 3182 in
1826 3137 1965 3182 terra
1994 3141 2102 3181 non

1490 442 1979 505 THEODORETI
2007 433 2343 500 EPISCOPI
2383 430 2746 493 CYRENSIS

3622 432 3764 496 172

2778 544 2971 599 ΕΡΩΤ.
3013 545 3131 598 ΞΜ.

2322 662 2374 715 '0
2398 661 2771 730 Μελχισεδὲκ
2802 664 2987 715 πόθεν
3015 659 3237 729 κατῆγε
3266 656 3331 713 τὸ
3377 661 3588 728 feror;

2242 748 2347 815 Τοῦ
2377 746 2663 799 Θεσπεσίου
2688 746 2936 814 λέγοντος
2963 747 3196 810 Παύλου,
3238 766 3254 795 ι
3280 746 3551 817 Ἀπάτωρ,
3586 747 3723 817 am
3748 775 3767 787 ε

2174 856 2314 908 τωρ,
2356 838 2808 909 ἀγενεαλόγητος,
2860 856 2878 887 ι
2924 838 3005 899 τίς
3069 838 3135 892 ἂν
3178 837 3333 906 γνοίη
3386 838 3446 889 τὸ
3497 838 3762 907 ἁληθέςς

2176 931 2337 995 Εἰκὸς
2368 931 2423 984 δὲ
2454 931 2616 984 αὑτὸν
2645 932 2708 983 ἐκ
2739 930 2847 983 τῶν
2878 929 3047 984 ἐθνῶν
3078 930 3303 984 ἐκείνων
3334 925 3474 983 εἶναι
3498 931 3605 983 τῶν
3636 931 3766 1001 τὴν

2178 1023 2543 1093 Παλαιστίνην
2579 1020 2891 1076 οίκούντων.
2948 1021 3203 1074 Ἐκείνων
3231 1021 3337 1092 γὰρ
3364 1022 3475 1094 (97)
3501 1026 3595 1076 καὶ
3620 1022 3767 1093 βαι-

2181 1113 2361 1176 σιλεὺς
2392 1113 2483 1165 καὶ
2512 1114 2688 1183 ἱερεὺς
2722 1111 3017 1181 ἐτύγχανεν
3041 1110 3139 1174 ὣν,
3187 1113 3366 1181 ἱερεὺς
3414 1113 3471 1165 δὲ
3504 1111 3598 1166 τοῦ
3626 1116 3765 1166 τῶν

2181 1202 2317 1257 ὅλων
2367 1202 2523 1256 Θεοῦ.
2566 1222 2585 1253 ι
2620 1198 2728 1254 Ἦν
2777 1201 2906 1274 γὰρ,
2955 1204 3138 1274 φησὶν,
3182 1204 3357 1273 ἱερεὺς
3408 1203 3499 1257 τοῦ
3526 1200 3765 1256 θεοῦλοο

2180 1296 2273 1350 τοῦ
2326 1296 2572 1365 ὑψίστου.
2614 1315 2632 1347 ι
2692 1295 2857 1349 Ὅθεν
2890 1295 3039 1365 αὐτῷ
3082 1296 3179 1348 καὶ
3231 1295 3482 1365 Ἀϐραὰμ
3539 1297 3567 1348 ὁ
3632 1308 3766 1348 πα-

2181 1388 2448 1460 τριάρχης
2497 1388 2860 1460 προσενήνοχε
2895 1388 2997 1451 τὰς
3037 1389 3147 1441 τῶν
3194 1387 3449 1459 λαφύρων
3482 1388 3766 1450 δεκάτας.

2184 1482 2293 1534 Καὶ
2323 1481 2531 1543 δίκαιος
2558 1480 2654 1546 ὢν,
2690 1480 2784 1534 καὶ
2814 1480 2909 1533 τοῦ
2959 1480 3092 1533 Θεοῦ
3128 1480 3299 1550 φίλος,
3358 1482 3486 1551 παρ’
3530 1481 3765 1533 ἐκείνου

2184 1574 2283 1643 τὴν
2311 1573 2564 1640 εὐλογίαν
2592 1572 2920 1643 καρποῦται.
2952 1573 3064 1642 Τῆς
3094 1572 3200 1644 γὰρ
3236 1572 3571 1641 Δεσποτικῆς
3594 1569 3768 1639 εἶχεν

2192 1663 2490 1735 ἱερωσύνης
2508 1664 2599 1719 τὸν
2621 1664 2810 1717 τύπον.
2832 1665 2923 1717 Διὸ
2943 1664 3007 1735 δὴ
3026 1665 3119 1717 καὶ
3138 1664 3334 1735 ἄρτους
3362 1664 3440 1734 τῷ
3472 1663 3765 1733 Ἀὁραὰμ,

2188 1758 2281 1810 και)⁸
2296 1752 2437 1810 οῐνον
2457 1756 2568 1827 (98)
2594 1756 2913 1809 ἀντέδωκενο
2929 1755 3003 1819 ώς
3018 1754 3240 1809 τοιαῦτα
3276 1756 3433 1826 τυχὸν
3451 1755 3560 1823 (99)
3575 1771 3768 1826 προσ-

2199 1848 2409 1918 φέρειν,
2444 1846 2648 1910 είωθὼς
2700 1846 2778 1916 τῷ
2835 1846 2945 1899 τῶν
2977 1847 3113 1899 ὅλων
3144 1845 3287 1916 Θεῷ.
3339 1846 3486 1898 Ἔδει
3517 1845 3591 1915 μ)
3638 1846 3769 1914 γὰρ

2188 1942 2291 1993 κὰν
2318 1939 2492 2010 τούτῳ
2529 1938 2835 2010 δειχθῆναι,
2866 1939 2959 1992 τὸν
2990 1938 3159 1991 τύπον
3187 1937 3257 1990 δι.

2802 2053 3001 2106 ΕΡΩΤ.
3033 2051 3155 2105 ΞΕ’.

2189 2167 2324 2233 Πῶς
2361 2168 2418 2223 Ἀ
2428 2165 2615 2236 ϐραὰμ
2631 2166 2846 2231 πιστὸς
2870 2165 3210 2236 ὀνομάζεται
3229 2164 3478 2234 εἰρηκὼς
3498 2163 3577 2230 τῷ
3603 2163 3767 2236 Θεῷ,

2262 2239 2421 2377 Κατὲ
2460 2234 2527 2289 τί
2573 2234 2872 2306 γνώσομαι
2912 2235 3106 2301 τοῦτο,
3170 2234 3258 2288 ὅτι
3320 2234 3770 2304 κληρονομήσω

2262 2324 2374 2360 αυτ
2422 2323 2495 2369 ν;
3474 2318 3481 2323 '

2262 2318 2459 2369 αὐτὴν
2477 2323 2495 2369 ;
3474 2318 3481 2323 ”

2264 2400 2358 2466 Τὸ,
2407 2418 2426 2450 ι
2462 2398 2619 2452 Κατὰ
2651 2398 2705 2451 τί
2745 2395 3020 2468 γνώσομαι
3053 2396 3231 2458 τοῦτο,
3272 2415 3290 2448 ι
3327 2397 3424 2450 οὐκ
3460 2397 3768 2451 ἀπιστοῦν-

2194 2492 2285 2554 τός
2310 2493 2476 2557 ἐστιν,
2513 2489 2650 2544 ἀλλὰ
2699 2490 2888 2560 μαθεῖν
2918 2489 3210 2551 ποθοῦντος
3252 2490 3350 2559 τῆς
3394 2489 3771 2561 κληρονομίας

2196 2585 2285 2638 τὸν
2320 2584 2541 2655 τρόπον.
2586 2582 2805 2653 Ἐπειδὴ
2854 2582 2964 2654 γὰρ
3007 2581 3153 2652 ἐώρα
3203 2581 3380 2651 πλήθη
3435 2579 3601 2652 μυρία
3662 2580 3773 2651 τὴν

2197 2676 2561 2744 Παλαιστίνην
2578 2674 2850 2739 οἰκοῦντα,
2888 2674 3081 2745 μαθεῖν
3134 2672 3390 2743 ἠϐούλετο
3422 2674 3526 2725 τίνι
3571 2672 3772 2743 τρόπῳ

2198 2769 2577 2841 παραλήψεται
2607 2768 2706 2840 τῆς
2732 2768 2833 2838 γῆς
2857 2767 3065 2835 ἐκείνης
3085 2766 3181 2836 τὴν
3211 2764 3527 2817 δεσποτείαν
3552 2780 3565 2792 ·
3602 2764 3773 2817 πολέ-

2203 2880 2303 2933 μου
2335 2861 2505 2932 νόμῳ,
2569 2861 2603 2932 ἣ
2647 2860 2769 2931 δίχα
2823 2860 3094 2929 πολέμου·
3148 2857 3367 2921 ζώντων
3418 2857 3679 2922 ἐκείνων,
3734 2856 3770 2925 ἢ

2199 2951 2609 3023 ἀναιρουμένων
2627 2952 2725 3021 (2),
2753 2950 2787 3021 ἢ
2820 2948 3257 3019 ἐξελαυνομένων
3273 2948 3339 3001 δ’.
3368 2947 3569 3000 Τούτου
3600 2948 3773 3018 χάριν

2206 3044 2343 3115 μετὰ
2371 3044 2470 3115 τὴν
2498 3042 2691 3097 θυσίαν
2715 3042 2744 3094 ὁ
2777 3041 2887 3094 τῶν
2916 3041 3050 3093 ὅλων
3079 3040 3213 3103 Θεὸς
3246 3038 3349 3109 ἔφη
3374 3055 3390 3070 υ
3422 3059 3439 3089 ε
3474 3038 3774 3091 Γινώσκων

2203 3133 2407 3208 γνώσῃ,
2443 3135 2525 3188 ὅτι
2575 3133 2839 3204 πάροικον
2888 3132 3040 3186 ἔσται
3083 3132 3144 3183 τὸ
3199 3131 3419 3201 σπέρμα
3468 3147 3560 3183 σου
3599 3132 3661 3182 ἐν
3701 3131 3773 3200 τῇ

540 3245 673 3294 sua;
705 3238 759 3282 et
794 3224 1037 3282 servituti
1080 3222 1371 3293 subjicient
1415 3236 1532 3285 eos,
1575 3228 1630 3274 et
1674 3218 1907 3289 aﬂligent
1959 3217 2093 3281 illos,

2203 3227 2368 3296 γῇβ)
2392 3225 2491 3279 οὐκ
2524 3224 2654 3295 ἰδίᾳ·
2696 3225 2789 3276 καὶ
2812 3222 3171 3276 δουλώσουσιν
3203 3221 3421 3286 αὐτοὺς,
3456 3223 3551 3275 καὶ
3577 3221 3774 3275 κακώ-

539 3330 703 3389 atque
756 3316 1118 3372 humiliabunt
1169 3312 1590 3383 quadringentos
1645 3325 1838 3367 annos.
1872 3309 2095 3363 Gentem

539 3423 689 3470 vero,
728 3406 815 3461 cui
842 3394 1417 3473 servierintfjudicabo
1444 3416 1564 3471 ego.
1586 3399 1778 3455 Postea
1802 3412 1930 3452 vero
1950 3412 2099 3467 egre-

541 3501 755 3555 dientur
774 3497 883 3552 huc
914 3510 1037 3551 cum
1077 3503 1339 3564 apparatu
1371 3494 1561 3547 multo.
1590 3490 1671 3545 Tu
1714 3506 1853 3545 vero
1872 3490 2100 3544 decedes

542 3592 608 3645 ad
633 3599 814 3659 patres
849 3598 973 3642 tuos
996 3586 1049 3640 in
1081 3601 1232 3656 pace,
1264 3586 1501 3640 nutritus
1536 3584 1587 3638 in
1615 3590 1893 3637 senectute
1936 3581 2096 3635 bona.

543 3683 749 3748 Quarta
772 3688 950 3733 autem
977 3676 1323 3748 generatione
1345 3682 1681 3729 revertentur
1704 3672 1827 3726 huc.
1852 3668 2099 3725 Nondum

542 3775 686 3829 enim
756 3771 1036 3840 completa:
1098 3779 1224 3825 sunt
1297 3767 1605 3836 iniquitates
1665 3764 2101 3818 Amorrbaeorum

543 3882 719 3936 usque
769 3881 917 3920 nunc
942 3876 992 3917 (ι.
1030 3882 1049 3915 ι
1110 3863 1185 3917 Ex
1247 3861 1595 3932 responsione
1642 3859 1824 3913 divina
1873 3856 2101 3912 formam

542 3957 988 4028 interrogationis
1040 3969 1364 4027 cognoscere
1419 3953 1562 4006 licet.
1622 3949 1754 4004 Nam
1817 3958 2099 4019 postquam

543 4050 679 4103 dixit
708 4067 722 4104 :
750 4069 779 4101 ν(
824 4048 901 4103 Ex
933 4062 1041 4117 quo
1069 4060 1415 4117 cognoscam,
1448 4044 1591 4112 quod
1617 4058 1969 4112 possessurus
1998 4042 2100 4097 sim

545 4142 724 4197 eam"?
758 4161 776 4191 ι
827 4141 1031 4205 didicit,
1065 4147 1328 4209 quantum
1384 4136 1641 4206 temporis
1695 4136 1883 4189 incolae
1935 4134 2105 4188 futuri

545 4245 748 4296 essent,
778 4241 831 4287 et
857 4248 1019 4303 quam
1052 4230 1245 4285 misere
1271 4230 1555 4291 tractandi,
1587 4237 1640 4283 et
1661 4237 1862 4297 quanta
1890 4228 2102 4282 tandem

545 4324 887 4396 providentia
914 4322 1008 4377 Dei
1042 4321 1366 4389 excipiendi,
1404 4330 1515 4374 tum
1546 4320 1811 4388 supplicio
1843 4318 2106 4373 sumendo

547 4420 615 4473 de
647 4418 755 4479 his,
785 4417 877 4485 qui
912 4415 1019 4471 illis
1063 4415 1262 4469 bellum
1288 4413 1488 4467 inferre
1520 4412 1740 4477 vellent,
1774 4421 1886 4465 tum
1916 4426 2104 4465 eorum

548 4510 708 4564 bonis
744 4508 972 4563 fruendo
1008 4525 1021 4560 :
1049 4514 1101 4560 et
1138 4508 1278 4575 quod
1303 4505 1576 4559 Abraham
1602 4505 1748 4558 nulla
1776 4505 1969 4557 borum
2012 4518 2106 4557 ex-

2207 3334 2388 3370 σουσιν
2419 3315 2637 3380 αὐτοὺς,
2664 3316 2774 3369 ’καὶ
2816 3314 3244 3369 ταπεινώσουσιν
3280 3314 3372 3385 ἔτη
3416 3316 3771 3386 τετρακόσια.

2206 3409 2279 3461 Τὸ
2314 3409 2369 3461 δέ
2400 3408 2571 3472 ἔθνος,
2683 3407 2778 3461 ἐὰν
2826 3407 3175 3472 δουλεύσωσι,
3226 3407 3398 3477 κρινῶ
3439 3407 3569 3474 ἐγώ.
3612 3408 3776 3460 Μετὰ

2204 3500 2261 3553 δὲ
2292 3500 2465 3553 ταῦτα
2501 3499 2869 3564 ἐξελεύσονται
2893 3493 2995 3554 ὧδε
3020 3499 3159 3570 μετὰ
3192 3500 3507 3569 ἀποσκευῆς
3531 3499 3771 3569 πολλῆς·

2208 3592 2272 3644 σὺ
2300 3590 2356 3643 δὲ
2377 3590 2665 3643 ἀπελεύσει
2704 3591 2845 3660 πρὸς
2878 3592 3005 3655 τοὺς
3033 3591 3276 3661 πατέρας
3331 3609 3424 3645 σου
3472 3594 3529 3645 ἐν
3553 3594 3771 3663 εἰρήνῃ,

2206 3682 2435 3753 τραφεὶς
2458 3684 2516 3735 ἐν
2544 3683 2706 3754 γήρει
2741 3683 2909 3753 καλῷ.
2967 3685 3009 3735 Τ
3013 3685 3210 3755 ετάρτῃ
3234 3684 3290 3737 δὲ
3327 3686 3489 3754 γενεᾷ
3526 3688 3775 3755 στραφήο

2210 3792 2390 3829 σονται
2416 3770 2517 3829 ὧδε
2542 3792 2557 3806 ο
2587 3775 2737 3829 οὔπω
2758 3776 2866 3847 γὰρ
2894 3777 3389 3847 ἀναπεπλήρωνται
3416 3779 3469 3829 αἱ
3493 3778 3768 3847 ἁμαρτίαι

2209 3866 2316 3920 τῶν
2376 3868 2719 3937 Ἀμορραίων
2778 3870 2881 3930 ἕως
2928 3867 3021 3919 τοῦ
3074 3867 3187 3922 νῦν.
3238 3886 3258 3919 ι
3328 3869 3420 3921 Ἐκ
3480 3870 3577 3939 τῆς
3616 3868 3773 3930 θείας

2211 3960 2552 4028 ἀποκρίσεως
2578 3959 2692 4011 ἐστι
2724 3958 2929 4026 γνῶναι
2960 3960 3033 4029 (4)
3068 3961 3157 4013 τὸν
3191 3960 3389 4029 τρόπον
3433 3961 3529 4030 τῆς
3561 3962 3776 4030 ἐρωτή-

2216 4066 2370 4111 σεως.
2417 4049 2632 4120 Ἐπειδὴ
2663 4045 2805 4114 εἶπε,
2839 4069 2855 4099 ι
2888 4050 3037 4102 Κατὰ
3090 4051 3141 4101 τί
3175 4048 3454 4120 γνώσομαι
3509 4051 3590 4102 ὅτι
3652 4089 3667 4103 .
3691 4069 3774 4120 .η-

2213 4142 2497 4211 ρονομήσω
2527 4140 2713 4208 αὐτὴν,
2750 4160 2768 4192 ι
2802 4141 3047 4211 ἐδιδάχθη
3081 4141 3203 4194 ὅσον
3234 4142 3331 4211 μὲν
3371 4143 3773 4212 παροικήσουσι

2211 4233 2423 4301 χρόνον,
2456 4234 2549 4285 καὶ
2589 4233 2736 4295 ὅπως
2778 4232 3307 4303 ταλαιπωρήσουσιν,
3345 4233 3474 4302 ὅστις
3509 4250 3567 4284 τε
3598 4230 3758 4296 ἀξιωι

2214 4320 2466 4392 θήσονται
2496 4323 2857 4393 προμηθείας,
2892 4322 2999 4375 τῶν
3034 4322 3133 4391 μὲν
3186 4323 3513 4393 πολεμήσειν
3554 4322 3768 4374 ἐθελόν-

2210 4430 2317 4465 των
2348 4413 2529 4475 αύτοῖς
2563 4413 3067 4483 κολασθησομένων,
3115 4414 3319 4467 τούτων
3356 4415 3412 4466 δέ
3444 4415 3509 4467 τὰ
3544 4415 3776 4467 ἐκείνων

2212 4506 2689 4577 καρπωσαμένωνο
2721 4507 2813 4558 καὶ⁸
2836 4507 2920 4558 ὅτι
2944 4508 3143 4559 τούτων
3182 4508 3343 4568 αὐτὸς
3375 4506 3628 4575 οὐδεμίαν
3656 4509 3779 4557 πεῖ-

550 4601 811 4670 perientia
840 4607 1078 4668 accepta,
1110 4598 1162 4651 in
1191 4612 1321 4666 pace
1348 4612 1379 4649 e
1410 4596 1516 4649 vita
1555 4596 1901 4649 discessurus
1946 4603 2093 4649 esset

2218 4570 2315 4663 ραν
2338 4570 2539 4657 λαϐὼν,
2572 4594 2628 4643 ἐν
2680 4594 2870 4665 εἰρήνῃ
2903 4594 3193 4646 καταλύσει
3222 4594 3312 4646 τὸν
3342 4594 3476 4663 βίον.
3501 4570 3513 4575 ⁷
3534 4594 3776 4656 Ἐδίδαξε

553 4688 746 4741 Docuit
778 4687 977 4757 pariter
1010 4686 1272 4740 rationem
1318 4684 1612 4747 dilationis,
1666 4699 1733 4738 ne
1772 4686 1892 4752 quis
1932 4685 2110 4752 suspi-

551 4784 798 4845 ra’retur,
852 4780 921 4834 ob
968 4792 1315 4832 numerosam
1359 4778 1659 4831 incolarum
1709 4777 2109 4830 multitudinem

552 4871 843 4924 Dominum
873 4868 1039 4924 Deum
1096 4883 1203 4922 non
1238 4867 1478 4934 potuisse
1526 4866 1635 4920 illis
1675 4868 1888 4922 tradere
1938 4867 2113 4921 domi-

2214 4683 2271 4735 δέ
2304 4684 2395 4735 καὶ
2423 4683 2521 4750 τῆς
2548 4683 2813 4753 ἀναϐολῆς
2836 4685 2934 4753 τὴν
2974 4686 3174 4750 αἰτίαν,
3227 4685 3314 4737 ἵνα
3345 4686 3419 4756 μή
3452 4702 3533 4746 τις
3560 4685 3774 4753 τοπάσῃ

2217 4773 2305 4826 διὰ
2335 4774 2395 4826 τὸ
2440 4774 2640 4844 πλῆθος
2683 4775 2791 4826 τῶν
2838 4776 3186 4829 ἐνοικούντων
3242 4776 3316 4845 μὴ
3345 4774 3637 4845 δυνηθῆναι
3684 4776 3776 4826 τὸν

2221 4867 2496 4935 Δεσπότην
2525 4866 2654 4920 Θεὸν
2684 4867 2783 4935 τῆς
2815 4867 2916 4936 γῆς
2957 4868 3170 4937 ἐκείνην
3226 4868 3410 4930 αὐτοῖς
3441 4866 3774 4938 παραδοῦναι

600 5023 634 5061 ιι
665 5014 827 5070 Hebr.
856 5030 952 5078 vn,
980 5014 1035 5067 5.
1115 5019 1139 5047 °
1163 5010 1297 5066 Gen.
1324 5026 1434 5074 xlv,
1464 5010 1547 5064 18.
1627 5021 1654 5061 P
1683 5010 1815 5065 Gen.
1840 5026 1926 5075 xv,
1955 5010 2006 5064 8.
2084 5021 2109 5059 «ι
2139 5010 2274 5065 Gen.
2305 5025 2395 5073 xv,
2425 5007 2607 5063 15-16.
2679 5019 2700 5047 τ
2736 5007 2871 5062 Gen.
2899 5024 2988 5071 xv,
3017 5008 3068 5061 8.

1439 5174 1671 5229 VARL‘E
1696 5173 2070 5229 LECTIONES
2097 5174 2186 5227 EX
2230 5173 2503 5230 CATENA
2535 5172 2884 5228 LIPSIENSI.

620 5324 674 5358 ⁸⁰
707 5323 826 5378 Cat.
851 5336 906 5391 β.
938 5318 1060 5375 198.
1086 5318 1178 5371 τοῦ
1211 5316 1344 5370 Θεοῦ
1374 5331 1483 5369 om.
1559 5315 1601 5347 ⁸¹
1625 5313 1795 5384 δειχθ.
1820 5312 1910 5366 τὸν
1940 5313 2093 5383 τρύπα

2236 5313 2279 5344 δ’
2324 5312 2439 5368 Cat.
2480 5328 2531 5381 p.
2562 5312 2688 5367 204.
2722 5311 3204 5382 ἢέξελαυνομὲνων
3231 5328 3341 5368 om.

2052 5476 2281 5533 NOTAE.
2362 5523 2373 5536 .

631 5623 745 5689 (97)
774 5623 907 5677 Cod.
944 5632 995 5676 et
1036 5619 1147 5677 Pic.
1189 5620 1414 5689 ἐκεῖνοςζ

628 5686 741 5757 (98)
774 5694 882 5747 Καὶ
905 5689 1089 5748 οἶνον.
1131 5689 1265 5745 Cod.
1308 5700 1360 5744 et
1393 5688 1508 5742 Pic.
1540 5687 1762 5753 addunt,
1796 5688 1889 5739 καὶ
1922 5686 2108 5755 στέαρ.

628 5758 740 5829 (99)
777 5762 984 5829 Τυχόν.
1016 5763 1069 5813 1η
1095 5761 1215 5814 eod.
1256 5770 1309 5813 et
1337 5759 1478 5829 apud
1530 5758 1639 5814 Pic.
1697 5759 1941 5828 sequitur
1969 5758 2112 5810 τινα.

630 5826 731 5899 (η’
766 5826 944 5883 "eaet.
974 5831 1104 5885 Cod.
1136 5840 1187 5884 et
1214 5829 1329 5887 Pic.
1358 5826 1519 5883 εἶδεν.

2418 5616 2908 5699 Ἀναιρουρέιςῖωνς.
2953 5620 3088 5699 Cod.
3139 5630 3193 5675 et
3214 5620 3340 5699 Dic.
3374 5621 3763 5699 ἐλαυνομένων.

2295 5689 2371 5761 (ὃ)
2410 5687 2520 5761 ζΕιξ
2551 5687 2623 5753 τῇ
2779 5689 2910 5743 Cod.
2940 5700 2991 5744 et
3018 5690 3127 5745 Pic.
3162 5691 3388 5757 addunt,
3430 5687 3700 5761 ἀλλοτρία.

2294 5756 2376 5828 (τί),
2400 5756 2531 5810 Cod.
2560 5768 2607 5810 et
2670 5757 2780 5811 Pic.
2834 5761 3151 5828 ἐπιγνῶναι.
3208 5761 3385 5817 Minus
3428 5756 3771 5817 beneIl’icus

2226 5827 2475 5899 supplere
2513 5828 2682 5882 voluit
2710 5828 2907 5894 ἔξεστι,
2939 5841 3031 5885 aut
3059 5831 3254 5887 simile.
