3964 6532
250 431 343 495 173
1318 428 1606 503 QU/EST.
1652 432 1733 492 IN
1765 430 2032 492 GENES.
2069 433 2226 494 CAP.
2264 429 2381 493 XV.
3370 432 3463 495 1-74

243 538 333 614 τὴν
361 543 701 597 δεσποτείαν.
746 544 891 614 Ἔφη
920 543 975 597 δὲ
1005 542 1197 606 οὕτως·
1239 563 1257 595 ι
1289 546 1453 598 υῦπω
1471 548 1578 616 γὰρ
1604 547 1793 599 ἀναπε-

1905 544 2051 597 nium
2072 545 2218 599 illius
2249 553 2427 599 terrae.
2456 543 2597 598 Dixit
2624 554 2803 599 autem
2837 545 2951 601 sic”:
2989 566 3005 598 ι
3041 547 3286 603 Nondum
3315 565 3457 604 com.

244 636 551 704 πλήρωνται
597 636 655 688 αἱ
700 636 969 706 ἁμαρτίαι
1003 637 1111 689 τῶν
1167 637 1508 709 Ἀμορραίων
1555 640 1658 702 ἓως
1701 638 1795 690 τοῦ

239 729 344 781 νῦν.
384 746 402 778 ι
463 728 715 792 οὐδέπω,
758 730 946 799 φησὶν,
995 728 1123 795 ἄξια
1153 730 1522 801 πανωλεθρίας
1582 730 1796 800 πεπρά-

237 836 385 890 κασιν
410 835 424 846 ·
462 820 525 871 οὐ
567 819 676 889 χρὴ
708 820 766 874 δὲ
796 821 902 890 πρὸ
930 823 1028 890 τῆς
1048 820 1318 890 ἁμαρτίας
1333 823 1412 873 ιέκ
1439 819 1796 890 προγνώσεως

234 910 589 980 ὲπνεχθῆναι
655 912 753 982 τὴν
798 912 1090 983 τιμωρίαν.
1159 911 1283 964 Ὀτι
1331 911 1388 965 δὲ
1444 912 1689 982 ὑπῆρχον
1716 912 1791 981 (5)

234 1006 346 1059 κατ’
377 1008 590 1060 ἐκεῖνον
621 1008 714 1060 τὸν
744 1008 934 1079 καιρὸν
957 1006 1221 1071 εὐσεϐεῖς,
1260 1006 1418 1077 δῆλον
1448 1009 1511 1060 ἐκ
1536 1006 1630 1059 τοῦ
1656 1006 1796 1059 Μελ-

230 1099 463 1167 χισεδέκ,
496 1099 597 1152 καὶ
626 1097 724 1152 τοῦ
780 1099 1088 1170 Ἀϐιμέλεχ,
1139 1104 1232 1152 καὶ
1275 1099 1381 1151 τῶν
1431 1100 1529 1170 τὴν
1570 1098 1795 1168 Χεϐρὼν

229 1190 541 1244 οἰκούντων.
578 1193 689 1244 Καὶ
716 1190 825 1262 γὰρ
858 1194 1056 1244 ἐκεῖνοι
1084 1191 1286 1262 πολλῆς
1329 1192 1421 1244 τὸν
1452 1191 1794 1261 πατριάρχην

230 1283 525 1353 θεραπείας
564 1283 827 1351 ἠξίωσαν·
849 1283 943 1336 καὶ
971 1283 1116 1336 ἐστιν
1152 1283 1386 1336 ἀκοῦσαι
1420 1281 1597 1335 αὐτῶν
1629 1282 1793 1351 βοών-

225 1374 357 1425 τῶψ
393 1392 412 1423 ι
450 1372 729 1434 Βασιλεὺς
757 1369 807 1426 εἴ
830 1374 894 1426 σὺ
925 1373 1075 1444 παρὰ
1098 1373 1234 1425 Θεοῦ
1272 1374 1330 1425 ὲν
1365 1375 1513 1443 ἡμῖν.
1567 1374 1656 1426 Ἐν
1682 1376 1794 1437 τοῖς

225 1466 495 1528 ἐκλεκτοῖς
532 1466 827 1537 μνημείοις
858 1465 1017 1536 ἡμῶν
1047 1464 1216 1535 θάψον
1244 1466 1335 1518 τὸν
1381 1465 1575 1536 νεκρόν
1604 1482 1720 1518 σου.
1760 1484 1780 1516 ι

829 1604 1022 1657 ΕΡΩΤ.
1062 1599 1196 1670 Ξς’.

223 1740 376 1793 Atat!
417 1740 493 1793 δὲ
534 1740 795 1809 τυθῆναι
826 1739 1159 1807 προσέταξε
1199 1739 1461 1809 δάμαλιν,
1482 1737 1793 1809 τριετίζου-

318 1826 465 1875 σαν,
496 1810 601 1865 καὶ
639 1808 809 1878 κριὸν
848 1810 1217 1879 τριετίζοντα,
1272 1810 1368 1863 καὶ
1408 1808 1480 1863 τὰ
1505 1808 1687 1876 difﬁc;

1906 635 2060 704 pleta!
2081 645 2205 689 sunt
2229 636 2541 705 iniquitates
2558 635 2997 689 Amorrhworum
3017 653 3185 706 usque
3210 656 3353 695 nunc
3369 650 3413 694 ⁸.
3444 662 3460 691 ι

1906 726 2180 791 Nondum,
2214 728 2409 797 inquit,
2459 729 2735 782 communi
2777 728 2945 783 exitio
2991 730 3152 798 digna
3187 743 3463 802 perpetra-

1903 830 2052 875 runt.
2111 819 2228 874 Non
2276 821 2429 875 decet
2481 830 2660 874 autem
2718 830 2842 875 ante
2882 831 3162 890 peccatum
3204 839 3267 876 ex
3328 840 3459 891 prae-

1904 910 2131 963 scientia
2158 925 2375 980 pmnam
2411 910 2672 982 inﬂigere.
2701 910 2855 977 Quod
2884 922 3067 966 autem
3092 913 3197 966 illis
3216 916 3456 982 tempori-

1904 999 2008 1054 bus
2037 1009 2222 1060 essent
2246 1000 2348 1054 viri
2382 1001 2473 1071 pii,
2499 1013 2712 1056 constat
2744 1019 2809 1056 ex
2843 1004 3238 1059 Melchisedeco
3262 1012 3315 1058 et
3345 1007 3447 1060 Abi

1904 1089 2172 1155 melecho,
2214 1099 2267 1144 et
2311 1090 2418 1155 his,
2467 1093 2559 1162 qui
2603 1092 2914 1147 incolebant
2964 1104 3160 1147 terram
3191 1095 3463 1150 Chebron.

1900 1179 1983 1233 llli
2040 1181 2187 1234 enim
2241 1183 2608 1251 patriarcham
2656 1198 2982 1253 magnOpere
3026 1185 3264 1239 venerati
3317 1197 3463 1240 sunt.

1901 1273 2213 1330 Audiuntur
2267 1276 2451 1345 itaque
2506 1278 2822 1342 clamantes,
2878 1298 2895 1329 ι
2936 1277 3048 1331 Rex
3078 1295 3138 1332 es
3190 1289 3244 1333 tu
3286 1296 3317 1334 a
3358 1280 3468 1335 Deo

1902 1367 2043 1435 apud
2069 1383 2191 1423 nos.
2218 1366 2275 1421 ln
2316 1369 2425 1439 79
2455 1368 2641 1425 electis
2671 1374 3038 1426 monumentis
3065 1373 3270 1442 nostris
3294 1374 3462 1443 sepeli

1904 1469 2180 1515 mortuum
2211 1469 2364 1515 tuum
2401 1464 2443 1515 ι.
2486 1481 2505 1511 ι
2840 1462 2845 1471 ’
3272 1454 3275 1457 λ

2438 1596 2714 1653 INTERR.
2756 1598 2938 1655 LXVI.

1902 1730 2077 1797 Quare
2112 1732 2247 1786 Deus
2278 1737 2546 1804 pracepit,
2588 1738 2889 1805 sacriﬁcari
2917 1738 3016 1790 sibi
3052 1754 3261 1791 caecam
3304 1740 3467 1791 trien-

2125 1818 2240 1856 nem
2272 1816 2320 1858 et
2345 1808 2550 1859 ha’dum
2595 1809 2895 1863 triennem?
2937 1818 2989 1861 et
3017 1809 3240 1876 reliqua.

283 1922 604 1992 Αἰνίγματα
634 1923 809 1977 ταῦτα
836 1919 904 1995 ἦν
928 1923 1035 1975 τῶν
1056 1922 1133 1993 τῷ
1158 1922 1305 1990 γένει
1335 1939 1398 1973 συ
1408 1920 1789 1992 μϐησομὲνων.

1968 1914 2091 1969 [line
2122 1926 2275 1970 erant
2314 1916 2531 1972 illorum
2562 1920 2867 1989 mnigmata,
2902 1937 3020 1991 quae
3052 1922 3285 1989 posteris
3313 1933 3469 1974 erant

224 2014 513 2083 Τοιγάρτοι
570 2014 713 2084 μετὰ
742 2014 843 2076 τὰς
896 2012 1088 2074 θυσίας
1142 2013 1412 2084 ἐπήγαγε*
1449 2031 1468 2064 ί
1504 2011 1794 2066 Γινώσκων

225 2102 397 2175 γνώσῃ
430 2105 482 2135 ⁸³
508 2106 596 2159 ὅτι
647 2106 909 2175 πάροικον
954 2104 1107 2175 ἔσται
1144 2104 1207 2157 τὸ
1237 2104 1458 2176 σπέρμα
1510 2121 1605 2156 σου
1633 2106 1691 2156 ἐν
1721 2105 1791 2173 γῇ

223 2196 314 2248 οὐκ
353 2195 487 2266 ἰδίᾳ.
529 2215 547 2246 ι
609 2196 721 2248 Καὶ
772 2196 1116 2267 προσέθηκεο
1179 2216 1198 2249 ι
1244 2198 1488 2269 Τετάρτῃ
1537 2197 1595 2251 δὲ
1633 2197 1796 2266 γενεᾷ

224 2288 742 2359 ἁποστραφήσονται
766 2281 891 2344 ὧδε.
918 2307 936 2341 ι
962 2290 1062 2345 Διὰ
1079 2291 1236 2344 τοῦτο
1257 2292 1381 2361 τρία
1406 2290 1514 2344 τῶν
1540 2289 1795 2359 καθαρῶν

223 2380 593 2451 τετραπόδων,
625 2382 721 2433 καὶ
754 2382 982 2436 ἕκαστον
1026 2385 1235 2452 τριετὲς
1260 2383 1335 2454 (6)
1358 2383 1586 2453 τυθῆναι
1623 2400 1796 2453 προσ-

224 2471 394 2535 έταξε,
422 2472 540 2525 τῶν
564 2472 735 2545 τριιῖιν
766 2473 967 2543 γενεῶν
998 2476 1077 2538 εἰς
1114 2475 1364 2547 δήλωσιν,
1406 2475 1463 2528 αἳ
1496 2472 1793 2546 παροικοῦ-

226 2582 306 2617 σαι
340 2564 751 2619 διατελέσουσιν
771 2583 786 2597 ο
814 2569 849 2638 ή
876 2568 933 2620 δὲ
958 2566 1176 2638 τρυγὼν
1212 2568 1311 2639 τὴν
1346 2567 1538 2636 γενεὰν
1582 2568 1795 2639 ἐκείνην

225 2656 466 2726 ῂέῆνε,
500 2658 602 2726 τὴν
638 2656 799 2710 οἱονεὶ
838 2657 1160 2710 ἀποπτᾶσαν
1206 2658 1304 2728 μὲν
1332 2658 1425 2711 καὶ
1476 2656 1796 2721 ἐξελθοῦσαν

226 2748 279 2812 ἐξ
328 2749 646 2815 Αἰγύπτου,
694 2750 753 2801 ὲν
797 2749 853 2801 δὲ
899 2751 967 2819 τῇ
1004 2750 1194 2820 ἐρήμῳ
1254 2750 1787 2821 κατασκηνώσασαν·

227 2840 525 2911 φιλέρημον
565 2842 678 2913 γὰρ
708 2843 823 2895 τόδε
854 2843 916 2897 τὸ
944 2844 1158 2915 ’ὅρνεον.
1211 2843 1274 2894 Ἠ
1296 2842 1353 2896 δὲ
1376 2843 1673 2914 περιστερὰ
1696 2844 1794 2911 τὴν

224 2930 383 3003 ἀλλην
424 2934 636 2999 γενεὰν
665 2934 997 3005 παρεδήλου,
1022 2937 1055 3003 ἢ
1083 2934 1180 3003 τὴν
1225 2932 1638 3004 ἐπηγγελμένην
1691 2933 1796 2985 ἀπ-

229 3024 511 3093 ελάμϐανε
529 3025 666 3094 γῆν*
698 3028 907 3096 ἥμερον
929 3026 1039 3096 γὰρ
1056 3026 1116 3078 τὸ
1140 3024 1299 3089 ζῶον,
1328 3025 1424 3077 καὶ
1456 3027 1572 3087 ταῖς
1601 3025 1797 3087 οἰκίαις

225 3118 659 3188 ἐμφιλοχωροῦν.
689 3120 789 3172 Διά
831 3136 913 3171 τοι
939 3117 1119 3182 τοῦτο,
1164 3116 1232 3168 τὰ
1265 3116 1361 3186 μὲν
1384 3116 1444 3168 οὐ
1472 3116 1690 3180 διεῖλεν,
1717 3115 1795 3179 ὡς

1899 2007 2221 2063 obventnra.
2259 2007 2537 2079 Siquidem
2572 2015 2843 2067 sacriﬁcio
2872 2022 3115 2083 peracto,
3142 2014 3419 2082 subjunxit
3449 2033 3461 2067 :

1903 2118 1921 2150 ‹
1951 2098 2297 2170 Cognoscens
2318 2117 2636 2172 cognosces,
2668 2105 2812 2175 quod
2839 2121 3022 2159 semen
3055 2116 3203 2159 tuutn
3231 2106 3466 2176 peregri-

1896 2204 2024 2243 num
2049 2189 2152 2244 erit
2182 2191 2234 2244 in
2260 2201 2401 2246 terra
2445 2208 2553 2247 non
2583 2210 2699 2249 sua.
2774 2214 2791 2247 ι
2825 2195 2890 2250 Ει
2916 2197 3120 2252 addidit
3151 2216 3163 2251 :
3211 2218 3227 2247 ι
3261 2199 3465 2263 Quarta

1896 2295 2025 2334 vero
2045 2283 2390 2351 generatione
2417 2295 2759 2341 revertentur
2794 2288 2900 2343 huc
2934 2296 2983 2340 ιι.
3017 2308 3035 2339 ι
3072 2290 3359 2358 Propterea
3398 2305 3467 2342 ex

1895 2374 2332 2443 quadrupedibus
2380 2377 2597 2432 mundis
2649 2379 2777 2444 tria,
2829 2390 2884 2433 et
2924 2381 3350 2449 unumquodque
3375 2395 3467 2434 eo-

1895 2482 2015 2520 rum
2070 2467 2289 2521 trimum
2326 2468 2619 2525 sacriﬁcari
2649 2473 2921 2541 praecepit,
2973 2473 3039 2527 ad
3084 2473 3467 2543 signiﬁcandas

1897 2568 2009 2613 tres
2048 2561 2461 2628 generationes,
2530 2578 2653 2632 qua:
2702 2564 2754 2619 in
2808 2565 3047 2620 incolatu
3095 2580 3467 2635 permansurae

1895 2662 2071 2707 erant.
2105 2652 2309 2709 Turtur
2331 2664 2512 2711 autem
2539 2659 2946 2724 generationem
2974 2660 3122 2714 illam
3150 2661 3465 2725 denotahat,

1896 2758 2017 2813 qua:
2046 2760 2113 2799 ex
2146 2744 2382 2817 Aigypto
2412 2764 2630 2817 egressa
2661 2750 2807 2805 velut
2859 2752 3115 2816 avolavit,
3164 2761 3217 2806 et
3249 2753 3464 2808 habita-

1897 2834 1972 2889 vit
2000 2835 2055 2889 in
2093 2836 2326 2891 deserto.
2363 2837 2688 2907 Huiusmodi
2721 2841 2868 2895 enim
2895 2842 3012 2897 avis
3039 2852 3121 2898 est
3144 2858 3335 2896 amans
3367 2843 3464 2895 de-

1896 2924 2046 2979 serti.
2070 2925 2326 2981 Columba
2345 2936 2522 2982 autem
2552 2932 2953 2997 generationem
2991 2933 3151 2987 aliam
3185 2936 3462 3000 innuebat,

1895 3033 2016 3087 qua:
2042 3026 2239 3072 terram
2281 3021 2605 3089 promissam
2652 3024 2879 3093 accepit.
2927 3024 3271 3081 Mansuetum
3318 3031 3463 3083 enim
3504 3055 3511 3061 -

1896 3124 1979 3167 est
2010 3113 2110 3168 hoc
2139 3114 2340 3169 animal
2369 3124 2421 3169 et
2446 3117 2826 3171 domesticum.
2883 3117 3057 3183 Quam
3105 3120 3176 3175 ob
3215 3136 3463 3188 causam,

225 3211 315 3281 τὴν
343 3211 444 3280 τῆς
480 3209 734 3273 δουλείας
761 3208 1082 3277 ἀπαλλαγὴν
1113 3207 1482 3277 αἰνιττόμενα.
1511 3207 1593 3260 Τὰ
1618 3206 1675 3260 δὲ
1708 3224 1793 3259 τε-

1900 3204 2014 3260 haec
2038 3201 2508 3275 quidem'minime
2546 3209 2751 3274 divisit,
2779 3219 2839 3263 ut
2882 3210 3250 3266 liberationem
3281 3230 3311 3267 a
3347 3230 3464 3268 ser-

223 3303 467 3375 τρὰποδα
515 3303 737 3366 διεῖλεν,
787 3303 911 3355 ἐπεὶ
948 3303 1049 3371 τὴν
1090 3304 1148 3355 ὲν
1192 3299 1455 3369 Αἰγύπτῳ
1497 3300 1793 3369 κακουχίαν

1899 3299 2066 3352 vitute
2081 3297 2461 3368 signiﬁcantia.
2489 3298 2875 3369 Quadrupedes
2898 3310 3079 3355 autem
3108 3304 3337 3371 partitus
3357 3315 3459 3369 est,

224 3397 508 3466 ἐσήμαινε.
542 3394 628 3447 Τὰ
668 3394 724 3447 δέ
762 3410 825 3462 γε
849 3394 1194 3463 ἑφιπτάμενα
1229 3394 1337 3456 τοῖς
1365 3392 1793 3462 διχοτομήμασιν

1899 3406 1959 3447 eo
1985 3391 2130 3459 quod
2160 3391 2463 3446 indicarent
2495 3408 2657 3461 quam
2720 3394 2861 3446 male
2903 3396 3168 3449 tractandi
3218 3408 3374 3451 erant
3408 3400 3465 3451 in.

225 3486 394 3555 ὄρνεα,
427 3486 581 3556 ἆπερ
603 3488 633 3538 ὁ
672 3487 1022 3555 πατριάρχης
1044 3486 1107 3537 ὲκ
1131 3483 1238 3536 τῶν
1267 3484 1483 3549 ἱερείων
1515 3483 1792 3553 ἐξήλαυνε,

226 3579 315 3647 τὴν
344 3577 583 3647 φονικὴν
623 3577 732 3629 τῶν
771 3576 1085 3642 Αἰγυπτίων
1118 3574 1480 3647 προῃνίττετο
1527 3572 1754 3644 γνώμην
1777 3591 1791 3603 '

226 3668 287 3737 ἦν
303 3668 594 3737 ἄπρακτον
635 3667 913 3736 ἀπέφηνεν
944 3666 1273 3736 ὀΔεσπότης
1317 3664 1468 3729 Θεὸς,
1514 3664 1612 3727 τὰς
1660 3664 1796 3734 πρὸς

225 3760 311 3811 τὸν
350 3759 565 3830 Ἀϐραὰ
576 3776 618 3828 μ
650 3757 899 3827 ἐμπεδῶν
917 3757 1268 3827 ὑποσχέσεις·
1295 3754 1483 3826 ῶσπερ
1504 3755 1611 3825 γὰρ
1629 3756 1686 3806 ὲν
1718 3753 1795 3823 τῷ

227 3849 376 3918 τῦπῳ
401 3852 538 3913 τοὺς
582 3849 949 3920 σαρκοϐόρους
987 3850 1164 3919 ὄρνεις
1193 3848 1484 3918 ἐξήλαυνεν
1518 3846 1794 3916 Ἀϐραὰμ,

225 3943 390 4004 οὕτως
414 3943 449 4011 ἡ
484 3940 623 4010 τιμὴ
655 3940 751 3993 τοῦ
774 3940 1023 4011 Ἀϐραὰμ
1046 3942 1171 4002 τοὺς
1200 3941 1530 4008 Αἰγυπτίους
1546 3939 1792 3992 ἐκόλασε.

228 4035 296 4085 Τὸ
325 4033 380 4085 δὲ
403 4034 539 4103 περὶ
570 4033 724 4102 ήλίου
757 4032 965 4102 δυσμὰς
997 4031 1229 4101 ὀφθῆναι
1260 4032 1351 4084 τὸν
1397 4030 1796 4100 καπνιζόμενον

230 4126 508 4189 κλίϐανον,
537 4126 635 4178 καὶ
662 4124 760 4188 τὰς
797 4123 889 4176 τοῦ
938 4124 1109 4194 πυρὸς
1132 4123 1441 4192 λαμπάδας,
1473 4122 1663 4194 ἐδήλου
1698 4123 1796 4192 μὲν

231 4218 319 4268 καὶ
352 4216 415 4268 τὸ
448 4215 711 4285 δεχθῆναι
740 4214 808 4268 τὰ
830 4213 1078 4282 θύματα⁹
1104 4214 1472 4283 προεσήμαινε
1501 4212 1556 4264 δὲ
1584 4212 1678 4264 καὶ
1698 4212 1796 4282 τὴν

230 4309 373 4376 παρὰ
411 4308 477 4359 τὸ
519 4306 674 4368 τέλος
716 4305 808 4358 τοῦ
840 4304 1240 4375 προρῤηηθέντος
1294 4304 1486 4373 χρόνου
1527 4304 1795 4372 ἐσομένην

228 4401 551 4467 ἐπιφάνειαν
584 4398 679 4450 τοῦ
709 4398 815 4450 τῶν
840 4391 983 4451 ὅλων
1001 4396 1160 4460 Θεοῦ.
1189 4396 1286 4447 Διὰ
1312 4396 1485 4465 πυρὸς
1529 4395 1638 4466 γὰρ
1659 4396 1793 4464 ἐφά-

228 4509 286 4560 νη
314 4492 360 4521 ⁸⁸
386 4493 486 4543 καὶ
519 4491 694 4560 Μωσῇ
742 4488 821 4559 τῷ
854 4489 1135 4561 νομοθέτῃ,
1170 4489 1261 4540 καὶ
1287 4487 1426 4557 μετὰ
1440 4487 1613 4540 ταῦτα
1631 4488 1795 4540 παντὶ

228 4582 298 4649 τῷ
324 4581 463 4650 λαῷ.
520 4579 797 4632 Ἐδίδασκε
849 4580 903 4631 δὲ
952 4579 1086 4650 πρὸς
1125 4578 1356 4642 τούτοις,
1389 4577 1482 4631 καὶ
1509 4577 1590 4631 ὅτι
1617 4576 1790 4628 ταῦτα

231 4672 454 4743 ὕστερον
508 4671 861 4740 νομοθετήσει
893 4672 960 4725 τὰ
997 4671 1110 4733 ζῶα
1141 4669 1569 4741 προσφέρεσθαι.
1630 4669 1785 4731 Τινὲς

232 4762 282 4813 δέ
311 4778 504 4828 φασιν,
532 4762 618 4813 δτι
665 4760 890 4829 βεϐαίαν
921 4762 965 4793 ⁸⁸
1006 4760 1171 4824 δεῖξαι
1224 4760 1549 4829 βουλόμενος
1585 4762 1612 4813 ὁ
1663 4760 1795 4822 Θεὸς

229 4850 322 4920 τὴν
357 4850 675 4919 ὑπόσχεσιν,
717 4851 858 4903 κατὰ
882 4849 943 4902 τὸ
972 4850 1202 4921 κρατοῦν
1237 4849 1355 4912 ἔθος
1380 4852 1674 4920 ἐποιήσατο
1692 4850 1789 4913 τὰς

232 4942 525 5010 συνθήκας.
584 4940 823 4993 Εἰώθασι
863 4941 991 5011 γὰρ,
1019 4940 1093 5002 ὦς
1143 4959 1296 5009 φασι,
1355 4943 1476 5011 διχῆ
1512 4942 1580 4994 τὰ
1628 4944 1796 5012 ἱερεῖα

228 5033 594 5102 διαιροῦντες,
625 5032 765 5085 οὕτω
817 5032 1081 5085 ποιεῖσθαι
1116 5034 1243 5096 τοὺς
1283 5035 1501 5106 ὅρκους.
1542 5034 1684 5103 Ἐγὼ
1738 5035 1795 5089 δὲ

298 5220 318 5247 ³
350 5210 488 5266 Gen.
536 5226 626 5275 xv,
670 5209 757 5266 16.

844 5212 861 5246 ι
900 5208 1033 5265 Gen.
1083 5230 1238 5279 χχιιι,
1278 5217 1329 5269 (5.
1407 5224 1435 5251 ιι
1463 5215 1596 5271 Gen.
1634 5234 1724 5281 xv,
1758 5218 1842 5273 15.

1898 3481 2156 3553 Egypto.
2211 3483 2352 3538 Aves
2384 3493 2563 3538 autem
2610 3484 2733 3552 illae,
2789 3501 2911 3555 qua:
2968 3502 3132 3555 supra
3185 3491 3463 3558 portiones

1896 3575 2098 3630 divisas
2136 3575 2451 3639 volitabant,
2481 3591 2617 3645 quas
2646 3577 2865 3645 quidem
2897 3580 3206 3649 patriarcha
3235 3598 3265 3638 a
3299 3584 3463 3637 sacri-

1898 3666 2037 3720 ﬁciis
2068 3666 2339 3735 ahigehat,
2391 3669 2711 3721 sententiam
2760 3669 3136 3740 Egyptiorum
3193 3675 3463 3744 signiﬁca-

1898 3758 2048 3822 bant,
2076 3773 2180 3827 qua
2215 3772 2404 3812 omnes
2424 3760 2629 3814 caedere
2646 3761 2997 3816 decreverant
3032 3780 3046 3818 :
3078 3781 3242 3833 quam
3286 3776 3463 3819 tamen

1898 3850 2105 3903 irritam
2126 3848 2388 3923 Dominus
2416 3849 2818 3917 Deusreddidit,
2844 3854 3028 3908 volens
3047 3871 3107 3908 ea
3138 3857 3291 3911 ﬁrma
3323 3868 3467 3911 rata-

1898 3956 2003 4009 que
2030 3956 2171 4003 esse,
2229 3957 2349 4011 qua:
2378 3942 2691 3996 Abrahamo
2724 3946 3066 4013 promiserat.
3119 3948 3273 4002 Sicut
3318 3951 3462 4002 enim

1899 4030 1951 4082 in
1973 4028 2140 4099 ﬁgura
2167 4046 2294 4086 aves
2322 4032 2441 4085 illas
2461 4034 2802 4101 praadatrices
2832 4026 3418 4104 expellebatAhrahatn
3446 4060 3460 4094 :

1898 4122 1977 4176 sic
1993 4120 2284 4176 Abrahami
2314 4123 2486 4177 honor
2527 4127 2781 4193 repressit
2802 4125 3262 4199 IEgyptios.Quod
3281 4142 3459 4185 autem

1901 4215 2126 4277 dicitur,
2146 4216 2319 4270 visum
2340 4232 2461 4271 esse
2484 4217 2627 4271 circa
2657 4219 2787 4273 solis
2808 4236 3061 4274 occasum
3080 4223 3353 4277 clibanum
3379 4224 3462 4278 fu-

1902 4314 2164 4366 mantem,
2200 4314 2253 4358 et
2282 4305 2560 4375 lampades
2606 4308 2767 4377 ignis,
2810 4312 3169 4378 signiﬁcabat,
3217 4327 3465 4384 suscepta

1898 4408 2019 4448 esse
2066 4394 2382 4450 sacriﬁcia:
2424 4397 2534 4471 80
2562 4408 2616 4453 et
2670 4410 2960 4469 praeterea,
3008 4402 3175 4458 Deum
3221 4409 3461 4461 omnium

1899 4482 2015 4538 fore
2080 4487 2436 4555 conspicuum
2501 4490 2645 4545 circa
2683 4494 2843 4547 linem
2891 4494 3132 4562 praedicti
3183 4500 3460 4566 temporis.

1900 4574 2031 4630 Nam
2065 4577 2118 4631 in
2152 4579 2276 4648 igne
2316 4581 2466 4635 visus
2490 4593 2573 4637 est
2600 4583 2734 4640 Mosi
2769 4586 3086 4655 legislatori,
3119 4588 3315 4643 deinde
3340 4594 3464 4644 uni-

1905 4684 2062 4724 verso
2091 4672 2309 4740 populo.
2334 4672 2573 4728 Docebat
2596 4679 2782 4743 etiam,
2814 4681 2959 4747 quod
2991 4681 3215 4749 posthac
3255 4684 3463 4735 anima-

1902 4761 1973 4815 lia
2005 4762 2318 4830 huiusmodi
2355 4780 2450 4833 per
2481 4766 2655 4837 legem
2708 4779 2866 4823 erant
2900 4771 3194 4827 oﬁ‘erenda.
3233 4774 3302 4827 At
3343 4774 3465 4841 qui-

1897 4854 2020 4907 dam
2052 4854 2251 4919 lerunt,
2298 4857 2441 4925 quod
2486 4858 2626 4914 Deus
2654 4861 2843 4916 volens
2897 4863 3294 4929 demonstrare,
3337 4882 3465 4934 pro-

1902 4946 2215 5000 missionem
2265 4962 2419 5018 suam
2464 4950 2674 5005 ﬁrmam
2709 4968 2850 5019 esse,
2897 4956 2962 5009 de
3002 4971 3173 5021 more,
3204 4960 3294 5025 qui
3347 4967 3459 5011 tum

1902 5038 2211 5105 obtinebat,
2257 5042 2534 5109 pactiones
2579 5044 2816 5100 iniverit.
2869 5048 3128 5103 Solebant
3164 5051 3349 5113 enim,
3404 5062 3463 5105 ut

1117 5375 1351 5432 VARIIE
1384 5377 1765 5436 LECTIONES
1798 5381 1883 5435 EX
1925 5380 2195 5438 CATENA
2225 5379 2577 5436 LIPSIENSI.

306 5515 351 5547 ⁸³
380 5516 500 5572 Cat.
531 5528 589 5584 p.
621 5511 747 5567 206.
776 5509 1060 5580 γινώσκων
1088 5510 1311 5580 γνώσει.
1391 5513 1439 5545 ⁸⁵
1472 5512 1587 5569 Cat.
1614 5530 1665 5584 p.
1691 5514 1793 5569 206

1899 5535 1948 5570 τε
1956 5516 2097 5584 φάνη
2109 5560 2119 5572 .

2197 5518 2242 5550 ⁸⁸
2275 5518 2529 5589 βεϐαίως.

1726 5678 1958 5739 ΝΟΤᾸΕ.

305 5806 376 5885 β’)
400 5804 536 5872 Cod.
566 5829 619 5872 et
652 5821 765 5873 Ptc.
803 5813 952 5887 ετχον

303 5896 375 5955 με)
414 5890 663 5957 Τριετές.
688 5887 828 5944 Cod.
851 5887 1087 5961 τραπές.’
1108 5888 1187 5962 Es
1209 5905 1418 5960 errore,
1461 5902 1523 5949 ut
1561 5892 1793 5962 videtur,

1906 5828 2134 5909 librarii.
2170 5830 2324 5901 Apud
2366 5829 2554 5886 Picum
2589 5825 2796 5884 nullum
2843 5840 3005 5898 auius
3054 5840 3205 5883 vocns
3247 5839 3323 5883 est
3362 5842 3464 5883 re.

1907 5910 2142 5967 stlgtum.
