3964 6558
255 267 347 333 177

844 379 1039 435 ΕΡΩΤ.
1100 381 1224 436 ΞΗ’.

252 493 310 547 Τί
354 490 586 558 δήποτε
643 493 1078 618 κεριτμηθτὲνιὲι
1138 494 1328 548 αὑτὸν
1383 494 1754 562 προσέταξεν
1791 497 1824 548 ὀ

260 591 268 596 ο
999 581 1027 618 s
1064 581 1126 618 οε

260 591 268 596 ο
954 581 1095 629 υεος
1109 581 1126 627 ;

313 650 604 724 Προειπὼν
653 652 754 724 τὴν
799 655 1114 724 παροικίαν.
1165 657 1414 724 φυλακήν
1460 673 1583 710 τινα
1644 674 1822 728 μηχα-

241 745 397 795 νᾶται
444 745 511 812 τῇ
541 744 836 816 εὐσεϐείᾳ,
887 747 975 799 ἵνα
1003 749 1117 808 τοῖς
1144 746 1461 800 δυσσεϐἐσιν
1511 747 1823 818 ἀνθρώποις

241 833 633 901 ὼαμιγέπκτες,
683 834 760 905 μὴ
810 835 1163 909 διαφθείρωσι
1213 837 1315 906 τὴν
1361 837 1662 906 εὐγένειαν,
1691 839 1825 892 ἀλλὰ

243 929 327 988 εἰς
375 925 436 976 τὸ
482 929 720 997 σημεῖον
767 928 1022 999 ὁρῶντες,
1076 930 1338 983 ἄσϐεστον
1381 930 1476 983 τοῦ
1528 931 1824 998 δεδωκότος

240 1018 399 1069 τοῦτο
451 1017 554 1088 τὴν
587 1019 812 1090 μνήμην
843 1020 1178 1088 φυλάττωσι.
1220 1022 1330 1075 Καὶ
1379 1022 1460 1075 ὅτι
1489 1024 1646 1077 τοῦτό
1676 1027 1824 1078 ἐστιν

240 1107 464 1177 ἀληθὲς,
497 1110 532 1177 ἡ
581 1110 792 1180 ἕρημος
829 1111 1044 1180 μάρτυς
1076 1112 1210 1181 (11).
1255 1113 1676 1185 Τεσσαράκοντα
1714 1115 1822 1186 γὰρ

238 1200 469 1270 χρόνους
510 1201 630 1270 (19.)
681 1204 741 1255 ὲν
777 1205 912 1274 αὐτῇ
957 1205 1357 1275 διατρίψαντες,
1410 1209 1669 1279 περιττὴν
1713 1210 1826 1261 ἐνό-

241 1292 397 1360 μιζον
435 1293 542 1364 τὴν
577 1296 898 1366 περιτομὴν,
924 1296 1031 1349 τῶν
1074 1297 1242 1350 ἐθνῶν
1285 1302 1699 1370 κεχωρισμένοι,
1730 1301 1824 1354 καὶ

239 1385 360 1436 καθ’
411 1385 652 1449 ἑαυτοὺς
709 1388 1135 1460 πολιτευόμενοι.
1203 1391 1393 1446 Ἦνίκα
1427 1393 1485 1446 δὲ
1532 1393 1716 1446 λοιπὸν
1744 1397 1824 1458 εἰς

237 1475 336 1544 τὴν
361 1478 796 1548 ἐπηγγελμένην
825 1481 1108 1550 εἰσήγοντο
1137 1481 1261 1551 γῆν,
1289 1484 1587 1548 τηνικαῦτα
1613 1484 1777 1538 πάλιν
1795 1486 1823 1538 ό

236 1566 346 1618 τῶν
368 1568 515 1620 ὅλων
545 1570 684 1633 Θεὸς
722 1571 898 1640 Ἰησοῦ
929 1573 1008 1642 τῷ
1035 1573 1127 1626 τοῦ
1159 1575 1310 1644 Ναυῆ
1344 1575 1644 1643 προσέταξε
1663 1595 1824 1646 περι-

237 1663 427 1727 τεμεῖν
461 1659 748 1725 ἆπαντας·
790 1667 884 1717 καὶ
925 1664 1067 1718 οῦτω
1099 1666 1198 1734 τῆς
1226 1669 1329 1736 γῆς
1361 1669 1695 1739 παραδοῦναι
1726 1670 1824 1741 τὴν

239 1752 597 1807 δεσποτείαν.
635 1756 902 1825 Ἐμελλον
936 1759 1046 1826 (15)
1069 1759 1176 1830 γὰρ
1237 1759 1444 1814 ἔθνεσιν
1506 1763 1823 1831 ἀλλοφύλοις
1860 1747 1904 1802 Β

245 1845 662 1912 προσπελάζειν
685 1865 697 1879 ι
723 1844 783 1902 οῖ’]
805 1850 869 1918 δὴ
888 1852 1047 1921 χάριν
1068 1853 1380 1920 ἀναγκαίως
1400 1855 1499 1925 τῆς
1533 1857 1828 1927 σφραγῖδος

247 1937 465 1992 ἐδέοντο
485 1981 499 2002 ,
523 1939 634 2008 τῆς
673 1943 784 1994 ἀπὸ
804 1942 912 1996 τῶν
942 1945 1244 2014 ἀλλογενῶν
1270 1949 1467 2012 αὐτοὺς
1491 1950 1833 2021 χωριζούσης

245 2029 437 2083 ἐθνῶν.
477 2032 544 2086 EI
576 2033 634 2085 δὲ
670 2034 817 2103 μέγα
847 2038 1136 2106 φρονοῦσιν
1165 2041 1257 2093 ἐπὶ
1286 2044 1349 2111 τῇ
1391 2046 1657 2114 περιτομῇ
1698 2045 1830 2097 Ἰου-

247 2121 403 2187 δαῖοι,
422 2123 758 2191 μαθέτωσαν
773 2128 850 2180 ὅτι
868 2129 978 2199 (14)
997 2131 1055 2182 οὗ
1073 2133 1231 2201 μόνος
1256 2133 1302 2164 ⁸³
1324 2135 1352 2186 ὁ
1382 2135 1726 2208 πατριάρχης
1741 2154 1833 2190 πε-

251 2216 528 2284 ριετμήθη
550 2260 568 2282 ,
589 2218 728 2271 ἀλλὰ
745 2222 837 2274 καὶ
865 2223 1086 2295 Ἰσμαὴλ
1104 2225 1455 2296 ὀὴμίδουλος,
1487 2230 1581 2282 καὶ
1601 2231 1649 2282 οἱ
1675 2232 1818 2284 οἰκο-

251 2311 426 2373 γενεῖς
443 2311 684 2371 οἰκέται.
709 2313 799 2366 καὶ
815 2315 864 2367 οἱ
892 2317 1291 2389 ἀργυρώνητοι,
1316 2323 1471 2375 καὶοί
1513 2322 1828 2393 Ἰδουμαῖοι,

253 2402 339 2454 καὶ
400 2404 454 2455 οἱ
517 2404 631 2458 ἀπὸ
673 2405 774 2474 τῆς
828 2410 1160 2482 Χεττοὺρας.
1226 2413 1470 2484 Ἐμαθον
1511 2416 1567 2469 δὲ
1609 2418 1674 2470 ἐκ
1725 2417 1835 2471 τῶν

264 2488 628 2561 Ἰσραηλιτῶν
658 2497 754 2547 καὶ
774 2495 1062 2564 Αἰγύπτιοι
1083 2504 1529 2572 περιτέμνεσθαι.
1555 2509 1629 2560 Οὐ
1656 2507 1836 2561 τοίνυν

254 2582 288 2650 ἡ
317 2585 602 2653 περιτομὴ
631 2584 875 2652 δικαίους
903 2592 1214 2662 ἐργάζεται.
1245 2590 1404 2650 Οὗτοι
1433 2597 1540 2669 γὰρ
1573 2599 1832 2664 ἅπαντες,

255 2672 330 2736 ὥς
364 2675 695 2740 δυσσεϐεῖς.
740 2680 844 2734 ὑπὸ
882 2683 977 2753 τῆς
1021 2685 1169 2750 θείας
1226 2689 1652 2762 κατηγοροῦνται
1698 2693 1837 2762 Γρα-

256 2766 380 2836 φῆς.
401 2770 624 2823 Οὐκοῦν
647 2774 764 2826 οὐδὲ
797 2776 888 2828 τὸν
930 2777 1236 2849 Ἀϐρααμή
1269 2781 1536 2852 περιτομὴ
1571 2782 1833 2836 ἐδικαίω-

259 2875 378 2924 σεν,
429 2862 556 2914 ἀλλ’
589 2865 622 2934 ἠ
663 2865 764 2935 μὲν
798 2868 982 2930 πίστις
1034 2870 1281 2941 ἀπέφηνε
1315 2872 1553 2926 δίκαιον·
1586 2873 1838 2946 λαμπρό-

257 2966 412 3020 τερον
452 2952 512 3006 δὲ
570 2955 608 3024 ἡ
660 2957 830 3028 ἀρετὴ
886 2962 1306 3017 κατεσκεύασεν.
1346 2964 1411 3016 Ἣ
1445 2963 1503 3016 δὲ
1561 2965 1836 3038 περιτομὴ

263 3048 490 3114 σημεῖον
515 3047 680 3118 ἐδόθη
712 3050 812 3121 τῆς
851 3053 1090 3117 πίστεως
1118 3055 1186 3110 ⁸⁸.

823 3167 869 3197 ⁹⁰
903 3167 1096 3223 ΕΡΩΤ.
1154 3169 1271 3223 ΞΘ⁰.

275 3271 332 3325 Ἡ
373 3275 507 3328 θεία
555 3278 610 3328 Γ
603 3276 770 3356 pagi:
820 3279 1002 3359 λέγει.
1039 3281 1128 3359 ὅζι
1163 3282 1387 3359 spurca:
1429 3287 1482 3338 oi
1510 3285 1748 3356 ἄγγελοι
1770 3288 1842 3340 ἐν

654 3353 731 3414 τῇ
778 3353 980 3418 σκηνῇ
1011 3354 1116 3405 τοῦ
1177 3353 1452 3423 Ἀϐραάμ.

330 3435 441 3488 Καὶ
461 3436 496 3504 ἡ
521 3438 664 3508 αὑτὴ
692 3438 841 3508 λέγει
866 3441 1168 3512 Γραφὴ,ὃτι
1185 3443 1381 3512 ἄνδρας
1399 3440 1536 3498 εἶδεν
1566 3446 1834 3519 Ἀὗραάμ.

266 3522 325 3578 EI
356 3525 540 3578 τοίνυν
572 3529 765 3599 γυμνῷ
799 3531 1126 3601 προσεκτέον
1172 3532 1252 3603 τῷ
1279 3534 1588 3605 γράμματι,
1623 3538 1836 3608 ἄνδρες,

266 3617 360 3669 οὐκ
392 3619 623 3686 ἄγγελοι
655 3621 855 3690 ἔφαγον
882 3640 896 3652 ⁸
929 3625 977 3678 εί
1020 3625 1076 3678 δὲ
1102 3624 1193 3678 τὸν
1227 3627 1348 3680 νοῦν
1378 3629 1834 3700 ἁναπτύσσωμεν,

268 3710 337 3772 ὡς
361 3709 630 3782 ὤφθησαν
658 3714 880 3786 ἔφαγον.
945 3719 1155 3790 Ὠσπερ
1195 3719 1303 3791 γὰρ
1353 3721 1642 3790 ἀσώματον
1687 3722 1838 3792 ἔχον-

268 3817 352 3864 τες
402 3803 520 3874 (15)
571 3805 770 3873 φύσιν,
821 3811 915 3863 καὶ
948 3811 1123 3872 αὐτοὶ,
1166 3813 1261 3864 καὶ
1315 3813 1344 3866 ὁ
1390 3813 1598 3867 τούτων
1629 3816 1836 3868 Δεσπό-

272 3909 384 3961 της,
421 3893 654 3966 σώματα
697 3899 839 3969 ἔχειν
877 3901 1081 3968 ἔδοξαν,
1114 3904 1287 3968 οὕτως
1337 3906 1443 3976 γὰρ
1473 3906 1794 3977 ἑωράθησαν
1820 3925 1833 3938 ⁸

272 3981 440 4049 οὕτως
469 3987 743 4053 ἐσθίοντες
789 3990 1066 4062 ὤφθησαν,
1119 3997 1178 4048 οὺ
1210 3996 1438 4065 στόματι
1502 3998 1598 4051 καὶ
1640 3999 1837 4069 γαστρὶ

273 4076 363 4143 τὴν
394 4077 608 4148 τροφὴν
630 4085 1082 4151 προσενεγκόντες
1099 4103 1111 4115 °
1135 4085 1257 4140 οὔτε
1285 4088 1390 4156 γὰρ
1417 4084 1560 4159 εἶχον
1586 4089 1834 4160 σώματα·

270 4167 643 4234 ἀναλώσαντες
672 4172 729 4225 δὲ
751 4175 918 4243 αὐτὴν
937 4176 1009 4238 ὠς
1032 4177 1321 4250 ἠθέλησαν.
1355 4181 1564 4244 Ἀνοίας
1589 4181 1700 4251 (16)
1727 4183 1835 4254 γὰρ

269 4261 498 4331 ἐσχάτης
546 4263 610 4316 τὺ
662 4266 1226 4339 πολυπραγμονεῖσθαι
1255 4272 1366 4342 (17)
1415 4271 1524 4324 τῶν
1579 4273 1839 4346 ἀρρήτων

269 4351 356 4404 τὸν
387 4353 618 4423 τρόπον.
1125 4355 1135 4366 ’

898 4467 1092 4526 ΕΡΩΤ.
1137 4474 1212 4523 0’.

269 4579 428 4632 Διατί
471 4583 504 4633 ό
542 4580 675 4635 Λὼτ
716 4585 826 4637 οὐκ
859 4583 1154 4672 arcuum;
1211 4587 1339 4652 ταῖς
1384 4589 1709 4664 θυγατρᾴσι
1738 4607 1838 4659 μι-

968 4670 1150 4722 τεις;·

349 4740 574 4810 Ἐπειδὴ
616 4745 727 4796 τοῖ-
769 4745 829 4808 ὲξ
849 4746 1074 4813 ἀγνοίας
1103 4749 1616 4822 πλημμελουμένοις
1646 4752 1740 4804 καὶ
1784 4752 1835 4804 οἱ

1221 273 1499 344 ΟΗᾸΞΞΤ.
1529 272 1610 333 IN
1667 270 1934 332 GENES.
1970 271 2124 332 CAP.
2169 272 2520 335 XVII-XIX.

3395 278 3456 344 Η

2446 279 2520 335 Χ.
3395 279 3497 346 1318

2446 381 2723 439 INTERR.
2755 384 2984 440 LXVIII.

2142 495 2317 562 Quare
2355 499 2495 552 Deus
2529 498 2692 564 jussit
2721 501 2892 563 ipsum
2939 501 3292 557 circumcidi?

2001 655 2136 710 Cum
2172 655 2312 712 Deus
2341 656 2680 726 praedixisset
2711 657 3027 720 incolatum,
3056 659 3272 726 pietatis
3315 673 3498 716 custo-

1929 749 2075 805 diam
2123 750 2451 820 excogitavit
2487 768 2498 803 :
2532 765 2600 804 ne
2638 749 2951 804 hominibus
2993 751 3174 819 impiis
3217 753 3495 820 permisti,

1933 843 2275 898 macularent
2305 844 2666 909 nobilitatem,
2703 844 2794 898 sed
2846 843 2899 897 in
2950 843 3163 911 signum
3201 842 3495 910 intuentes,

1932 933 2274 989 indelebilem
2310 935 2629 990 memoriam
2651 935 2792 1004 eius,
2846 935 2940 1003 qui
2984 934 3130 989 dedit
3167 934 3321 1001 illud,
3367 950 3498 989 con-

1932 1036 2234 1083 servarent.
2268 1028 2446 1096 Atque
2493 1028 2597 1084 boc
2631 1043 2752 1084 esse
2793 1041 3006 1094 verum,
3047 1034 3276 1083 testatur
3314 1028 3497 1083 deser—

1931 1126 2065 1171 tum.
2106 1116 2241 1171 Nam
2265 1133 2386 1172 cum
2424 1119 2480 1171 in
2510 1132 2575 1172 eo
2604 1117 2862 1187 degerent
2894 1117 3249 1187 quadraginta
3301 1131 3502 1180 annos,-

1933 1214 2259 1284 superﬂuam
2303 1211 2692 1268 existimabant
2732 1211 3206 1266 circumcisionem
3251 1230 3264 1265 :
3309 1226 3501 1279 nempe

1932 1322 1960 1361 a
2007 1305 2216 1360 caeteris
2255 1303 2505 1372 gentibus
2545 1303 2836 1373 segregati,
2881 1312 2936 1357 et
2969 1302 3116 1372 quod
3143 1318 3326 1358 secum
3359 1303 3501 1356 inter

1933 1415 1992 1454 se
2029 1408 2395 1454 versarentur.
2428 1395 2664 1461 Quando
2708 1410 2837 1451 vero
2877 1405 3064 1464 postea
3095 1395 3322 1466 ingressi
3372 1404 3500 1450 sunt

1935 1501 2134 1545 terram
2156 1490 2509 1560 promissam,
2539 1497 2670 1543 tunc
2690 1489 2886 1542 iterum
2914 1486 3056 1542 Deus
3087 1489 3328 1541 omnium
3362 1503 3502 1556 pra:-

1933 1584 2075 1654 cepit
2101 1581 2282 1637 Josuae
2308 1582 2419 1636 [ilio
2445 1581 2609 1646 Nave,
2648 1581 3041 1636 circumcidere
3077 1595 3289 1641 omnes.
3332 1589 3386 1634 et
3426 1580 3501 1634 ita

1933 1679 2235 1734 dominium
2269 1688 2425 1732 terrae
2449 1677 2684 1732 tradere.
2714 1675 3036 1730 Erantenim
3073 1675 3239 1730 futuri
3270 1675 3499 1745 proximi

1938 1772 2152 1842 populis
2191 1770 2505 1837 alienigenis
2533 1788 2546 1823 :
2577 1769 2930 1838 quamobrem
2965 1767 3278 1837 indigebant
3307 1779 3496 1820 neces-

1939 1865 2084 1920 sario
2109 1864 2264 1932 signo
2293 1861 2551 1932 quodam,
2588 1860 2730 1930 quod
2762 1860 2882 1912 illos
2906 1859 3260 1927 distingueret
3281 1857 3347 1911 ab
3372 1857 3503 1910 alie-

1936 1957 2148 2027 nigenis
2196 1954 2530 2009 nationibus.
2580 1950 2735 2018 Quod
2763 1953 2808 2006 si
2850 1949 3021 2004 Judazi
3081 1949 3382 2018 gloriantur
3435 1949 3503 2003 de

1937 2047 2372 2106 circumcisione.
2404 2046 2621 2100 discant
2667 2043 2811 2114 quod
2859 2059 2962 2096 non
3009 2043 3159 2096 solus
3192 2041 3502 2111 patriarcha

1937 2139 2299 2195 circumcisus
2329 2137 2509 2200 fuerit,
2552 2136 2661 2206 82
2693 2135 2786 2190 sed
2816 2134 2978 2188 etiam
3018 2133 3208 2188 lsmael
3241 2133 3500 2188 semisero

1936 2245 2058 2294 vus,
2093 2238 2146 2283 et
2175 2243 2368 2294 verme,
2402 2235 2455 2281 et
2503 2227 2676 2296 pretio
2731 2225 2898 2294 empti
2942 2225 3118 2287 servi,
3154 2233 3208 2278 et
3258 2222 3500 2286 Idumaei,

1937 2331 1990 2376 et
2015 2321 2108 2391 qui
2141 2336 2205 2374 ex
2236 2319 2476 2374 Chetura
2507 2317 2611 2372 orti
2644 2326 2792 2372 sunt.
2830 2316 2972 2382 Quin
3006 2325 3059 2370 et
3097 2315 3335 2387 Egyptii
3361 2332 3501 2386 quo-

1937 2407 2043 2482 que
2069 2410 2470 2466 didiceruntab
2513 2408 2775 2464 Israelitis
2820 2405 3308 2466 circumcidi._Non
3343 2408 3505 2478 igitur

1937 2503 2284 2558 circumcisio
2327 2501 2508 2571 justos
2558 2499 2755 2554 reddit.
2804 2497 2896 2554 Isti
2943 2499 3086 2553 enim
3128 2513 3339 2564 omnes,
3385 2509 3507 2554 tan-

1937 2611 2101 2666 quam
2132 2595 2305 2662 impii,
2337 2611 2366 2648 a
2395 2593 2582 2648 divina
2617 2591 2902 2661 Scriptura
2928 2599 3205 2646 notantur.
3237 2592 3506 2661 Ergone-

1938 2705 2045 2758 que
2081 2687 2456 2742 Ahrahamum
2491 2685 2836 2740 circumcisio
2863 2683 3202 2753 justillcavit,
3230 2683 3321 2739 sed
3372 2683 3506 2738 ﬁdes

1939 2780 2089 2834 illum
2111 2779 2318 2848 justum
2344 2775 2660 2840 declaravit,
2697 2784 2750 2828 et
2779 2774 3130 2828 illustriorem
3152 2773 3507 2828 reddiditvir-

1943 2881 2048 2928 tus.
2066 2869 2426 2926 Circumcisio
2453 2876 2632 2922 autem
2655 2868 2784 2922 data
2806 2876 2890 2921 est
2917 2868 3081 2921 veluti
3113 2866 3327 2937 signum
3360 2866 3504 2923 fidei.

2467 3155 2747 3214 INTER“.
2789 3155 2976 3211 LXIX.

1942 3273 2222 3332 Scriptura
2265 3274 2443 3327 dicina
2471 3272 2950 3396 p‘ei'ltibeibanlgelos.
2997 3274 3278 3329 comedisse
3316 3275 3369 3329 in
3396 3285 3508 3330 ten-

2514 3360 2626 3396 orio
2659 3385 2676 3396 .
2744 3360 2970 3396 ναιαηιι.

2491 3355 2626 3397 801⁸10
2659 3355 2970 3398 Abraham.

2014 3437 2214 3492 Eadem
2275 3451 2493 3506 quoque
2557 3433 2838 3504 Scriptura
2888 3437 3086 3490 asserit
3133 3437 3507 3493 Abraliamum

1941 3530 2090 3586 viros
2121 3530 2341 3584 vidisse.
2380 3527 2437 3582 Si
2480 3543 2611 3598 ergo
2647 3517 2882 3582 litteram
2909 3528 3107 3582 nudam
3142 3530 3507 3596 attendamus,

1942 3624 2064 3688 viri,
2103 3639 2209 3677 non
2243 3622 2418 3692 angeli
2465 3623 2818 3677 comederunt
2849 3639 2862 3674 :
2895 3622 2941 3676 si
2973 3637 3101 3676 vero
3132 3631 3366 3677 mentem
3413 3639 3510 3678 ex-

1942 3717 2225 3786 plicemus,
2259 3714 2359 3770 visi
2385 3723 2514 3769 sunt
2533 3707 3334 3780 comedereL'Quemadmodum
3361 3716 3528 3770 enim,

1942 3808 2039 3873 illi,
2069 3817 2277 3864 natura!
2309 3821 2434 3861 cum
2467 3806 2578 3862 sint
2620 3805 2972 3873 incorporea,
3015 3815 3192 3859 tamen
3223 3815 3277 3860 ct
3316 3807 3417 3876 ipsi
3456 3816 3513 3862 et

1941 3915 2127 3954 eorum
2161 3899 2424 3953 Dominus
2457 3896 2559 3950 visi
2588 3905 2716 3952 sunt
2747 3895 2946 3950 habere
2969 3911 3222 3964 corpora,
3257 3897 3329 3951 ita
3361 3899 3507 3951 enim

1943 3999 2314 4060 apparuerunt
2347 4007 2360 4041 :
2393 3987 2474 4043 sic
2502 3986 2605 4043 visi
2634 3985 2970 4050 sunt'edere,
2999 4001 3107 4040 non
3141 3986 3322 4041 cibum
3371 3987 3508 4042 infe-

1943 4093 2120 4139 rentes
2155 4083 2210 4136 in
2240 4097 2300 4137 os
2330 4093 2383 4136 et
2412 4090 2674 4142 ventrem,
2712 4089 2890 4146 neque
2936 4079 3080 4132 enim
3131 4093 3358 4148 corpora
3409 4079 3508 4132 ha-

1942 4176 2174 4240 bebant;
2207 4175 2299 4230 sed
2322 4180 2709 4230 consumentes
2738 4171 2920 4226 cibum
2943 4181 3105 4241 prout
3140 4171 3248 4225 illis
3283 4171 3505 4241 placuit.

1945 4268 2210 4322 Extremae
2246 4267 2388 4321 enim
2419 4265 2834 4330 dementimest,
2870 4264 3136 4318 rationem
3189 4279 3254 4318 ac
3286 4263 3504 4318 modum

1941 4373 2261 4414 arcanorum
2290 4357 2504 4413 curiose
2529 4356 2806 4426 indagare.

2483 4466 2761 4524 INTERB.
2806 4465 2971 4522 LXX.

1944 4585 2052 4640 Cur
2095 4594 2192 4639 Lat
2216 4598 2315 4636 non
2345 4591 2421 4635 est
2451 4579 2919 4702 accusatusﬁquod
2963 4577 3174 4648 ﬁliabus
3204 4596 3258 4632 se
3285 4579 3504 4634 miscue-

2661 4667 2707 4702 τι
2751 4691 2764 4702 .

2661 4667 2764 4704 fﬂ.‘

2013 4745 2148 4811 Quia
2183 4744 2430 4798 homines
2454 4757 2671 4813 quoque
2709 4741 2883 4798 solent
2909 4742 3016 4800 illis
3061 4742 3379 4814 ignoscere,
3407 4738 3507 4814 qui

1156 4885 1392 4940 VARUE
1424 4885 1804 4941 LECTIONES
1844 4883 1938 4940 EX
1987 4881 2266 4937 CATE‘NA
2299 4880 2651 4937 LIPSIENSI.

341 5073 385 5158 ’Σ
425 5072 545 5158 Cat.
580 5075 789 5158 ρλεξιι.
817 5077 903 5158 id»;
931 5077 990 5130 οὐ
1027 5079 1206 5149 μόνον.
1282 5083 1327 5113 ⁸⁸
1352 5080 1627 5153 Sequitur,
1665 5085 1748 5138 ἵνα
1777 5086 1850 5139 διε

1943 5086 1994 5155 ἧς
2024 5087 2324 5158 περιτομῆς
2353 5085 2618 5156 γνώριμοι
2652 5079 2788 5139 ὦσιν
2817 5087 2866 5138 οι
2890 5082 2983 5138 τοῦ
3012 5085 3201 5139 πιστοῦ
3234 5082 3501 5153 Ἀϐραάμ.

275 5144 318 5174 ’⁸
342 5142 547 5209 Quaest.
585 5144 653 5199 69
678 5146 850 5202 abest.

1755 5295 1980 5352 NOTAE.

345 5425 389 5502 (1
403 5425 454 5502 1
481 5423 743 5502 ἕὰρτυς.
757 5496 768 5502 _
785 5427 920 5481 Cod.
955 5434 1241 5502 μαρτυρεῖ.

346 5494 454 5560 (l2)
496 5494 992 5573 1_'ecoapdgovrd_
1017 5494 1439 5573 7"hp'_xpdrovc.
1477 5505 1609 5561 Cod.
1641 5524 1838 5561 τεσσα-

284 5568 541 5636 ρακοστοῦ
574 5582 720 5628 τινος
751 5568 860 5638 γὰρ
896 5568 1110 5639 χρόιπν.
1145 5568 1258 5630 Pic.
1293 5568 1701 5654 τεσσαράκοντα
1736 5579 1828 5649 ἔτη

280 5637 383 5707 γὰρ
400 5634 614 5707 χρόνον·

347 5705 457 5776 (13)
481 5705 614 5761 Cod.
641 5709 898 5777 ἤμελλον.

2021 5439 2130 5506 (Id)
2167 5441 2305 5492 Ὅτι.
2345 5441 2477 5494 (ῖοᾱ.
2507 5449 2560 5494 et
2598 5439 2708 5508 Pic,
2747 5439 2841 5502 ὡς.

2022 5512 2067 5577 (1
2080 5510 2132 5576 5)
2168 5511 2304 5564 Cod.
2332 5510 2566 5580 ἔχουσιν.

2019 5580 2128 5650 {16)
2157 5581 2287 5636 Cod.
2317 5581 2556 5648 ἀγνοίας.

2021 5651 2130 5722 (17)
2158 5651 2290 5708 Cod.
2328 5650 2868 5722 πολυπραγμονῆσαι.
