  <div class='ocr_page' id='page_1' title='image "/cluster/home/n/w/nwhite01/storage/ocr_20150623/80/hvd.32044009825613/108.png"; bbox 0 0 3964 6532; ppageno 0'>
   <div class='ocr_carea' id='block_1_1' title="bbox 245 262 1810 352">
    <p class='ocr_par' dir='ltr' id='par_1_1' title="bbox 245 262 1810 351">
     <span class='ocr_line' id='line_1_1' title="bbox 245 262 1810 351; baseline -0.002 -10"><span class='ocrx_word' id='word_1_1' title='bbox 245 274 329 341; x_wconf 84' lang='grc'><strong>181</strong></span> <span class='ocrx_word' id='word_1_2' title='bbox 1010 298 1013 301; x_wconf 93' lang='grc'><strong><em>-</em></strong></span> <span class='ocrx_word' id='word_1_3' title='bbox 1318 262 1599 351; x_wconf 67' lang='lat' dir='ltr'><strong>oues&#39;r.</strong></span> <span class='ocrx_word' id='word_1_4' title='bbox 1632 279 1716 339; x_wconf 91' lang='lat' dir='ltr'><strong>1N</strong></span> <span class='ocrx_word' id='word_1_5' title='bbox 1741 279 1810 339; x_wconf 89' lang='lat' dir='ltr'><strong>Gl</strong></span> 
     </span>
    </p>
   </div>
   <div class='ocr_carea' id='block_1_2' title="bbox 1899 262 3464 352">
    <p class='ocr_par' dir='ltr' id='par_1_2' title="bbox 1899 279 3464 352">
     <span class='ocr_line' id='line_1_2' title="bbox 1899 279 3464 352; baseline 0.008 -14"><span class='ocrx_word' id='word_1_6' title='bbox 1899 279 2006 339; x_wconf 88' lang='lat' dir='ltr'><strong>ES.</strong></span> <span class='ocrx_word' id='word_1_7' title='bbox 2036 281 2194 342; x_wconf 85' lang='lat' dir='ltr'><strong>CAP.</strong></span> <span class='ocrx_word' id='word_1_8' title='bbox 2214 285 2405 343; x_wconf 80' lang='lat' dir='ltr'><strong>XXII.</strong></span> <span class='ocrx_word' id='word_1_9' title='bbox 2508 313 2519 322; x_wconf 92' lang='lat'><strong>-</strong></span> <span class='ocrx_word' id='word_1_10' title='bbox 3362 284 3464 352; x_wconf 72' lang='grc'><strong>182</strong></span> 
     </span>
    </p>
   </div>
   <div class='ocr_carea' id='block_1_3' title="bbox 235 389 1800 470">
    <p class='ocr_par' dir='ltr' id='par_1_3' title="bbox 235 389 1787 464">
     <span class='ocr_line' id='line_1_3' title="bbox 235 389 1787 464; baseline -0.001 -19"><span class='ocrx_word' id='word_1_11' title='bbox 235 392 317 445; x_wconf 75' lang='grc' dir='ltr'>τοῦ</span> <span class='ocrx_word' id='word_1_12' title='bbox 352 389 490 445; x_wconf 75' lang='grc' dir='ltr'>Θεοῦ</span> <span class='ocrx_word' id='word_1_13' title='bbox 524 391 582 445; x_wconf 74' lang='grc' dir='ltr'>δὲ</span> <span class='ocrx_word' id='word_1_14' title='bbox 615 391 986 455; x_wconf 76' lang='grc' dir='ltr'><strong>κελεύσαντος,</strong></span> <span class='ocrx_word' id='word_1_15' title='bbox 1035 391 1195 455; x_wconf 75' lang='grc' dir='ltr'>εὐθὺς</span> <span class='ocrx_word' id='word_1_16' title='bbox 1230 389 1308 462; x_wconf 83' lang='grc' dir='ltr'>τῷ</span> <span class='ocrx_word' id='word_1_17' title='bbox 1351 394 1493 463; x_wconf 85' lang='grc' dir='ltr'>λόγῳ</span> <span class='ocrx_word' id='word_1_18' title='bbox 1532 392 1596 445; x_wconf 90' lang='grc' dir='ltr'><strong>τὸ</strong></span> <span class='ocrx_word' id='word_1_19' title='bbox 1625 392 1787 464; x_wconf 78' lang='grc' dir='ltr'>ἔργον</span> 
     </span>
    </p>
   </div>
   <div class='ocr_carea' id='block_1_4' title="bbox 1901 389 3466 470">
    <p class='ocr_par' dir='ltr' id='par_1_4' title="bbox 1901 393 3466 470">
     <span class='ocr_line' id='line_1_4' title="bbox 1901 393 3466 470; baseline 0.003 -22"><span class='ocrx_word' id='word_1_20' title='bbox 1901 393 2051 458; x_wconf 84' lang='lat' dir='ltr'><strong>iussit</strong></span> <span class='ocrx_word' id='word_1_21' title='bbox 2082 395 2220 451; x_wconf 84' lang='lat' dir='ltr'><strong>Deus</strong></span> <span class='ocrx_word' id='word_1_22' title='bbox 2248 397 2431 450; x_wconf 91' lang='lat' dir='ltr'><strong>statim</strong></span> <span class='ocrx_word' id='word_1_23' title='bbox 2484 396 2662 451; x_wconf 82' lang='lat' dir='ltr'><strong>verbis</strong></span> <span class='ocrx_word' id='word_1_24' title='bbox 2693 411 2832 466; x_wconf 83' lang='lat' dir='ltr'><strong>opus</strong></span> <span class='ocrx_word' id='word_1_25' title='bbox 2885 397 3113 467; x_wconf 78' lang='lat' dir='ltr'><strong>adjecit:</strong></span> <span class='ocrx_word' id='word_1_26' title='bbox 3148 408 3200 453; x_wconf 90' lang='lat' dir='ltr'><strong>et</strong></span> <span class='ocrx_word' id='word_1_27' title='bbox 3253 400 3466 470; x_wconf 78' lang='lat' dir='ltr'><strong>quidem</strong></span> 
     </span>
    </p>
   </div>
   <div class='ocr_carea' id='block_1_5' title="bbox 236 482 1801 559">
    <p class='ocr_par' dir='ltr' id='par_1_5' title="bbox 236 482 1792 555">
     <span class='ocr_line' id='line_1_5' title="bbox 236 482 1792 555; baseline -0.001 -19"><span class='ocrx_word' id='word_1_28' title='bbox 236 483 460 553; x_wconf 67' lang='grc' dir='ltr'>ἐπέθηκε</span> <span class='ocrx_word' id='word_1_29' title='bbox 520 482 634 555; x_wconf 75' lang='grc'><strong>(25)</strong></span> <span class='ocrx_word' id='word_1_30' title='bbox 664 500 678 513; x_wconf 78' lang='grc'><strong>⁸</strong></span> <span class='ocrx_word' id='word_1_31' title='bbox 732 485 827 538; x_wconf 71' lang='grc' dir='ltr'><strong>καὶ</strong></span> <span class='ocrx_word' id='word_1_32' title='bbox 876 482 1048 537; x_wconf 79' lang='grc' dir='ltr'>ταῦτα</span> <span class='ocrx_word' id='word_1_33' title='bbox 1106 483 1472 554; x_wconf 80' lang='grc' dir='ltr'><strong>φιλοστόργως</strong></span> <span class='ocrx_word' id='word_1_34' title='bbox 1530 486 1657 554; x_wconf 75' lang='grc' dir='ltr'>περὶ</span> <span class='ocrx_word' id='word_1_35' title='bbox 1700 484 1792 535; x_wconf 86' lang='grc' dir='ltr'><strong>τὸν</strong></span> 
     </span>
    </p>
   </div>
   <div class='ocr_carea' id='block_1_6' title="bbox 1902 482 3467 559">
    <p class='ocr_par' dir='ltr' id='par_1_6' title="bbox 1902 487 3467 559">
     <span class='ocr_line' id='line_1_6' title="bbox 1902 487 3467 559; baseline 0.003 -17"><span class='ocrx_word' id='word_1_36' title='bbox 1902 487 2274 542; x_wconf 85' lang='lat' dir='ltr'><strong>benevolentia</strong></span> <span class='ocrx_word' id='word_1_37' title='bbox 2309 487 2569 557; x_wconf 77' lang='lat' dir='ltr'><strong>singulari</strong></span> <span class='ocrx_word' id='word_1_38' title='bbox 2606 503 2943 559; x_wconf 86' lang='lat' dir='ltr'><strong>prosequens</strong></span> <span class='ocrx_word' id='word_1_39' title='bbox 2975 489 3281 545; x_wconf 85' lang='lat' dir='ltr'><strong>lsmaelem.</strong></span> <span class='ocrx_word' id='word_1_40' title='bbox 3332 492 3467 546; x_wconf 80' lang='lat' dir='ltr'><strong>Cum</strong></span> 
     </span>
    </p>
   </div>
   <div class='ocr_carea' id='block_1_7' title="bbox 246 574 1811 648">
    <p class='ocr_par' dir='ltr' id='par_1_7' title="bbox 246 574 1797 648">
     <span class='ocr_line' id='line_1_7' title="bbox 246 574 1797 648; baseline 0.007 -21"><span class='ocrx_word' id='word_1_41' title='bbox 246 574 461 648; x_wconf 75' lang='grc' dir='ltr'>Ίσμαήλ</span> <span class='ocrx_word' id='word_1_42' title='bbox 503 576 859 645; x_wconf 84' lang='grc' dir='ltr'>διακείμενος.</span> <span class='ocrx_word' id='word_1_43' title='bbox 910 576 1021 628; x_wconf 77' lang='grc' dir='ltr'>Καὶ</span> <span class='ocrx_word' id='word_1_44' title='bbox 1066 575 1173 646; x_wconf 82' lang='grc' dir='ltr'>γὰρ</span> <span class='ocrx_word' id='word_1_45' title='bbox 1229 575 1394 644; x_wconf 81' lang='grc' dir='ltr'>ἡνίκα</span> <span class='ocrx_word' id='word_1_46' title='bbox 1455 574 1555 647; x_wconf 85' lang='grc' dir='ltr'>τὴν</span> <span class='ocrx_word' id='word_1_47' title='bbox 1581 578 1649 629; x_wconf 79' lang='grc' dir='ltr'><strong>ὲκ</strong></span> <span class='ocrx_word' id='word_1_48' title='bbox 1696 576 1797 645; x_wconf 80' lang='grc' dir='ltr'>τῆς</span> 
     </span>
    </p>
   </div>
   <div class='ocr_carea' id='block_1_8' title="bbox 1902 574 3467 648">
    <p class='ocr_par' dir='ltr' id='par_1_8' title="bbox 1902 577 3467 648">
     <span class='ocr_line' id='line_1_8' title="bbox 1902 577 3467 648; baseline 0.002 -15"><span class='ocrx_word' id='word_1_49' title='bbox 1902 579 2046 633; x_wconf 89' lang='lat' dir='ltr'><strong>enim</strong></span> <span class='ocrx_word' id='word_1_50' title='bbox 2079 577 2222 633; x_wconf 90' lang='lat' dir='ltr'><strong>Deus</strong></span> <span class='ocrx_word' id='word_1_51' title='bbox 2290 579 2493 648; x_wconf 87' lang='lat' dir='ltr'><strong>prolem</strong></span> <span class='ocrx_word' id='word_1_52' title='bbox 2548 594 2613 633; x_wconf 80' lang='lat' dir='ltr'><strong>ex</strong></span> <span class='ocrx_word' id='word_1_53' title='bbox 2681 577 2817 633; x_wconf 85' lang='lat' dir='ltr'><strong>Sara</strong></span> <span class='ocrx_word' id='word_1_54' title='bbox 2875 581 3235 648; x_wconf 80' lang='lat' dir='ltr'><strong>promisisset,</strong></span> <span class='ocrx_word' id='word_1_55' title='bbox 3292 582 3467 636; x_wconf 81' lang='lat' dir='ltr'><strong>dixit:</strong></span> 
     </span>
    </p>
   </div>
   <div class='ocr_carea' id='block_1_9' title="bbox 237 664 1802 739">
    <p class='ocr_par' dir='ltr' id='par_1_9' title="bbox 237 664 1796 735">
     <span class='ocr_line' id='line_1_9' title="bbox 237 664 1796 735; baseline 0.003 -20"><span class='ocrx_word' id='word_1_56' title='bbox 237 664 443 735; x_wconf 72' lang='grc' dir='ltr'>Σάρρας</span> <span class='ocrx_word' id='word_1_57' title='bbox 497 666 843 720; x_wconf 71' lang='grc' dir='ltr'><strong>παιδοποιίαν</strong></span> <span class='ocrx_word' id='word_1_58' title='bbox 894 667 923 719; x_wconf 86' lang='lat'><strong>6</strong></span> <span class='ocrx_word' id='word_1_59' title='bbox 978 664 1112 729; x_wconf 87' lang='grc' dir='ltr'>Θεὸς</span> <span class='ocrx_word' id='word_1_60' title='bbox 1174 665 1574 735; x_wconf 76' lang='grc' dir='ltr'>ἐπηγγείλατο,</span> <span class='ocrx_word' id='word_1_61' title='bbox 1632 667 1796 729; x_wconf 81' lang='grc' dir='ltr'>αὐτὸς</span> 
     </span>
    </p>
   </div>
   <div class='ocr_carea' id='block_1_10' title="bbox 1908 664 3473 739">
    <p class='ocr_par' dir='ltr' id='par_1_10' title="bbox 1911 669 3473 739">
     <span class='ocr_line' id='line_1_10' title="bbox 1911 669 3473 739; baseline 0.004 -19"><span class='ocrx_word' id='word_1_62' title='bbox 1911 689 1929 720; x_wconf 77' lang='grc' dir='ltr'><strong>ι</strong></span> <span class='ocrx_word' id='word_1_63' title='bbox 1961 669 2153 724; x_wconf 91' lang='lat' dir='ltr'><strong>lsmael</strong></span> <span class='ocrx_word' id='word_1_64' title='bbox 2183 669 2282 725; x_wconf 91' lang='lat' dir='ltr'><strong>iste</strong></span> <span class='ocrx_word' id='word_1_65' title='bbox 2304 670 2449 724; x_wconf 84' lang='lat' dir='ltr'><strong>vivat</strong></span> <span class='ocrx_word' id='word_1_66' title='bbox 2483 669 2536 724; x_wconf 92' lang='lat' dir='ltr'><strong>in</strong></span> <span class='ocrx_word' id='word_1_67' title='bbox 2584 678 2875 739; x_wconf 86' lang='lat' dir='ltr'><strong>conspectu</strong></span> <span class='ocrx_word' id='word_1_68' title='bbox 2939 679 3033 723; x_wconf 89' lang='lat' dir='ltr'><strong>tuo</strong></span> <span class='ocrx_word' id='word_1_69' title='bbox 3065 680 3112 724; x_wconf 74' lang='grc' dir='ltr'>ι.</span> <span class='ocrx_word' id='word_1_70' title='bbox 3155 688 3172 720; x_wconf 81' lang='grc' dir='ltr'><strong>ι</strong></span> <span class='ocrx_word' id='word_1_71' title='bbox 3244 671 3473 725; x_wconf 74' lang='lat' dir='ltr'><strong>Verum-</strong></span> 
     </span>
    </p>
   </div>
   <div class='ocr_carea' id='block_1_11' title="bbox 236 751 1801 831">
    <p class='ocr_par' dir='ltr' id='par_1_11' title="bbox 236 751 1799 828">
     <span class='ocr_line' id='line_1_11' title="bbox 236 751 1799 828; baseline 0.001 -20"><span class='ocrx_word' id='word_1_72' title='bbox 236 758 332 826; x_wconf 73' lang='grc' dir='ltr'><strong>ἔφη</strong></span> <span class='ocrx_word' id='word_1_73' title='bbox 358 773 373 787; x_wconf 74' lang='grc' dir='ltr'><strong><em>ο</em></strong></span> <span class='ocrx_word' id='word_1_74' title='bbox 406 775 426 808; x_wconf 78' lang='grc' dir='ltr'><strong>ι</strong></span> <span class='ocrx_word' id='word_1_75' title='bbox 471 758 696 828; x_wconf 83' lang='grc' dir='ltr'>Ἰσμαὴλ</span> <span class='ocrx_word' id='word_1_76' title='bbox 753 751 906 821; x_wconf 74' lang='grc' dir='ltr'>οὗτος</span> <span class='ocrx_word' id='word_1_77' title='bbox 961 758 1107 827; x_wconf 86' lang='grc' dir='ltr'>ζήτω</span> <span class='ocrx_word' id='word_1_78' title='bbox 1154 756 1397 811; x_wconf 77' lang='grc' dir='ltr'>ἐναντίον</span> <span class='ocrx_word' id='word_1_79' title='bbox 1444 775 1557 811; x_wconf 93' lang='grc' dir='ltr'>σου.</span> <span class='ocrx_word' id='word_1_80' title='bbox 1602 776 1620 808; x_wconf 72' lang='grc' dir='ltr'><strong>ι</strong></span> <span class='ocrx_word' id='word_1_81' title='bbox 1661 757 1799 810; x_wconf 79' lang='grc' dir='ltr'>Ἀλλ’</span> 
     </span>
    </p>
   </div>
   <div class='ocr_carea' id='block_1_12' title="bbox 1909 751 3474 831">
    <p class='ocr_par' dir='ltr' id='par_1_12' title="bbox 1909 761 3474 831">
     <span class='ocr_line' id='line_1_12' title="bbox 1909 761 3474 831; baseline -0.002 -15"><span class='ocrx_word' id='word_1_82' title='bbox 1909 770 2084 816; x_wconf 88' lang='lat' dir='ltr'><strong>tamen</strong></span> <span class='ocrx_word' id='word_1_83' title='bbox 2134 762 2235 815; x_wconf 91' lang='lat' dir='ltr'><strong>etsi</strong></span> <span class='ocrx_word' id='word_1_84' title='bbox 2286 761 2442 817; x_wconf 86' lang='lat' dir='ltr'><strong>valde</strong></span> <span class='ocrx_word' id='word_1_85' title='bbox 2498 761 2752 831; x_wconf 84' lang='lat' dir='ltr'><strong>diligebat</strong></span> <span class='ocrx_word' id='word_1_86' title='bbox 2801 776 3050 829; x_wconf 88' lang='lat' dir='ltr'><strong>puerum,</strong></span> <span class='ocrx_word' id='word_1_87' title='bbox 3094 763 3222 816; x_wconf 87' lang='lat' dir='ltr'><strong>fecit</strong></span> <span class='ocrx_word' id='word_1_88' title='bbox 3273 772 3474 827; x_wconf 83' lang='lat' dir='ltr'><strong>tamen,</strong></span> 
     </span>
    </p>
   </div>
   <div class='ocr_carea' id='block_1_13' title="bbox 239 849 1804 924">
    <p class='ocr_par' dir='ltr' id='par_1_13' title="bbox 239 849 1803 921">
     <span class='ocr_line' id='line_1_13' title="bbox 239 849 1803 921; baseline 0.001 -21"><span class='ocrx_word' id='word_1_89' title='bbox 239 849 378 917; x_wconf 81' lang='grc' dir='ltr'>ὅμως</span> <span class='ocrx_word' id='word_1_90' title='bbox 402 850 498 901; x_wconf 69' lang='grc' dir='ltr'><strong>καὶ</strong></span> <span class='ocrx_word' id='word_1_91' title='bbox 514 850 758 920; x_wconf 82' lang='grc' dir='ltr'>στέργων</span> <span class='ocrx_word' id='word_1_92' title='bbox 781 850 972 920; x_wconf 85' lang='grc' dir='ltr'>κομιδῇ</span> <span class='ocrx_word' id='word_1_93' title='bbox 994 850 1053 904; x_wconf 88' lang='grc' dir='ltr'><strong>τὸ</strong></span> <span class='ocrx_word' id='word_1_94' title='bbox 1075 849 1307 915; x_wconf 78' lang='grc' dir='ltr'>παιδίον,</span> <span class='ocrx_word' id='word_1_95' title='bbox 1343 851 1641 920; x_wconf 85' lang='grc' dir='ltr'>πεποίηκεν</span> <span class='ocrx_word' id='word_1_96' title='bbox 1666 852 1803 921; x_wconf 83' lang='grc' dir='ltr'>ὅπερ</span> 
     </span>
    </p>
   </div>
   <div class='ocr_carea' id='block_1_14' title="bbox 1915 849 3480 924">
    <p class='ocr_par' dir='ltr' id='par_1_14' title="bbox 1915 851 3480 924">
     <span class='ocr_line' id='line_1_14' title="bbox 1915 851 3480 924; baseline -0.003 -15"><span class='ocrx_word' id='word_1_97' title='bbox 1915 853 2053 924; x_wconf 87' lang='lat' dir='ltr'><strong>quod</strong></span> <span class='ocrx_word' id='word_1_98' title='bbox 2079 851 2341 908; x_wconf 88' lang='lat' dir='ltr'><strong>Dominus</strong></span> <span class='ocrx_word' id='word_1_99' title='bbox 2370 853 2652 923; x_wconf 75' lang='lat' dir='ltr'><strong>praecepit:</strong></span> <span class='ocrx_word' id='word_1_100' title='bbox 2690 862 2743 906; x_wconf 91' lang='lat' dir='ltr'><strong>et</strong></span> <span class='ocrx_word' id='word_1_101' title='bbox 2776 851 2857 906; x_wconf 92' lang='lat' dir='ltr'><strong>sic</strong></span> <span class='ocrx_word' id='word_1_102' title='bbox 2887 852 3347 921; x_wconf 86' lang='lat' dir='ltr'><strong>promissionibus</strong></span> <span class='ocrx_word' id='word_1_103' title='bbox 3397 853 3480 905; x_wconf 88' lang='lat' dir='ltr'><strong>di-</strong></span> 
     </span>
    </p>
   </div>
   <div class='ocr_carea' id='block_1_15' title="bbox 240 940 1805 1014">
    <p class='ocr_par' dir='ltr' id='par_1_15' title="bbox 240 940 1804 1014">
     <span class='ocr_line' id='line_1_15' title="bbox 240 940 1804 1014; baseline -0.001 -20"><span class='ocrx_word' id='word_1_104' title='bbox 240 942 266 994; x_wconf 90' lang='lat'><strong>6</strong></span> <span class='ocrx_word' id='word_1_105' title='bbox 297 940 579 1011; x_wconf 84' lang='grc' dir='ltr'><strong>Δεσπότης</strong></span> <span class='ocrx_word' id='word_1_106' title='bbox 608 941 961 1014; x_wconf 82' lang='grc' dir='ltr'>προσέταξεν.</span> <span class='ocrx_word' id='word_1_107' title='bbox 993 940 1148 995; x_wconf 77' lang='grc' dir='ltr'>Οὗτω</span> <span class='ocrx_word' id='word_1_108' title='bbox 1172 941 1243 1003; x_wconf 83' lang='grc' dir='ltr'><strong>,δὲ</strong></span> <span class='ocrx_word' id='word_1_109' title='bbox 1271 942 1391 1005; x_wconf 83' lang='grc' dir='ltr'>ταῖς</span> <span class='ocrx_word' id='word_1_110' title='bbox 1424 941 1598 1004; x_wconf 86' lang='grc' dir='ltr'>θείαις</span> <span class='ocrx_word' id='word_1_111' title='bbox 1627 942 1804 1009; x_wconf 78' lang='grc' dir='ltr'>ἑπαγ-</span> 
     </span>
    </p>
   </div>
   <div class='ocr_carea' id='block_1_16' title="bbox 1912 940 3477 1014">
    <p class='ocr_par' dir='ltr' id='par_1_16' title="bbox 1912 943 3477 1013">
     <span class='ocr_line' id='line_1_16' title="bbox 1912 943 3477 1013; baseline -0.001 -14"><span class='ocrx_word' id='word_1_112' title='bbox 1912 945 2053 1001; x_wconf 89' lang='lat' dir='ltr'><strong>vinis</strong></span> <span class='ocrx_word' id='word_1_113' title='bbox 2087 945 2342 1013; x_wconf 85' lang='lat' dir='ltr'><strong>credidit,</strong></span> <span class='ocrx_word' id='word_1_114' title='bbox 2393 954 2589 999; x_wconf 88' lang='lat' dir='ltr'><strong>utnon</strong></span> <span class='ocrx_word' id='word_1_115' title='bbox 2652 944 2797 999; x_wconf 91' lang='lat' dir='ltr'><strong>datis</strong></span> <span class='ocrx_word' id='word_1_116' title='bbox 2858 943 2932 998; x_wconf 91' lang='lat' dir='ltr'><strong>illi</strong></span> <span class='ocrx_word' id='word_1_117' title='bbox 2988 946 3184 1007; x_wconf 87' lang='lat' dir='ltr'><strong>servis,</strong></span> <span class='ocrx_word' id='word_1_118' title='bbox 3246 945 3477 1009; x_wconf 88' lang='lat' dir='ltr'><strong>ancillis,</strong></span> 
     </span>
    </p>
   </div>
   <div class='ocr_carea' id='block_1_17' title="bbox 241 1032 1806 1110">
    <p class='ocr_par' dir='ltr' id='par_1_17' title="bbox 241 1032 1802 1101">
     <span class='ocr_line' id='line_1_17' title="bbox 241 1032 1802 1101; baseline 0.001 -15"><span class='ocrx_word' id='word_1_119' title='bbox 241 1034 440 1101; x_wconf 77' lang='grc' dir='ltr'>γελίαις</span> <span class='ocrx_word' id='word_1_120' title='bbox 485 1034 804 1087; x_wconf 74' lang='grc' dir='ltr'>ἐπίστευσεν</span> <span class='ocrx_word' id='word_1_121' title='bbox 834 1050 849 1066; x_wconf 77' lang='grc' dir='ltr'><strong>ο</strong></span> <span class='ocrx_word' id='word_1_122' title='bbox 893 1037 973 1088; x_wconf 82' lang='grc' dir='ltr'><strong>ὅτι</strong></span> <span class='ocrx_word' id='word_1_123' title='bbox 1018 1034 1078 1087; x_wconf 81' lang='grc' dir='ltr'><strong>οὐ</strong></span> <span class='ocrx_word' id='word_1_124' title='bbox 1118 1035 1345 1098; x_wconf 86' lang='grc' dir='ltr'>παῖδας,</span> <span class='ocrx_word' id='word_1_125' title='bbox 1377 1034 1438 1087; x_wconf 84' lang='grc' dir='ltr'><strong>ού</strong></span> <span class='ocrx_word' id='word_1_126' title='bbox 1485 1032 1802 1095; x_wconf 87' lang='grc' dir='ltr'>παιδίσκας,</span> 
     </span>
    </p>
   </div>
   <div class='ocr_carea' id='block_1_18' title="bbox 1915 1032 3480 1110">
    <p class='ocr_par' dir='ltr' id='par_1_18' title="bbox 1915 1038 3480 1110">
     <span class='ocr_line' id='line_1_18' title="bbox 1915 1038 3480 1110; baseline -0.002 -17"><span class='ocrx_word' id='word_1_127' title='bbox 1915 1054 2049 1094; x_wconf 89' lang='lat' dir='ltr'><strong>auro</strong></span> <span class='ocrx_word' id='word_1_128' title='bbox 2079 1040 2161 1094; x_wconf 90' lang='lat' dir='ltr'><strong>vel</strong></span> <span class='ocrx_word' id='word_1_129' title='bbox 2190 1049 2439 1110; x_wconf 81' lang='lat' dir='ltr'><strong>argento,</strong></span> <span class='ocrx_word' id='word_1_130' title='bbox 2475 1055 2507 1094; x_wconf 91' lang='lat' dir='ltr'><strong>e</strong></span> <span class='ocrx_word' id='word_1_131' title='bbox 2540 1040 2702 1093; x_wconf 90' lang='lat' dir='ltr'><strong>domo</strong></span> <span class='ocrx_word' id='word_1_132' title='bbox 2726 1039 2954 1109; x_wconf 84' lang='lat' dir='ltr'><strong>jusserit</strong></span> <span class='ocrx_word' id='word_1_133' title='bbox 2998 1038 3146 1093; x_wconf 82' lang='lat' dir='ltr'><strong>abire</strong></span> <span class='ocrx_word' id='word_1_134' title='bbox 3205 1053 3436 1108; x_wconf 84' lang='lat' dir='ltr'><strong>puerum</strong></span> <span class='ocrx_word' id='word_1_135' title='bbox 3466 1057 3480 1091; x_wconf 83' lang='lat'><strong>:</strong></span> 
     </span>
    </p>
   </div>
   <div class='ocr_carea' id='block_1_19' title="bbox 242 1125 1807 1200">
    <p class='ocr_par' dir='ltr' id='par_1_19' title="bbox 242 1125 1807 1197">
     <span class='ocr_line' id='line_1_19' title="bbox 242 1125 1807 1197; baseline 0 -20"><span class='ocrx_word' id='word_1_136' title='bbox 242 1125 296 1177; x_wconf 77' lang='grc' dir='ltr'><strong>οὐ</strong></span> <span class='ocrx_word' id='word_1_137' title='bbox 320 1126 563 1195; x_wconf 82' lang='grc' dir='ltr'>χρυσὸν,</span> <span class='ocrx_word' id='word_1_138' title='bbox 608 1126 707 1178; x_wconf 79' lang='grc' dir='ltr'>οὐκ</span> <span class='ocrx_word' id='word_1_139' title='bbox 731 1127 970 1197; x_wconf 78' lang='grc' dir='ltr'>ἄργυρον</span> <span class='ocrx_word' id='word_1_140' title='bbox 1016 1126 1287 1189; x_wconf 85' lang='grc' dir='ltr'>δεδωκὼς,</span> <span class='ocrx_word' id='word_1_141' title='bbox 1318 1126 1557 1180; x_wconf 85' lang='grc' dir='ltr'>ἀπέλυσε</span> <span class='ocrx_word' id='word_1_142' title='bbox 1589 1125 1689 1196; x_wconf 78' lang='grc' dir='ltr'>τῆς</span> <span class='ocrx_word' id='word_1_143' title='bbox 1739 1125 1807 1178; x_wconf 75' lang='lat' dir='ltr'><strong>oi-</strong></span> 
     </span>
    </p>
   </div>
   <div class='ocr_carea' id='block_1_20' title="bbox 1917 1125 3482 1200">
    <p class='ocr_par' dir='ltr' id='par_1_20' title="bbox 1917 1130 3482 1200">
     <span class='ocr_line' id='line_1_20' title="bbox 1917 1130 3482 1200; baseline -0.002 -14"><span class='ocrx_word' id='word_1_144' title='bbox 1917 1131 2010 1186; x_wconf 90' lang='lat' dir='ltr'><strong>sed</strong></span> <span class='ocrx_word' id='word_1_145' title='bbox 2040 1139 2211 1186; x_wconf 87' lang='lat' dir='ltr'><strong>matre</strong></span> <span class='ocrx_word' id='word_1_146' title='bbox 2236 1131 2351 1186; x_wconf 90' lang='lat' dir='ltr'><strong>sola</strong></span> <span class='ocrx_word' id='word_1_147' title='bbox 2385 1147 2509 1186; x_wconf 93' lang='lat' dir='ltr'><strong>cum</strong></span> <span class='ocrx_word' id='word_1_148' title='bbox 2539 1131 2775 1200; x_wconf 89' lang='lat' dir='ltr'><strong>panibus</strong></span> <span class='ocrx_word' id='word_1_149' title='bbox 2810 1130 2998 1200; x_wconf 88' lang='lat' dir='ltr'><strong>paucis</strong></span> <span class='ocrx_word' id='word_1_150' title='bbox 3024 1138 3078 1184; x_wconf 90' lang='lat' dir='ltr'><strong>et</strong></span> <span class='ocrx_word' id='word_1_151' title='bbox 3129 1138 3249 1184; x_wconf 88' lang='lat' dir='ltr'><strong>utre</strong></span> <span class='ocrx_word' id='word_1_152' title='bbox 3306 1145 3482 1199; x_wconf 79' lang='lat' dir='ltr'><strong>aquae.</strong></span> 
     </span>
    </p>
   </div>
   <div class='ocr_carea' id='block_1_21' title="bbox 245 1216 1810 1294">
    <p class='ocr_par' dir='ltr' id='par_1_21' title="bbox 245 1216 1807 1290">
     <span class='ocr_line' id='line_1_21' title="bbox 245 1216 1807 1290; baseline -0.001 -20"><span class='ocrx_word' id='word_1_153' title='bbox 245 1218 358 1280; x_wconf 76' lang='grc' dir='ltr'>χίας</span> <span class='ocrx_word' id='word_1_154' title='bbox 406 1217 469 1270; x_wconf 82' lang='grc' dir='ltr'><strong>τὸ</strong></span> <span class='ocrx_word' id='word_1_155' title='bbox 524 1217 761 1270; x_wconf 70' lang='grc' dir='ltr'>παιδίονο</span> <span class='ocrx_word' id='word_1_156' title='bbox 798 1219 910 1272; x_wconf 84' lang='grc' dir='ltr'>ἀλλ’</span> <span class='ocrx_word' id='word_1_157' title='bbox 966 1219 1167 1290; x_wconf 83' lang='grc' dir='ltr'>ἄρτους</span> <span class='ocrx_word' id='word_1_158' title='bbox 1216 1218 1454 1286; x_wconf 83' lang='grc' dir='ltr'>ὀλίγους,</span> <span class='ocrx_word' id='word_1_159' title='bbox 1496 1217 1592 1270; x_wconf 80' lang='grc' dir='ltr'>καὶ</span> <span class='ocrx_word' id='word_1_160' title='bbox 1638 1216 1807 1270; x_wconf 80' lang='grc' dir='ltr'>ἀσκὸν</span> 
     </span>
    </p>
   </div>
   <div class='ocr_carea' id='block_1_22' title="bbox 1919 1216 3484 1294">
    <p class='ocr_par' dir='ltr' id='par_1_22' title="bbox 1921 1223 3484 1294">
     <span class='ocr_line' id='line_1_22' title="bbox 1921 1223 3484 1294; baseline -0.001 -17"><span class='ocrx_word' id='word_1_161' title='bbox 1921 1223 2138 1279; x_wconf 86' lang='lat' dir='ltr'><strong>Sciebat</strong></span> <span class='ocrx_word' id='word_1_162' title='bbox 2165 1224 2332 1291; x_wconf 90' lang='lat' dir='ltr'><strong>enim,</strong></span> <span class='ocrx_word' id='word_1_163' title='bbox 2396 1234 2600 1278; x_wconf 82' lang='lat' dir='ltr'><strong>certam</strong></span> <span class='ocrx_word' id='word_1_164' title='bbox 2663 1240 2785 1280; x_wconf 89' lang='lat' dir='ltr'><strong>esse</strong></span> <span class='ocrx_word' id='word_1_165' title='bbox 2842 1223 3259 1294; x_wconf 88' lang='lat' dir='ltr'><strong>promissionem</strong></span> <span class='ocrx_word' id='word_1_166' title='bbox 3318 1223 3484 1288; x_wconf 89' lang='lat' dir='ltr'><strong>illius,</strong></span> 
     </span>
    </p>
   </div>
   <div class='ocr_carea' id='block_1_23' title="bbox 248 1306 1813 1387">
    <p class='ocr_par' dir='ltr' id='par_1_23' title="bbox 248 1306 1810 1383">
     <span class='ocr_line' id='line_1_23' title="bbox 248 1306 1810 1383; baseline 0.006 -22"><span class='ocrx_word' id='word_1_167' title='bbox 248 1307 455 1373; x_wconf 75' lang='grc' dir='ltr'>ὓδατος,</span> <span class='ocrx_word' id='word_1_168' title='bbox 503 1310 601 1361; x_wconf 72' lang='grc' dir='ltr'><strong>καὶ</strong></span> <span class='ocrx_word' id='word_1_169' title='bbox 646 1309 745 1379; x_wconf 81' lang='grc' dir='ltr'><strong>τήν</strong></span> <span class='ocrx_word' id='word_1_170' title='bbox 788 1309 1019 1380; x_wconf 83' lang='grc' dir='ltr'>μητέρα.</span> <span class='ocrx_word' id='word_1_171' title='bbox 1056 1310 1209 1383; x_wconf 79' lang='grc' dir='ltr'>’ῌδει</span> <span class='ocrx_word' id='word_1_172' title='bbox 1243 1310 1352 1380; x_wconf 74' lang='grc' dir='ltr'><strong>γὰρ</strong></span> <span class='ocrx_word' id='word_1_173' title='bbox 1398 1308 1474 1372; x_wconf 85' lang='grc' dir='ltr'>ὡς</span> <span class='ocrx_word' id='word_1_174' title='bbox 1515 1306 1752 1378; x_wconf 75' lang='grc' dir='ltr'>ἀψευδὴς</span> <span class='ocrx_word' id='word_1_175' title='bbox 1777 1310 1810 1377; x_wconf 75' lang='grc' dir='ltr'>ἡ</span> 
     </span>
    </p>
   </div>
   <div class='ocr_carea' id='block_1_24' title="bbox 1923 1306 3488 1387">
    <p class='ocr_par' dir='ltr' id='par_1_24' title="bbox 1923 1314 3488 1387">
     <span class='ocr_line' id='line_1_24' title="bbox 1923 1314 3488 1387; baseline -0.001 -17"><span class='ocrx_word' id='word_1_176' title='bbox 1923 1317 2012 1386; x_wconf 85' lang='lat' dir='ltr'><strong>qui</strong></span> <span class='ocrx_word' id='word_1_177' title='bbox 2046 1326 2391 1387; x_wconf 64' lang='lat' dir='ltr'><strong>prazceperat.</strong></span> <span class='ocrx_word' id='word_1_178' title='bbox 2426 1317 2756 1373; x_wconf 87' lang='lat' dir='ltr'><strong>Promiserat</strong></span> <span class='ocrx_word' id='word_1_179' title='bbox 2790 1328 2966 1372; x_wconf 90' lang='lat' dir='ltr'><strong>autem</strong></span> <span class='ocrx_word' id='word_1_180' title='bbox 3003 1318 3052 1371; x_wconf 91' lang='lat' dir='ltr'><strong>ei</strong></span> <span class='ocrx_word' id='word_1_181' title='bbox 3085 1316 3245 1381; x_wconf 91' lang='lat' dir='ltr'><strong>Deus,</strong></span> <span class='ocrx_word' id='word_1_182' title='bbox 3289 1331 3348 1371; x_wconf 91' lang='lat' dir='ltr'><strong>se</strong></span> <span class='ocrx_word' id='word_1_183' title='bbox 3403 1314 3488 1369; x_wconf 87' lang='lat' dir='ltr'><strong>fa-</strong></span> 
     </span>
    </p>
   </div>
   <div class='ocr_carea' id='block_1_25' title="bbox 247 1397 1812 1487">
    <p class='ocr_par' dir='ltr' id='par_1_25' title="bbox 247 1397 1812 1471">
     <span class='ocr_line' id='line_1_25' title="bbox 247 1397 1812 1471; baseline 0 -21"><span class='ocrx_word' id='word_1_184' title='bbox 247 1399 332 1451; x_wconf 72' lang='grc' dir='ltr'><strong>τοῦ</strong></span> <span class='ocrx_word' id='word_1_185' title='bbox 349 1400 781 1469; x_wconf 86' lang='grc' dir='ltr'>προστεταχότος</span> <span class='ocrx_word' id='word_1_186' title='bbox 802 1401 1111 1471; x_wconf 82' lang='grc' dir='ltr'>ὑπόσχεσις.</span> <span class='ocrx_word' id='word_1_187' title='bbox 1144 1401 1444 1470; x_wconf 83' lang='grc' dir='ltr'>’Υπέσχετο</span> <span class='ocrx_word' id='word_1_188' title='bbox 1467 1399 1523 1452; x_wconf 81' lang='grc' dir='ltr'>δὲ</span> <span class='ocrx_word' id='word_1_189' title='bbox 1541 1398 1688 1468; x_wconf 82' lang='grc' dir='ltr'>αύτῷ</span> <span class='ocrx_word' id='word_1_190' title='bbox 1702 1397 1812 1468; x_wconf 70' lang='grc'><strong>(24)</strong></span> 
     </span>
    </p>
   </div>
   <div class='ocr_carea' id='block_1_26' title="bbox 1924 1397 3489 1487">
    <p class='ocr_par' dir='ltr' id='par_1_26' title="bbox 1924 1414 3489 1487">
     <span class='ocr_line' id='line_1_26' title="bbox 1924 1414 3489 1487; baseline -0.003 -26"><span class='ocrx_word' id='word_1_191' title='bbox 1924 1416 2136 1461; x_wconf 89' lang='lat' dir='ltr'><strong>cturum</strong></span> <span class='ocrx_word' id='word_1_192' title='bbox 2163 1422 2284 1462; x_wconf 85' lang='lat' dir='ltr'><strong>esse</strong></span> <span class='ocrx_word' id='word_1_193' title='bbox 2340 1421 2566 1487; x_wconf 83' lang='lat' dir='ltr'><strong>puerum</strong></span> <span class='ocrx_word' id='word_1_194' title='bbox 2602 1414 2814 1477; x_wconf 81' lang='lat' dir='ltr'><strong>gentem</strong></span> <span class='ocrx_word' id='word_1_195' title='bbox 2864 1421 3141 1475; x_wconf 84' lang='lat' dir='ltr'><strong>magnam,</strong></span> <span class='ocrx_word' id='word_1_196' title='bbox 3211 1417 3271 1459; x_wconf 85' lang='lat' dir='ltr'><strong>ut</strong></span> <span class='ocrx_word' id='word_1_197' title='bbox 3328 1420 3489 1474; x_wconf 88' lang='lat' dir='ltr'><strong>quem</strong></span> 
     </span>
    </p>
   </div>
   <div class='ocr_carea' id='block_1_27' title="bbox 249 1490 1814 1568">
    <p class='ocr_par' dir='ltr' id='par_1_27' title="bbox 249 1490 1814 1563">
     <span class='ocr_line' id='line_1_27' title="bbox 249 1490 1814 1563; baseline -0.001 -18"><span class='ocrx_word' id='word_1_198' title='bbox 249 1493 276 1545; x_wconf 91' lang='lat'><strong>6</strong></span> <span class='ocrx_word' id='word_1_199' title='bbox 304 1492 438 1555; x_wconf 88' lang='grc' dir='ltr'>Θεὸς</span> <span class='ocrx_word' id='word_1_200' title='bbox 480 1493 564 1555; x_wconf 75' lang='grc' dir='ltr'>εἰς</span> <span class='ocrx_word' id='word_1_201' title='bbox 608 1492 759 1556; x_wconf 77' lang='grc' dir='ltr'>ἔθνος</span> <span class='ocrx_word' id='word_1_202' title='bbox 792 1493 934 1561; x_wconf 88' lang='grc' dir='ltr'>μέγα</span> <span class='ocrx_word' id='word_1_203' title='bbox 984 1495 1233 1563; x_wconf 83' lang='grc' dir='ltr'>ποιήσειν</span> <span class='ocrx_word' id='word_1_204' title='bbox 1281 1492 1465 1555; x_wconf 76' lang='grc' dir='ltr'>αὑτὸν,</span> <span class='ocrx_word' id='word_1_205' title='bbox 1497 1491 1593 1544; x_wconf 78' lang='grc' dir='ltr'>ἆτε</span> <span class='ocrx_word' id='word_1_206' title='bbox 1621 1490 1683 1561; x_wconf 82' lang='grc' dir='ltr'>δὴ</span> <span class='ocrx_word' id='word_1_207' title='bbox 1718 1490 1814 1560; x_wconf 78' lang='grc' dir='ltr'>τῆς</span> 
     </span>
    </p>
   </div>
   <div class='ocr_carea' id='block_1_28' title="bbox 1926 1490 3491 1568">
    <p class='ocr_par' dir='ltr' id='par_1_28' title="bbox 1926 1496 3491 1568">
     <span class='ocr_line' id='line_1_28' title="bbox 1926 1496 3491 1568; baseline -0.003 -15"><span class='ocrx_word' id='word_1_208' title='bbox 1926 1498 2177 1554; x_wconf 82' lang='lat' dir='ltr'><strong>videlicet</strong></span> <span class='ocrx_word' id='word_1_209' title='bbox 2208 1515 2339 1554; x_wconf 90' lang='lat' dir='ltr'><strong>cura</strong></span> <span class='ocrx_word' id='word_1_210' title='bbox 2370 1514 2468 1553; x_wconf 89' lang='lat' dir='ltr'><strong>sua</strong></span> <span class='ocrx_word' id='word_1_211' title='bbox 2492 1498 2713 1568; x_wconf 80' lang='lat' dir='ltr'><strong>dignum</strong></span> <span class='ocrx_word' id='word_1_212' title='bbox 2766 1498 3050 1552; x_wconf 87' lang='lat' dir='ltr'><strong>habuerat.</strong></span> <span class='ocrx_word' id='word_1_213' title='bbox 3115 1497 3274 1563; x_wconf 86' lang='lat' dir='ltr'><strong>Quod</strong></span> <span class='ocrx_word' id='word_1_214' title='bbox 3329 1496 3491 1551; x_wconf 89' lang='lat' dir='ltr'><strong>etiam</strong></span> 
     </span>
    </p>
   </div>
   <div class='ocr_carea' id='block_1_29' title="bbox 252 1583 1817 1662">
    <p class='ocr_par' dir='ltr' id='par_1_29' title="bbox 252 1583 1815 1657">
     <span class='ocr_line' id='line_1_29' title="bbox 252 1583 1815 1657; baseline 0.001 -21"><span class='ocrx_word' id='word_1_215' title='bbox 252 1583 411 1637; x_wconf 77' lang='grc' dir='ltr'>αὐτοῦ</span> <span class='ocrx_word' id='word_1_216' title='bbox 437 1585 710 1657; x_wconf 82' lang='grc' dir='ltr'>γεωργίας</span> <span class='ocrx_word' id='word_1_217' title='bbox 743 1585 1062 1656; x_wconf 72' lang='grc' dir='ltr'>ἠξιωμένον.</span> <span class='ocrx_word' id='word_1_218' title='bbox 1100 1587 1164 1640; x_wconf 89' lang='grc' dir='ltr'><strong>Ὃ</strong></span> <span class='ocrx_word' id='word_1_219' title='bbox 1212 1586 1277 1653; x_wconf 83' lang='grc' dir='ltr'>δὴ</span> <span class='ocrx_word' id='word_1_220' title='bbox 1309 1586 1402 1639; x_wconf 82' lang='grc' dir='ltr'><strong>καὶ</strong></span> <span class='ocrx_word' id='word_1_221' title='bbox 1427 1584 1815 1655; x_wconf 82' lang='grc' dir='ltr'>πεπλήρωκεν.</span> 
     </span>
    </p>
   </div>
   <div class='ocr_carea' id='block_1_30' title="bbox 1929 1583 3494 1662">
    <p class='ocr_par' dir='ltr' id='par_1_30' title="bbox 1929 1590 3494 1662">
     <span class='ocr_line' id='line_1_30' title="bbox 1929 1590 3494 1662; baseline -0.004 -15"><span class='ocrx_word' id='word_1_222' title='bbox 1929 1592 2261 1662; x_wconf 89' lang='lat' dir='ltr'><strong>adimplevit.</strong></span> <span class='ocrx_word' id='word_1_223' title='bbox 2290 1591 2426 1646; x_wconf 88' lang='lat' dir='ltr'><strong>Nam</strong></span> <span class='ocrx_word' id='word_1_224' title='bbox 2462 1592 2823 1660; x_wconf 90' lang='lat' dir='ltr'><strong>simulatque</strong></span> <span class='ocrx_word' id='word_1_225' title='bbox 2884 1590 3031 1645; x_wconf 82' lang='lat' dir='ltr'><strong>flevit</strong></span> <span class='ocrx_word' id='word_1_226' title='bbox 3084 1605 3243 1660; x_wconf 91' lang='lat' dir='ltr'><strong>puer,</strong></span> <span class='ocrx_word' id='word_1_227' title='bbox 3305 1598 3494 1659; x_wconf 85' lang='lat' dir='ltr'><strong>putum</strong></span> 
     </span>
    </p>
   </div>
   <div class='ocr_carea' id='block_1_31' title="bbox 254 1677 1819 1750">
    <p class='ocr_par' dir='ltr' id='par_1_31' title="bbox 254 1677 1819 1749">
     <span class='ocr_line' id='line_1_31' title="bbox 254 1677 1819 1749; baseline 0 -21"><span class='ocrx_word' id='word_1_228' title='bbox 254 1677 397 1747; x_wconf 72' lang='grc' dir='ltr'>Ἅμα</span> <span class='ocrx_word' id='word_1_229' title='bbox 438 1678 546 1748; x_wconf 76' lang='grc' dir='ltr'><strong>γὰρ</strong></span> <span class='ocrx_word' id='word_1_230' title='bbox 572 1678 801 1733; x_wconf 77' lang='grc' dir='ltr'>ἔκλαυσε</span> <span class='ocrx_word' id='word_1_231' title='bbox 854 1678 915 1732; x_wconf 90' lang='grc' dir='ltr'><strong>τὸ</strong></span> <span class='ocrx_word' id='word_1_232' title='bbox 963 1679 1175 1734; x_wconf 83' lang='grc' dir='ltr'>παιδίον</span> <span class='ocrx_word' id='word_1_233' title='bbox 1224 1679 1468 1749; x_wconf 85' lang='grc' dir='ltr'>πόματος</span> <span class='ocrx_word' id='word_1_234' title='bbox 1511 1677 1819 1746; x_wconf 76' lang='grc' dir='ltr'>ἐφιέμενον,</span> 
     </span>
    </p>
   </div>
   <div class='ocr_carea' id='block_1_32' title="bbox 1934 1677 3499 1750">
    <p class='ocr_par' dir='ltr' id='par_1_32' title="bbox 1934 1678 3499 1750">
     <span class='ocr_line' id='line_1_32' title="bbox 1934 1678 3499 1750; baseline -0.003 -13"><span class='ocrx_word' id='word_1_235' title='bbox 1934 1681 2266 1746; x_wconf 88' lang='lat' dir='ltr'><strong>desiderans,</strong></span> <span class='ocrx_word' id='word_1_236' title='bbox 2298 1678 2522 1750; x_wconf 77' lang='lat' dir='ltr'><strong>angelus</strong></span> <span class='ocrx_word' id='word_1_237' title='bbox 2547 1698 2576 1735; x_wconf 90' lang='lat' dir='ltr'><strong>a</strong></span> <span class='ocrx_word' id='word_1_238' title='bbox 2602 1681 2833 1737; x_wconf 92' lang='lat' dir='ltr'><strong>Domino</strong></span> <span class='ocrx_word' id='word_1_239' title='bbox 2868 1680 3071 1736; x_wconf 90' lang='lat' dir='ltr'><strong>missus</strong></span> <span class='ocrx_word' id='word_1_240' title='bbox 3119 1688 3343 1749; x_wconf 88' lang='lat' dir='ltr'><strong>puteum</strong></span> <span class='ocrx_word' id='word_1_241' title='bbox 3408 1693 3499 1734; x_wconf 88' lang='lat' dir='ltr'><strong>os-</strong></span> 
     </span>
    </p>
   </div>
   <div class='ocr_carea' id='block_1_33' title="bbox 258 1753 1823 1844">
    <p class='ocr_par' dir='ltr' id='par_1_33' title="bbox 258 1768 1819 1842">
     <span class='ocr_line' id='line_1_33' title="bbox 258 1768 1819 1842; baseline 0.001 -22"><span class='ocrx_word' id='word_1_242' title='bbox 258 1771 341 1820; x_wconf 70' lang='grc' dir='ltr'><strong>καὶ</strong></span> <span class='ocrx_word' id='word_1_243' title='bbox 371 1769 607 1838; x_wconf 79' lang='grc' dir='ltr'>ἄγγελος</span> <span class='ocrx_word' id='word_1_244' title='bbox 635 1771 819 1825; x_wconf 80' lang='grc' dir='ltr'>θεόθεν</span> <span class='ocrx_word' id='word_1_245' title='bbox 866 1772 1189 1835; x_wconf 71' lang='grc' dir='ltr'>ἀποσταλεὶς</span> <span class='ocrx_word' id='word_1_246' title='bbox 1223 1771 1399 1842; x_wconf 84' lang='grc' dir='ltr'>φρέαρ</span> <span class='ocrx_word' id='word_1_247' title='bbox 1432 1768 1679 1834; x_wconf 80' lang='grc' dir='ltr'>ὑπέδειξε</span> <span class='ocrx_word' id='word_1_248' title='bbox 1715 1786 1819 1822; x_wconf 87' lang='grc' dir='ltr'>πο·-</span> 
     </span>
    </p>
   </div>
   <div class='ocr_carea' id='block_1_34' title="bbox 1930 1753 3495 1844">
    <p class='ocr_par' dir='ltr' id='par_1_34' title="bbox 1930 1772 3495 1844">
     <span class='ocr_line' id='line_1_34' title="bbox 1930 1772 3495 1844; baseline -0.003 -14"><span class='ocrx_word' id='word_1_249' title='bbox 1930 1776 2099 1830; x_wconf 89' lang='lat' dir='ltr'><strong>tendit</strong></span> <span class='ocrx_word' id='word_1_250' title='bbox 2128 1775 2347 1844; x_wconf 90' lang='lat' dir='ltr'><strong>plenum</strong></span> <span class='ocrx_word' id='word_1_251' title='bbox 2382 1789 2522 1844; x_wconf 85' lang='lat' dir='ltr'><strong>aqua</strong></span> <span class='ocrx_word' id='word_1_252' title='bbox 2550 1774 2793 1843; x_wconf 88' lang='lat' dir='ltr'><strong>potabili.</strong></span> <span class='ocrx_word' id='word_1_253' title='bbox 2829 1774 2990 1840; x_wconf 89' lang='lat' dir='ltr'><strong>Quod</strong></span> <span class='ocrx_word' id='word_1_254' title='bbox 3051 1782 3234 1833; x_wconf 89' lang='lat' dir='ltr'><strong>autem</strong></span> <span class='ocrx_word' id='word_1_255' title='bbox 3290 1772 3495 1839; x_wconf 91' lang='lat' dir='ltr'><strong>prolem</strong></span> 
     </span>
    </p>
   </div>
   <div class='ocr_carea' id='block_1_35' title="bbox 258 1859 1823 1936">
    <p class='ocr_par' dir='ltr' id='par_1_35' title="bbox 258 1859 1820 1932">
     <span class='ocr_line' id='line_1_35' title="bbox 258 1859 1820 1932; baseline 0.001 -22"><span class='ocrx_word' id='word_1_256' title='bbox 258 1859 409 1929; x_wconf 84' lang='grc' dir='ltr'>τίμου</span> <span class='ocrx_word' id='word_1_257' title='bbox 476 1860 666 1923; x_wconf 82' lang='grc' dir='ltr'>ὓδατος</span> <span class='ocrx_word' id='word_1_258' title='bbox 698 1863 922 1932; x_wconf 83' lang='grc' dir='ltr'>πλῆρες.</span> <span class='ocrx_word' id='word_1_259' title='bbox 957 1866 1075 1917; x_wconf 87' lang='grc' dir='ltr'>Ὅτι</span> <span class='ocrx_word' id='word_1_260' title='bbox 1100 1864 1157 1917; x_wconf 81' lang='grc' dir='ltr'>δὲ</span> <span class='ocrx_word' id='word_1_261' title='bbox 1200 1864 1293 1916; x_wconf 71' lang='grc' dir='ltr'><strong>καὶ</strong></span> <span class='ocrx_word' id='word_1_262' title='bbox 1322 1863 1420 1930; x_wconf 73' lang='grc' dir='ltr'>τῆς</span> <span class='ocrx_word' id='word_1_263' title='bbox 1459 1860 1820 1922; x_wconf 83' lang='grc' dir='ltr'>παιδοποιίας</span> 
     </span>
    </p>
   </div>
   <div class='ocr_carea' id='block_1_36' title="bbox 1930 1859 3495 1936">
    <p class='ocr_par' dir='ltr' id='par_1_36' title="bbox 1930 1864 3495 1936">
     <span class='ocr_line' id='line_1_36' title="bbox 1930 1864 3495 1936; baseline -0.003 -15"><span class='ocrx_word' id='word_1_264' title='bbox 1930 1882 2279 1922; x_wconf 89' lang='lat' dir='ltr'><strong>numerosam</strong></span> <span class='ocrx_word' id='word_1_265' title='bbox 2307 1866 2537 1926; x_wconf 86' lang='lat' dir='ltr'><strong>dederit.</strong></span> <span class='ocrx_word' id='word_1_266' title='bbox 2569 1875 2628 1921; x_wconf 90' lang='lat' dir='ltr'><strong>ut</strong></span> <span class='ocrx_word' id='word_1_267' title='bbox 2658 1866 2936 1936; x_wconf 84' lang='lat' dir='ltr'><strong>pollicitus</strong></span> <span class='ocrx_word' id='word_1_268' title='bbox 2964 1874 3101 1928; x_wconf 79' lang='lat' dir='ltr'><strong>erat,</strong></span> <span class='ocrx_word' id='word_1_269' title='bbox 3134 1864 3495 1921; x_wconf 65' lang='lat' dir='ltr'><strong>testiﬁcantur</strong></span> 
     </span>
    </p>
   </div>
   <div class='ocr_carea' id='block_1_37' title="bbox 261 1948 1826 2028">
    <p class='ocr_par' dir='ltr' id='par_1_37' title="bbox 261 1948 1826 2024">
     <span class='ocr_line' id='line_1_37' title="bbox 261 1948 1826 2024; baseline -0.001 -21"><span class='ocrx_word' id='word_1_270' title='bbox 261 1951 315 2003; x_wconf 84' lang='grc' dir='ltr'><strong>τὸ</strong></span> <span class='ocrx_word' id='word_1_271' title='bbox 344 1950 551 2021; x_wconf 81' lang='grc' dir='ltr'>πλῆθος</span> <span class='ocrx_word' id='word_1_272' title='bbox 583 1952 813 2007; x_wconf 81' lang='grc' dir='ltr'>δέδωκεν</span> <span class='ocrx_word' id='word_1_273' title='bbox 857 1954 933 2017; x_wconf 86' lang='grc' dir='ltr'>ὠς</span> <span class='ocrx_word' id='word_1_274' title='bbox 962 1954 1248 2024; x_wconf 82' lang='grc' dir='ltr'>ὑπέσχετο,</span> <span class='ocrx_word' id='word_1_275' title='bbox 1285 1954 1554 2024; x_wconf 87' lang='grc' dir='ltr'>μαρτυρεῖ</span> <span class='ocrx_word' id='word_1_276' title='bbox 1582 1950 1647 2004; x_wconf 78' lang='grc' dir='ltr'><strong>τὰ</strong></span> <span class='ocrx_word' id='word_1_277' title='bbox 1685 1948 1826 2020; x_wconf 84' lang='grc' dir='ltr'><strong>ὁρώ-</strong></span> 
     </span>
    </p>
   </div>
   <div class='ocr_carea' id='block_1_38' title="bbox 1937 1948 3502 2028">
    <p class='ocr_par' dir='ltr' id='par_1_38' title="bbox 1937 1953 3501 2028">
     <span class='ocr_line' id='line_1_38' title="bbox 1937 1953 3501 2028; baseline -0.004 -15"><span class='ocrx_word' id='word_1_278' title='bbox 1937 1973 2014 2021; x_wconf 84' lang='lat' dir='ltr'><strong>ea,</strong></span> <span class='ocrx_word' id='word_1_279' title='bbox 2053 1973 2175 2028; x_wconf 85' lang='lat' dir='ltr'><strong>quae</strong></span> <span class='ocrx_word' id='word_1_280' title='bbox 2213 1967 2488 2013; x_wconf 87' lang='lat' dir='ltr'><strong>suntame</strong></span> <span class='ocrx_word' id='word_1_281' title='bbox 2520 1957 2729 2014; x_wconf 90' lang='lat' dir='ltr'><strong>oculos.</strong></span> <span class='ocrx_word' id='word_1_282' title='bbox 2767 1957 2809 2009; x_wconf 87' lang='lat' dir='ltr'><strong>A</strong></span> <span class='ocrx_word' id='word_1_283' title='bbox 2843 1956 3040 2011; x_wconf 77' lang='lat' dir='ltr'><strong>ﬁnibus</strong></span> <span class='ocrx_word' id='word_1_284' title='bbox 3075 1956 3221 2011; x_wconf 90' lang='lat' dir='ltr'><strong>enim</strong></span> <span class='ocrx_word' id='word_1_285' title='bbox 3282 1953 3501 2025; x_wconf 57' lang='lat' dir='ltr'><strong>{Egypti</strong></span> 
     </span>
    </p>
   </div>
   <div class='ocr_carea' id='block_1_39' title="bbox 266 2032 1831 2120">
    <p class='ocr_par' dir='ltr' id='par_1_39' title="bbox 266 2041 1822 2116">
     <span class='ocr_line' id='line_1_39' title="bbox 266 2041 1822 2116; baseline -0.001 -22"><span class='ocrx_word' id='word_1_286' title='bbox 266 2059 415 2110; x_wconf 84' lang='grc' dir='ltr'>μενα.</span> <span class='ocrx_word' id='word_1_287' title='bbox 480 2044 615 2096; x_wconf 81' lang='grc' dir='ltr'>Ἀπὸ</span> <span class='ocrx_word' id='word_1_288' title='bbox 663 2044 772 2115; x_wconf 80' lang='grc' dir='ltr'>γὰρ</span> <span class='ocrx_word' id='word_1_289' title='bbox 818 2045 926 2097; x_wconf 81' lang='grc' dir='ltr'><strong>τῶν</strong></span> <span class='ocrx_word' id='word_1_290' title='bbox 957 2045 1096 2116; x_wconf 81' lang='grc' dir='ltr'>ὅρων</span> <span class='ocrx_word' id='word_1_291' title='bbox 1133 2044 1408 2112; x_wconf 72' lang='grc' dir='ltr'>Αἰγύπτου</span> <span class='ocrx_word' id='word_1_292' title='bbox 1447 2043 1607 2113; x_wconf 81' lang='grc' dir='ltr'>μέχρι</span> <span class='ocrx_word' id='word_1_293' title='bbox 1629 2041 1822 2094; x_wconf 75' lang='grc' dir='ltr'><strong>ἰΒαϐυ-</strong></span> 
     </span>
    </p>
   </div>
   <div class='ocr_carea' id='block_1_40' title="bbox 1937 2032 3502 2120">
    <p class='ocr_par' dir='ltr' id='par_1_40' title="bbox 1937 2032 3502 2120">
     <span class='ocr_line' id='line_1_40' title="bbox 1937 2032 3502 2120; baseline -0.003 -17"><span class='ocrx_word' id='word_1_294' title='bbox 1937 2063 2107 2118; x_wconf 90' lang='lat' dir='ltr'><strong>usque</strong></span> <span class='ocrx_word' id='word_1_295' title='bbox 2172 2049 2239 2103; x_wconf 91' lang='lat' dir='ltr'><strong>ad</strong></span> <span class='ocrx_word' id='word_1_296' title='bbox 2294 2032 2620 2120; x_wconf 86' lang='lat' dir='ltr'><strong>Babylonem</strong></span> <span class='ocrx_word' id='word_1_297' title='bbox 2676 2048 2838 2119; x_wconf 83' lang='lat' dir='ltr'><strong>hujus</strong></span> <span class='ocrx_word' id='word_1_298' title='bbox 2902 2049 3160 2119; x_wconf 79' lang='lat' dir='ltr'><strong>progenie</strong></span> <span class='ocrx_word' id='word_1_299' title='bbox 3230 2047 3502 2102; x_wconf 85' lang='lat' dir='ltr'><strong>desertum</strong></span> 
     </span>
    </p>
   </div>
   <div class='ocr_carea' id='block_1_41' title="bbox 264 2134 1829 2210">
    <p class='ocr_par' dir='ltr' id='par_1_41' title="bbox 264 2134 1829 2208">
     <span class='ocr_line' id='line_1_41' title="bbox 264 2134 1829 2208; baseline 0 -22"><span class='ocrx_word' id='word_1_300' title='bbox 264 2134 447 2198; x_wconf 80' lang='grc' dir='ltr'>λῶνος,</span> <span class='ocrx_word' id='word_1_301' title='bbox 477 2136 632 2191; x_wconf 76' lang='grc' dir='ltr'>τοῦδε</span> <span class='ocrx_word' id='word_1_302' title='bbox 655 2139 746 2191; x_wconf 80' lang='grc' dir='ltr'><strong>τοῦ</strong></span> <span class='ocrx_word' id='word_1_303' title='bbox 780 2138 972 2205; x_wconf 81' lang='grc' dir='ltr'>γένους</span> <span class='ocrx_word' id='word_1_304' title='bbox 1005 2140 1039 2206; x_wconf 83' lang='grc' dir='ltr'>ἡ</span> <span class='ocrx_word' id='word_1_305' title='bbox 1068 2136 1273 2208; x_wconf 81' lang='grc' dir='ltr'>ἔρημος</span> <span class='ocrx_word' id='word_1_306' title='bbox 1308 2136 1543 2206; x_wconf 86' lang='grc' dir='ltr'>πλήρης.</span> <span class='ocrx_word' id='word_1_307' title='bbox 1571 2135 1630 2188; x_wconf 88' lang='grc' dir='ltr'><strong>Ὀ</strong></span> <span class='ocrx_word' id='word_1_308' title='bbox 1651 2134 1829 2204; x_wconf 87' lang='grc' dir='ltr'>μέντοι</span> 
     </span>
    </p>
   </div>
   <div class='ocr_carea' id='block_1_42' title="bbox 1941 2134 3506 2210">
    <p class='ocr_par' dir='ltr' id='par_1_42' title="bbox 1941 2138 3506 2210">
     <span class='ocr_line' id='line_1_42' title="bbox 1941 2138 3506 2210; baseline -0.003 -16"><span class='ocrx_word' id='word_1_309' title='bbox 1941 2140 2191 2196; x_wconf 81' lang='lat' dir='ltr'><strong>abundat.</strong></span> <span class='ocrx_word' id='word_1_310' title='bbox 2234 2139 2497 2196; x_wconf 76' lang='lat' dir='ltr'><strong>Caeterum</strong></span> <span class='ocrx_word' id='word_1_311' title='bbox 2529 2140 2807 2196; x_wconf 85' lang='lat' dir='ltr'><strong>Abraham</strong></span> <span class='ocrx_word' id='word_1_312' title='bbox 2873 2141 3038 2195; x_wconf 88' lang='lat' dir='ltr'><strong>etiam</strong></span> <span class='ocrx_word' id='word_1_313' title='bbox 3076 2138 3186 2210; x_wconf 78' lang='lat'><strong>85</strong></span> <span class='ocrx_word' id='word_1_314' title='bbox 3255 2139 3389 2193; x_wconf 86' lang='lat' dir='ltr'><strong>locis</strong></span> <span class='ocrx_word' id='word_1_315' title='bbox 3438 2153 3506 2191; x_wconf 70' lang='lat' dir='ltr'><strong>ex</strong></span> 
     </span>
    </p>
   </div>
   <div class='ocr_carea' id='block_1_43' title="bbox 277 2225 1842 2302">
    <p class='ocr_par' dir='ltr' id='par_1_43' title="bbox 277 2225 1835 2298">
     <span class='ocr_line' id='line_1_43' title="bbox 277 2225 1835 2298; baseline 0 -21"><span class='ocrx_word' id='word_1_316' title='bbox 277 2226 526 2298; x_wconf 74' lang='grc' dir='ltr'>Ἀϐραὰμ</span> <span class='ocrx_word' id='word_1_317' title='bbox 575 2228 667 2281; x_wconf 74' lang='grc' dir='ltr'>καὶ</span> <span class='ocrx_word' id='word_1_318' title='bbox 725 2233 839 2293; x_wconf 83' lang='grc' dir='ltr'>τοῖς</span> <span class='ocrx_word' id='word_1_319' title='bbox 884 2230 1067 2293; x_wconf 84' lang='grc' dir='ltr'>τόποις</span> <span class='ocrx_word' id='word_1_320' title='bbox 1101 2230 1165 2282; x_wconf 80' lang='grc' dir='ltr'><strong>ὲκ</strong></span> <span class='ocrx_word' id='word_1_321' title='bbox 1189 2229 1289 2297; x_wconf 83' lang='grc' dir='ltr'><strong>τῆς</strong></span> <span class='ocrx_word' id='word_1_322' title='bbox 1332 2226 1612 2290; x_wconf 75' lang='grc' dir='ltr'>εὐσεϐείας</span> <span class='ocrx_word' id='word_1_323' title='bbox 1650 2225 1835 2279; x_wconf 75' lang='grc' dir='ltr'>ἐπιτέ-</span> 
     </span>
    </p>
   </div>
   <div class='ocr_carea' id='block_1_44' title="bbox 1948 2225 3513 2302">
    <p class='ocr_par' dir='ltr' id='par_1_44' title="bbox 1948 2228 3513 2302">
     <span class='ocr_line' id='line_1_44' title="bbox 1948 2228 3513 2302; baseline -0.004 -16"><span class='ocrx_word' id='word_1_324' title='bbox 1948 2231 2198 2302; x_wconf 73' lang='lat' dir='ltr'><strong>religione</strong></span> <span class='ocrx_word' id='word_1_325' title='bbox 2229 2230 2423 2285; x_wconf 88' lang='lat' dir='ltr'><strong>indidit</strong></span> <span class='ocrx_word' id='word_1_326' title='bbox 2454 2230 2697 2296; x_wconf 82' lang='lat' dir='ltr'><strong>nomina,</strong></span> <span class='ocrx_word' id='word_1_327' title='bbox 2756 2237 2811 2285; x_wconf 92' lang='lat' dir='ltr'><strong>et</strong></span> <span class='ocrx_word' id='word_1_328' title='bbox 2873 2245 3003 2300; x_wconf 84' lang='lat' dir='ltr'><strong>agro</strong></span> <span class='ocrx_word' id='word_1_329' title='bbox 3055 2230 3298 2299; x_wconf 89' lang='lat' dir='ltr'><strong>plantato</strong></span> <span class='ocrx_word' id='word_1_330' title='bbox 3354 2228 3513 2297; x_wconf 70' lang='lat' dir='ltr'><strong>juxta</strong></span> 
     </span>
    </p>
   </div>
   <div class='ocr_carea' id='block_1_45' title="bbox 270 2317 1835 2393">
    <p class='ocr_par' dir='ltr' id='par_1_45' title="bbox 270 2317 1835 2391">
     <span class='ocr_line' id='line_1_45' title="bbox 270 2317 1835 2391; baseline -0.001 -19"><span class='ocrx_word' id='word_1_331' title='bbox 270 2321 410 2373; x_wconf 88' lang='grc' dir='ltr'>θεικε</span> <span class='ocrx_word' id='word_1_332' title='bbox 438 2321 510 2374; x_wconf 70' lang='grc' dir='ltr'>τὰ</span> <span class='ocrx_word' id='word_1_333' title='bbox 552 2322 814 2391; x_wconf 83' lang='grc' dir='ltr'>ὀνόματα.</span> <span class='ocrx_word' id='word_1_334' title='bbox 874 2320 1151 2384; x_wconf 83' lang='grc' dir='ltr'>Φυτεύσας</span> <span class='ocrx_word' id='word_1_335' title='bbox 1200 2320 1310 2391; x_wconf 84' lang='grc' dir='ltr'><strong>γὰρ</strong></span> <span class='ocrx_word' id='word_1_336' title='bbox 1352 2319 1593 2391; x_wconf 84' lang='grc' dir='ltr'>ἄρουραν</span> <span class='ocrx_word' id='word_1_337' title='bbox 1629 2318 1722 2371; x_wconf 78' lang='grc' dir='ltr'>ἐπὶ</span> <span class='ocrx_word' id='word_1_338' title='bbox 1759 2317 1835 2388; x_wconf 85' lang='grc' dir='ltr'>τῷ</span> 
     </span>
    </p>
   </div>
   <div class='ocr_carea' id='block_1_46' title="bbox 1941 2317 3506 2393">
    <p class='ocr_par' dir='ltr' id='par_1_46' title="bbox 1941 2320 3506 2393">
     <span class='ocr_line' id='line_1_46' title="bbox 1941 2320 3506 2393; baseline -0.002 -16"><span class='ocrx_word' id='word_1_339' title='bbox 1941 2332 2160 2393; x_wconf 87' lang='lat' dir='ltr'><strong>puteum</strong></span> <span class='ocrx_word' id='word_1_340' title='bbox 2178 2321 2493 2392; x_wconf 87' lang='lat' dir='ltr'><strong>juramenti,</strong></span> <span class='ocrx_word' id='word_1_341' title='bbox 2537 2336 2736 2377; x_wconf 77' lang='lat' dir='ltr'><strong>nomen</strong></span> <span class='ocrx_word' id='word_1_342' title='bbox 2768 2322 3049 2392; x_wconf 86' lang='lat' dir='ltr'><strong>imposuit.</strong></span> <span class='ocrx_word' id='word_1_343' title='bbox 3076 2320 3218 2376; x_wconf 84' lang='lat' dir='ltr'><strong>Deus</strong></span> <span class='ocrx_word' id='word_1_344' title='bbox 3251 2328 3506 2375; x_wconf 63' lang='lat' dir='ltr'><strong>mternus.</strong></span> 
     </span>
    </p>
   </div>
   <div class='ocr_carea' id='block_1_47' title="bbox 271 2409 1840 2485">
    <p class='ocr_par' dir='ltr' id='par_1_47' title="bbox 271 2409 1840 2485">
     <span class='ocr_line' id='line_1_47' title="bbox 271 2409 1840 2485; baseline -0.002 -20"><span class='ocrx_word' id='word_1_345' title='bbox 271 2413 460 2484; x_wconf 76' lang='grc' dir='ltr'>φρέατι</span> <span class='ocrx_word' id='word_1_346' title='bbox 487 2413 584 2466; x_wconf 74' lang='grc' dir='ltr'>τοῦ</span> <span class='ocrx_word' id='word_1_347' title='bbox 617 2416 803 2485; x_wconf 82' lang='grc' dir='ltr'>ὅρκου,</span> <span class='ocrx_word' id='word_1_348' title='bbox 845 2415 1219 2468; x_wconf 74' lang='grc' dir='ltr'>ἐπεκαλέσατο</span> <span class='ocrx_word' id='word_1_349' title='bbox 1245 2414 1307 2468; x_wconf 90' lang='grc' dir='ltr'><strong>τὸ</strong></span> <span class='ocrx_word' id='word_1_350' title='bbox 1348 2413 1519 2484; x_wconf 76' lang='grc' dir='ltr'>ὄνομα</span> <span class='ocrx_word' id='word_1_351' title='bbox 1546 2409 1640 2466; x_wconf 79' lang='grc' dir='ltr'>τοῦ</span> <span class='ocrx_word' id='word_1_352' title='bbox 1668 2411 1840 2463; x_wconf 81' lang='grc' dir='ltr'>τόπου</span> 
     </span>
    </p>
   </div>
   <div class='ocr_carea' id='block_1_48' title="bbox 271 2504 1065 2576">
    <p class='ocr_par' dir='ltr' id='par_1_48' title="bbox 271 2504 1065 2576">
     <span class='ocr_line' id='line_1_48' title="bbox 271 2504 1065 2576; baseline 0.004 -19"><span class='ocrx_word' id='word_1_353' title='bbox 271 2506 476 2559; x_wconf 78' lang='grc' dir='ltr'>ἐκείνου</span> <span class='ocrx_word' id='word_1_354' title='bbox 506 2506 798 2576; x_wconf 31' lang='grc' dir='ltr'>(ΞΒ),,Θεὸς</span> <span class='ocrx_word' id='word_1_355' title='bbox 827 2504 1065 2570; x_wconf 84' lang='grc' dir='ltr'>αἰώνιος.</span> 
     </span>
    </p>
   </div>
   <div class='ocr_carea' id='block_1_49' title="bbox 891 2626 2456 2698">
    <p class='ocr_par' dir='ltr' id='par_1_49' title="bbox 891 2642 1246 2698">
     <span class='ocr_line' id='line_1_49' title="bbox 891 2642 1246 2698; baseline 0.011 -5"><span class='ocrx_word' id='word_1_356' title='bbox 891 2642 1085 2696; x_wconf 85' lang='grc' dir='ltr'><strong>ΕΡΩΤ.</strong></span> <span class='ocrx_word' id='word_1_357' title='bbox 1129 2643 1246 2698; x_wconf 79' lang='lat' dir='ltr'><strong>Ol&quot;.</strong></span> 
     </span>
    </p>
   </div>
   <div class='ocr_carea' id='block_1_50' title="bbox 1435 2626 3000 2698">
    <p class='ocr_par' dir='ltr' id='par_1_50' title="bbox 2459 2626 3000 2684">
     <span class='ocr_line' id='line_1_50' title="bbox 2459 2626 3000 2684; baseline -0.006 0"><span class='ocrx_word' id='word_1_358' title='bbox 2459 2627 2737 2684; x_wconf 74' lang='lat' dir='ltr'><strong>INTERR.</strong></span> <span class='ocrx_word' id='word_1_359' title='bbox 2770 2627 2850 2681; x_wconf 69' lang='lat' dir='ltr'><strong>LX</strong></span> <span class='ocrx_word' id='word_1_360' title='bbox 2867 2626 3000 2681; x_wconf 76' lang='lat' dir='ltr'><strong>Xlll.</strong></span> 
     </span>
    </p>
   </div>
   <div class='ocr_carea' id='block_1_51' title="bbox 270 2740 1835 2826">
    <p class='ocr_par' dir='ltr' id='par_1_51' title="bbox 270 2742 1835 2826">
     <span class='ocr_line' id='line_1_51' title="bbox 270 2742 1835 2826; baseline 0 -18"><span class='ocrx_word' id='word_1_361' title='bbox 270 2742 333 2810; x_wconf 77' lang='grc' dir='ltr'>ἐι</span> <span class='ocrx_word' id='word_1_362' title='bbox 372 2755 572 2811; x_wconf 72' lang='grc' dir='ltr'>πάντα</span> <span class='ocrx_word' id='word_1_363' title='bbox 609 2758 643 2811; x_wconf 81' lang='grc' dir='ltr'><em>ὁ</em></span> <span class='ocrx_word' id='word_1_364' title='bbox 684 2756 828 2821; x_wconf 82' lang='grc' dir='ltr'>Θεὸς</span> <span class='ocrx_word' id='word_1_365' title='bbox 862 2754 1276 2826; x_wconf 79' lang='grc' dir='ltr'>προγινώσκει,</span> <span class='ocrx_word' id='word_1_366' title='bbox 1314 2758 1476 2822; x_wconf 81' lang='grc' dir='ltr'>τινος</span> <span class='ocrx_word' id='word_1_367' title='bbox 1514 2756 1693 2810; x_wconf 78' lang='grc' dir='ltr'>ἕνεκα</span> <span class='ocrx_word' id='word_1_368' title='bbox 1740 2754 1835 2809; x_wconf 74' lang='grc' dir='ltr'><strong>τὸν</strong></span> 
     </span>
    </p>
   </div>
   <div class='ocr_carea' id='block_1_52' title="bbox 1951 2740 3516 2826">
    <p class='ocr_par' dir='ltr' id='par_1_52' title="bbox 1951 2740 3516 2826">
     <span class='ocr_line' id='line_1_52' title="bbox 1951 2740 3516 2826; baseline -0.009 -24"><span class='ocrx_word' id='word_1_369' title='bbox 1951 2748 2125 2815; x_wconf 85' lang='lat' dir='ltr'><strong>Quare</strong></span> <span class='ocrx_word' id='word_1_370' title='bbox 2162 2747 2303 2803; x_wconf 77' lang='lat' dir='ltr'><strong>Deus</strong></span> <span class='ocrx_word' id='word_1_371' title='bbox 2328 2748 2541 2802; x_wconf 78' lang='lat' dir='ltr'><strong>tentavit</strong></span> <span class='ocrx_word' id='word_1_372' title='bbox 2571 2745 2956 2826; x_wconf 72' lang='lat' dir='ltr'><strong>Abraham_um,</strong></span> <span class='ocrx_word' id='word_1_373' title='bbox 2986 2758 3104 2796; x_wconf 85' lang='lat' dir='ltr'><strong>cum</strong></span> <span class='ocrx_word' id='word_1_374' title='bbox 3151 2740 3327 2801; x_wconf 77' lang='lat' dir='ltr'><strong>onmia</strong></span> <span class='ocrx_word' id='word_1_375' title='bbox 3373 2752 3516 2805; x_wconf 56' lang='lat' dir='ltr'><strong>prce.</strong></span> 
     </span>
    </p>
   </div>
   <div class='ocr_carea' id='block_1_53' title="bbox 762 2817 2327 2896">
    <p class='ocr_par' dir='ltr' id='par_1_53' title="bbox 762 2817 1470 2896">
     <span class='ocr_line' id='line_1_53' title="bbox 762 2817 1470 2896; baseline 0 -15"><span class='ocrx_word' id='word_1_376' title='bbox 762 2817 1007 2896; x_wconf 63' lang='grc' dir='ltr'><em>Ἀόρᾶὰιὶ</em></span> <span class='ocrx_word' id='word_1_377' title='bbox 1045 2817 1368 2895; x_wconf 69' lang='grc' dir='ltr'>ἐπείρασες</span> <span class='ocrx_word' id='word_1_378' title='bbox 1457 2817 1470 2822; x_wconf 48' lang='grc'>⁷</span> 
     </span>
    </p>
   </div>
   <div class='ocr_carea' id='block_1_54' title="bbox 1301 2817 2866 2896">
    <p class='ocr_par' dir='ltr' id='par_1_54' title="bbox 1301 2817 2866 2889">
     <span class='ocr_line' id='line_1_54' title="bbox 1301 2817 2866 2889; baseline -0.001 -19"><span class='ocrx_word' id='word_1_379' title='bbox 1301 2843 1327 2880; x_wconf 82' lang='grc' dir='ltr'><em>ε</em></span> <span class='ocrx_word' id='word_1_380' title='bbox 1349 2842 1368 2889; x_wconf 78' lang='lat'><strong><em>;</em></strong></span> <span class='ocrx_word' id='word_1_381' title='bbox 1457 2817 1470 2822; x_wconf 72' lang='grc'>⁷</span> <span class='ocrx_word' id='word_1_382' title='bbox 2630 2825 2809 2870; x_wconf 81' lang='lat' dir='ltr'><strong>noscat</strong></span> <span class='ocrx_word' id='word_1_383' title='bbox 2826 2817 2866 2869; x_wconf 73' lang='lat'><strong>?&#39;</strong></span> 
     </span>
    </p>
   </div>
   <div class='ocr_carea' id='block_1_55' title="bbox 343 2921 1908 3011">
    <p class='ocr_par' dir='ltr' id='par_1_55' title="bbox 343 2937 1848 3011">
     <span class='ocr_line' id='line_1_55' title="bbox 343 2937 1848 3011; baseline -0.002 -19"><span class='ocrx_word' id='word_1_384' title='bbox 343 2939 456 3008; x_wconf 81' lang='grc' dir='ltr'><strong>Οὐχ</strong></span> <span class='ocrx_word' id='word_1_385' title='bbox 490 2939 577 2991; x_wconf 82' lang='grc' dir='ltr'><strong>ἶνα</strong></span> <span class='ocrx_word' id='word_1_386' title='bbox 608 2939 771 2999; x_wconf 81' lang='grc' dir='ltr'>αὐτὸς</span> <span class='ocrx_word' id='word_1_387' title='bbox 802 2940 948 3011; x_wconf 84' lang='grc' dir='ltr'>ἆπερ</span> <span class='ocrx_word' id='word_1_388' title='bbox 973 2937 1238 3008; x_wconf 73' lang='grc' dir='ltr'>ἠπίστατο</span> <span class='ocrx_word' id='word_1_389' title='bbox 1261 2938 1406 3010; x_wconf 82' lang='grc' dir='ltr'>μάθῃ</span> <span class='ocrx_word' id='word_1_390' title='bbox 1425 2954 1438 2969; x_wconf 82' lang='grc'><strong><em>⁸</em></strong></span> <span class='ocrx_word' id='word_1_391' title='bbox 1468 2938 1581 2991; x_wconf 76' lang='grc' dir='ltr'>ἀλλ’</span> <span class='ocrx_word' id='word_1_392' title='bbox 1615 2937 1702 2991; x_wconf 82' lang='grc' dir='ltr'>ἵνα</span> <span class='ocrx_word' id='word_1_393' title='bbox 1726 2938 1848 3002; x_wconf 73' lang='grc' dir='ltr'>τοὺς</span> 
     </span>
    </p>
   </div>
   <div class='ocr_carea' id='block_1_56' title="bbox 1956 2921 3521 3011">
    <p class='ocr_par' dir='ltr' id='par_1_56' title="bbox 2022 2921 3521 2997">
     <span class='ocr_line' id='line_1_56' title="bbox 2022 2921 3521 2997; baseline -0.009 -12"><span class='ocrx_word' id='word_1_394' title='bbox 2022 2930 2141 2987; x_wconf 81' lang='lat' dir='ltr'><strong>Non</strong></span> <span class='ocrx_word' id='word_1_395' title='bbox 2172 2939 2231 2985; x_wconf 89' lang='lat' dir='ltr'><strong>ut</strong></span> <span class='ocrx_word' id='word_1_396' title='bbox 2252 2929 2487 2984; x_wconf 90' lang='lat' dir='ltr'><strong>disceret</strong></span> <span class='ocrx_word' id='word_1_397' title='bbox 2514 2926 2631 2997; x_wconf 85' lang='lat' dir='ltr'><strong>ipse</strong></span> <span class='ocrx_word' id='word_1_398' title='bbox 2654 2940 2776 2995; x_wconf 61' lang='lat' dir='ltr'><strong>qua!</strong></span> <span class='ocrx_word' id='word_1_399' title='bbox 2805 2924 3036 2987; x_wconf 85' lang='lat' dir='ltr'><strong>sciebat,</strong></span> <span class='ocrx_word' id='word_1_400' title='bbox 3062 2921 3155 2977; x_wconf 87' lang='lat' dir='ltr'><strong>sed</strong></span> <span class='ocrx_word' id='word_1_401' title='bbox 3179 2931 3245 2976; x_wconf 87' lang='lat' dir='ltr'><strong>ut</strong></span> <span class='ocrx_word' id='word_1_402' title='bbox 3268 2922 3521 2989; x_wconf 49' lang='lat' dir='ltr'><strong>ignoranv</strong></span> 
     </span>
    </p>
   </div>
   <div class='ocr_carea' id='block_1_57' title="bbox 279 3008 1844 3103">
    <p class='ocr_par' dir='ltr' id='par_1_57' title="bbox 279 3008 1844 3103">
     <span class='ocr_line' id='line_1_57' title="bbox 279 3008 1844 3103; baseline 0 -20"><span class='ocrx_word' id='word_1_403' title='bbox 279 3031 608 3097; x_wconf 75' lang='grc' dir='ltr'>ἀγνοοῦντας</span> <span class='ocrx_word' id='word_1_404' title='bbox 637 3030 845 3103; x_wconf 80' lang='grc' dir='ltr'>διδάξῃ,</span> <span class='ocrx_word' id='word_1_405' title='bbox 879 3008 955 3094; x_wconf 72' lang='grc' dir='ltr'>ὥς</span> <span class='ocrx_word' id='word_1_406' title='bbox 1000 3030 1147 3100; x_wconf 85' lang='grc' dir='ltr'>μάλα</span> <span class='ocrx_word' id='word_1_407' title='bbox 1186 3008 1410 3093; x_wconf 73' lang='grc' dir='ltr'>δικαίως</span> <span class='ocrx_word' id='word_1_408' title='bbox 1444 3030 1534 3083; x_wconf 85' lang='grc' dir='ltr'><strong>τὸν</strong></span> <span class='ocrx_word' id='word_1_409' title='bbox 1581 3030 1844 3100; x_wconf 80' lang='grc' dir='ltr'>πατριάρ‹</span> 
     </span>
    </p>
   </div>
   <div class='ocr_carea' id='block_1_58' title="bbox 1956 3008 3521 3103">
    <p class='ocr_par' dir='ltr' id='par_1_58' title="bbox 1956 3008 3521 3090">
     <span class='ocr_line' id='line_1_58' title="bbox 1956 3008 3521 3090; baseline -0.012 -11"><span class='ocrx_word' id='word_1_410' title='bbox 1956 3034 2037 3079; x_wconf 87' lang='lat' dir='ltr'><strong>tes</strong></span> <span class='ocrx_word' id='word_1_411' title='bbox 2068 3023 2305 3087; x_wconf 87' lang='lat' dir='ltr'><strong>doceret,</strong></span> <span class='ocrx_word' id='word_1_412' title='bbox 2333 3034 2494 3090; x_wconf 89' lang='lat' dir='ltr'><strong>quam</strong></span> <span class='ocrx_word' id='word_1_413' title='bbox 2519 3018 2668 3089; x_wconf 86' lang='lat' dir='ltr'><strong>justa</strong></span> <span class='ocrx_word' id='word_1_414' title='bbox 2706 3016 2773 3071; x_wconf 91' lang='lat' dir='ltr'><strong>de</strong></span> <span class='ocrx_word' id='word_1_415' title='bbox 2810 3030 2974 3071; x_wconf 89' lang='lat' dir='ltr'><strong>causa</strong></span> <span class='ocrx_word' id='word_1_416' title='bbox 3004 3012 3371 3084; x_wconf 88' lang='lat' dir='ltr'><strong>patriarcham</strong></span> <span class='ocrx_word' id='word_1_417' title='bbox 3435 3008 3521 3063; x_wconf 81' lang='lat' dir='ltr'><strong>di-</strong></span> 
     </span>
    </p>
   </div>
   <div class='ocr_carea' id='block_1_59' title="bbox 280 3107 1845 3194">
    <p class='ocr_par' dir='ltr' id='par_1_59' title="bbox 280 3121 1845 3194">
     <span class='ocr_line' id='line_1_59' title="bbox 280 3121 1845 3194; baseline -0.001 -19"><span class='ocrx_word' id='word_1_418' title='bbox 280 3140 380 3192; x_wconf 79' lang='grc' dir='ltr'><strong>χην</strong></span> <span class='ocrx_word' id='word_1_419' title='bbox 424 3124 707 3193; x_wconf 77' lang='grc' dir='ltr'>ἠγάπησε.</span> <span class='ocrx_word' id='word_1_420' title='bbox 755 3122 959 3176; x_wconf 81' lang='grc' dir='ltr'>Τούτου</span> <span class='ocrx_word' id='word_1_421' title='bbox 1001 3122 1162 3194; x_wconf 83' lang='grc' dir='ltr'>χάριν</span> <span class='ocrx_word' id='word_1_422' title='bbox 1196 3123 1254 3174; x_wconf 85' lang='grc' dir='ltr'>ὲν</span> <span class='ocrx_word' id='word_1_423' title='bbox 1284 3122 1462 3193; x_wconf 74' lang='grc' dir='ltr'>τρισὶν</span> <span class='ocrx_word' id='word_1_424' title='bbox 1494 3121 1728 3193; x_wconf 81' lang='grc' dir='ltr'>ἡμέραις</span> <span class='ocrx_word' id='word_1_425' title='bbox 1760 3122 1845 3176; x_wconf 61' lang='grc' dir='ltr'>καὶ</span> 
     </span>
    </p>
   </div>
   <div class='ocr_carea' id='block_1_60' title="bbox 1960 3107 3525 3194">
    <p class='ocr_par' dir='ltr' id='par_1_60' title="bbox 1960 3107 3525 3189">
     <span class='ocr_line' id='line_1_60' title="bbox 1960 3107 3525 3189; baseline -0.01 -16"><span class='ocrx_word' id='word_1_426' title='bbox 1960 3118 2167 3189; x_wconf 85' lang='lat' dir='ltr'><strong>ligeret.</strong></span> <span class='ocrx_word' id='word_1_427' title='bbox 2203 3114 2313 3170; x_wconf 83' lang='lat' dir='ltr'><strong>Hac</strong></span> <span class='ocrx_word' id='word_1_428' title='bbox 2340 3114 2408 3168; x_wconf 91' lang='lat' dir='ltr'><strong>de</strong></span> <span class='ocrx_word' id='word_1_429' title='bbox 2432 3128 2597 3168; x_wconf 84' lang='lat' dir='ltr'><strong>causa</strong></span> <span class='ocrx_word' id='word_1_430' title='bbox 2631 3120 2739 3166; x_wconf 90' lang='lat' dir='ltr'><strong>tres</strong></span> <span class='ocrx_word' id='word_1_431' title='bbox 2770 3109 2886 3164; x_wconf 87' lang='lat' dir='ltr'><strong>dies</strong></span> <span class='ocrx_word' id='word_1_432' title='bbox 2946 3117 3001 3161; x_wconf 89' lang='lat' dir='ltr'><strong>et</strong></span> <span class='ocrx_word' id='word_1_433' title='bbox 3061 3107 3279 3161; x_wconf 90' lang='lat' dir='ltr'><strong>totidem</strong></span> <span class='ocrx_word' id='word_1_434' title='bbox 3340 3112 3525 3158; x_wconf 84' lang='lat' dir='ltr'><strong>noctes</strong></span> 
     </span>
    </p>
   </div>
   <div class='ocr_carea' id='block_1_61' title="bbox 280 3199 1845 3279">
    <p class='ocr_par' dir='ltr' id='par_1_61' title="bbox 280 3213 1845 3279">
     <span class='ocr_line' id='line_1_61' title="bbox 280 3213 1845 3279; baseline 0.001 -14"><span class='ocrx_word' id='word_1_435' title='bbox 280 3215 575 3278; x_wconf 79' lang='grc' dir='ltr'>τοσαύταις</span> <span class='ocrx_word' id='word_1_436' title='bbox 629 3214 747 3279; x_wconf 73' lang='grc' dir='ltr'>νυξὶ</span> <span class='ocrx_word' id='word_1_437' title='bbox 781 3215 873 3268; x_wconf 87' lang='grc' dir='ltr'><strong>τὸν</strong></span> <span class='ocrx_word' id='word_1_438' title='bbox 917 3214 1057 3268; x_wconf 84' lang='grc' dir='ltr'>θεῖον</span> <span class='ocrx_word' id='word_1_439' title='bbox 1107 3213 1396 3278; x_wconf 77' lang='grc' dir='ltr'>ἐϐασάνιζε</span> <span class='ocrx_word' id='word_1_440' title='bbox 1446 3213 1632 3268; x_wconf 84' lang='grc' dir='ltr'>πόθον.</span> <span class='ocrx_word' id='word_1_441' title='bbox 1677 3214 1845 3278; x_wconf 76' lang='grc' dir='ltr'>Μέσος</span> 
     </span>
    </p>
   </div>
   <div class='ocr_carea' id='block_1_62' title="bbox 1959 3199 3524 3279">
    <p class='ocr_par' dir='ltr' id='par_1_62' title="bbox 1960 3199 3524 3278">
     <span class='ocr_line' id='line_1_62' title="bbox 1960 3199 3524 3278; baseline -0.012 -9"><span class='ocrx_word' id='word_1_442' title='bbox 1960 3213 2161 3269; x_wconf 88' lang='lat' dir='ltr'><strong>amoris</strong></span> <span class='ocrx_word' id='word_1_443' title='bbox 2188 3208 2357 3266; x_wconf 87' lang='lat' dir='ltr'><strong>divini</strong></span> <span class='ocrx_word' id='word_1_444' title='bbox 2392 3207 2688 3278; x_wconf 91' lang='lat' dir='ltr'><strong>periculum</strong></span> <span class='ocrx_word' id='word_1_445' title='bbox 2729 3206 2781 3258; x_wconf 91' lang='lat' dir='ltr'><strong>in</strong></span> <span class='ocrx_word' id='word_1_446' title='bbox 2810 3202 3057 3261; x_wconf 85' lang='lat' dir='ltr'><strong>eo.fecit.</strong></span> <span class='ocrx_word' id='word_1_447' title='bbox 3091 3199 3224 3255; x_wconf 84' lang='lat' dir='ltr'><strong>Nam</strong></span> <span class='ocrx_word' id='word_1_448' title='bbox 3291 3199 3524 3269; x_wconf 85' lang='lat' dir='ltr'><strong>patriar—</strong></span> 
     </span>
    </p>
   </div>
   <div class='ocr_carea' id='block_1_63' title="bbox 280 3292 1845 3379">
    <p class='ocr_par' dir='ltr' id='par_1_63' title="bbox 280 3305 1845 3379">
     <span class='ocr_line' id='line_1_63' title="bbox 280 3305 1845 3379; baseline -0.004 -17"><span class='ocrx_word' id='word_1_449' title='bbox 280 3305 389 3375; x_wconf 75' lang='grc' dir='ltr'>γὰρ</span> <span class='ocrx_word' id='word_1_450' title='bbox 418 3305 497 3359; x_wconf 82' lang='grc' dir='ltr'>ὣν</span> <span class='ocrx_word' id='word_1_451' title='bbox 539 3309 567 3360; x_wconf 97' lang='lat'><strong>6</strong></span> <span class='ocrx_word' id='word_1_452' title='bbox 621 3308 966 3379; x_wconf 81' lang='grc' dir='ltr'>πατριάρχης</span> <span class='ocrx_word' id='word_1_453' title='bbox 1000 3306 1216 3377; x_wconf 79' lang='grc' dir='ltr'>φύσεώς</span> <span class='ocrx_word' id='word_1_454' title='bbox 1252 3324 1313 3360; x_wconf 90' lang='grc' dir='ltr'><strong>τε</strong></span> <span class='ocrx_word' id='word_1_455' title='bbox 1348 3306 1438 3359; x_wconf 74' lang='grc' dir='ltr'>καὶ</span> <span class='ocrx_word' id='word_1_456' title='bbox 1472 3307 1731 3375; x_wconf 88' lang='grc' dir='ltr'>πίστεως,</span> <span class='ocrx_word' id='word_1_457' title='bbox 1765 3308 1845 3361; x_wconf 53' lang='grc' dir='ltr'><strong>καί</strong></span> 
     </span>
    </p>
   </div>
   <div class='ocr_carea' id='block_1_64' title="bbox 1960 3292 3525 3379">
    <p class='ocr_par' dir='ltr' id='par_1_64' title="bbox 1960 3292 3525 3362">
     <span class='ocr_line' id='line_1_64' title="bbox 1960 3292 3525 3362; baseline -0.011 -1"><span class='ocrx_word' id='word_1_458' title='bbox 1960 3307 2060 3362; x_wconf 88' lang='lat' dir='ltr'><strong>cha</strong></span> <span class='ocrx_word' id='word_1_459' title='bbox 2090 3303 2303 3358; x_wconf 89' lang='lat' dir='ltr'><strong>medius</strong></span> <span class='ocrx_word' id='word_1_460' title='bbox 2348 3301 2488 3355; x_wconf 88' lang='lat' dir='ltr'><strong>inter</strong></span> <span class='ocrx_word' id='word_1_461' title='bbox 2549 3308 2825 3355; x_wconf 84' lang='lat' dir='ltr'><strong>naturam.</strong></span> <span class='ocrx_word' id='word_1_462' title='bbox 2856 3295 3200 3350; x_wconf 87' lang='lat' dir='ltr'><strong>constitutus.</strong></span> <span class='ocrx_word' id='word_1_463' title='bbox 3230 3301 3284 3347; x_wconf 90' lang='lat' dir='ltr'><strong>et</strong></span> <span class='ocrx_word' id='word_1_464' title='bbox 3345 3292 3525 3353; x_wconf 89' lang='lat' dir='ltr'><strong>ﬁdem,</strong></span> 
     </span>
    </p>
   </div>
   <div class='ocr_carea' id='block_1_65' title="bbox 281 3383 1846 3483">
    <p class='ocr_par' dir='ltr' id='par_1_65' title="bbox 281 3398 1846 3483">
     <span class='ocr_line' id='line_1_65' title="bbox 281 3398 1846 3483; baseline 0.005 -35"><span class='ocrx_word' id='word_1_465' title='bbox 281 3398 615 3467; x_wconf 82' lang='grc' dir='ltr'>νυττόμενος</span> <span class='ocrx_word' id='word_1_466' title='bbox 643 3399 1006 3471; x_wconf 78' lang='grc' dir='ltr'>ἑκατέρωθεν,</span> <span class='ocrx_word' id='word_1_467' title='bbox 1041 3399 1206 3453; x_wconf 78' lang='grc' dir='ltr'>ἔδωκε</span> <span class='ocrx_word' id='word_1_468' title='bbox 1233 3404 1297 3472; x_wconf 82' lang='grc' dir='ltr'>τῇ</span> <span class='ocrx_word' id='word_1_469' title='bbox 1327 3402 1508 3483; x_wconf 69' lang='grc' dir='ltr'>πίστει</span> <span class='ocrx_word' id='word_1_470' title='bbox 1541 3401 1611 3455; x_wconf 86' lang='grc' dir='ltr'>τὰ</span> <span class='ocrx_word' id='word_1_471' title='bbox 1638 3404 1846 3473; x_wconf 86' lang='grc' dir='ltr'>νικητή-</span> 
     </span>
    </p>
   </div>
   <div class='ocr_carea' id='block_1_66' title="bbox 1963 3383 3528 3483">
    <p class='ocr_par' dir='ltr' id='par_1_66' title="bbox 1963 3383 3528 3464">
     <span class='ocr_line' id='line_1_66' title="bbox 1963 3383 3528 3464; baseline -0.013 -11"><span class='ocrx_word' id='word_1_472' title='bbox 1963 3413 2085 3454; x_wconf 89' lang='lat' dir='ltr'><strong>cum</strong></span> <span class='ocrx_word' id='word_1_473' title='bbox 2127 3394 2378 3464; x_wconf 89' lang='lat' dir='ltr'><strong>utrinque</strong></span> <span class='ocrx_word' id='word_1_474' title='bbox 2406 3391 2798 3453; x_wconf 86' lang='lat' dir='ltr'><strong>stimularetur,</strong></span> <span class='ocrx_word' id='word_1_475' title='bbox 2836 3387 2956 3443; x_wconf 87' lang='lat' dir='ltr'><strong>ﬁdei</strong></span> <span class='ocrx_word' id='word_1_476' title='bbox 2984 3384 3393 3453; x_wconf 82' lang='lat' dir='ltr'><strong>deditpalmam</strong></span> <span class='ocrx_word' id='word_1_477' title='bbox 3450 3383 3528 3434; x_wconf 86' lang='lat' dir='ltr'><strong>vi—</strong></span> 
     </span>
    </p>
   </div>
   <div class='ocr_carea' id='block_1_67' title="bbox 289 3478 1854 3565">
    <p class='ocr_par' dir='ltr' id='par_1_67' title="bbox 289 3478 1854 3565">
     <span class='ocr_line' id='line_1_67' title="bbox 289 3478 1854 3565; baseline 0.003 -21"><span class='ocrx_word' id='word_1_478' title='bbox 289 3509 397 3561; x_wconf 82' lang='grc' dir='ltr'>ρια.</span> <span class='ocrx_word' id='word_1_479' title='bbox 460 3492 523 3545; x_wconf 87' lang='grc' dir='ltr'><strong>Ὀ</strong></span> <span class='ocrx_word' id='word_1_480' title='bbox 568 3492 625 3546; x_wconf 81' lang='grc' dir='ltr'>δὲ</span> <span class='ocrx_word' id='word_1_481' title='bbox 667 3493 800 3557; x_wconf 86' lang='grc' dir='ltr'>Θεὸς</span> <span class='ocrx_word' id='word_1_482' title='bbox 834 3492 1013 3558; x_wconf 77' lang='grc' dir='ltr'>δείξας</span> <span class='ocrx_word' id='word_1_483' title='bbox 1056 3492 1223 3546; x_wconf 78' lang='grc' dir='ltr'>αὑτοῦ</span> <span class='ocrx_word' id='word_1_484' title='bbox 1260 3495 1358 3565; x_wconf 80' lang='grc' dir='ltr'><strong>τὴν</strong></span> <span class='ocrx_word' id='word_1_485' title='bbox 1390 3478 1710 3561; x_wconf 71' lang='grc' dir='ltr'>ἐύσέὸειαν,</span> <span class='ocrx_word' id='word_1_486' title='bbox 1764 3497 1854 3565; x_wconf 61' lang='grc' dir='ltr'>τὴν</span> 
     </span>
    </p>
   </div>
   <div class='ocr_carea' id='block_1_68' title="bbox 1965 3478 3530 3565">
    <p class='ocr_par' dir='ltr' id='par_1_68' title="bbox 1965 3478 3530 3552">
     <span class='ocr_line' id='line_1_68' title="bbox 1965 3478 3530 3552; baseline -0.012 -8"><span class='ocrx_word' id='word_1_487' title='bbox 1965 3489 2167 3545; x_wconf 66' lang='lat' dir='ltr'><strong>ctorize.</strong></span> <span class='ocrx_word' id='word_1_488' title='bbox 2204 3488 2348 3541; x_wconf 90' lang='lat' dir='ltr'><strong>Deus</strong></span> <span class='ocrx_word' id='word_1_489' title='bbox 2380 3493 2563 3538; x_wconf 89' lang='lat' dir='ltr'><strong>autem</strong></span> <span class='ocrx_word' id='word_1_490' title='bbox 2594 3479 2931 3552; x_wconf 81' lang='lat' dir='ltr'><strong>patefaciens</strong></span> <span class='ocrx_word' id='word_1_491' title='bbox 2960 3479 3083 3550; x_wconf 89' lang='lat' dir='ltr'><strong>ejus</strong></span> <span class='ocrx_word' id='word_1_492' title='bbox 3111 3478 3389 3547; x_wconf 87' lang='lat' dir='ltr'><strong>pietatem.</strong></span> <span class='ocrx_word' id='word_1_493' title='bbox 3444 3489 3530 3528; x_wconf 77' lang='lat' dir='ltr'><strong>sa—</strong></span> 
     </span>
    </p>
   </div>
   <div class='ocr_carea' id='block_1_69' title="bbox 288 3562 1853 3657">
    <p class='ocr_par' dir='ltr' id='par_1_69' title="bbox 288 3562 1853 3657">
     <span class='ocr_line' id='line_1_69' title="bbox 288 3562 1853 3657; baseline 0.004 -23"><span class='ocrx_word' id='word_1_494' title='bbox 288 3582 481 3635; x_wconf 73' lang='grc' dir='ltr'>θυσίαν</span> <span class='ocrx_word' id='word_1_495' title='bbox 530 3583 799 3637; x_wconf 74' lang='grc' dir='ltr'>ἐκώλυσεν</span> <span class='ocrx_word' id='word_1_496' title='bbox 821 3601 835 3615; x_wconf 75' lang='grc' dir='ltr'><strong>ο</strong></span> <span class='ocrx_word' id='word_1_497' title='bbox 885 3587 914 3638; x_wconf 92' lang='lat'><strong>6</strong></span> <span class='ocrx_word' id='word_1_498' title='bbox 947 3586 1054 3657; x_wconf 77' lang='grc' dir='ltr'>γὰρ</span> <span class='ocrx_word' id='word_1_499' title='bbox 1085 3586 1181 3639; x_wconf 71' lang='grc' dir='ltr'>καὶ</span> <span class='ocrx_word' id='word_1_500' title='bbox 1207 3562 1323 3649; x_wconf 27' lang='grc' dir='ltr'>τὰς-</span> <span class='ocrx_word' id='word_1_501' title='bbox 1362 3587 1470 3640; x_wconf 85' lang='grc' dir='ltr'><strong>τῶν</strong></span> <span class='ocrx_word' id='word_1_502' title='bbox 1511 3586 1730 3656; x_wconf 58' lang='grc' dir='ltr'>,ἀλόγων</span> <span class='ocrx_word' id='word_1_503' title='bbox 1759 3562 1853 3640; x_wconf 82' lang='grc' dir='ltr'><strong>ἀπ-</strong></span> 
     </span>
    </p>
   </div>
   <div class='ocr_carea' id='block_1_70' title="bbox 1965 3562 3530 3657">
    <p class='ocr_par' dir='ltr' id='par_1_70' title="bbox 1965 3562 3530 3639">
     <span class='ocr_line' id='line_1_70' title="bbox 1965 3562 3530 3639; baseline -0.014 -2"><span class='ocrx_word' id='word_1_504' title='bbox 1965 3580 2226 3637; x_wconf 90' lang='lat' dir='ltr'><strong>crilicium</strong></span> <span class='ocrx_word' id='word_1_505' title='bbox 2275 3575 2541 3633; x_wconf 88' lang='lat' dir='ltr'><strong>cohibuit.</strong></span> <span class='ocrx_word' id='word_1_506' title='bbox 2589 3571 2691 3639; x_wconf 85' lang='lat' dir='ltr'><strong>Qui</strong></span> <span class='ocrx_word' id='word_1_507' title='bbox 2742 3570 2887 3626; x_wconf 90' lang='lat' dir='ltr'><strong>enim</strong></span> <span class='ocrx_word' id='word_1_508' title='bbox 2920 3568 3193 3634; x_wconf 82' lang='lat' dir='ltr'><strong>prohibet</strong></span> <span class='ocrx_word' id='word_1_509' title='bbox 3235 3562 3530 3619; x_wconf 84' lang='lat' dir='ltr'><strong>sacrificari</strong></span> 
     </span>
    </p>
   </div>
   <div class='ocr_carea' id='block_1_71' title="bbox 290 3654 1855 3751">
    <p class='ocr_par' dir='ltr' id='par_1_71' title="bbox 290 3675 1855 3751">
     <span class='ocr_line' id='line_1_71' title="bbox 290 3675 1855 3751; baseline 0.002 -22"><span class='ocrx_word' id='word_1_510' title='bbox 290 3675 575 3747; x_wconf 85' lang='grc' dir='ltr'>αγορεύων</span> <span class='ocrx_word' id='word_1_511' title='bbox 606 3677 817 3739; x_wconf 85' lang='grc' dir='ltr'>θυσίας.</span> <span class='ocrx_word' id='word_1_512' title='bbox 855 3678 973 3741; x_wconf 83' lang='grc' dir='ltr'><strong>πῶς</strong></span> <span class='ocrx_word' id='word_1_513' title='bbox 1009 3679 1075 3731; x_wconf 87' lang='grc' dir='ltr'>ἂν</span> <span class='ocrx_word' id='word_1_514' title='bbox 1120 3680 1371 3749; x_wconf 84' lang='grc' dir='ltr'>τοιαύτης</span> <span class='ocrx_word' id='word_1_515' title='bbox 1404 3679 1855 3751; x_wconf 77' lang='grc' dir='ltr'>ίερουργίαςίήνέ-</span> 
     </span>
    </p>
   </div>
   <div class='ocr_carea' id='block_1_72' title="bbox 1970 3654 3535 3751">
    <p class='ocr_par' dir='ltr' id='par_1_72' title="bbox 1970 3654 3535 3733">
     <span class='ocr_line' id='line_1_72' title="bbox 1970 3654 3535 3733; baseline -0.012 -4"><span class='ocrx_word' id='word_1_516' title='bbox 1970 3674 2064 3729; x_wconf 88' lang='lat' dir='ltr'><strong>sibi</strong></span> <span class='ocrx_word' id='word_1_517' title='bbox 2096 3670 2350 3726; x_wconf 83' lang='lat' dir='ltr'><strong>animalia</strong></span> <span class='ocrx_word' id='word_1_518' title='bbox 2378 3660 3024 3733; x_wconf 79' lang='lat' dir='ltr'><strong>irrationalia,quomodo</strong></span> <span class='ocrx_word' id='word_1_519' title='bbox 3053 3657 3381 3714; x_wconf 87' lang='lat' dir='ltr'><strong>sacriﬁcium</strong></span> <span class='ocrx_word' id='word_1_520' title='bbox 3429 3654 3535 3711; x_wconf 76' lang='lat' dir='ltr'><strong>tale</strong></span> 
     </span>
    </p>
   </div>
   <div class='ocr_carea' id='block_1_73' title="bbox 294 3744 1859 3843">
    <p class='ocr_par' dir='ltr' id='par_1_73' title="bbox 294 3744 1859 3843">
     <span class='ocr_line' id='line_1_73' title="bbox 294 3744 1859 3843; baseline 0.004 -25"><span class='ocrx_word' id='word_1_521' title='bbox 294 3744 488 3837; x_wconf 74' lang='grc' dir='ltr'>σχετος</span> <span class='ocrx_word' id='word_1_522' title='bbox 544 3767 715 3821; x_wconf 81' lang='grc' dir='ltr'>Τοῦτο</span> <span class='ocrx_word' id='word_1_523' title='bbox 742 3769 851 3840; x_wconf 83' lang='grc' dir='ltr'>γὰρ</span> <span class='ocrx_word' id='word_1_524' title='bbox 900 3770 1169 3825; x_wconf 83' lang='grc' dir='ltr'>Ἰουδαίων</span> <span class='ocrx_word' id='word_1_525' title='bbox 1220 3744 1859 3843; x_wconf 70' lang='grc' dir='ltr'>κατηγορῶνδιετέλεσε,</span> 
     </span>
    </p>
   </div>
   <div class='ocr_carea' id='block_1_74' title="bbox 1972 3744 3537 3843">
    <p class='ocr_par' dir='ltr' id='par_1_74' title="bbox 1972 3744 3537 3834">
     <span class='ocr_line' id='line_1_74' title="bbox 1972 3744 3537 3834; baseline -0.012 -16"><span class='ocrx_word' id='word_1_526' title='bbox 1972 3758 2318 3834; x_wconf 87' lang='lat' dir='ltr'><strong>pertulisset?</strong></span> <span class='ocrx_word' id='word_1_527' title='bbox 2346 3755 2624 3826; x_wconf 87' lang='lat' dir='ltr'><strong>Siquidem</strong></span> <span class='ocrx_word' id='word_1_528' title='bbox 2658 3754 2799 3807; x_wconf 89' lang='lat' dir='ltr'><strong>hanc</strong></span> <span class='ocrx_word' id='word_1_529' title='bbox 2827 3751 2897 3805; x_wconf 91' lang='lat' dir='ltr'><strong>ob</strong></span> <span class='ocrx_word' id='word_1_530' title='bbox 2926 3764 3039 3803; x_wconf 89' lang='lat' dir='ltr'><strong>rem</strong></span> <span class='ocrx_word' id='word_1_531' title='bbox 3064 3746 3284 3802; x_wconf 63' lang='lat' dir='ltr'><strong>Iudaeos</strong></span> <span class='ocrx_word' id='word_1_532' title='bbox 3314 3746 3432 3800; x_wconf 90' lang='lat' dir='ltr'><strong>sine</strong></span> <span class='ocrx_word' id='word_1_533' title='bbox 3460 3744 3537 3800; x_wconf 89' lang='lat' dir='ltr'><strong>in-</strong></span> 
     </span>
    </p>
   </div>
   <div class='ocr_carea' id='block_1_75' title="bbox 295 3837 1860 3937">
    <p class='ocr_par' dir='ltr' id='par_1_75' title="bbox 295 3837 1860 3937">
     <span class='ocr_line' id='line_1_75' title="bbox 295 3837 1860 3937; baseline 0.005 -27"><span class='ocrx_word' id='word_1_534' title='bbox 295 3860 388 3911; x_wconf 73' lang='grc' dir='ltr'>καὶ</span> <span class='ocrx_word' id='word_1_535' title='bbox 428 3859 521 3912; x_wconf 73' lang='grc' dir='ltr'><strong>διὰ</strong></span> <span class='ocrx_word' id='word_1_536' title='bbox 572 3860 671 3930; x_wconf 81' lang='grc' dir='ltr'>μὲν</span> <span class='ocrx_word' id='word_1_537' title='bbox 723 3837 886 3916; x_wconf 60' lang='grc' dir='ltr'>Δαδιδ</span> <span class='ocrx_word' id='word_1_538' title='bbox 929 3862 1023 3916; x_wconf 81' lang='grc' dir='ltr'>τοῦ</span> <span class='ocrx_word' id='word_1_539' title='bbox 1073 3837 1526 3937; x_wconf 36' lang='grc' dir='ltr'>προφήτου-θοᾷ·</span> <span class='ocrx_word' id='word_1_540' title='bbox 1572 3884 1589 3917; x_wconf 82' lang='grc' dir='ltr'><strong>ι</strong></span> <span class='ocrx_word' id='word_1_541' title='bbox 1626 3864 1860 3918; x_wconf 63' lang='grc' dir='ltr'>Ἐθυσαιι</span> 
     </span>
    </p>
   </div>
   <div class='ocr_carea' id='block_1_76' title="bbox 1969 3837 3534 3937">
    <p class='ocr_par' dir='ltr' id='par_1_76' title="bbox 1969 3837 3534 3914">
     <span class='ocr_line' id='line_1_76' title="bbox 1969 3837 3534 3914; baseline -0.013 -3"><span class='ocrx_word' id='word_1_542' title='bbox 1969 3853 2315 3911; x_wconf 91' lang='lat' dir='ltr'><strong>termissioue</strong></span> <span class='ocrx_word' id='word_1_543' title='bbox 2347 3858 2499 3905; x_wconf 91' lang='lat' dir='ltr'><strong>notat</strong></span> <span class='ocrx_word' id='word_1_544' title='bbox 2527 3867 2540 3903; x_wconf 76' lang='grc' dir='ltr'>ε</span> <span class='ocrx_word' id='word_1_545' title='bbox 2573 3858 2629 3901; x_wconf 88' lang='lat' dir='ltr'><strong>et</strong></span> <span class='ocrx_word' id='word_1_546' title='bbox 2648 3847 2843 3902; x_wconf 90' lang='lat' dir='ltr'><strong>clamat</strong></span> <span class='ocrx_word' id='word_1_547' title='bbox 2863 3859 2957 3914; x_wconf 91' lang='lat' dir='ltr'><strong>per</strong></span> <span class='ocrx_word' id='word_1_548' title='bbox 2993 3837 3534 3913; x_wconf 68' lang='lat' dir='ltr'><strong>prophetamDavid:</strong></span> 
     </span>
    </p>
   </div>
   <div class='ocr_carea' id='block_1_77' title="bbox 299 3929 1864 4030">
    <p class='ocr_par' dir='ltr' id='par_1_77' title="bbox 299 3929 1864 4030">
     <span class='ocr_line' id='line_1_77' title="bbox 299 3929 1864 4030; baseline 0.004 -28"><span class='ocrx_word' id='word_1_549' title='bbox 299 3951 423 4014; x_wconf 65' lang='grc' dir='ltr'>τοὺς</span> <span class='ocrx_word' id='word_1_550' title='bbox 472 3954 626 4017; x_wconf 80' lang='grc' dir='ltr'>υἱοὺς</span> <span class='ocrx_word' id='word_1_551' title='bbox 674 3954 854 4008; x_wconf 83' lang='grc' dir='ltr'>αὐτῶν</span> <span class='ocrx_word' id='word_1_552' title='bbox 902 3957 999 4009; x_wconf 72' lang='grc' dir='ltr'><strong>καὶ</strong></span> <span class='ocrx_word' id='word_1_553' title='bbox 1038 3958 1135 4021; x_wconf 81' lang='grc' dir='ltr'>τὰς</span> <span class='ocrx_word' id='word_1_554' title='bbox 1182 3929 1494 4030; x_wconf 74' lang='grc' dir='ltr'>θυγατέρας</span> <span class='ocrx_word' id='word_1_555' title='bbox 1535 3958 1715 4015; x_wconf 77' lang='grc' dir='ltr'>αὐτῶν</span> <span class='ocrx_word' id='word_1_556' title='bbox 1759 3960 1864 4021; x_wconf 81' lang='grc' dir='ltr'>τοῖς</span> 
     </span>
    </p>
   </div>
   <div class='ocr_carea' id='block_1_78' title="bbox 1976 3929 3541 4030">
    <p class='ocr_par' dir='ltr' id='par_1_78' title="bbox 1977 3929 3541 4002">
     <span class='ocr_line' id='line_1_78' title="bbox 1977 3929 3541 4002; baseline -0.012 -3"><span class='ocrx_word' id='word_1_557' title='bbox 1977 3969 2007 4000; x_wconf 72' lang='grc' dir='ltr'><strong>ι,</strong></span> <span class='ocrx_word' id='word_1_558' title='bbox 2039 3939 2527 4002; x_wconf 73' lang='lat' dir='ltr'><strong>Sacriﬁcaverunt&#39;</strong></span> <span class='ocrx_word' id='word_1_559' title='bbox 2551 3938 2692 3994; x_wconf 92' lang='lat' dir='ltr'><strong>ﬁlios</strong></span> <span class='ocrx_word' id='word_1_560' title='bbox 2743 3950 2874 3991; x_wconf 92' lang='lat' dir='ltr'><strong>suos</strong></span> <span class='ocrx_word' id='word_1_561' title='bbox 2910 3943 2965 3988; x_wconf 91' lang='lat' dir='ltr'><strong>et</strong></span> <span class='ocrx_word' id='word_1_562' title='bbox 2996 3934 3307 3987; x_wconf 82' lang='lat' dir='ltr'><strong>ﬁliassuas.</strong></span> <span class='ocrx_word' id='word_1_563' title='bbox 3344 3929 3541 3983; x_wconf 68' lang='lat' dir='ltr'><strong>daemo-</strong></span> 
     </span>
    </p>
   </div>
   <div class='ocr_carea' id='block_1_79' title="bbox 307 4020 1872 4120">
    <p class='ocr_par' dir='ltr' id='par_1_79' title="bbox 307 4020 1872 4120">
     <span class='ocr_line' id='line_1_79' title="bbox 307 4020 1872 4120; baseline 0.007 -27"><span class='ocrx_word' id='word_1_564' title='bbox 307 4040 619 4111; x_wconf 81' lang='grc' dir='ltr'>δαιμονίοις,</span> <span class='ocrx_word' id='word_1_565' title='bbox 660 4046 753 4097; x_wconf 81' lang='grc' dir='ltr'>καὶ</span> <span class='ocrx_word' id='word_1_566' title='bbox 784 4046 1006 4117; x_wconf 78' lang='grc' dir='ltr'>ἐξέχεαν</span> <span class='ocrx_word' id='word_1_567' title='bbox 1038 4042 1176 4117; x_wconf 78' lang='grc' dir='ltr'>αἷμα</span> <span class='ocrx_word' id='word_1_568' title='bbox 1214 4020 1412 4117; x_wconf 59' lang='grc' dir='ltr'>ἀθῶον,</span> <span class='ocrx_word' id='word_1_569' title='bbox 1447 4046 1585 4120; x_wconf 79' lang='grc' dir='ltr'>αἷμα</span> <span class='ocrx_word' id='word_1_570' title='bbox 1617 4052 1747 4105; x_wconf 74' lang='grc' dir='ltr'>υἱῶν</span> <span class='ocrx_word' id='word_1_571' title='bbox 1777 4020 1872 4104; x_wconf 50' lang='lat' dir='ltr'><strong>aii-</strong></span> 
     </span>
    </p>
   </div>
   <div class='ocr_carea' id='block_1_80' title="bbox 1976 4020 3541 4120">
    <p class='ocr_par' dir='ltr' id='par_1_80' title="bbox 1976 4020 3541 4097">
     <span class='ocr_line' id='line_1_80' title="bbox 1976 4020 3541 4097; baseline -0.013 -4"><span class='ocrx_word' id='word_1_572' title='bbox 1976 4038 2081 4093; x_wconf 92' lang='lat' dir='ltr'><strong>niis</strong></span> <span class='ocrx_word' id='word_1_573' title='bbox 2106 4056 2120 4091; x_wconf 75' lang='grc' dir='ltr'>ε</span> <span class='ocrx_word' id='word_1_574' title='bbox 2149 4044 2202 4090; x_wconf 91' lang='lat' dir='ltr'><strong>et</strong></span> <span class='ocrx_word' id='word_1_575' title='bbox 2232 4032 2539 4088; x_wconf 78' lang='lat' dir='ltr'><strong>effuderunt</strong></span> <span class='ocrx_word' id='word_1_576' title='bbox 2569 4027 2890 4097; x_wconf 77' lang='lat' dir='ltr'><strong>sanguinem</strong></span> <span class='ocrx_word' id='word_1_577' title='bbox 2923 4024 3297 4086; x_wconf 84' lang='lat' dir='ltr'><strong>innocentem,</strong></span> <span class='ocrx_word' id='word_1_578' title='bbox 3323 4020 3541 4087; x_wconf 81' lang='lat' dir='ltr'><strong>sangui-</strong></span> 
     </span>
    </p>
   </div>
   <div class='ocr_carea' id='block_1_81' title="bbox 310 4110 1875 4210">
    <p class='ocr_par' dir='ltr' id='par_1_81' title="bbox 310 4110 1875 4210">
     <span class='ocr_line' id='line_1_81' title="bbox 310 4110 1875 4210; baseline 0.008 -27"><span class='ocrx_word' id='word_1_579' title='bbox 310 4110 413 4183; x_wconf 80' lang='grc' dir='ltr'><strong>τῶν</strong></span> <span class='ocrx_word' id='word_1_580' title='bbox 440 4135 534 4186; x_wconf 74' lang='grc' dir='ltr'>καὶ</span> <span class='ocrx_word' id='word_1_581' title='bbox 579 4110 918 4208; x_wconf 55' lang='grc' dir='ltr'>θυγατέρων,</span> <span class='ocrx_word' id='word_1_582' title='bbox 951 4131 1026 4191; x_wconf 82' lang='grc' dir='ltr'>ὧν</span> <span class='ocrx_word' id='word_1_583' title='bbox 1076 4110 1272 4193; x_wconf 72' lang='grc' dir='ltr'>ἔθυσαν</span> <span class='ocrx_word' id='word_1_584' title='bbox 1300 4110 1414 4204; x_wconf 81' lang='grc' dir='ltr'>τοῖς</span> <span class='ocrx_word' id='word_1_585' title='bbox 1461 4110 1720 4210; x_wconf 76' lang='grc' dir='ltr'>γλυπτοῖς</span> <span class='ocrx_word' id='word_1_586' title='bbox 1764 4143 1875 4196; x_wconf 87' lang='grc' dir='ltr'>Χα-</span> 
     </span>
    </p>
   </div>
   <div class='ocr_carea' id='block_1_82' title="bbox 1977 4110 3542 4210">
    <p class='ocr_par' dir='ltr' id='par_1_82' title="bbox 1977 4110 3542 4185">
     <span class='ocr_line' id='line_1_82' title="bbox 1977 4110 3542 4185; baseline -0.015 0"><span class='ocrx_word' id='word_1_587' title='bbox 1977 4146 2099 4185; x_wconf 89' lang='lat' dir='ltr'><strong>nem</strong></span> <span class='ocrx_word' id='word_1_588' title='bbox 2129 4128 2362 4183; x_wconf 86' lang='lat' dir='ltr'><strong>filiorum</strong></span> <span class='ocrx_word' id='word_1_589' title='bbox 2396 4137 2620 4179; x_wconf 91' lang='lat' dir='ltr'><strong>suorum</strong></span> <span class='ocrx_word' id='word_1_590' title='bbox 2645 4130 2700 4175; x_wconf 91' lang='lat' dir='ltr'><strong>et</strong></span> <span class='ocrx_word' id='word_1_591' title='bbox 2739 4118 2972 4172; x_wconf 87' lang='lat' dir='ltr'><strong>ﬁliarum</strong></span> <span class='ocrx_word' id='word_1_592' title='bbox 3012 4128 3257 4177; x_wconf 90' lang='lat' dir='ltr'><strong>suarum,</strong></span> <span class='ocrx_word' id='word_1_593' title='bbox 3280 4126 3419 4182; x_wconf 89' lang='lat' dir='ltr'><strong>quos</strong></span> <span class='ocrx_word' id='word_1_594' title='bbox 3444 4110 3542 4163; x_wconf 77' lang='lat' dir='ltr'><strong>ini-</strong></span> 
     </span>
    </p>
   </div>
   <div class='ocr_carea' id='block_1_83' title="bbox 309 4204 1874 4301">
    <p class='ocr_par' dir='ltr' id='par_1_83' title="bbox 309 4204 1874 4301">
     <span class='ocr_line' id='line_1_83' title="bbox 309 4204 1874 4301; baseline 0.009 -29"><span class='ocrx_word' id='word_1_595' title='bbox 309 4223 459 4276; x_wconf 77' lang='grc' dir='ltr'>ναάν.</span> <span class='ocrx_word' id='word_1_596' title='bbox 517 4244 537 4275; x_wconf 76' lang='grc' dir='ltr'><strong>ι</strong></span> <span class='ocrx_word' id='word_1_597' title='bbox 581 4227 682 4279; x_wconf 79' lang='grc' dir='ltr'><strong>Διὰ</strong></span> <span class='ocrx_word' id='word_1_598' title='bbox 732 4204 801 4280; x_wconf 42' lang='grc' dir='ltr'><strong>δὲ’</strong></span> <span class='ocrx_word' id='word_1_599' title='bbox 831 4228 924 4280; x_wconf 80' lang='grc' dir='ltr'>τοῦ</span> <span class='ocrx_word' id='word_1_600' title='bbox 966 4227 1243 4301; x_wconf 76' lang='grc' dir='ltr'>Ἰεζεκιήλ·</span> <span class='ocrx_word' id='word_1_601' title='bbox 1304 4250 1322 4282; x_wconf 79' lang='grc' dir='ltr'><strong>ι</strong></span> <span class='ocrx_word' id='word_1_602' title='bbox 1365 4204 1484 4284; x_wconf 30' lang='grc' dir='ltr'><strong>Καὶ*</strong></span> <span class='ocrx_word' id='word_1_603' title='bbox 1520 4204 1711 4295; x_wconf 72' lang='grc' dir='ltr'>ἔλαϐες</span> <span class='ocrx_word' id='word_1_604' title='bbox 1753 4233 1874 4287; x_wconf 77' lang='grc' dir='ltr'>τοὺς</span> 
     </span>
    </p>
   </div>
   <div class='ocr_carea' id='block_1_84' title="bbox 1979 4204 3544 4301">
    <p class='ocr_par' dir='ltr' id='par_1_84' title="bbox 1979 4204 3544 4286">
     <span class='ocr_line' id='line_1_84' title="bbox 1979 4204 3544 4286; baseline -0.014 -9"><span class='ocrx_word' id='word_1_605' title='bbox 1979 4223 2320 4277; x_wconf 85' lang='lat' dir='ltr'><strong>molaverunt</strong></span> <span class='ocrx_word' id='word_1_606' title='bbox 2356 4213 2700 4286; x_wconf 89' lang='lat' dir='ltr'><strong>sculptilibus</strong></span> <span class='ocrx_word' id='word_1_607' title='bbox 2726 4210 3051 4266; x_wconf 70' lang='lat' dir='ltr'><strong>Chanaan‘.</strong></span> <span class='ocrx_word' id='word_1_608' title='bbox 3099 4225 3117 4257; x_wconf 78' lang='grc' dir='ltr'><strong>ι</strong></span> <span class='ocrx_word' id='word_1_609' title='bbox 3154 4204 3342 4259; x_wconf 84' lang='lat' dir='ltr'><strong>itidem</strong></span> <span class='ocrx_word' id='word_1_610' title='bbox 3375 4211 3429 4258; x_wconf 91' lang='lat' dir='ltr'><strong>et</strong></span> <span class='ocrx_word' id='word_1_611' title='bbox 3450 4217 3544 4271; x_wconf 84' lang='lat' dir='ltr'><strong>per</strong></span> 
     </span>
    </p>
   </div>
   <div class='ocr_carea' id='block_1_85' title="bbox 308 4295 1873 4393">
    <p class='ocr_par' dir='ltr' id='par_1_85' title="bbox 308 4295 1873 4393">
     <span class='ocr_line' id='line_1_85' title="bbox 308 4295 1873 4393; baseline 0.007 -27"><span class='ocrx_word' id='word_1_612' title='bbox 308 4314 452 4379; x_wconf 81' lang='grc' dir='ltr'>υἱούς</span> <span class='ocrx_word' id='word_1_613' title='bbox 499 4334 614 4378; x_wconf 87' lang='grc' dir='ltr'>σου.</span> <span class='ocrx_word' id='word_1_614' title='bbox 662 4320 754 4371; x_wconf 72' lang='grc' dir='ltr'><strong>καὶ</strong></span> <span class='ocrx_word' id='word_1_615' title='bbox 784 4319 883 4384; x_wconf 82' lang='grc' dir='ltr'>τὰς</span> <span class='ocrx_word' id='word_1_616' title='bbox 914 4295 1217 4391; x_wconf 79' lang='grc' dir='ltr'>θυγατέρας</span> <span class='ocrx_word' id='word_1_617' title='bbox 1269 4339 1387 4388; x_wconf 89' lang='grc' dir='ltr'>σου,</span> <span class='ocrx_word' id='word_1_618' title='bbox 1440 4321 1533 4385; x_wconf 79' lang='grc' dir='ltr'><strong>οὓς</strong></span> <span class='ocrx_word' id='word_1_619' title='bbox 1583 4322 1873 4393; x_wconf 81' lang='grc' dir='ltr'>ὲγέννησὰς</span> 
     </span>
    </p>
   </div>
   <div class='ocr_carea' id='block_1_86' title="bbox 1979 4295 3544 4393">
    <p class='ocr_par' dir='ltr' id='par_1_86' title="bbox 1982 4295 3544 4374">
     <span class='ocr_line' id='line_1_86' title="bbox 1982 4295 3544 4374; baseline -0.013 -9"><span class='ocrx_word' id='word_1_620' title='bbox 1982 4309 2357 4367; x_wconf 86' lang='lat' dir='ltr'><strong>Ezechielem:</strong></span> <span class='ocrx_word' id='word_1_621' title='bbox 2398 4326 2416 4358; x_wconf 83' lang='grc' dir='ltr'><strong>ι</strong></span> <span class='ocrx_word' id='word_1_622' title='bbox 2450 4301 2725 4374; x_wconf 81' lang='lat' dir='ltr'><strong>AccepiSti</strong></span> <span class='ocrx_word' id='word_1_623' title='bbox 2753 4300 2897 4357; x_wconf 86' lang='lat' dir='ltr'><strong>ﬁlios</strong></span> <span class='ocrx_word' id='word_1_624' title='bbox 2930 4308 3054 4355; x_wconf 85' lang='lat' dir='ltr'><strong>tuos</strong></span> <span class='ocrx_word' id='word_1_625' title='bbox 3084 4306 3141 4352; x_wconf 86' lang='lat' dir='ltr'><strong>et</strong></span> <span class='ocrx_word' id='word_1_626' title='bbox 3203 4295 3341 4349; x_wconf 89' lang='lat' dir='ltr'><strong>ﬁlias</strong></span> <span class='ocrx_word' id='word_1_627' title='bbox 3401 4302 3544 4357; x_wconf 91' lang='lat' dir='ltr'><strong>tuas,</strong></span> 
     </span>
    </p>
   </div>
   <div class='ocr_carea' id='block_1_87' title="bbox 308 4387 1873 4485">
    <p class='ocr_par' dir='ltr' id='par_1_87' title="bbox 308 4410 1872 4485">
     <span class='ocr_line' id='line_1_87' title="bbox 308 4410 1872 4485; baseline 0.005 -26"><span class='ocrx_word' id='word_1_628' title='bbox 308 4424 422 4475; x_wconf 85' lang='grc' dir='ltr'>μοι,</span> <span class='ocrx_word' id='word_1_629' title='bbox 450 4410 547 4462; x_wconf 77' lang='grc' dir='ltr'><strong>καὶ</strong></span> <span class='ocrx_word' id='word_1_630' title='bbox 577 4411 963 4481; x_wconf 80' lang='grc' dir='ltr'>προσήνεγκας</span> <span class='ocrx_word' id='word_1_631' title='bbox 996 4413 1193 4475; x_wconf 78' lang='grc' dir='ltr'>αὐτοὺς</span> <span class='ocrx_word' id='word_1_632' title='bbox 1226 4418 1336 4477; x_wconf 83' lang='grc' dir='ltr'>τοῖς</span> <span class='ocrx_word' id='word_1_633' title='bbox 1388 4417 1645 4485; x_wconf 78' lang='grc' dir='ltr'>ἐρασταῖς</span> <span class='ocrx_word' id='word_1_634' title='bbox 1695 4433 1810 4469; x_wconf 89' lang='grc' dir='ltr'>σου.</span> <span class='ocrx_word' id='word_1_635' title='bbox 1854 4434 1872 4467; x_wconf 78' lang='grc' dir='ltr'><strong>ι</strong></span> 
     </span>
    </p>
   </div>
   <div class='ocr_carea' id='block_1_88' title="bbox 1982 4387 3547 4485">
    <p class='ocr_par' dir='ltr' id='par_1_88' title="bbox 1986 4387 3547 4477">
     <span class='ocr_line' id='line_1_88' title="bbox 1986 4387 3547 4477; baseline -0.012 -19"><span class='ocrx_word' id='word_1_636' title='bbox 1986 4421 2123 4477; x_wconf 88' lang='lat' dir='ltr'><strong>quas</strong></span> <span class='ocrx_word' id='word_1_637' title='bbox 2164 4401 2398 4476; x_wconf 75' lang='lat' dir='ltr'><strong>genuisti</strong></span> <span class='ocrx_word' id='word_1_638' title='bbox 2451 4399 2608 4464; x_wconf 90' lang='lat' dir='ltr'><strong>mihi,</strong></span> <span class='ocrx_word' id='word_1_639' title='bbox 2662 4408 2717 4452; x_wconf 89' lang='lat' dir='ltr'><strong>et</strong></span> <span class='ocrx_word' id='word_1_640' title='bbox 2760 4393 3004 4450; x_wconf 87' lang='lat' dir='ltr'><strong>obtulisti</strong></span> <span class='ocrx_word' id='word_1_641' title='bbox 3060 4406 3157 4447; x_wconf 90' lang='lat' dir='ltr'><strong>eos</strong></span> <span class='ocrx_word' id='word_1_642' title='bbox 3211 4387 3547 4444; x_wconf 89' lang='lat' dir='ltr'><strong>amatoribus</strong></span> 
     </span>
    </p>
   </div>
   <div class='ocr_carea' id='block_1_89' title="bbox 304 4467 1869 4575">
    <p class='ocr_par' dir='ltr' id='par_1_89' title="bbox 304 4467 1869 4575">
     <span class='ocr_line' id='line_1_89' title="bbox 304 4467 1869 4575; baseline 0.004 -26"><span class='ocrx_word' id='word_1_643' title='bbox 304 4467 442 4550; x_wconf 59' lang='grc' dir='ltr'>Εἶτα</span> <span class='ocrx_word' id='word_1_644' title='bbox 484 4467 701 4563; x_wconf 76' lang='grc' dir='ltr'>δεικνὺς</span> <span class='ocrx_word' id='word_1_645' title='bbox 1016 4467 1245 4566; x_wconf 74' lang='grc' dir='ltr'>ἀτοπίας</span> <span class='ocrx_word' id='word_1_646' title='bbox 1276 4467 1601 4575; x_wconf 64' lang='grc' dir='ltr'>ὑπερδολὴν,</span> <span class='ocrx_word' id='word_1_647' title='bbox 1630 4467 1869 4573; x_wconf 63' lang='grc' dir='ltr'>έπήγαγε</span> 
     </span>
    </p>
   </div>
   <div class='ocr_carea' id='block_1_90' title="bbox 1981 4467 3546 4575">
    <p class='ocr_par' dir='ltr' id='par_1_90' title="bbox 1987 4467 3546 4554">
     <span class='ocr_line' id='line_1_90' title="bbox 1987 4467 3546 4554; baseline -0.014 -1"><span class='ocrx_word' id='word_1_648' title='bbox 1987 4467 2096 4554; x_wconf 58' lang='lat' dir='ltr'><strong>tuis</strong></span> <span class='ocrx_word' id='word_1_649' title='bbox 2130 4467 2192 4550; x_wconf 44' lang='grc' dir='ltr'><strong><em>δῖ</em></strong></span> <span class='ocrx_word' id='word_1_650' title='bbox 2222 4514 2240 4545; x_wconf 79' lang='grc' dir='ltr'><strong>ι</strong></span> <span class='ocrx_word' id='word_1_651' title='bbox 2279 4492 2481 4548; x_wconf 89' lang='lat' dir='ltr'><strong>Deinde</strong></span> <span class='ocrx_word' id='word_1_652' title='bbox 2527 4490 2911 4544; x_wconf 85' lang='lat' dir='ltr'><strong>demonstrans</strong></span> <span class='ocrx_word' id='word_1_653' title='bbox 2961 4482 3312 4540; x_wconf 89' lang='lat' dir='ltr'><strong>absurditatis</strong></span> <span class='ocrx_word' id='word_1_654' title='bbox 3359 4494 3546 4533; x_wconf 85' lang='lat' dir='ltr'><strong>exces—</strong></span> 
     </span>
    </p>
   </div>
   <div class='ocr_carea' id='block_1_91' title="bbox 302 4577 1867 4669">
    <p class='ocr_par' dir='ltr' id='par_1_91' title="bbox 302 4590 1867 4669">
     <span class='ocr_line' id='line_1_91' title="bbox 302 4590 1867 4669; baseline 0.003 -27"><span class='ocrx_word' id='word_1_655' title='bbox 302 4590 489 4643; x_wconf 80' lang='grc' dir='ltr'>τοῦτο·</span> <span class='ocrx_word' id='word_1_656' title='bbox 531 4610 551 4641; x_wconf 78' lang='grc' dir='ltr'><strong>ι</strong></span> <span class='ocrx_word' id='word_1_657' title='bbox 592 4592 747 4664; x_wconf 75' lang='grc' dir='ltr'>Παρὰ</span> <span class='ocrx_word' id='word_1_658' title='bbox 775 4595 955 4648; x_wconf 81' lang='grc' dir='ltr'>πᾶσαν</span> <span class='ocrx_word' id='word_1_659' title='bbox 983 4594 1083 4665; x_wconf 77' lang='grc' dir='ltr'>τὴν</span> <span class='ocrx_word' id='word_1_660' title='bbox 1113 4596 1368 4669; x_wconf 88' lang='grc' dir='ltr'>πορνείαν</span> <span class='ocrx_word' id='word_1_661' title='bbox 1402 4614 1513 4651; x_wconf 87' lang='grc' dir='ltr'>σου.</span> <span class='ocrx_word' id='word_1_662' title='bbox 1554 4615 1572 4648; x_wconf 74' lang='grc' dir='ltr'><strong>ι</strong></span> <span class='ocrx_word' id='word_1_663' title='bbox 1617 4596 1674 4649; x_wconf 87' lang='lat'><strong>&#39;0</strong></span> <span class='ocrx_word' id='word_1_664' title='bbox 1701 4595 1867 4649; x_wconf 64' lang='grc' dir='ltr'>τοίνυι</span> 
     </span>
    </p>
   </div>
   <div class='ocr_carea' id='block_1_92' title="bbox 1983 4577 3548 4669">
    <p class='ocr_par' dir='ltr' id='par_1_92' title="bbox 1985 4577 3548 4658">
     <span class='ocr_line' id='line_1_92' title="bbox 1985 4577 3548 4658; baseline -0.017 -9"><span class='ocrx_word' id='word_1_665' title='bbox 1985 4608 2129 4655; x_wconf 86' lang='lat' dir='ltr'><strong>sum,</strong></span> <span class='ocrx_word' id='word_1_666' title='bbox 2164 4588 2445 4658; x_wconf 80' lang='lat' dir='ltr'><strong>subjunxit</strong></span> <span class='ocrx_word' id='word_1_667' title='bbox 2474 4582 2615 4639; x_wconf 89' lang='lat' dir='ltr'><strong>istud</strong></span> <span class='ocrx_word' id='word_1_668' title='bbox 2642 4600 2659 4635; x_wconf 86' lang='lat'><strong>:</strong></span> <span class='ocrx_word' id='word_1_669' title='bbox 2691 4601 2709 4632; x_wconf 83' lang='grc' dir='ltr'><strong>ι</strong></span> <span class='ocrx_word' id='word_1_670' title='bbox 2748 4580 2925 4649; x_wconf 90' lang='lat' dir='ltr'><strong>Supra</strong></span> <span class='ocrx_word' id='word_1_671' title='bbox 2955 4577 3371 4632; x_wconf 87' lang='lat' dir='ltr'><strong>fornicationem</strong></span> <span class='ocrx_word' id='word_1_672' title='bbox 3402 4583 3548 4625; x_wconf 89' lang='lat' dir='ltr'><strong>tuam</strong></span> 
     </span>
    </p>
   </div>
   <div class='ocr_carea' id='block_1_93' title="bbox 304 4667 1869 4757">
    <p class='ocr_par' dir='ltr' id='par_1_93' title="bbox 304 4681 1869 4757">
     <span class='ocr_line' id='line_1_93' title="bbox 304 4681 1869 4757; baseline 0.003 -24"><span class='ocrx_word' id='word_1_673' title='bbox 304 4683 421 4734; x_wconf 81' lang='grc' dir='ltr'><strong>τῶν</strong></span> <span class='ocrx_word' id='word_1_674' title='bbox 472 4681 644 4737; x_wconf 78' lang='grc' dir='ltr'>ταῦτα</span> <span class='ocrx_word' id='word_1_675' title='bbox 687 4684 1011 4753; x_wconf 83' lang='grc' dir='ltr'>τολμώντων</span> <span class='ocrx_word' id='word_1_676' title='bbox 1057 4686 1395 4757; x_wconf 86' lang='grc' dir='ltr'>κατηγορῶν,</span> <span class='ocrx_word' id='word_1_677' title='bbox 1452 4686 1568 4750; x_wconf 82' lang='grc' dir='ltr'><strong>πῶς</strong></span> <span class='ocrx_word' id='word_1_678' title='bbox 1617 4686 1683 4739; x_wconf 83' lang='grc' dir='ltr'>ἂν</span> <span class='ocrx_word' id='word_1_679' title='bbox 1724 4686 1869 4748; x_wconf 72' lang='grc' dir='ltr'>αὐτὸς</span> 
     </span>
    </p>
   </div>
   <div class='ocr_carea' id='block_1_94' title="bbox 1983 4667 3548 4757">
    <p class='ocr_par' dir='ltr' id='par_1_94' title="bbox 1990 4667 3548 4743">
     <span class='ocr_line' id='line_1_94' title="bbox 1990 4667 3548 4743; baseline -0.013 -7"><span class='ocrx_word' id='word_1_680' title='bbox 1990 4684 2319 4738; x_wconf 89' lang='lat' dir='ltr'><strong>universam.</strong></span> <span class='ocrx_word' id='word_1_681' title='bbox 2416 4696 2434 4728; x_wconf 82' lang='grc' dir='ltr'><strong>ι</strong></span> <span class='ocrx_word' id='word_1_682' title='bbox 2472 4673 2757 4743; x_wconf 89' lang='lat' dir='ltr'><strong>Quomodo</strong></span> <span class='ocrx_word' id='word_1_683' title='bbox 2783 4686 2912 4740; x_wconf 85' lang='lat' dir='ltr'><strong>ergo</strong></span> <span class='ocrx_word' id='word_1_684' title='bbox 2944 4671 3012 4733; x_wconf 87' lang='lat' dir='ltr'><strong>is,</strong></span> <span class='ocrx_word' id='word_1_685' title='bbox 3042 4668 3134 4737; x_wconf 92' lang='lat' dir='ltr'><strong>qui</strong></span> <span class='ocrx_word' id='word_1_686' title='bbox 3185 4667 3406 4721; x_wconf 89' lang='lat' dir='ltr'><strong>damnat</strong></span> <span class='ocrx_word' id='word_1_687' title='bbox 3434 4679 3548 4725; x_wconf 87' lang='lat' dir='ltr'><strong>eos,</strong></span> 
     </span>
    </p>
   </div>
   <div class='ocr_carea' id='block_1_95' title="bbox 305 4756 1870 4848">
    <p class='ocr_par' dir='ltr' id='par_1_95' title="bbox 305 4774 1870 4848">
     <span class='ocr_line' id='line_1_95' title="bbox 305 4774 1870 4848; baseline 0.004 -23"><span class='ocrx_word' id='word_1_688' title='bbox 305 4774 576 4845; x_wconf 70' lang='grc' dir='ltr'>ἠνέσχετο</span> <span class='ocrx_word' id='word_1_689' title='bbox 625 4775 879 4840; x_wconf 78' lang='grc' dir='ltr'>δέξασθαι</span> <span class='ocrx_word' id='word_1_690' title='bbox 933 4778 1098 4830; x_wconf 86' lang='grc' dir='ltr'>παῖδα</span> <span class='ocrx_word' id='word_1_691' title='bbox 1152 4778 1417 4848; x_wconf 86' lang='grc' dir='ltr'>μονογενῆ</span> <span class='ocrx_word' id='word_1_692' title='bbox 1479 4779 1629 4848; x_wconf 79' lang='grc' dir='ltr'>παρὰ</span> <span class='ocrx_word' id='word_1_693' title='bbox 1682 4779 1870 4847; x_wconf 62' lang='grc' dir='ltr'>πατρὸς</span> 
     </span>
    </p>
   </div>
   <div class='ocr_carea' id='block_1_96' title="bbox 1989 4756 3554 4848">
    <p class='ocr_par' dir='ltr' id='par_1_96' title="bbox 1991 4756 3554 4848">
     <span class='ocr_line' id='line_1_96' title="bbox 1991 4756 3554 4848; baseline -0.017 -15"><span class='ocrx_word' id='word_1_694' title='bbox 1991 4778 2083 4848; x_wconf 89' lang='lat' dir='ltr'><strong>qui</strong></span> <span class='ocrx_word' id='word_1_695' title='bbox 2108 4777 2234 4830; x_wconf 86' lang='lat' dir='ltr'><strong>talia</strong></span> <span class='ocrx_word' id='word_1_696' title='bbox 2275 4778 2605 4843; x_wconf 86' lang='lat' dir='ltr'><strong>perpetrant,</strong></span> <span class='ocrx_word' id='word_1_697' title='bbox 2638 4766 2806 4820; x_wconf 88' lang='lat' dir='ltr'><strong>lilium</strong></span> <span class='ocrx_word' id='word_1_698' title='bbox 2833 4762 3171 4832; x_wconf 45' lang='lat' dir='ltr'><strong>unigenitum</strong></span> <span class='ocrx_word' id='word_1_699' title='bbox 3206 4775 3238 4840; x_wconf 82' lang='lat' dir='ltr'><strong>a</strong></span> <span class='ocrx_word' id='word_1_700' title='bbox 3268 4766 3419 4827; x_wconf 90' lang='lat' dir='ltr'><strong>patre</strong></span> <span class='ocrx_word' id='word_1_701' title='bbox 3450 4756 3554 4809; x_wconf 83' lang='lat' dir='ltr'><strong>sibi</strong></span> 
     </span>
    </p>
   </div>
   <div class='ocr_carea' id='block_1_97' title="bbox 312 4851 1877 4941">
    <p class='ocr_par' dir='ltr' id='par_1_97' title="bbox 312 4866 1877 4941">
     <span class='ocr_line' id='line_1_97' title="bbox 312 4866 1877 4941; baseline 0.003 -24"><span class='ocrx_word' id='word_1_702' title='bbox 312 4866 799 4937; x_wconf 77' lang='grc' dir='ltr'>προσφερόμενον;</span> <span class='ocrx_word' id='word_1_703' title='bbox 864 4869 1027 4922; x_wconf 77' lang='grc' dir='ltr'>Ἀλλὰ</span> <span class='ocrx_word' id='word_1_704' title='bbox 1071 4870 1181 4940; x_wconf 82' lang='grc' dir='ltr'>γὰρ</span> <span class='ocrx_word' id='word_1_705' title='bbox 1231 4870 1403 4923; x_wconf 82' lang='grc' dir='ltr'>ταῦτα</span> <span class='ocrx_word' id='word_1_706' title='bbox 1453 4870 1580 4922; x_wconf 85' lang='grc' dir='ltr'>σκιὰ</span> <span class='ocrx_word' id='word_1_707' title='bbox 1622 4866 1690 4941; x_wconf 82' lang='grc' dir='ltr'>ἦν</span> <span class='ocrx_word' id='word_1_708' title='bbox 1743 4870 1877 4941; x_wconf 81' lang='grc' dir='ltr'>ὑπὲρ</span> 
     </span>
    </p>
   </div>
   <div class='ocr_carea' id='block_1_98' title="bbox 1992 4851 3557 4941">
    <p class='ocr_par' dir='ltr' id='par_1_98' title="bbox 1992 4851 3557 4928">
     <span class='ocr_line' id='line_1_98' title="bbox 1992 4851 3557 4928; baseline -0.017 -5"><span class='ocrx_word' id='word_1_709' title='bbox 1992 4865 2259 4923; x_wconf 87' lang='lat' dir='ltr'><strong>sacriﬁcio</strong></span> <span class='ocrx_word' id='word_1_710' title='bbox 2282 4863 2521 4917; x_wconf 84' lang='lat' dir='ltr'><strong>oblatum</strong></span> <span class='ocrx_word' id='word_1_711' title='bbox 2552 4853 2906 4928; x_wconf 84' lang='lat' dir='ltr'><strong>pertulisset?</strong></span> <span class='ocrx_word' id='word_1_712' title='bbox 2962 4852 3158 4907; x_wconf 79' lang='lat' dir='ltr'><strong>Verum</strong></span> <span class='ocrx_word' id='word_1_713' title='bbox 3226 4851 3340 4903; x_wconf 65' lang='lat' dir='ltr'><strong>haec</strong></span> <span class='ocrx_word' id='word_1_714' title='bbox 3404 4855 3557 4900; x_wconf 84' lang='lat' dir='ltr'><strong>erant</strong></span> 
     </span>
    </p>
   </div>
   <div class='ocr_carea' id='block_1_99' title="bbox 312 4941 1877 5033">
    <p class='ocr_par' dir='ltr' id='par_1_99' title="bbox 312 4958 1877 5033">
     <span class='ocr_line' id='line_1_99' title="bbox 312 4958 1877 5033; baseline 0.004 -25"><span class='ocrx_word' id='word_1_715' title='bbox 312 4958 475 5027; x_wconf 72' lang='grc' dir='ltr'>ἡμῶν</span> <span class='ocrx_word' id='word_1_716' title='bbox 545 4960 919 5029; x_wconf 82' lang='grc' dir='ltr'>γεγενημένης</span> <span class='ocrx_word' id='word_1_717' title='bbox 982 4960 1308 5031; x_wconf 86' lang='grc' dir='ltr'>οἰκονομίας.</span> <span class='ocrx_word' id='word_1_718' title='bbox 1392 4961 1564 5031; x_wconf 83' lang='grc' dir='ltr'>’Υπὲρ</span> <span class='ocrx_word' id='word_1_719' title='bbox 1623 4962 1731 5031; x_wconf 83' lang='grc' dir='ltr'>γὰρ</span> <span class='ocrx_word' id='word_1_720' title='bbox 1792 4963 1877 5033; x_wconf 74' lang='grc' dir='ltr'><strong>τῆς</strong></span> 
     </span>
    </p>
   </div>
   <div class='ocr_carea' id='block_1_100' title="bbox 1984 4941 3549 5033">
    <p class='ocr_par' dir='ltr' id='par_1_100' title="bbox 1994 4941 3549 5033">
     <span class='ocr_line' id='line_1_100' title="bbox 1994 4941 3549 5033; baseline -0.016 -17"><span class='ocrx_word' id='word_1_721' title='bbox 1994 4960 2188 5016; x_wconf 82' lang='lat' dir='ltr'><strong>umbra</strong></span> <span class='ocrx_word' id='word_1_722' title='bbox 2222 4953 2643 5026; x_wconf 89' lang='lat' dir='ltr'><strong>dispensationis</strong></span> <span class='ocrx_word' id='word_1_723' title='bbox 2673 4965 2772 5018; x_wconf 85' lang='lat' dir='ltr'><strong>pro</strong></span> <span class='ocrx_word' id='word_1_724' title='bbox 2818 4948 2974 5003; x_wconf 88' lang='lat' dir='ltr'><strong>nobis</strong></span> <span class='ocrx_word' id='word_1_725' title='bbox 3028 4945 3201 5000; x_wconf 68' lang='lat' dir='ltr'><strong>factm.</strong></span> <span class='ocrx_word' id='word_1_726' title='bbox 3270 4941 3549 5033; x_wconf 87' lang='lat' dir='ltr'><strong>Siquidem</strong></span> 
     </span>
    </p>
   </div>
   <div class='ocr_carea' id='block_1_101' title="bbox 317 5032 1882 5126">
    <p class='ocr_par' dir='ltr' id='par_1_101' title="bbox 317 5050 1882 5126">
     <span class='ocr_line' id='line_1_101' title="bbox 317 5050 1882 5126; baseline 0.004 -25"><span class='ocrx_word' id='word_1_727' title='bbox 317 5050 647 5121; x_wconf 79' lang='grc' dir='ltr'>οἰκουμένης</span> <span class='ocrx_word' id='word_1_728' title='bbox 676 5053 769 5105; x_wconf 85' lang='grc' dir='ltr'><strong>τὸν</strong></span> <span class='ocrx_word' id='word_1_729' title='bbox 802 5053 1084 5123; x_wconf 86' lang='grc' dir='ltr'>ἀγαπητὸν</span> <span class='ocrx_word' id='word_1_730' title='bbox 1127 5053 1253 5108; x_wconf 79' lang='grc' dir='ltr'><strong>Υίὸν</strong></span> <span class='ocrx_word' id='word_1_731' title='bbox 1292 5056 1321 5107; x_wconf 90' lang='lat'><strong>6</strong></span> <span class='ocrx_word' id='word_1_732' title='bbox 1375 5055 1563 5126; x_wconf 83' lang='grc' dir='ltr'>Πατὴρ</span> <span class='ocrx_word' id='word_1_733' title='bbox 1618 5056 1882 5125; x_wconf 82' lang='grc' dir='ltr'>προσενή-</span> 
     </span>
    </p>
   </div>
   <div class='ocr_carea' id='block_1_102' title="bbox 1993 5032 3558 5126">
    <p class='ocr_par' dir='ltr' id='par_1_102' title="bbox 1995 5032 3558 5108">
     <span class='ocr_line' id='line_1_102' title="bbox 1995 5032 3558 5108; baseline -0.017 0"><span class='ocrx_word' id='word_1_734' title='bbox 1995 5054 2153 5108; x_wconf 88' lang='lat' dir='ltr'><strong>Pater</strong></span> <span class='ocrx_word' id='word_1_735' title='bbox 2180 5050 2378 5105; x_wconf 89' lang='lat' dir='ltr'><strong>Filium</strong></span> <span class='ocrx_word' id='word_1_736' title='bbox 2418 5046 2673 5102; x_wconf 88' lang='lat' dir='ltr'><strong>dilectum</strong></span> <span class='ocrx_word' id='word_1_737' title='bbox 2714 5039 2910 5097; x_wconf 82' lang='lat' dir='ltr'><strong>obtulit</strong></span> <span class='ocrx_word' id='word_1_738' title='bbox 2956 5053 3053 5107; x_wconf 91' lang='lat' dir='ltr'><strong>pro</strong></span> <span class='ocrx_word' id='word_1_739' title='bbox 3124 5035 3344 5095; x_wconf 86' lang='lat' dir='ltr'><strong>mundo.</strong></span> <span class='ocrx_word' id='word_1_740' title='bbox 3408 5032 3558 5086; x_wconf 85' lang='lat' dir='ltr'><strong>Isaac</strong></span> 
     </span>
    </p>
   </div>
   <div class='ocr_carea' id='block_1_103' title="bbox 398 5186 1963 5283">
    <p class='ocr_par' dir='ltr' id='par_1_103' title="bbox 398 5186 1963 5283">
     <span class='ocr_line' id='line_1_103' title="bbox 398 5186 1963 5283; baseline -0.003 -11"><span class='ocrx_word' id='word_1_741' title='bbox 398 5226 422 5254; x_wconf 80' lang='grc'>³</span> <span class='ocrx_word' id='word_1_742' title='bbox 451 5216 585 5272; x_wconf 89' lang='lat' dir='ltr'><strong>Gen.</strong></span> <span class='ocrx_word' id='word_1_743' title='bbox 621 5233 754 5283; x_wconf 82' lang='lat' dir='ltr'><strong>xvn,</strong></span> <span class='ocrx_word' id='word_1_744' title='bbox 800 5218 885 5272; x_wconf 78' lang='grc'><strong>18.</strong></span> <span class='ocrx_word' id='word_1_745' title='bbox 964 5228 989 5256; x_wconf 74' lang='grc' dir='ltr'>α</span> <span class='ocrx_word' id='word_1_746' title='bbox 1019 5216 1160 5271; x_wconf 87' lang='lat' dir='ltr'><strong>Psal.</strong></span> <span class='ocrx_word' id='word_1_747' title='bbox 1189 5231 1275 5281; x_wconf 87' lang='lat' dir='ltr'><strong>cv,</strong></span> <span class='ocrx_word' id='word_1_748' title='bbox 1307 5215 1396 5283; x_wconf 80' lang='lat'><strong>&#39;57,</strong></span> <span class='ocrx_word' id='word_1_749' title='bbox 1427 5215 1516 5268; x_wconf 76' lang='lat'><strong>58.</strong></span> <span class='ocrx_word' id='word_1_750' title='bbox 1593 5212 1619 5252; x_wconf 72' lang='grc' dir='ltr'><strong>δ</strong></span> <span class='ocrx_word' id='word_1_751' title='bbox 1653 5212 1851 5269; x_wconf 84' lang='lat' dir='ltr'><strong>Ezech.</strong></span> <span class='ocrx_word' id='word_1_752' title='bbox 1879 5228 1963 5267; x_wconf 72' lang='lat' dir='ltr'><strong>xu</strong></span> 
     </span>
    </p>
   </div>
   <div class='ocr_carea' id='block_1_104' title="bbox 695 5186 2260 5283">
    <p class='ocr_par' dir='ltr' id='par_1_104' title="bbox 695 5186 2260 5283">
     <span class='ocr_line' id='line_1_104' title="bbox 695 5186 2260 5283; baseline -0.006 -11"><span class='ocrx_word' id='word_1_753' title='bbox 695 5233 754 5283; x_wconf 88' lang='grc' dir='ltr'><strong>ιι,</strong></span> <span class='ocrx_word' id='word_1_754' title='bbox 800 5218 885 5272; x_wconf 86' lang='lat' dir='ltr'><strong>l8.</strong></span> <span class='ocrx_word' id='word_1_755' title='bbox 964 5228 989 5256; x_wconf 74' lang='grc' dir='ltr'>α</span> <span class='ocrx_word' id='word_1_756' title='bbox 1019 5216 1160 5271; x_wconf 89' lang='lat' dir='ltr'><strong>Psal.</strong></span> <span class='ocrx_word' id='word_1_757' title='bbox 1189 5231 1275 5281; x_wconf 88' lang='lat' dir='ltr'><strong>cv,</strong></span> <span class='ocrx_word' id='word_1_758' title='bbox 1307 5215 1396 5283; x_wconf 80' lang='lat'><strong>&#39;57,</strong></span> <span class='ocrx_word' id='word_1_759' title='bbox 1427 5215 1516 5268; x_wconf 76' lang='lat'><strong>58.</strong></span> <span class='ocrx_word' id='word_1_760' title='bbox 1593 5212 1619 5252; x_wconf 72' lang='grc' dir='ltr'><strong>δ</strong></span> <span class='ocrx_word' id='word_1_761' title='bbox 1653 5212 1851 5269; x_wconf 86' lang='lat' dir='ltr'><strong>Ezech.</strong></span> <span class='ocrx_word' id='word_1_762' title='bbox 1879 5228 1990 5276; x_wconf 71' lang='lat' dir='ltr'><strong>xu,</strong></span> <span class='ocrx_word' id='word_1_763' title='bbox 2022 5211 2114 5275; x_wconf 73' lang='lat'><strong>‘20,</strong></span> <span class='ocrx_word' id='word_1_764' title='bbox 2170 5208 2260 5263; x_wconf 73' lang='grc'><strong>21.</strong></span> 
     </span>
    </p>
   </div>
   <div class='ocr_carea' id='block_1_105' title="bbox 1834 5354 2061 5412">
    <p class='ocr_par' dir='ltr' id='par_1_105' title="bbox 1834 5354 2061 5412">
     <span class='ocr_line' id='line_1_105' title="bbox 1834 5354 2061 5412; baseline -0.004 -2"><span class='ocrx_word' id='word_1_765' title='bbox 1834 5354 2061 5412; x_wconf 63' lang='lat' dir='ltr'><strong>NOTAE.</strong></span> 
     </span>
    </p>
   </div>
   <div class='ocr_carea' id='block_1_106' title="bbox 405 5475 3568 5571">
    <p class='ocr_par' dir='ltr' id='par_1_106' title="bbox 405 5475 3568 5571">
     <span class='ocr_line' id='line_1_106' title="bbox 405 5475 3568 5571; baseline -0.008 -16"><span class='ocrx_word' id='word_1_766' title='bbox 405 5502 511 5571; x_wconf 69' lang='grc' dir='ltr'><strong>(ἳῦ)</strong></span> <span class='ocrx_word' id='word_1_767' title='bbox 540 5500 816 5571; x_wconf 28' lang='grc' dir='ltr'>ΤῷΑλόγῳ</span> <span class='ocrx_word' id='word_1_768' title='bbox 844 5528 915 5571; x_wconf 45' lang='lat' dir='ltr'><strong>f-</strong></span> <span class='ocrx_word' id='word_1_769' title='bbox 943 5497 1215 5571; x_wconf 72' lang='grc' dir='ltr'>ἑπέθηκε.</span> <span class='ocrx_word' id='word_1_770' title='bbox 1253 5497 1392 5571; x_wconf 68' lang='lat' dir='ltr'><strong>Cod.</strong></span> <span class='ocrx_word' id='word_1_771' title='bbox 1447 5495 1582 5571; x_wconf 30' lang='grc' dir='ltr'><strong>τῶνῌ</strong></span> <span class='ocrx_word' id='word_1_772' title='bbox 1602 5494 1788 5571; x_wconf 42' lang='grc' dir='ltr'>λόγων.</span> <span class='ocrx_word' id='word_1_773' title='bbox 1834 5490 1894 5571; x_wconf 71' lang='grc' dir='ltr'><strong>τὸ</strong></span> <span class='ocrx_word' id='word_1_774' title='bbox 2074 5491 2185 5571; x_wconf 57' lang='grc' dir='ltr'><strong>(ειεξ)</strong></span> <span class='ocrx_word' id='word_1_775' title='bbox 2225 5489 2668 5571; x_wconf 32' lang='grc' dir='ltr'>Ἐπεκιξλέισιετο</span> <span class='ocrx_word' id='word_1_776' title='bbox 2687 5514 2749 5528; x_wconf 65' lang='grc' dir='ltr'><strong>ρ·-</strong></span> <span class='ocrx_word' id='word_1_777' title='bbox 2767 5484 3025 5571; x_wconf 55' lang='grc' dir='ltr'>ἐὲείηου.</span> <span class='ocrx_word' id='word_1_778' title='bbox 3057 5479 3219 5571; x_wconf 40' lang='lat' dir='ltr'><strong>Sed.)</strong></span> <span class='ocrx_word' id='word_1_779' title='bbox 3231 5485 3284 5571; x_wconf 73' lang='lat' dir='ltr'><strong>et</strong></span> 
     </span>
    </p>
   </div>
   <div class='ocr_carea' id='block_1_107' title="bbox 336 5549 1901 5642">
    <p class='ocr_par' dir='ltr' id='par_1_107' title="bbox 336 5549 1896 5642">
     <span class='ocr_line' id='line_1_107' title="bbox 336 5549 1896 5642; baseline -0.006 -17"><span class='ocrx_word' id='word_1_780' title='bbox 336 5549 1380 5642; x_wconf 32' lang='lat' dir='ltr'><strong>mensarii—Miro}</strong></span> <span class='ocrx_word' id='word_1_781' title='bbox 1437 5567 1497 5620; x_wconf 86' lang='grc' dir='ltr'><strong>τὸ</strong></span> <span class='ocrx_word' id='word_1_782' title='bbox 1560 5549 1720 5638; x_wconf 75' lang='grc' dir='ltr'>ἔργον</span> <span class='ocrx_word' id='word_1_783' title='bbox 1773 5562 1896 5615; x_wconf 77' lang='grc' dir='ltr'>έπέ-</span> 
     </span>
    </p>
   </div>
   <div class='ocr_carea' id='block_1_108' title="bbox 1999 5549 3564 5642">
    <p class='ocr_par' dir='ltr' id='par_1_108' title="bbox 2004 5549 3564 5642">
     <span class='ocr_line' id='line_1_108' title="bbox 2004 5549 3564 5642; baseline -0.012 -26"><span class='ocrx_word' id='word_1_784' title='bbox 2004 5549 2301 5642; x_wconf 62' lang='grc' dir='ltr'>εκᾲλέσαςιο</span> <span class='ocrx_word' id='word_1_785' title='bbox 2328 5561 2447 5613; x_wconf 79' lang='grc' dir='ltr'>ἐκεῖ</span> <span class='ocrx_word' id='word_1_786' title='bbox 2478 5559 2536 5613; x_wconf 77' lang='grc' dir='ltr'><strong>τὸ</strong></span> <span class='ocrx_word' id='word_1_787' title='bbox 2584 5557 2767 5626; x_wconf 63' lang='grc' dir='ltr'>ὄνομα</span> <span class='ocrx_word' id='word_1_788' title='bbox 2792 5553 3021 5625; x_wconf 74' lang='grc' dir='ltr'>Κυρίου.</span> <span class='ocrx_word' id='word_1_789' title='bbox 3057 5549 3256 5607; x_wconf 81' lang='lat' dir='ltr'><strong>Deinde</strong></span> <span class='ocrx_word' id='word_1_790' title='bbox 3302 5549 3564 5617; x_wconf 81' lang='lat' dir='ltr'><strong>sequitur,</strong></span> 
     </span>
    </p>
   </div>
   <div class='ocr_carea' id='block_1_109' title="bbox 412 5659 444 5692">
    <p class='ocr_par' dir='ltr' id='par_1_109' title="bbox 412 5659 444 5692">
     <span class='ocr_line' id='line_1_109' title="bbox 412 5659 444 5692; baseline 0 0"><span class='ocrx_word' id='word_1_791' title='bbox 412 5659 444 5692; x_wconf 82' lang='grc' dir='ltr'><strong>κ</strong></span> 
     </span>
    </p>
   </div>
   <div class='ocr_carea' id='block_1_110' title="bbox 374 5630 2400 5711">
    <p class='ocr_par' dir='ltr' id='par_1_110' title="bbox 374 5630 2400 5711">
     <span class='ocr_line' id='line_1_110' title="bbox 374 5630 2400 5711; baseline -0.013 0"><span class='ocrx_word' id='word_1_792' title='bbox 374 5630 494 5711; x_wconf 57' lang='grc' dir='ltr'>ἧίίε·</span> <span class='ocrx_word' id='word_1_793' title='bbox 677 5630 689 5642; x_wconf 60' lang='grc'><em>’</em></span> <span class='ocrx_word' id='word_1_794' title='bbox 980 5630 1016 5711; x_wconf 31' lang='grc' dir='ltr'><em>ί</em></span> <span class='ocrx_word' id='word_1_795' title='bbox 1047 5709 1067 5711; x_wconf 79' lang='lat'><strong><em>_</em></strong></span> <span class='ocrx_word' id='word_1_796' title='bbox 1594 5630 1605 5638; x_wconf 75' lang='grc'><em>’</em></span> <span class='ocrx_word' id='word_1_797' title='bbox 1637 5630 1647 5633; x_wconf 39' lang='grc'><strong><em>-</em></strong></span> <span class='ocrx_word' id='word_1_798' title='bbox 2004 5633 2135 5696; x_wconf 81' lang='grc' dir='ltr'>Θεὸς</span> <span class='ocrx_word' id='word_1_799' title='bbox 2166 5630 2400 5694; x_wconf 80' lang='grc' dir='ltr'>αἰώνιος.</span> 
     </span>
    </p>
   </div>
   <div class='ocr_carea' id='block_1_111' title="bbox 413 5709 1130 5783">
    <p class='ocr_par' dir='ltr' id='par_1_111' title="bbox 413 5709 1130 5783">
     <span class='ocr_line' id='line_1_111' title="bbox 413 5709 1130 5783; baseline 0 -16"><span class='ocrx_word' id='word_1_800' title='bbox 413 5712 521 5783; x_wconf 70' lang='lat'><strong>(24)</strong></span> <span class='ocrx_word' id='word_1_801' title='bbox 546 5713 676 5770; x_wconf 85' lang='lat' dir='ltr'><strong>Cod.</strong></span> <span class='ocrx_word' id='word_1_802' title='bbox 709 5722 762 5770; x_wconf 85' lang='lat' dir='ltr'><strong>et</strong></span> <span class='ocrx_word' id='word_1_803' title='bbox 791 5711 905 5769; x_wconf 86' lang='lat' dir='ltr'><strong>Pic.</strong></span> <span class='ocrx_word' id='word_1_804' title='bbox 932 5709 1130 5767; x_wconf 72' lang='grc' dir='ltr'>αὐτῶν.</span> 
     </span>
    </p>
   </div>
  </div>
