3964 6556
448 251 548 316 183

1399 255 1920 317 .THEODORETI
1956 255 2295 318 EPISCOPI
2365 259 2733 320 CYRENSIS

3581 259 3682 327 134

442 364 584 416 enim
617 371 775 432 typus
807 369 923 416 erat
957 361 1282 425 divinitatis,
1314 364 1457 419 aries
1486 375 1666 420 autem
1701 366 2008 421 humanita-

2115 383 2233 436 νοχε
2286 367 2418 438 (26).
2474 368 2655 432 Τύπος
2701 368 2812 438 γάρ
2875 367 2987 437 (27)
3041 369 3138 437 τῆς
3191 369 3291 439 μέν
3339 367 3590 441 θεότητος
3653 373 3685 424 ὁ

442 450 531 503 tis.
563 446 935 519 “Tempus
965 457 1145 505 autem
1192 451 1370 521 ipsum
1429 455 1654 523 aequale,
1710 455 1838 526 quia
1895 464 2007 513 tres

441 540 556 595 dies
579 551 633 594 et
660 549 771 596 tres
795 550 986 596 noctes
1013 551 1068 596 et
1092 541 1181 597 hic
1209 552 1264 599 et
1298 544 1425 600 illic.

949 741 1228 798 INTERR.
1259 742 1496 798 LXXIV.

440 857 581 924 Quid
610 858 706 912 hoc
737 867 845 910 est:
901 877 920 910 ι
977 857 1120 912 Pone
1175 875 1391 913 manum
1421 870 1567 913 tuam
1626 877 1782 930 super
1836 862 2010 930 femur

1059 945 1229 982 meum
1260 941 1281 968 ε
1328 931 1353 982 ?
1385 949 1403 980 ι

507 1018 779 1073 Connubii
833 1020 1188 1074 contrahendi
1239 1036 1405 1076 causa
1438 1022 1684 1077 mittebat
1724 1038 2005 1079 servorum

439 1108 772 1177 prml‘ectum,
805 1111 1005 1173 sciens,
1039 1112 1349 1181 progeniem
1371 1113 1631 1168 Chanaan
1665 1115 2004 1170 malediclam

437 1217 576 1266 esse,
635 1218 790 1256 suam
829 1217 954 1258 vero
1003 1205 1382 1274 cognationem
1425 1207 1672 1274 adeptam
1733 1223 1856 1263 esse
1915 1210 2007 1263 be-

438 1293 821 1347 nedictionem.
858 1293 995 1348 Cum
1023 1309 1152 1364 ergo
1180 1295 1234 1350 in
1257 1297 1469 1352 semine
1494 1313 1595 1352 suo
1627 1307 1741 1354 tum
1785 1299 2006 1354 benedi-

437 1388 670 1442 ctionem
703 1396 817 1442 tum
865 1391 1284 1459 promissionem
1331 1391 1602 1448 bonorum
1652 1395 2002 1464 suscepisset,

438 1479 546 1532 illic
583 1495 801 1534 servum
853 1496 1124 1550 apponere
1152 1497 1373 1536 manum
1401 1483 1586 1552 jussit,
1620 1485 1709 1538 ubi
1737 1485 1861 1540 ﬁdei
1915 1486 2004 1540 si-

439 1588 602 1643 gnum
634 1573 854 1643 recepit.
877 1573 1114 1630 Credens
1133 1575 1278 1629 enim
1303 1576 1760 1645 promissionibus
1781 1578 2002 1643 divinis,

2123 458 2332 513 Ἰσαάκ·
2389 460 2490 528 τῆς
2538 460 2596 514 δέ
2643 460 3062 530 άνθρωπότητος
3114 460 3342 532 ὀκριός.
3374 461 3483 516 Καὶ
3517 463 3690 526 αὐτὸς

2108 550 2165 604 δὲ
2193 555 2222 605 ὁ
2253 553 2442 625 χρόνος
2467 554 2770 626 ίσρριθμος.
2803 555 2964 623 Τρεῖς
2993 554 3102 624 γὰρ
3135 553 3338 624 ἡμέραι
3362 555 3456 609 καὶ
3488 554 3688 619 νύκτες

2108 647 2276 715 τρεῖς,
2308 646 2402 699 καὶ
2433 646 2669 700 ἐνταῦθα
2701 647 2862 700 κάκεῖ
2891 646 3026 716 (28).

2700 757 2900 813 ΕΡΩΤ.
2955 760 3074 811 ΟΔ’.

2113 872 2174 927 Τί
2203 873 2355 938 ἐστι,
2409 891 2428 925 ι
2478 873 2588 938 Θὲς
2637 871 2752 940 τὴν
2801 871 2969 940 χεῖρὰ
3021 886 3137 926 σου
3183 870 3280 926 ἐπι
3344 872 3450 928 τὸν
3488 876 3694 945 μηρόν

2789 959 2909 1010 μου
2929 958 2946 1004 ;
2994 961 3012 994 ι

2189 1037 2314 1090 Ἐπὶ
2346 1033 2526 1104 γάμον
2559 1033 2884 1086 ἀπέστελλεν
2910 1035 3018 1086 τῶν
3049 1034 3278 1087 οἰκετῶν
3306 1034 3399 1088 τὸν
3444 1035 3695 1107 ἡγούμε-

2106 1146 2195 1182 νον
2216 1127 2518 1199 ’ἐπάρατον
2545 1125 2644 1195 μὲν
2673 1125 3034 1196 ἐπιστάμενος
3055 1124 3150 1179 τοῦ
3181 1127 3400 1181 Χαναὰν
3430 1129 3488 1182 τὸ
3505 1132 3692 1196 γένος.

2107 1219 2354 1288 εὐλογίας
2372 1219 2430 1273 δὲ
2447 1217 2757 1289 ἠξιωμένην
2786 1218 2885 1289 τὴν
2909 1218 3114 1271 οἰκείαν
3143 1220 3478 1288 συγγένειαν.
3501 1222 3693 1275 Ἐπει-

2107 1310 2169 1383 δὴ
2187 1311 2364 1364 τοίνυν
2385 1312 2444 1364 ἐν
2466 1310 2542 1380 τῷ
2573 1309 2844 1381 σπέρματι
2860 1309 3024 1363 αὐτοῦ
3049 1309 3158 1381 (29)
3177 1311 3271 1364 καὶ
3293 1312 3389 1382 τὴν
3411 1313 3692 1381 εὐλογίαν,

2107 1405 2205 1460 καὶ
2233 1406 2329 1476 τὴν
2364 1404 2474 1459 τῶν
2503 1404 2722 1473 ἀγαθῶν
2757 1405 3092 1474 ἐπαγγελίαν
3117 1406 3351 1472 ἐδέξατο,
3380 1409 3493 1462 ἐκεῖ
3513 1408 3697 1462 θεῖναι

2104 1499 2195 1554 τὸν
2215 1499 2380 1553 παῖδα
2393 1498 2493 1568 τὴν
2511 1501 2668 1568 χεῖρα
2695 1498 3044 1569 προσέταξεν,
3062 1498 3188 1552 ἔνθα
3208 1500 3303 1552 καὶ
3331 1501 3430 1570 τῆς
3452 1500 3698 1565 πίστεως

2103 1590 2162 1644 τδ
2193 1593 2414 1660 σημεῖον
2434 1589 2670 1654 ἐδέξατο.
2695 1589 2999 1654 Πιστεύσας
3019 1591 3127 1663 γὰρ
3169 1593 3288 1654 ταῖς
3310 1591 3483 1655 θείαις
3507 1595 3693 1660 ἐπαγο

440 1667 646 1737 accepit
669 1668 1012 1736 signaculum
1039 1669 1502 1726 circumeisionis.
1535 1670 1647 1726 Illic
1677 1681 1857 1728 autem
1886 1688 2001 1727 ma-

2115 1681 2312 1749 γελίαις
2343 1679 2501 1733 ἔλαϐε
2526 1679 2626 1750 τῆς
2648 1682 2949 1752 περιτομῆς
2995 1680 3092 1751 τὴν
3128 1682 3417 1752 σφραγῖδα.
3465 1681 3608 1735 Ἐκεῖ
3626 1682 3698 1736 δὲ

441 1773 568 1810 uum
601 1756 858 1812 adhibere
889 1759 1076 1828 jussit,
1130 1767 1189 1814 ut
1229 1771 1281 1814 et
1309 1762 1684 1830 promissionis
1713 1762 1915 1817 divina:
1945 1775 2001 1819 et

440 1836 874 1906 circumcisibuis
901 1867 1132 1918 memor,
1163 1855 1510 1910 matrimonio
1538 1871 1662 1910 cum
1703 1857 2003 1928 alienigena

439 1953 724 1998 contracto
777 1944 1112 2000 nobilitatem
1170 1944 1507 2002 Dominicam
1574 1964 1682 2004 non
1739 1949 2002 2007 inﬁceret.

441 2032 837 2088 Advertcndum
872 2046 957 2090 est
983 2047 1164 2092 autem
1212 2039 1356 2107 quod
1388 2055 1584 2096 manus
1612 2042 1680 2096 ad
1703 2040 1881 2097 femur
1910 2059 2007 2113 ap-

441 2125 636 2192 posita,
672 2128 1136 2196 atjusjurandum
1169 2146 1265 2200 per
1311 2131 1481 2187 Deum
1517 2135 1761 2189 omnium
1815 2137 2006 2191 condi-

440 2229 610 2272 torem
660 2220 956 2288 praestitum
997 2231 1124 2277 est:
1191 2243 1209 2274 ‹
1263 2224 1469 2294 Adjuro
1522 2236 1595 2290 te,
1648 2228 1843 2297 inquit,
1915 2243 2010 2298 per

445 2306 608 2361 Deum
655 2309 777 2364 caeli
809 2320 864 2366 et
909 2321 1083 2377 terrae,
1120 2324 1179 2368 ut
1205 2331 1310 2370 non
1344 2317 1580 2388 accipias
1609 2335 1832 2375 uxorem
1899 2321 2010 2376 ﬁlio

443 2417 565 2454 illeo
593 2399 743 2456 Isaac
771 2403 839 2458 de
865 2404 1078 2460 ﬁliabus
1119 2405 1573 2477 Chananaeorum,
1634 2427 1757 2466 cum
1812 2413 2009 2484 quibus

443 2505 544 2561 ego
571 2492 759 2546 habito
784 2493 833 2556 ά,
867 2514 884 2544 ι
930 2507 982 2548 et
1029 2511 1150 2566 qua!
1199 2507 1522 2569 sequuntur.
1576 2503 2008 2560 Prudentissima

441 2599 573 2637 vero
619 2583 718 2639 fuit
747 2588 888 2640 servi
942 2589 1338 2659 interrogatio:
1387 2593 1482 2662 qui
1514 2596 1783 2652 reveritus
1829 2597 2011 2667 jusju-

445 2677 696 2756 randum,
751 2679 852 2734 sibi
886 2681 1031 2735 clara
1080 2683 1434 2740 volebatesse
1481 2687 1792 2756 nuptiarum
1854 2706 2011 2744 man-

443 2770 610 2822 data:
647 2755 676 2822 ‹’
702 2770 756 2825 Si
784 2772 951 2836 enim,
1013 2774 1210 2845 inquit,
1273 2778 1450 2846 puella
1500 2755 1827 2848 desponsata
1880 2783 2014 2836 nolit

444 2858 550 2914 huc
583 2864 785 2928 venire,
834 2865 926 2918 sed
943 2865 1135 2934 jubeat
1165 2882 1422 2937 sponsum
1463 2868 1528 2922 ad
1558 2870 1702 2924 illam
1734 2872 2009 2934 accedere,

440 2951 672 3020 jubesne
709 2954 874 3008 ﬁlium
922 2965 1072 3010 tuum
1101 2958 1165 3012 ad
1199 2968 1410 3027 gentem
1451 2959 1595 3014 illam
1632 2965 1826 3016 reverti
1889 2965 1958 3018 εἳ
1988 2983 2005 3014 ι

2108 1772 2392 1843 θεῖναιτὴν
2409 1775 2568 1844 χεῖρα
2588 1771 2943 1842 προσέταξεν,
2983 1772 3068 1826 ἵνα
3093 1774 3188 1826 καὶ
3211 1773 3310 1841 τῆς
3337 1773 3484 1837 θείας
3515 1775 3697 1843 ἐπαγο-

2108 1863 2292 1932 γελίας
2309 1862 2403 1916 καὶ
2419 1865 2517 1934 τῆς
2534 1863 2833 1935 περιτομῆς
2857 1881 2921 1934 με
2931 1881 3032 1934 μνη
3042 1862 3504 1935 μένος,ἁλλοτρύλῳ
3522 1865 3698 1936 γάμῳ

2108 1955 2206 2026 τὴν
2246 1953 2578 2025 Δεσποτικὴν
2607 1953 2888 2022 εὐγένειαν
2949 1953 3024 2024 μὴ
3050 1953 3384 2024 λωϐήσηται.
3429 1955 3620 2009 Ίστέον
3637 1953 3697 1988 ⁸³

2109 2045 2166 2099 δὲ
2199 2045 2274 2106 ὡς
2327 2045 2361 2116 ἡ
2413 2045 2511 2114 μὲν
2547 2045 2669 2115 χεὶρ
2701 2043 2804 2097 ὑπὸ
2829 2044 2920 2096 τὸν
2948 2043 3122 2115 μηρὸν
3155 2044 3335 2114 ἐτέθη,
3359 2045 3388 2097 ὁ
3435 2045 3492 2097 δὲ
3525 2045 3700 2115 ὅρκος

2109 2137 2250 2190 κατὰ
2295 2135 2407 2205 (50)
2449 2135 2544 2189 τοῦ
2585 2135 2722 2188 Θεοῦ
2757 2135 2867 2188 τῶν
2900 2134 3035 2189 ὅλων
3081 2135 3334 2203 ἐγένετο·
3379 2154 3397 2186 ε
3452 2134 3698 2203 Ὁρκίζω

2111 2243 2170 2282 σε
2198 2230 2334 2298 (5|),
2366 2228 2496 2299 γὰρ,
2529 2227 2654 2298 ἔφη,
2688 2228 2894 2297 Κύριον
2927 2228 3016 2280 τὸν
3052 2227 3183 2280 Θεὸν
3211 2226 3306 2280 τοῦ
3333 2227 3561 2298 οὐρανοῦ
3593 2226 3698 2279 καὶ

2108 2321 2208 2391 τῆς
2225 2322 2348 2391 γῆς,
2368 2321 2456 2374 ἵνα
2483 2319 2557 2391 μὴ
2583 2319 2754 2393 λάϐῃς
2771 2323 2998 2388 γυναῖκα
3021 2319 3099 2390 τῷ
3121 2319 3220 2389 υἱῷ
3246 2337 3346 2389 μου
3376 2319 3561 2372 Ἰσαάκ
3578 2319 3701 2373 άπδ

2109 2412 2215 2465 τῶν
2249 2411 2566 2483 θυγατέρων
2610 2411 2718 2464 τῶν
2760 2409 3103 2481 Χαναναίων,
3142 2411 3260 2482 μεθ’
3301 2405 3375 2464 ὧν
3415 2407 3525 2479 ἐγὼ
3554 2411 3697 2464 οίκῶ

2110 2503 2168 2555 ἐν
2194 2504 2401 2568 αὐτοῖς,
2425 2520 2443 2553 ι
2477 2503 2571 2556 καὶ⁵
2586 2501 2653 2554 τά
2684 2502 2830 2572 ἑξῆς.
2861 2501 3150 2570 Σοφωτάτη
3170 2501 3217 2532 ’⁵
3238 2501 3295 2554 δὲ
3317 2501 3454 2568 άγαν
3478 2500 3569 2552 καὶ
3591 2499 3695 2554 τοῦ

2112 2594 2300 2657 παιδὸς
2337 2597 2368 2665 ἡ
2405 2595 2704 2666 ἐρώτησις’
2753 2594 2937 2656 δείσας
2974 2593 3083 2663 γὰρ
3125 2592 3216 2644 τὸν
3263 2593 3442 2663 ὅρκον,
3495 2591 3695 2664 δήλους

2110 2687 2261 2756 αὐτῷ
2307 2687 2560 2755 γενέσθαι
2614 2685 2915 2757 παρεκάλει
2960 2684 3054 2737 τοῦ
3094 2686 3272 2755 γάμου
3319 2685 3446 2748 τοὺς
3486 2685 3689 2754 ὅρους.
3739 2741 3742 2743 _

2117 2798 2136 2832 ι
2192 2780 2257 2832 El
2301 2780 2409 2850 γὰρ
2440 2779 2578 2850 (3‘2),
2613 2779 2766 2849 φησι,
2806 2777 2880 2848 μὴ
2927 2776 3100 2830 ἕλοιτο
3149 2775 3382 2829 ἐνταῦθα
3424 2775 3600 2828 ἐλθεῖν
3646 2777 3689 2846 ή

2116 2871 2527 2942 μνηστευομένη
2573 2870 2729 2942 κόρη,
2763 2868 2900 2922 ἀλλὰ
2940 2868 3078 2939 πρὸς
3112 2867 3280 2938 αὐτὴν
3310 2865 3562 2920 ἀπελθεῖν
3593 2865 3695 2919 τὸν

2119 2964 2405 3033 μνηστῆρα
2451 2960 2688 3028 κελεύει,
2720 2960 3073 3031 προστάττεις
3115 2959 3204 3012 τὸν
3233 2958 3348 3012 υἱὸν
3382 2961 3462 3022 είς
3508 2959 3694 3012 ἐκεῖνο

451 3038 644 3095 Verum
692 3043 964 3098 Abraham
1020 3047 1351 3115 patriarcha.
1413 3050 1505 3119 qui
1549 3051 1716 3120 probe
1767 3065 2008 3118 noverat,

2115 3056 2172 3109 τὸ
2202 3055 2351 3119 ἔθνος
2374 3055 2486 3126 (55)
2515 3054 2821 3120 ἀνελθεῖν;ι
2845 3052 2984 3107 Ἀλλ’
3009 3051 3037 3104 ὁ
3057 3051 3401 3123 πατριάρχης
3437 3049 3695 3121 Ἀϐραὰμ

447 3148 508 3187 se
533 3135 812 3191 vocatione
837 3137 1017 3192 divina
1034 3139 1182 3195 illinc
1205 3141 1458 3196 eductum
1484 3145 1670 3208 luisse,
1693 3145 1804 3216 87
1825 3162 2010 3200 verum

450 3225 518 3280 de
541 3228 748 3295 nuptiis
800 3229 969 3300 legem
1002 3247 1030 3284 a
1068 3230 1178 3286 Deo
1205 3249 1313 3288 non
1363 3236 1657 3305 accepisse,
1710 3255 1834 3292 cum
1865 3246 2010 3293 esset

451 3316 507 3371 in
548 3318 810 3389 religione
837 3321 923 3389 pie
960 3320 1247 3390 educatus,
1279 3326 1451 3380 voluit
1506 3327 1616 3382 lilio
1666 3343 1731 3382 ex
1790 3330 2011 3399 propria

449 3410 774 3476 cognatione
800 3427 1026 3467 uxorem
1059 3414 1372 3484 desponsari
1400 3437 1413 3472 :
1474 3419 1710 3489 illudque
1765 3421 2016 3490 prohibet

450 3498 586 3564 ﬁeri,
617 3504 759 3573 quod
793 3505 973 3560 divina
1003 3507 1118 3576 lege
1141 3509 1478 3578 potissimum
1503 3504 1653 3566 erat'
1681 3513 1968 3568 inhibitum
1998 3533 2011 3568 :

455 3598 559 3648 hoc
589 3605 767 3649 autem
797 3597 995 3652 divinae
1029 3601 1291 3668 permittit
1321 3599 1696 3668 Providentiae,
1726 3621 1830 3674 qua
1881 3621 2016 3661 con-

456 3684 588 3740 ﬁsus
615 3701 805 3743 servus
835 3689 1114 3758 prolectus
1141 3704 1243 3748 est.
1292 3696 1359 3748 At
1385 3711 1512 3750 vero
1569 3714 1676 3752 non
1719 3699 2016 3755 dubitando

453 3778 996 3847 protulitorationem
1033 3784 1198 3852 illam,
1252 3789 1550 3855 utquidam
1582 3791 1809 3846 nimium
1872 3793 2016 3848 sim-

453 3869 622 3939 plices
651 3871 998 3928 existimant:
1037 3877 1129 3931 sed
1158 3892 1281 3931 cum
1339 3880 1500 3934 Deum
1534 3881 1677 3938 illius
1719 3881 2017 3952 desponsa-

453 3961 616 4017 tionis
665 3963 972 4032 adjutorem
1029 3970 1345 4039 accepisset,
1407 3972 1559 4043 signa
1607 3976 1856 4045 quaedam
1912 3977 2014 4032 sibi

456 4053 742 4106 monstrari
775 4054 1106 4123 postulabat,
1148 4072 1244 4127 per
1279 4074 1401 4128 quae
1426 4061 1566 4115 scire
1605 4072 1807 4130 posset,
1837 4079 1907 4117 an
1930 4064 2018 4119 de-

455 4144 735 4210 sponsatio
775 4145 883 4199 Deo
918 4145 1174 4216 placeret.
1228 4148 1455 4220 Signum
1503 4160 1684 4208 autem
1741 4164 1858 4208 erat
1908 4171 2017 4209 nou

455 4233 803 4300 pulchritudo
855 4238 1120 4307 corporis,
1153 4254 1261 4293 non
1293 4242 1505 4310 generis
1533 4245 1804 4306 nobilitas.
1839 4259 2017 4314 neque

456 4325 754 4394 quidquam
788 4329 932 4383 aliud
967 4345 1031 4384 ex
1074 4331 1140 4387 iis
1194 4348 1314 4401 quae
1365 4336 1644 4404 splendida
1713 4349 2010 4407 putantur:

2115 3148 2291 3214 εἰδὼς,
2328 3149 2403 3211 ὠς
2446 3147 2654 3201 ἐκεῖθεν
2691 3147 2788 3217 μὲν
2819 3147 2980 3200 αὐτὸν
3010 3147 3042 3217 ἡ
3081 3145 3202 3198 θεία
3237 3145 3437 3221 κλῆσις.
3463 3143 3572 3214 (54)
3602 3141 3694 3208 ἐξ·

2116 3242 2313 3310 ήγαγε,
2341 3239 2470 3309 περὶ
2503 3239 2560 3292 δέ
2595 3238 2687 3292 τοῦ
2724 3237 2906 3306 γάμου
2934 3237 3096 3308 νόμον
3123 3237 3223 3290 οὐκ
3265 3236 3482 3300 ἐδέξατο
3507 3235 3648 3288 θεῖον
3669 3251 3689 3264 ο

2117 3331 2276 3395 αὐτὸς
2304 3331 2361 3385 δέ
2395 3331 2471 3395 ὼς
2507 3329 2758 3402 εὐσεϐείᾳ
2789 3327 3283 3399 συντεθραμμένος,
3316 3327 3582 3396 ἠθέλησεν
3623 3325 3691 3378 ἐκ

2117 3423 2217 3492 τῆς
2264 3421 2588 3492 συγγενικῆς
2639 3421 2815 3482 οἰκίας
2859 3422 2936 3488 τῷ
2981 3417 3133 3471 παιδὶ
3177 3417 3552 3486 κατεγγυῆσαι
3593 3433 3694 3485 γυ-

2117 3517 2278 3568 ναῖκα
2299 3533 2312 3545 ο
2343 3515 2522 3566 ἐκεῖνο
2557 3512 2656 3582 μὲν
2680 3509 3012 3583 ἀπαγορεύει
3041 3507 3312 3577 γενέσθαι,
3347 3509 3441 3562 ἆτε
3473 3507 3537 3579 δὴ
3560 3507 3692 3578 θείῳ

2117 3608 2267 3678 νόμῳ
2296 3605 2706 3674 κεκωλυμένον·
2751 3602 2907 3656 τοῦτο
2936 3603 2992 3656 δὲ
3030 3602 3150 3674 θείᾳ
3196 3601 3488 3672 ἐγχειρίζει
3529 3599 3693 3670 κηδε-

2122 3699 2301 3768 μονίᾳ.
2338 3696 2522 3767 Ταύτῃ
2573 3696 2852 3768 θαρρήσας
2886 3697 2914 3748 ὁ
2956 3696 3083 3757 παῖς
3117 3693 3469 3764 ἐξεδήμησεν.
3516 3690 3692 3743 Ἐκεί-

2117 3805 2215 3859 νην
2258 3789 2314 3841 δέ
2343 3787 2440 3858 τὴν
2470 3788 2636 3858 εὐχὴν
2665 3787 2726 3839 οὐ
2775 3784 3119 3856 συμϐολικῶς
3162 3783 3578 3855 προσενήνοχεν,
3611 3779 3687 3843 ῶς

2115 3899 2259 3945 τινες
2286 3882 2392 3933 τῶν
2426 3881 2567 3949 ἄγαν
2610 3870 2834 3951 ἠλιθίων
2865 3879 3132 3933 ὑπέλαϐον
3156 3893 3170 3907 ·
3217 3874 3563 3955 ἁλλ’-ἐπειδὴ
3595 3875 3688 3928 τὸν

2116 3975 2248 4028 Θεὸν
2307 3974 2564 4042 συνεργὸν
2617 3973 2774 4026 έλαϐε
2830 3974 2928 4044 τῆς
2981 3969 3276 4043 μνηστείας
3325 3969 3525 4040 σημεῖά
3564 3984 3688 4022 τινα

2118 4065 2267 4135 αὐτῷ
2314 4065 2592 4137 δειχθῆναι
2637 4066 2841 4118 ἱκέτευε
2899 4065 3010 4134 (55)
3057 4063 3125 4116 δι’
3157 4055 3232 4116 ὧν
3260 4061 3518 4132 ἠϐούλετο
3549 4059 3692 4127 γνῶ-

2115 4174 2225 4220 ναι,
2261 4156 2309 4209 εί
2339 4157 2564 4228 ἀρέσκει
2594 4155 2704 4224 (50)
2734 4155 2810 4226 τῷ
2848 4153 2967 4224 Θεῷ
2997 4155 3032 4224 ἡ
3075 4150 3356 4223 μνηστεία.
3394 4147 3467 4200 Τὸ
3505 4146 3562 4200 δὲ
3595 4161 3691 4215 ση-

2121 4249 2268 4317 μεῖον
2291 4240 2378 4317 ἦν,
2405 4247 2502 4316 οὐχ
2531 4244 2648 4315 ῶρα
2685 4243 2955 4314 σώματος.
2987 4242 3104 4296 οὐδὲ
3128 4238 3454 4312 περιφάνεια
3476 4237 3686 4305 γένους,

2115 4339 2234 4392 οὐδὲ
2255 4338 2382 4391 ἄλλο
2404 4355 2457 4390 τι
2481 4337 2589 4389 τῶν
2611 4335 2909 4389 δοκούντων
2928 4332 3216 4404 λαμπρῶν,
3235 4331 3372 4384 άλλά
3395 4327 3685 4398 φιλοξενία,

455 4417 545 4468 sed
583 4415 940 4487 hospitalitas,
973 4422 1281 4487 aﬁ‘abilitas,
1311 4435 1364 4478 et
1393 4429 1558 4481 animi
1619 4429 2007 4485 mansuetudo.

2116 4433 2208 4484 καὶ
2236 4430 2624 4501 φιλοφροσύνη,
2657 4430 2750 4480 καὶ
2783 4427 3012 4497 ηπιότης
3045 4425 3410 4496 φρονήματος.
3442 4441 3459 4472 ι
3495 4421 3687 4472 Ἔσται

525 4586 546 4613 ε
606 4576 740 4632 Gen.
768 4595 914 4645 xxiv,
947 4580 1001 4634 Ξ.
1077 4581 1104 4620 ει
1138 4583 1266 4638 ibid.
1300 4585 1353 4638 5.
1433 4596 1456 4622 ε
1486 4584 1614 4640 ibid.
1647 4586 1701 4640 5.

1339 4729 1572 4785 νΑιιιΑι
1611 4727 1992 4785 LECTIONES
2027 4726 2116 4781 EX
2159 4725 2433 4780 CATENA
2467 4721 2809 4778 LlPSlENSI.

615 4869 897 4945 ’ἰστέονέ-
920 4874 1054 4944 οἰκῷ
1080 4875 1138 4926 ἐν
1163 4876 1364 4938 αὐτοῖς.
1401 4874 1523 4931 Haec
1553 4879 1606 4931 in
1628 4886 1737 4932 cat.
1764 4876 1872 4930 vid.
1905 4891 1957 4945 p.
1983 4875 2009 4929 ﬁ

2185 4875 2230 4905 os
2261 4872 2351 4926 ma
2374 4866 3092 4945 σοφωτᾴτη-ςτέξεδήμησεν
3114 4867 3225 4924 vid.
3257 4867 3308 4920 in
3343 4877 3445 4920 cat.
3475 4881 3526 4935 p.
3557 4865 3681 4921 9.93.

455 4940 701 5011 Reliqua,
728 4942 943 5014 ἐκείνην
958 4937 1204 4998 -ἐύώδ.
1237 4964 1287 4999 τ.
1310 4937 1428 5000 ὁδόν
1448 4964 1548 5017 μου
1573 4958 1872 5017 sequuntur
1977 4947 2009 4999 ‘2

2135 4946 2199 4999 ad
2227 4945 2361 4998 Gen.
2397 4954 2544 5004 xxiv,
2573 4937 2774 4992 Hé-M.

1945 5119 2154 5183 NOTAE
2165 5169 2177 5182 .

526 5273 637 5342 (εδ)
667 5271 800 5342 Cod.
830 5280 887 5342 et
911 5267 1021 5342 ch.
1049 5264 1441 5342 a396ﬁ3§rxev-
1529 5303 1544 5312 -

527 5333 640 5405 ('27)
663 5341 810 5406 I‘dp.
851 5339 984 5394 Cod.
1007 5346 1061 5391 et
1082 5336 1194 5390 Pic.
1221 5333 1301 5406 δέ.

527 5403 638 5480 (9.8)
675 5403 808 5466 Cod.
837 5419 892 5464 et
910 5407 1032 5480 iPic.
1065 5405 1228 5458 κάκεῖ
1255 5406 1349 5457 καὶ
1383 5403 1634 5460 ἐνταῦθα.

529 5479 1088 5557 (2ῼ)Αὺτοῇ.“ι)εεει.
1124 5547 1136 5557 .
1189 5547 1244 5557 _'
1344 5546 1356 5557 .

527 5545 640 5620 (50',
665 5551 845 5607 Κατὰ.
875 5550 1010 5605 Cod.
1034 5547 1161 5620 ὑπο.
1189 5547 1302 5620 Pic.
1333 5545 1460 5601 ἀπό.

528 5617 641 5685 (51)
673 5623 801 5676 (20d.
827 5631 882 5674 et
907 5619 1016 5675 l‘ic.
1073 5617 1355 5687 ἐξορχίζω.

531 5693 642 5765 (52)
673 5695 738 5748 El
797 5693 903 5762 γὰρ
943 5723 997 5734 --
1025 5686 1317 5744 ἀνελθεῖν.
1368 5686 1490 5744 llaec
1520 5704 1550 5744 c
1579 5687 1839 5744 memoria
1885 5688 2017 5745 alle-

2127 5276 2243 5335 gala
2294 5281 2415 5320 esse
2465 5264 2748 5327 videntur;
2808 5261 3066 5315 recedunt
3119 5261 3263 5335 enim
3302 5259 3684 5316 nlectionibus

2126 5332 2536 5402 exemplarium,
2563 5349 2684 5402 quae
2709 5341 2831 5385 uota
2856 5341 3002 5402 sunt,
3031 5332 3297 5385 omnium.

2198 5407 2306 5470 (55)
2337 5406 2472 5459 Cod.
2508 5413 2562 5456 et
2586 5401 2708 5456 'Pic.
2747 5401 3082 5470 ἐπανελθεῖν.

2196 5469 2581 5544 (54)K.1ﬁmc.
2615 5471 2750 5544 Cod.
2781 5481 2834 5525 et
2856 5469 2970 5544 liic.
3005 5470 3202 5540 ψῆφος.

2197 5541 2756 5625 ’έκεζῒευεὲβοάε
2792 5552 2846 5624 ει
2873 5541 2986 5597 Pic.
3020 5541 3339 5625 παρεκάλει,

2195 5618 2306 5687 (56)
2332 5615 2462 5671 Cod.
2496 5623 2547 5670 et
2570 5611 2682 5671 Pic.
2729 5613 3054 5684 άρέσκουσα.
