3964 6550
534 326 629 395 191
672 276 675 281 ’

1544 322 2031 383 THEODORETI
2063 320 2398 381 EPISCOPI
2435 318 2797 379 CYRENSIS

3667 308 3795 375 192

536 444 697 506 Deus,
737 454 858 493 cum
901 437 971 491 sit
1007 434 1317 498 invisibilis,
1356 448 1452 505 per
1476 433 1708 503 icarncm
1756 435 1905 489 visus
1944 434 2109 488 estin

2238 432 2365 504 ’ήληο
2396 431 2569 494 οὓτως
2607 431 2836 501 ἀόρατος
2878 426 2952 480 ὢν
2987 429 3015 481 ό
3048 425 3181 488 Θεὸς
3206 425 3374 493 Λόγος
3410 424 3521 491 (6i)
3552 421 3643 476 διὰ
3670 421 3795 491 τῆς

535 548 697 599 terra,
737 543 789 588 et
819 549 942 589 cum
975 530 1287 586 hominibus
1333 539 1685 586 conversatus
1717 540 1819 594 est,
1854 540 1907 584 et
1938 546 2102 599 appa-

537 628 646 683 ruit
711 628 762 680 in
823 640 1004 689 carne,
1063 623 1360 679 secundum
1424 623 1670 678 divinum
1730 622 2101 691 Apostolum‘.

536 723 886 778 Frumentum
935 726 1113 773 autem
1165 726 1218 771 et
1261 717 1444 769 vinum
1478 724 1602 768 sunt
1631 714 1858 781 aenigma
1894 714 2104 767 divino-

538 831 655 870 rum
699 812 1096 877 mysteriorum.
1152 809 1215 862 Ει
1244 808 1369 861 huic
1401 804 1830 872 interpretationi
1883 819 2107 857 consen—

2206 523 2404 592 σαρκὸς
2448 522 2541 573 ἐπὶ
2570 519 2675 589 γῆς
2719 517 2899 587 ὤφθη,
2936 517 3031 569 κα).
3061 518 3171 578 τοῖς
3213 513 3523 584 ἀνθρώποις
3584 529 3796 564 συναν-

2207 612 2478 681 εστράφη,
2515 612 2608 664 καὶ
2657 607 2973 680 ἐφανερώθη
3015 608 3071 659 ἐν
3116 606 3301 677 σαρκὶ,
3334 605 3474 657 κατὰ
3514 604 3607 657 τὸν
3631 602 3796 655 θεῖον

2217 701 2553 757 Ἀπόστολον.
2589 700 2695 753 Καὶ
2722 702 2751 752 ὁ
2772 701 2917 762 σῖτος
2934 698 2990 749 δὲ
3018 698 3111 751 καὶ
3131 699 3158 749 ὁ
3189 692 3327 758 οἶνος
3349 695 3457 746 τῶν
3479 694 3638 746 θείων
3658 692 3799 745 ἔστι

2209 794 2522 865 μυστηρίων
2573 792 2802 861 αἴνιγμα
2821 807 2834 823 ·
2864 790 3040 859 τούτῳ
3086 791 3369 859 συμφωνεῖ
3395 787 3473 855 τῷ
3509 786 3654 855 λόγῳ
3680 786 3800 837 καὶ

539 909 698 969 tinnt,
718 920 837 974 qum
865 911 1195 972 sequuntur:
1232 917 1250 948 ι
1282 897 1346 952 Et
1375 895 1612 950 servient
1641 886 1735 948 tibi
1769 904 1954 963 gentes
1986 906 2105 946 ιι.-

2240 888 2273 940 ά
2292 888 2418 956 ἑξῆς
2440 904 2453 917 ο
2478 904 2496 936 ι
2518 888 2627 939 Καὶ
2659 883 3101 937 δουλευσάτωσάν
3136 898 3217 934 σοι
3253 879 3402 947 ἔθνη.
3454 879 3640 931 Πάντα
3667 876 3799 945 γὰρ

537 996 739 1050 Omnes
784 992 926 1047 enim
974 998 1158 1060 gentes
1196 988 1435 1042 servient
1478 986 1573 1045 illi,
1617 1006 1634 1038 ι
1682 994 1741 1040 ιιι
1782 987 1859 1038 ait
1892 986 2109 1039 divinus

2242 978 2274 1029 ἁ
2297 976 2422 1047 ἔθνη
2446 974 2824 1028 δουλεύσουσιν
2852 970 3020 1042 αὐτῷ,
3048 989 3066 1022 ι
3106 969 3272 1039 φησὶν
3302 969 3415 1039 (62)
3450 969 3478 1020 ό
3511 966 3654 1030 θεῖος
3676 970 3804 1018 Δα-

543 1085 704 1138 David
729 1091 776 1147 ν,
809 1101 827 1132 ‹
866 1081 929 1134 Et
957 1080 1258 1133 adorabunt
1309 1087 1360 1130 te
1407 1076 1697 1146 principes.
1741 1075 1914 1146 Reges
1942 1076 2107 1137 enim,

542 1176 735 1245 inquit,
767 1173 989 1227 Tbarsis
1018 1182 1070 1225 et
1112 1170 1301 1224 insula:
1353 1184 1575 1245 munera
1627 1168 1877 1223 offerent.
1929 1166 2102 1237 Reges

543 1242 777 1323 Arabum
804 1272 861 1320 et
899 1263 1053 1317 Saba:
1082 1262 1221 1316 dona
1244 1242 1539 1333 adducent,
1565 1268 1620 1313 et
1648 1257 1953 1312 adorabunt
1980 1272 2105 1312 eum

540 1372 729 1411 omnes
760 1370 913 1424 reges
949 1364 1118 1408 teme.
1162 1371 1179 1403 ο
1230 1350 1379 1406 Hauc
1419 1364 1637 1420 quoque
1686 1348 2113 1404 benedictionem

544 1448 905 1511 conﬁrmavit,
938 1444 1153 1515 quando
1200 1444 1350 1498 misit
1390 1458 1513 1497 eum
1550 1442 1601 1495 in
1642 1440 2111 1510 Mesopotamiam.

493 1534 497 1541 ’
554 1560 574 1594 ‹
608 1540 733 1595 Fias
764 1539 927 1598 enim.
961 1538 1155 1606 inquit.
1204 1535 1650 1604 congregationes
1694 1533 2032 1603 populorum,
2065 1538 2119 1585 et

551 1636 640 1687 det
690 1633 781 1685 tibi
836 1631 1096 1684 Dominus
1147 1628 1574 1682 benedictionem
1630 1626 1918 1680 Abrahami
1950 1624 2119 1692 patris

554 1724 631 1777 tui
653 1731 700 1775 ι.
742 1741 758 1772 ιι
793 1721 1049 1786 Quaenam
1098 1728 1272 1771 autem
1304 1726 1449 1771 esset
1495 1714 1814 1776 benedictio,
1850 1712 2006 1767 facile
2039 1723 2119 1767 est

2210 1068 2308 1120 δίδ.
2335 1088 2352 1118 ‹
2376 1067 2485 1119 Καὶ
2506 1066 2977 1136 προσκυνήσουσιν
2997 1063 3044 1115 οἱ
3072 1062 3353 1131 ἄρχοντες.
3374 1059 3624 1120 Βασιλεῖς
3647 1056 3803 1126 γὰρ,

2212 1158 2366 1227 φησὶ.
2383 1156 2611 1226 Θαρσεῖς
2635 1154 2856 1223 (65)κα“ι
2872 1152 3025 1219 νῆσοι
3055 1149 3203 1220 δῶρα
3228 1147 3596 1216 προσοίσουσι.
3619 1145 3805 1198 Βασι-

2211 1250 2322 1312 λεῖς
2351 1248 2595 1319 Ἀράϐων
2628 1246 2723 1300 καὶ
2758 1243 2907 1297 Σαϐὰ
2928 1242 3076 1312 δῶρα
3110 1238 3461 1309 προσάξουσι,
3487 1238 3579 1290 καὶ
3607 1251 3802 1305 προσ-

2213 1342 2535 1411 κυνήσουσιν
2591 1336 2740 1407 αὐτῷ
2808 1336 3009 1397 πάντες
3062 1335 3111 1386 oi
3163 1331 3401 1403 βασιλεῖς
3458 1328 3557 1398 τῆς
3604 1328 3739 1396 γῆς.
3770 1344 3797 1377 ›

2214 1434 2429 1504 Ταύτην
2450 1432 2712 1502 ἐκράτυνε
2743 1428 2839 1499 τὴν
2870 1426 3139 1494 εὐλογίαν,
3185 1423 3280 1477 καὶ
3312 1422 3477 1492 ήνίκα
3510 1420 3673 1473 αὐτὸν
3704 1419 3808 1480 εἰς

2214 1526 2312 1596 τὴν
2329 1522 2754 1590 Μεσοποταμίαν
2788 1517 3111 1587 ἐξέπεμψεν.
3142 1536 3158 1568 ι
3183 1516 3323 1586 "Ean
3348 1514 3477 1583 γὰρ,
3497 1511 3683 1581 φησὶν,
3703 1511 3805 1570 εἰς

2220 1616 2537 1686 συναγωγάς
2559 1613 2748 1677 ἐθνῶν,
2788 1613 2883 1664 καὶ
2914 1610 3027 1680 δῴη
3060 1626 3141 1661 σοι
3173 1606 3377 1676 Κύριος
3414 1605 3512 1674 τὴν
3535 1601 3808 1669 εὐλογίαν

2231 1708 2481 1780 ’Δὸραάμ
2508 1706 2603 1759 τοῦ
2651 1704 2858 1774 πατρὸς
2903 1720 2997 1755 σου
3028 1700 3164 1769 (64).
3194 1718 3212 1749 ι
3249 1699 3345 1761 Τίς
3376 1696 3432 1749 δὲ
3466 1698 3500 1765 ὴ
3541 1694 3806 1759 εὐλογία,

550 1817 761 1871 discere
812 1814 1033 1867 volenti.
1090 1810 1399 1865 Abrahamo
1442 1809 1583 1862 enim
1636 1806 1774 1859 dixit
1818 1806 1957 1859 Deus
2002 1820 2119 1858 om-

2238 1800 2511 1873 δᾴδωντῷ
2546 1797 2852 1869 βουλομένῳ
2878 1793 3239 1863 καταμαθεῖν.
3262 1790 3352 1861 Τῷ
3386 1790 3495 1860 γάρ
3533 1786 3810 1859 Ἀϐραὰμ

554 1907 741 1959 nium:
776 1922 793 1954 ι
832 1904 889 1957 ln
922 1901 1125 1958 semine
1173 1908 1266 1953 tuo
1295 1896 1681 1952 benedicentur
1713 1908 1902 1947 omnes
1937 1901 2120 1960 gentes

557 2010 712 2051 terra:
743 2006 791 2049 ἵ.
834 2012 856 2047 ι

1042 2102 1318 2158 INTERR.
1346 2098 1632 2154 LXXXIII.

558 2228 668 2283 Cur
695 2224 860 2278 Jacob
894 2232 1068 2277 tantas
1102 2222 1480 2274 benedictione:
1520 2220 1758 2284 adeptus,
1792 2217 2008 2283 fratrem
2041 2212 2126 2280 fu-

627 2299 722 2367 git,
757 2307 803 2404 (vt
860 2295 1022 2358 solus,
1058 2292 1205 2346 rebus
1238 2291 1540 2344 necessariis
1598 2304 1804 2352 carens,
1849 2286 1958 2339 abit
2005 2298 2125 2352 per-

629 2383 744 2404 οηιοο

627 2383 744 2437 egre
763 2383 774 2420 1

629 2457 971 2514 Providentia
1012 2456 1191 2510 divina
1228 2454 1570 2508 manifestius
1615 2451 1925 2506 declaratur
1956 2450 2009 2503 iu
2042 2465 2126 2502 re-

562 2552 708 2611 bus.
759 2564 879 2619 qua:
920 2548 1170 2602 videntur
1219 2546 1479 2600 adversae.
1532 2542 1666 2596 Nam
1718 2543 1918 2612 quibus
1946 2540 2127 2595 omnia

564 2657 817 2714 prospere
840 2640 1054 2699 cedunt,
1088 2652 1192 2691 non
1228 2635 1334 2705 93
1364 2633 1588 2705 perinde
1621 2631 1935 2700 intelligunt
1958 2645 2130 2699 quan-

565 2737 635 2790 tis
668 2733 825 2788 bonis
856 2730 1124 2784 fruantur.
1158 2727 1269 2781 Hac
1298 2727 1364 2780 de
1410 2739 1571 2779 causa
1610 2722 1775 2777 Jacob
1810 2720 2040 2791 aufugit,
2078 2728 2131 2774 et

564 2827 715 2881 solus
755 2824 1146 2894 peregrinatur,
1205 2829 1261 2872 ut
1306 2817 1768 2885 locupletissimus
1821 2813 2035 2867 rediens
2077 2819 2131 2865 et

565 2916 681 2983 ipse
709 2911 1017 2981 experiatur
1039 2914 1239 2978 quanta
1272 2905 1344 2959 sit
1372 2903 1463 2957 Dei
1496 2903 1739 2957 omnium
1773 2900 2129 2971 providentia,

565 3017 620 3059 et
653 3004 790 3058 alios
838 3003 1044 3055 doceat.
1077 2997 1228 3052 Ilanc
1267 2994 1688 3049 sollicitudinem
1729 3008 1881 3047 suam
1918 2991 2131 3060 appari-

2222 1896 2249 1947 ὀ
2278 1894 2384 1947 τῶν
2409 1892 2543 1945 ὅλων
2570 1890 2675 1960 ἔφη
2697 1889 2849 1951 Θεόςο
2888 1907 2905 1939 ι
2948 1885 3035 1939 Ἐν
3080 1883 3158 1954 τῷ
3192 1882 3466 1953 σπέρματί
3497 1898 3589 1933 σου
3632 1878 3805 1932 εὐλοο

2222 1986 2522 2058 γηθήσεται
2563 1986 2740 2037 πάντα
2765 1981 2833 2034 τά
2866 1979 2993 2049 ἔθνη
3028 1977 3128 2048 τῆς
3153 1976 3278 2046 γῆς.
3314 1994 3333 2026 ι

2825 2096 3021 2152 ΕΡΩΤ.
3051 2094 3172 2148 ΠΡ.

2230 2220 2290 2273 Τί
2333 2217 2553 2280 δήποτε
2591 2213 2892 2276 τοσαύτας
2936 2208 3224 2280 εὐλογίας
3257 2205 3479 2280 ⁸λαβὼν·
3593 2201 3816 2280 ’Ῑξικὼς

2292 2269 2715 2352 ἀποδιδράσκει
2737 2283 2843 2335 τὸν
2863 2269 3150 2352 ἆδελεοὸᾷι,
3174 2269 3272 2330 καὶ
3288 2276 3476 2345 μόνος
3498 2269 3815 2341 ἀποδημεῖ

2293 2354 2414 2411 τῶν
2449 2348 2788 2423 ἀὶιαγκαίων
2814 2348 3251 2418 ἐστερημένοςξ

2307 2447 2728 2518 Ἐναργέστερον
2760 2445 2816 2496 ἐν
2849 2442 2968 2506 ταῖς
3011 2440 3294 2503 δοκούσαις
3333 2436 3743 2506 κακοπραγίαις
3769 2436 3809 2505 ἡ

2225 2542 2318 2597 τοῦ
2348 2542 2481 2594 Θεοῦ
2522 2538 2816 2609 κηδεμονία
2851 2534 3127 2606 δηλοῦται.
3181 2536 3241 2587 υἱ
3283 2531 3391 2603 γὰρ
3432 2532 3490 2583 ἐν
3529 2528 3814 2598 εὐκληρίᾳ.

2226 2634 2375 2695 ὄντες
2392 2632 2488 2701 οὐχ
2517 2629 2690 2691 οὔτως
2745 2628 2925 2680 ἴσασιν
2978 2626 3118 2678 ὅσων
3160 2622 3378 2691 ἀγαθῶν
3439 2618 3809 2673 ἀπολαύουσι.

2227 2725 2429 2779 Τούτου
2473 2724 2631 2794 χάριν
2692 2718 3102 2790 ἀποδιδράσκει,
3149 2718 3245 2771 καὶ
3292 2715 3453 2785 μόνος
3503 2712 3809 2779 ἀποδημεῖ,

2228 2819 2314 2871 ἵνα
2348 2815 2485 2887 μετὰ
2507 2812 2706 2882 πολλῆς
2738 2812 2849 2881 (65)
2878 2811 2976 2878 τῆς
3006 2807 3321 2880 περιουσίας
3351 2800 3686 2863 ἐπανελθὼν,
3707 2802 3815 2853 καὶ

2230 2908 2389 2969 αὐτὸς
2413 2906 2545 2975 γνῷ,
2569 2906 2665 2973 ὅση
2700 2903 2793 2957 τοῦ
2821 2901 2954 2956 Θεοῦ
2982 2900 3089 2954 τῶν
3112 2899 3250 2952 ὅλων
3277 2900 3309 2967 ἠ
3339 2892 3675 2964 προμήθεια.
3705 2890 3817 2943 καὶ

2230 3002 2353 3062 τοὺς
2368 2999 2557 3059 ἄλλους
2573 2992 2995 3067 διδάξῃ.Ταύτην
3013 2991 3175 3044 αὐτοῦ
3194 2987 3292 3059 τὴν
3314 2984 3639 3057 κηδεμονίαν
3660 2998 3817 3049 παρ-

568 3097 712 3151 tione
740 3088 1369 3148 confestim‘doclaravit.
1401 3086 1648 3142 Ostendit
1674 3085 1819 3139 enim
1850 3085 1897 3138 ei
1928 3084 2128 3138 scalam

2238 3091 2431 3146 αυτίκα
2484 3088 2593 3159 (66)
2648 3087 2736 3140 διὰ
2794 3086 2895 3154 τῆς
2949 3080 3271 3151 ἐπιφανείας
3326 3078 3613 3147 ἐδήλωσεν.
3671 3075 3818 3127 Ἐπ-

570 3188 637 3244 ad
676 3187 871 3243 coelum
910 3186 1085 3254 ipsum
1140 3197 1309 3251 usque
1360 3180 1776 3251 pertingeutem,
1825 3187 1878 3232 et
1918 3185 2133 3232 sanctos

2242 3183 2412 3249 ἐδειξε
2450 3183 2549 3253 μὲν
2571 3180 2681 3249 γὰρ
2713 3178 2863 3248 αὐτῷ
2892 3176 3134 3246 κλίμακα
3166 3172 3358 3242 μέχρις
3372 3168 3536 3224 αὐτοῦ
3566 3168 3822 3221 διικνου-

573 3281 791 3353 angelos
838 3277 1189 3333 ascendentes
1245 3284 1300 3329 et
1354 3272 1766 3328 descendentes.
1839 3269 1957 3340 Ipse
2006 3285 2133 3324 vero

2246 3276 2410 3344 μένην
2436 3272 2528 3325 τοῦ
2559 3269 2789 3340 οὐρανοῦ
2816 3285 2829 3300 ·
2861 3269 2986 3329 τοὺς
3017 3267 3074 3318 δὲ
3100 3264 3289 3333 ἁγίους
3324 3260 3592 3330 ἀγγέλους
3624 3258 3822 3312 ἀνιόνο

575 3373 836 3426 Dominus
882 3384 1097 3423 sursum
1156 3366 1462 3421 consistens
1499 3362 1856 3417 conflrmabat
1892 3377 2037 3425 eum,
2089 3371 2144 3416 et

576 3474 779 3519 metum
826 3460 1146 3531 expellebat.
1180 3457 1534 3511 Declarabant
1563 3463 1742 3509 autem
1775 3453 1949 3524 angeli
1980 3452 2143 3506 mini-

577 3556 799 3612 sterium
833 3554 1096 3614 divinum,
1129 3551 1195 3605 de
1239 3549 1439 3619 quibus
1472 3549 1663 3603 beatus
1693 3545 1894 3603 Paulus
1927 3546 2141 3616 inquit:

581 3666 603 3699 ι
664 3644 852 3699 Nonne
895 3652 1023 3699 sunt
1067 3657 1254 3697 omnes
1295 3639 1736 3694 administratorii
1792 3637 2033 3707 spiritus,
2080 3635 2147 3689 ad

581 3736 938 3791 ministerium
966 3732 1114 3787 missi
1146 3741 1363 3800 propter
1390 3745 1507 3795 eos,
1537 3730 1629 3799 qui
1670 3730 2033 3784 hereditatem
2067 3741 2151 3780 ca.

581 3830 729 3901 pient
755 3827 1025 3883 salutisli
1055 3845 1073 3877 ι
1108 3824 1311 3878 Horum
1342 3831 1519 3876 autem
1551 3820 1978 3889 unumquodque
2008 3828 2153 3888 pote-

582 3930 669 3977 rat
715 3935 965 3975 securum
1010 3916 1236 3971 reddere
1279 3913 1663 3983 patriarcham.
1719 3911 1958 3966 Docelur
2004 3910 2149 3964 enim

584 4012 722 4067 nihil
751 4012 1078 4082 negligenter
1105 4017 1160 4063 et
1204 4007 1321 4061 sine
1366 4020 1497 4060 cura
1534 4005 1602 4059 ab
1643 4004 1886 4057 omnium
1920 4001 2026 4056 Deo
2055 4001 2151 4056 ad-

587 4104 923 4158 ministrari:
968 4103 1061 4157 sed
1104 4100 1278 4170 ipsum
1317 4099 1498 4151 omnia
1549 4097 1889 4166 dispensare,
1934 4103 2154 4151 sancto-

590 4192 710 4249 rum
776 4194 1091 4264 angelorum
1144 4199 1380 4244 utentem
1432 4189 1758 4243 ministerio.
1818 4185 1880 4239 Ei
1937 4201 2154 4255 quoque

592 4286 817 4355 largitus
857 4293 940 4339 est
986 4283 1442 4343 benedictionem,
1486 4294 1648 4349 quam
1696 4288 1751 4333 et
1796 4278 1932 4348 patri
1961 4286 2015 4330 et
2054 4291 2154 4330 avo

595 4379 915 4448 praebuerat,
966 4390 1077 4430 tum
1126 4375 1192 4430 de
1238 4373 1645 4442 multiplicando
1690 4373 1914 4436 semine,
1945 4380 2055 4425 tum
2089 4369 2156 4424 de

2241 3382 2338 3427 τας
2369 3363 2461 3415 καὶ
2486 3362 2788 3423 κατιόντας.
2814 3358 2981 3421 Αὐτὸς
3019 3357 3076 3409 δὲ
3110 3356 3312 3411 ἀνωθεν
3352 3351 3597 3421 ἐφεστὼς
3663 3368 3823 3419 παρ-

2245 3456 2507 3527 εθάρρυνὲ
2535 3471 2593 3506 τε
2624 3454 2716 3507 καὶ
2748 3452 2808 3505 τὸ
2844 3451 2959 3515 δέος
2982 3451 3269 3517 ἐξήλαυνεν
3296 3447 3427 3515 (67).
3464 3444 3718 3515 Ἐδήλουν
3753 3444 3824 3496 δὲ

2244 3549 2293 3600 οἱ
2325 3544 2544 3613 ἄγγελοι
2563 3545 2662 3614 τὴν
2700 3543 2850 3595 θείαν
2878 3541 3168 3595 διακονίαν.
3201 3539 3336 3606 Περὶ
3358 3537 3560 3590 τούτων
3581 3534 3688 3606 γάρ
3716 3535 3825 3588 καὶ

2245 3640 2275 3691 ὁ
2303 3635 2567 3707 μακάριος
2591 3634 2691 3704 ἔφη
2721 3632 2953 3695 Παῦλος.
2979 3650 2996 3683 «ι
3022 3631 3156 3700 Οὐχ).
3189 3629 3391 3691 πάντες
3436 3627 3543 3680 εἰσὶ
3568 3626 3824 3693 λειτουρο

2246 3728 2377 3797 γικά
2404 3726 2687 3796 πνεύματα
2705 3727 2785 3787 είς
2814 3722 3086 3776 διακονίαν
3111 3719 3551 3788 ἀποστελλόμενα
3569 3717 3657 3770 διὰ
3685 3717 3825 3781 τοὺς

2252 3822 2546 3894 μέλλοντας
2566 3820 2919 3890 κληρονομεῖν
2946 3815 3249 3887 σωτηρίαν;
3294 3833 3312 3865 ι
3353 3813 3573 3865 Τούτων
3592 3811 3650 3863 δὲ
3682 3810 3827 3862 ’ἑκα-

2252 3930 2374 3968 στον
2405 3913 2584 3967 ἱκανὸν
2612 3907 2678 3982 ἦν
2712 3910 2911 3981 θάρσος
2942 3909 3173 3963 ἐνθεῖναι
3203 3907 3313 3976 (68)
3345 3904 3422 3974 τῷ
3453 3902 3770 3973 πατριάρχῃ
3806 3919 3822 3931 ·

2250 4006 2557 4060 διδάσκεται
2588 4003 2715 4075 γάρ,
2746 4002 2823 4065 ὼς
2862 4001 3012 4054 οὐδὲν
3044 3998 3407 4069 ἀτημέλητον,
3456 3994 3578 4048 οὐδὲ
3614 3993 3825 4061 ἀκηδε-

2256 4097 2508 4169 μόνευτον
2534 4095 2685 4166 παρὰ
2704 4095 2782 4165 τῷ
2803 4093 2910 4154 τῶν
2937 4092 3070 4146 ὅλων
3092 4090 3209 4161 Θεῷ
3228 4107 3243 4120 ·
3272 4088 3386 4142 ἀλλ’
3414 4085 3573 4148 αὐτὸς
3602 4084 3829 4137 ἅπαντα

2254 4188 2599 4261 πρυτανεύει,
2636 4186 2901 4249 διακόνοις
2938 4184 3218 4255 χρώμενος
3263 4183 3376 4244 τοῖς
3414 4179 3589 4247 ἁγίοις
3645 4177 3826 4243 ἀγγέ-

2255 4284 2385 4346 λοις.
2414 4282 2623 4336 Ἔδωκε
2658 4280 2715 4334 δὲ
2755 4278 2903 4349 αὐτῷ
2943 4276 3037 4329 καὶ
3079 4277 3177 4344 τὴν
3222 4272 3490 4341 εὐλογίαν,
3521 4274 3587 4342 ἢν
3617 4270 3713 4322 καὶ
3740 4268 3829 4337 τῷ

2256 4376 2424 4446 πατρὶ
2450 4375 2549 4427 καὶ
2578 4372 2656 4442 τῷ
2683 4371 2986 4441 προπάτορι
3020 4368 3293 4427 ἐδεδώκει,
3327 4365 3453 4435 περί
3499 4380 3559 4416 τε
3591 4365 3690 4431 τῆς
3724 4362 3829 4416 τοῦ

596 4478 717 4523 ortu
772 4466 983 4521 Domini
1020 4466 1186 4520 totius
1222 4465 1450 4519 mundi:
1494 4483 1511 4514 ι
1550 4462 1939 4518 Benedicentur
1984 4461 2127 4516 enim

2259 4468 2570 4537 σπέρματος
2598 4464 2937 4532 πολυγονίας,
2970 4462 3065 4515 καὶ
3096 4461 3225 4531 περ)⁸
3252 4459 3346 4512 τοῦ
3375 4458 3472 4526 τῆς
3492 4456 3831 4525 οἰκουμένης

601 4558 772 4625 inquit
794 4570 842 4620 θ,
874 4557 927 4609 in
955 4556 1160 4610 semine
1187 4565 1278 4609 tuo
1306 4570 1491 4610 omnes
1518 4555 1688 4609 tribus
1720 4563 1892 4608 terra.
1916 4572 1933 4603 ι
1965 4552 2153 4607 Postea

602 4652 673 4704 illi
710 4650 990 4718 pollicetur
1036 4649 1088 4702 in
1133 4649 1483 4717 praesentibus
1528 4662 1742 4717 quoque
1774 4648 1933 4701 rebus
1966 4661 2152 4701 curam

600 4754 652 4798 et
709 4743 992 4797 auxilium.
1045 4760 1062 4792 ι
1102 4741 1238 4795 Ecce
1286 4742 1451 4798 enim,
1507 4737 1748 4809 inquitb,
1780 4746 1954 4792 tecum
2010 4754 2153 4802 sum,

602 4835 911 4890 custodiens
945 4844 994 4888 te
1026 4834 1077 4887 in
1110 4835 1216 4897 via,
1252 4849 1357 4903 qua
1390 4830 1769 4886 ambulaveris.
1804 4831 1867 4883 Et
1901 4830 2151 4885 reducam

606 4938 659 4983 te
719 4928 772 4981 in
829 4938 1026 4981 terram
1088 4929 1261 4989 hanc,
1322 4926 1445 4995 quia
1502 4938 1608 4976 neu
1664 4932 1715 4976 te
1768 4922 2157 4991 derelinquam,

680 5069 697 5103 ί
732 5065 751 5119 1
800 5065 942 5120 Tim.
979 5083 1061 5130 ιιι,
1136 5066 1220 5119 16.

615 5146 637 5174 ³
675 5136 838 5192 Ilebr.
878 5154 915 5201 1,
952 5138 1037 5190 lxi.

1296 5075 1320 5102 υ
1361 5064 1495 5117 Gen.
1557 5077 1724 5125 xxvu,
1780 5060 1869 5115 29.

1113 5149 1137 5176 α
1176 5136 1309 5189 Gen.
1345 5149 1536 5196 xxvm,
1584 5132 1669 5185 H.
1745 5130 1771 5169 ι’
1814 5130 1945 5185 ibid.
1998 5130 2084 5183 Ir‘i.

1982 5069 2007 5090 '
2052 5059 2196 5116 Psal.

2259 4560 2547 4613 Δεσπότου.
2597 4576 2615 4607 ι
2659 4554 3201 4625 Ἐνευλογηθήσονται
3252 4552 3381 4623 γὰρ,
3422 4551 3604 4620 φησὶν,
3662 4550 3719 4600 ἐν
3742 4548 3831 4618 τῷ

2261 4648 2536 4718 σπέρματί
2566 4664 2658 4701 σου
2699 4649 2868 4699 πᾶσαι
2912 4646 2967 4697 αί
2999 4644 3165 4713 φυλαὶ
3189 4643 3289 4710 τῆς
3335 4642 3459 4711 γῆς.
3485 4660 3502 4691 ι
3544 4636 3676 4692 Εἶτα
3721 4639 3834 4691 ὐπ-

2263 4738 2714 4809 ισχνεῐταιαὺτῷ,
2748 4739 2844 4790 καὶ
2881 4737 2980 4806 τὴν
3021 4736 3209 4798 ἐντοῖς
3250 4733 3630 4805 προκειμένοις
3667 4731 3833 4800 κηδε-

2265 4834 2471 4903 μονίαν.
2508 4851 2526 4883 ι
2560 4832 2689 4884 Ἰδοὺ
2732 4830 2860 4900 γὰρ,
2900 4830 3052 4899 φησὶ,
3088 4828 3225 4897 μετά
3255 4827 3346 4878 σοῦ
3377 4827 3491 4895 εἰμι
3532 4822 3831 4894 διαφυλάσ-

2269 4942 2375 4977 σων
2400 4941 2458 4976 σε
2489 4926 2546 4975 ἐν
2576 4927 2641 4993 τῇ
2673 4921 2776 4991 ὀδῷ
2857 4922 2950 4972 ἐὰν
2977 4919 3271 4990 πορευθῇς,
3293 4917 3385 4970 καὶ
3409 4910 3735 4985 ἀποστρέψω
3764 4931 3828 4966 σε

2254 5079 2402 5127 LXXI,
2468 5063 2552 5116 IO.
2665 5070 2689 5096 ι
2725 5059 2859 5114 Gen.
2900 5075 3089 5123 xxvm,
3118 5058 3173 5121 5,
3206 5056 3257 5108 4.
3335 5065 3361 5103 1
3393 5055 3527 5110 Gen.
3563 5069 3698 5117 xm,
3740 5052 3828 5106 l8.

2115 5260 2342 5316 NOTAE.

689 5424 801 5487 (61)
834 5425 1044 5489 Λόγος.
1077 5420 1200 5474 Des.
1236 5416 1451 5489 iu_cod.
1478 5424 1531 5467 et
1567 5415 1681 5489 llic.

692 5482 804 5561 (δὴ)
837 5482 1049 5558 (Im-(ﬂia
1086 5489 1267 5561 Picus.
1366 5501 1545 5561 φησιν.
1578 5484 1740 5537 Bene.

694 5550 807 5629 (63')
839 5550 1109 5627 Θάρσεῖς.
1150 5550 1392 5612 Αυεεῑά
1428 5550 1556 5629 cod.
1609 5563 1662 5608 et
1706 5553 1843 5629 edit._
1878 5552 2009 5629 Pici.
2070 5550 2173 5606 Sed

624 5623 1013 5753 l‘cg‘enduut'est
1044 5623 1265 5701 Θαρσίς,
1300 5625 1620 5681 auctoritate
1678 5623 1878 5679 codicis
1904 5623 2058 5677 Alex.
2124 5630 2177 5675 ct

656 5701 799 5755 Yalie.

677 5722 810 5843 Atilii.)
847 5774 983 5825 Σου.
1019 5770 1150 5824 Cod.
1180 5778 1233 5824 et
1258 5768 1366 5823 Pic.
1399 5783 1517 5836 μου.

2345 5410 2455 5479 (63)
2490 5406 2993 5479 Πο.ὶ.ιῆς.ν(ἷοι1.-ρι
3016 5405 3127 5462 Pic.
3165 5408 3504 5477 παμπολλῆς.

2343 5476 2451 5549 (66)
2482 5478 2870 5547 Κηδεμονίαν.
2912 5476 3112 5531 Incod.
3144 5487 3199 5531 et
3254 5476 3396 5547 apud
3433 5479 3541 5533 Pic.
3581 5476 3828 5547 sequitur

2341 5588 2449 5686 (67)
2490 5618 2626 5672 Cod.
2654 5628 2704 5672 et
2744 5618 2855 5671 Pic.
2886 5616 3163 5686 ἐξήλασεν.

2343 5658 2451 5760 ὶξές
2482 5658 2626 5744 ἄξίῖἶ
2648 5658 2704 5743 Si
2717 5658 2855 5743 r33."
2870 5658 3154 5741 ἔτέζὸέἕξᾶἱζ

2271 5551 2337 5620 ἦν
