3964 6546
205 432 302 499 193

1244 418 1522 489 QU/EST.
1560 418 1639 477 IN
1683 417 1948 479 GENES.
1982 419 2135 478 CAP.
2171 418 2385 478 XXIX.

3336 416 3436 483 lS-l

206 548 275 601 si;
300 544 398 611 τὴν
430 539 537 608 γῆν
567 535 793 605 ταύτην,
833 533 916 586 ὅτι
950 532 1011 583 ού
1046 531 1119 601 μή
1163 546 1221 582 σε
1261 528 1637 599 ἐγκαταλείψω
1659 529 1762 591 ἓως

1875 531 2037 583 donec
2108 542 2448 599 complevero
2523 527 2706 581 omnia
2786 542 3125 599 quacunque
3214 529 3428 586 loculus

200 632 289 686 τοι
319 628 540 700 ποιῆσαί
577 645 645 698 με
676 626 851 681 πάντα
876 625 978 677 ὅσα
1012 621 1263 692 ἐλάλησα.
1291 640 1309 670 ι

812 739 1007 793 ΕΡΩΤ.
1032 734 1150 789 HA'.

431 852 591 905 Διατί
612 850 722 903 τὸν
751 850 928 903 λίθον
952 847 1188 915 ἀλείφει
1216 848 1248 899 ό
1291 844 1531 907 Ἰακὼ6;

264 938 363 1006 οἷς
386 937 501 1010 εῐχε
532 942 625 993 τὸν
662 936 1033 1009 μεγαλόδωρον
1078 934 1351 1004 ἠμείψατο
1386 934 1609 1003 Κύριον.
1648 933 1766 1002 Ὀρ-

192 1034 377 1096 Msa;
401 1032 511 1102 γὰρ
548 1030 641 1083 τὸν
674 1028 838 1093 λίθον,
868 1027 927 1079 ὃν
953 1024 1191 1095 ὑπέθηκε
1206 1027 1272 1095 τῇ
1327 1024 1537 1095 κεφαλῇ
1555 1024 1596 1088 ⁷,
1628 1039 1763 1075 κατ-

191 1127 352 1193 έχεεν
410 1122 577 1177 αὐτοῦ
614 1121 809 1175 ἔλαιον.
841 1117 1012 1171 Τοῦτο
1054 1117 1111 1170 δὲ
1148 1118 1243 1170 καὶ
1270 1116 1366 1169 νῦν
1399 1116 1547 1168 ἐστιν
1589 1116 1765 1185 εὑρεῖν

190 1219 347 1289 παρὰ
378 1216 594 1270 πολλῶν
620 1213 851 1283 γυναίων
882 1211 995 1283 (69)
1023 1211 1129 1264 τῶν
1160 1211 1237 1280 τῷ
1258 1210 1447 1280 Κυρίῳ
1474 1225 1765 1263 πεπιστευ-

191 1312 373 1364 κότων
401 1310 706 1379 γινόμενον.
728 1303 965 1359 Εξώὓασι
1008 1304 1114 1374 γὰρ
1140 1303 1196 1355 ὲν
1223 1305 1336 1366 τοῖς
1366 1302 1531 1365 Θείοις
1580 1305 1765 1373 σηκοῖς

193 1404 363 1473 an,»
391 1404 571 1473 χρίειν
596 1399 692 1462 τὰς
714 1398 822 1450 τῶν
849 1397 1165 1467 ἀνακτόρων
1188 1396 1493 1465 κιγκλίδας,
1530 1397 1623 1449 καὶ
1657 1395 1765 1448 τῶν

195 1496 370 1562 ἁγίων
446 1492 733 1564 μαρτύρων
776 1488 874 1551 τὰς
917 1488 1113 1560 θήκας.
1165 1488 1329 1557 Δηλοῖ
1376 1486 1435 1539 δὲ
1478 1485 1636 1539 τοῦτο
1670 1487 1767 1556 τῆς

195 1586 376 1657 duxi;
397 1589 499 1653 τὴν
530 1583 805 1651 εὐγένειαν
830 1580 963 1651 (70).
994 1581 1218 1649 Δέχεται
1254 1579 1310 1631 δὲ
1340 1580 1435 1631 xa‘t
1460 1578 1528 1631 τὰ.
1559 1576 1767 1648 σμικρὰ

194 1682 225 1731 δ
250 1678 634 1747 φιλάνθρωπος
682 1673 904 1745 Κύριος,
936 1671 1331 1742 ἀποδεχόμενος
1368 1671 1461 1723 τὸν
1490 1669 1583 1725 τοῦ
1618 1686 1765 1739 γινο-

197 1772 363 1839 μένου
395 1768 619 1821 σκοπὸν.

811 1876 1011 1930 ΕΡΩΤ.
1037 1873 1164 1929 IIE'.

194 1994 425 2049 Πολλοὶ
466 1993 767 2059 πρόφασιν
789 1988 1123 2059 ἀκολασίας
1142 1986 1164 2018 ⁸
1211 1984 1532 2059 ποιοῦνται.
1548 1984 1615 2059 τὸ
1640 1985 1769 2038 τέτ-

350 2056 537 2132 ταρας
559 2056 880 2130 ἐσχηκέναι
911 2058 1201 2128 τυναῐκας
1230 2056 1339 2109 τὸν
1377 2056 1601 2110 Ἰακώϐ.

266 2156 369 2207 τὸν
429 2153 631 2207 σκοπὸν
696 2146 924 2204 ἑκάστου
975 2147 1084 2202 τῶν
1134 2146 1432 2217 γινομένων
1494 2146 1769 2212 ἐξετάζειν

209 2248 492 2318 προσήκει.
516 2243 673 2297 υῦτω
691 2242 799 2313 γὰρ
823 2241 1102 2310 κρίνοντες
1128 2239 1435 2309 εὑρήσομεν
1456 2239 1546 2292 καὶ
1577 2238 1768 2292 Ἰακὼὸ

208 2340 287 2391 τὸν
326 2337 710 2406 πατριάρχην,
764 2332 861 2403 τὴν
906 2331 1003 2402 μὲν
1057 2329 1256 2400 Ῥαχὴλ
1294 2329 1768 2399 μνηστευσάμενον

212 2430 388 2501 μόνην,
421 2428 574 2497 παρὰ
618 2426 842 2495 γνώμην
879 2423 935 2476 δὲ
983 2421 1324 2490 συναφθέντα
1370 2423 1435 2491 τῇ
1469 2419 1623 2491 Λείᾳ.
1654 2422 1769 2474 Πα-

214 2521 473 2593 ραυτίκα⁹
509 2518 639 2589 γοῦν
666 2517 765 2586 τῆς
807 2516 1021 2583 ἀπάτης
1058 2512 1378 2583 αίσθόμενος
1413 2511 1509 2564 καὶ
1542 2510 1766 2579 ἐδυσχέ-

211 2634 269 2686 ρα
286 2613 442 2689 [ι]νε,
471 2609 675 2679 καὶιτοῦ
692 2606 951 2680 κηδεστοῦ
971 2604 1375 2674 κατεὸόησε.Τῇ
1392 2602 1767 2674 δὲβαλλᾲηί)

207 2711 260 2762 ού
295 2709 385 2762 διὰ
414 2705 746 2776 φιληδονίαν,
778 2699 915 2755 ἀλλὰ
942 2698 1030 2752 διὰ
1059 2699 1159 2768 τὴν
1180 2699 1278 2763 τῆς
1302 2696 1574 2767 ὁμοζύγου
1597 2713 1771 2769 παρα.

208 2802 394 2873 inﬁmi
448 2798 614 2869 ἐμίγη
685 2796 795 2865 Τῆς
830 2795 939 2864 γὰρ
990 2792 1191 2863 Ῥαχὴλ
1232 2790 1323 2843 διὰ
1370 2790 1469 2859 τὴν
1510 2790 1783 2861 ἀπαιδίαν,

204 2892 528 2963 ἁνιωμένης,
574 2892 668 2942 καὶ
702 2887 998 2955 ἀλογίστως
1032 2884 1142 2954 (72)
1184 2882 1467 2952 λεγούσης
1508 2902 1525 2933 ι
1550 2882 1649 2944 Δός
1681 2900 1769 2953 μοι

201 2987 361 3039 τέκνα
404 2984 543 3051 (73),
586 2983 636 3033 εί
676 2980 733 3033 δὲ
769 2979 843 3049 μή
881 2994 969 3045 γε,
1003 2974 1418 3044 ἀποθανοῦμαι·
1460 2973 1768 3045 »ἐπέπληξε

192 3081 294 3149 μὲν
328 3075 577 3135 εῦσεὸὦς
611 3074 642 3124 ὁ
683 3070 1050 3141 πατριάρχης,
1090 3068 1183 3120 καὶ
1209 3066 1376 3131 ἔδειξε
1415 3066 1505 3119 τὸν
1530 3066 1631 3135 τῆς
1668 3067 1769 3133 φύ-

190 3186 330 3231 αεως
370 3167 628 3236 ποιητὴν,
687 3167 778 3218 καὶ
824 3165 907 3215 ὅτι
952 3162 1051 3231 οὐχ
1096 3161 1124 3212 ὁ
1168 3160 1346 3228 γάμος
1389 3156 1508 3209 ἐστὶ
1563 3155 1768 3209 παίδων

562 3210 712 3312 ⁵ἀλλὰ
735 3257 764 3308 ὁ
790 3257 885 3309 τοῦ
912 3210 1090 3324 γάμου
1122 3210 1415 3323 νομοθέτης
1443 3251 1595 3313 Θεός.
1624 3250 1767 3319 Ἔφη
1796 3210 1842 3273 c

186 3360 297 3425 γαρ
325 3355 467 3423 πρὸς
519 3352 718 3421 αὑτήν·
750 3368 770 3400 ι
800 3349 892 3417 Μὴ
932 3347 1055 3400 ἀντὶ
1088 3345 1225 3399 Θεοῦ
1274 3344 1355 3398 σοί
1400 3345 1517 3414 είμι
1546 3339 1689 3411 ἐγὼ,
1713 3341 1771 3403 ὃς

187 3445 454 3518 ἐστέρησὲ
482 3461 545 3497 σε
587 3440 797 3513 καρπὸν
833 3438 1073 3506 κοιλίαςς
1101 3457 1120 3491 ι
1155 3436 1513 3507 Ψυχαγωγῶν
1534 3436 1591 3489 δὲ
1622 3438 1771 3506 ὅμως

186 3540 377 3609 αὐτὴν,
412 3537 677 3607 ἠνέσχετο
707 3533 806 3603 τῆς
840 3532 1130 3603 αἰτήσεως,
1179 3530 1351 3601 ᾔτησε
1401 3529 1459 3581 δὲ
1496 3528 1659 3582 αὐτὸν
1701 3531 1769 3599 τῇ

186 3631 453 3701 παιδίσκῃ
489 3626 743 3698 μιγῆναι,
769 3625 857 3678 ἵνα
886 3624 949 3676 τὺ
970 3624 1029 3689 ἐξ
1057 3621 1231 3691 αὐτῆς
1263 3620 1531 3691 φυόμενον
1574 3622 1771 3674 οἰκεῖον

185 3722 510 3790 ἁττοκαλέσῃ
548 3717 778 3771 παιδίον.
814 3716 987 3768 Τοῦτο
1032 3714 1128 3767 καὶ
1166 3714 1263 3765 ἐπὶ
1294 3713 1395 3782 τῆς
1424 3714 1633 3782 Ζέλφας
1656 3710 1768 3781 (74)

182 3817 427 3883 ἐγένετο.
456 3812 630 3866 Πάλιν
666 3808 776 3879 γὰρ
817 3810 852 3877 ὴ
880 3808 1015 3861 Λεία
1050 3805 1378 3875 παυσαμένη
1408 3803 1504 3858 τοῦ
1542 3805 1767 3867 τίκτειν,

184 3908 548 3978 ἡντιὸόλησεν
580 3902 743 3955 αὑτὸν
778 3902 859 3962 είς
883 3899 1099 3969 ἐκείνην
1138 3903 1357 3969 σπεῖραι
1377 3897 1472 3967 τὴν
1510 3896 1766 3968 ἄρουραν.

184 4001 375 4054 Ταῦτα
413 3998 528 4068 (75)
556 3993 876 4064 φιληδονίαν
907 3991 1005 4063 μὲν
1032 3990 1287 4059 οὐδεμίαν
1326 3990 1642 4054 αἰνίττεται,
1670 3988 1770 4059 τὴν

181 4094 243 4146 δὲ
263 4091 366 4145 τοῦ
405 4088 604 4160 ἀνδρὸς
632 4087 935 4139 ἐπιείκειαν
949 4084 1209 4147 δείκνυσι,
1234 4082 1329 4135 καὶ
1362 4082 1510 4145 ὅπως
1537 4083 1634 4144 τὰς
1671 4098 1770 4149 γυ-

181 4189 384 4247 ναῖκας
435 4179 745 4243 ἐσπούδαζε
797 4174 1143 4249 θεραπεύειν.
1195 4176 1337 4245 Πρὸς
1366 4174 1423 4227 δὲ
1468 4174 1640 4247 τούτῳ
1671 4174 1771 4226 κὰ-

180 4282 337 4332 κεῑνο
367 4273 703 4343 σκοπητέον,
724 4273 807 4325 ὅτι
860 4270 1022 4339 νόμος
1049 4267 1222 4330 οὐδεὶς
1253 4266 1553 4337 τηνικαῦτα
1578 4262 1647 4337 ἦν
1672 4267 1772 4335 τὴν

182 4369 557 4439 πολυγαμίαν
574 4364 823 4419 κωλύων.
850 4364 962 4417 Καὶ
988 4362 1064 4425 ὡς
1090 4360 1429 4433 τρισολϐίους
1459 4360 1771 4430 ὑπελάμβα-

182 4482 274 4517 νον
297 4463 430 4515 τότε
457 4460 593 4521 τοὺς
648 4455 857 4509 πολλῶν
884 4454 1091 4508 παίδων
1112 4454 1463 4523 γιγνομένους
1503 4454 1769 4524 πατέρας.

1864 636 2007 674 sum.
2058 640 2077 671 ι

2277 730 2387 803 94
2415 728 2688 783 INTERR.
2732 727 3013 783 Lxxxw.

2098 848 2450 915 Quamobrem
2476 846 2643 901 Iacob
2679 848 2885 916 iuungit
2916 846 3195 913 lapidem?

1933 941 2142 1007 Quibus
2187 941 2368 1009 potuit
2414 940 2593 1004 donis,
2647 940 3218 995 muniﬁcentissimum
3250 940 3435 996 Domi-

1864 1049 1993 1087 num
2026 1045 2402 1087 remuneratus
2430 1041 2532 1086 est.
2561 1029 2693 1085 Nam
2725 1048 2847 1085 cum
2883 1032 3148 1086 erexisset
3174 1033 3430 1103 lapidem,

1865 1140 2024 1195 quem
2053 1124 2215 1194 capiti
2246 1133 2627 1195 supposuerat,
2660 1122 2900 1193 perfudit
2939 1138 3063 1177 eum
3107 1126 3246 1181 oleo.
3280 1124 3434 1192 Quod

1865 1218 2026 1272 etiam
2055 1232 2199 1272 nunc
2230 1218 2343 1271 lieri
2372 1218 2547 1273 solere
2568 1217 2929 1287 comperimus
2954 1234 2983 1270 a
3011 1219 3292 1288 permultis
3316 1235 3434 1273 mu-

1867 1312 2127 1378 lierculis,
2160 1327 2281 1382 quae
2330 1310 2561 1366 Domino
2610 1311 2977 1367 crediderunt.
3018 1312 3153 1366 Nam
3204 1328 3436 1369 consue-

1865 1414 2062 1460 verunt
2106 1405 2160 1458 in
2214 1405 2429 1474 templis
2480 1405 2678 1458 divinis
2732 1404 2852 1458 oleo
2904 1420 3106 1473 ungere
3152 1407 3434 1475 adytorum

1866 1498 2158 1562 cancellos,
2185 1507 2239 1552 et
2264 1506 2580 1552 sanctorum
2632 1504 2936 1567 martyrum
2974 1500 3177 1551 thecas.
3218 1498 3275 1551 ld
3307 1512 3435 1551 vero

1866 1590 2205 1645 demonstrat
2268 1590 2434 1643 animi
2494 1590 2771 1659 pietatem.
2832 1588 2948 1643 Non
2997 1592 3203 1660 respuit
3254 1602 3436 1646 autem

1865 1682 2027 1736 etiam
2060 1681 2285 1735 minima
2308 1679 2733 1749 benignissimus
2763 1678 3048 1746 Dominus,
3084 1692 3295 1752 gratam
3334 1682 3435 1737 ha-

1867 1774 2001 1828 bens
2043 1772 2222 1844 operis
2250 1771 2628 1825 interitionem.
2826 1776 2831 1783 '

2355 1884 2634 1942 INTERR.
2687 1885 2825 1941 LXX
2837 1886 2875 1940 Χ
2888 1885 2951 1940 ν.

1872 1998 2032 2053 Multi
2057 1998 2158 2052 sibi
2184 2008 2478 2069 prletexuut
2511 2002 2832 2074 occasionem
2872 2002 3102 2056 lascivia!
3139 2003 3277 2073 quod
3308 2020 3441 2074 qua-

2219 2080 2338 2123 tuor
2382 2087 2571 2124 uxores
2605 2071 2770 2125 Jacob
2804 2073 3064 2126 habuerit.

1948 2160 2390 2231 Uniuscujusque
2416 2163 2543 2217 lacti
2573 2178 2771 2233 scopus
2810 2163 3168 2233 inquirendus
3213 2177 3314 2220 est.
3351 2166 3443 2220 Sic

1868 2257 2011 2310 enim
2045 2256 2372 2325 judicautes,
2421 2256 2755 2324 reperiemus
2807 2256 3025 2325 quidem
3078 2257 3439 2325 patriarcham

1867 2344 2124 2399 Jacobum
2164 2344 2264 2399 sibi
2313 2343 2603 2400 Raehelem
2648 2360 2835 2400 amore
2865 2347 3157 2415 impulsum
3206 2346 3441 2416 despon-

1869 2452 2042 2500 sasse,
2076 2444 2130 2490 et
2160 2445 2353 2506 praeter
2381 2436 2549 2490 animi
2603 2439 2938 2491 voluntatem
2968 2436 3131 2491 Leam
3167 2439 3433 2507 attigisse.

1867 2524 1993 2580 Mox
2026 2526 2209 2597 igitur,
2257 2535 2317 2580 ut
2370 2526 2554 2580 dolum
2594 2528 2785 2588 sensit.
2834 2542 2977 2596 aegre
3020 2528 3162 2593 tulit,
3219 2539 3272 2583 et
3313 2544 3441 2583 cum

1868 2632 2056 2673 socero
2107 2629 2338 2688 questus
2369 2627 2471 2673 est.
2520 2617 2662 2673 Bala:
2696 2633 2824 2673 vero
2860 2620 3157 2688 permistus
3190 2628 3293 2686 est,
3331 2636 3442 2674 non

1870 2709 2159 2779 voluptatis
2204 2710 2398 2780 gratia,
2439 2710 2531 2765 sed
2559 2720 2618 2765 ut
2652 2710 2937 2780 conjugem
2986 2711 3272 2765 solaretur.
3309 2710 3441 2764 Nam

1870 2817 1993 2855 cum
2023 2800 2221 2857 Rachel
2260 2805 2765 2872 angeretur,‘quod
2805 2803 2991 2858 liberis
3018 2814 3252 2865 careret,
3285 2804 3442 2858 stoli-

1870 2895 2043 2965 deque
2097 2896 2342 2951 diceret:
2400 2914 2418 2946 ι
2453 2894 2528 2949 Da
2582 2896 2716 2949 mihi
2778 2897 2997 2962 liberos,
3066 2898 3273 2967 alioqui
3321 2913 3444 2951 mo-

1870 2986 1979 3039 riar
2008 2996 2030 3024 ο
2059 3002 2073 3052 ;
2118 3004 2136 3036 ι
2174 2987 2261 3055 pie
2290 2985 2507 3054 quidem
2532 2985 2840 3055 objurgavit
2865 2987 3007 3039 illam
3035 2987 3363 3055 patriarcha,
3392 2996 3447 3041 et

1870 3075 2071 3141 docuit,
2130 3075 2381 3145 quisnam
2434 3085 2578 3130 esset
2635 3084 2845 3132 natura:
2876 3076 3101 3130 Greater
3146 3094 3158 3129 :
3196 3086 3251 3131 et
3297 3078 3443 3148 quod
3534 3106 3537 3111 -

1872 3167 2075 3238 nuptiae
2120 3183 2228 3220 non
2279 3166 2473 3221 darent
2518 3167 2739 3234 liberos,
2779 3168 2870 3222 sed
2904 3169 2997 3238 qui
3033 3169 3236 3239 nuptiis
3267 3171 3443 3241 legem

1870 3262 2035 3323 dedit,
2072 3258 2234 3314 Deus.
2265 3258 2410 3314 Dixit
2448 3259 2593 3314 enim
2622 3261 2688 3313 ad
2754 3260 2942 3314 illam:
2995 3281 3013 3312 ι
3052 3260 3306 3331 Nunquid
3342 3278 3444 3332 ego

1871 3368 1993 3407 sum
2029 3351 2120 3406 tibi
2152 3367 2249 3421 pro
2284 3350 2411 3414 Deo,
2444 3352 2536 3422 qui
2579 3361 2629 3407 te
2660 3351 2838 3407 fructu
2866 3354 3071 3408 ventris
3096 3352 3395 3423 privavitd?
3418 3372 3439 3404 ι

1870 3444 2120 3499 Attamen
2173 3442 2282 3514 95
2327 3444 2475 3497 illam
2544 3445 2760 3513 placare
2821 3446 3032 3511 volens,
3092 3446 3442 3515 postulationi

1871 3536 2082 3592 annuit.
2124 3533 2357 3589 Petierat
2381 3535 2525 3588 enim
2559 3534 2627 3588 ab
2652 3550 2736 3599 eo,
2767 3542 2824 3589 ut
2849 3536 3059 3590 ancilla:
3089 3539 3435 3602 misceretur,

1870 3635 1931 3680 ut
1958 3641 2205 3695 puerum,
2262 3625 2354 3694 qui
2390 3640 2454 3679 ex
2490 3624 2579 3677 illa
2632 3637 2978 3688 nasceretur,
3010 3641 3167 3679 suum
3200 3638 3441 3681 vocaret.

1870 3717 2017 3771 Idem
2042 3726 2095 3771 et
2125 3718 2178 3770 in
2208 3714 2408 3785 Zelpha
2433 3714 2677 3785 conligit.
2705 3716 2941 3770 Rursum
2980 3716 3125 3770 enim
3157 3715 3284 3781 Lea,
3316 3733 3442 3772 cum

1870 3826 2064 3883 parere
2107 3811 2377 3870 desiisset,
2421 3811 2626 3878 rogavit
2673 3824 2797 3862 eum
2845 3817 2906 3863 ut
2947 3809 2998 3862 in
3054 3825 3243 3879 agrum
3290 3810 3441 3864 illum

1872 3923 2055 3963 semen
2088 3906 2438 3959 immitteret:
2488 3905 2631 3975 quod
2661 3905 2879 3975 quidem
2914 3906 3116 3959 nullam
3165 3906 3443 3961 libidinem

1870 4001 2127 4065 denotat,
2170 4001 2263 4054 sed
2323 3999 2421 4052 viri
2486 3998 2982 4061 mansuetudinem,
3035 4000 3124 4065 qui
3178 4001 3445 4057 uxoribus

1872 4088 2134 4142 inservire
2183 4087 2452 4143 studebat.
2505 4086 2585 4141 Ad
2620 4086 2737 4140 haec
2775 4087 2937 4141 etiam
2992 4088 3125 4141 illud
3165 4088 3445 4144 adverten-

1872 4182 2001 4235 dum
2033 4191 2133 4246 est,
2189 4190 2317 4234 tunc
2362 4179 2622 4249 temporis
2660 4180 2895 4233 nondum
2931 4179 3099 4234 fuisse
3150 4181 3312 4236 ullam
3370 4182 3445 4236 le-

1873 4289 2013 4342 gem,
2045 4289 2163 4343 qua:
2197 4273 2520 4341 multiplices
2558 4272 2772 4341 nuptias
2820 4272 3151 4341 prohiberet,
3200 4283 3255 4328 et
3297 4276 3441 4345 quod

1875 4364 2172 4419 felicissimi
2204 4372 2333 4418 tunc
2365 4364 2835 4429 existimabantur,
2861 4365 2952 4433 qui
2987 4365 3279 4419 nulllorum
3313 4366 3446 4420 libe-

1875 4473 2057 4511 rorum
2091 4468 2272 4527 patres
2311 4467 2485 4512 erant.
2530 4458 2590 4512 Et
2627 4458 2770 4527 quod
2818 4458 2921 4511 hoc
2955 4474 3142 4511 verum
3179 4460 3269 4522 sit,
3301 4460 3442 4513 divi-

186 4558 297 4609 Καὶ
325 4557 417 4608 ὅτι
462 4550 632 4605 τοῦτό
684 4552 835 4602 ἐστιν
887 4548 1103 4616 ἀληθὲς,
1134 4548 1190 4598 al
1236 4546 1375 4599 θεῖαι
1412 4546 1768 4617 μαρτυροῦσιν

1886 4567 1966 4605 me
1991 4552 2351 4606 testificantur
2377 4550 2788 4620 promissiones.
2822 4548 2955 4603 Nam
2980 4550 3288 4604 Abrahamo
3308 4550 3444 4604 dixit

187 4647 546 4717 ἐπαγγελίαι.
582 4642 676 4713 Τῷ
698 4644 806 4714 γὰρ
843 4640 1093 4712 Ἀδραὰμ
1113 4640 1141 4691 ὁ
1168 4638 1279 4690 τῶν
1317 4638 1455 4691 ὅλων
1482 4638 1586 4710 ἔφη
1619 4638 1770 4703 Θεός·

198 4759 216 4792 ι
251 4738 594 4807 ’Δνὰὖλεψον
622 4737 703 4798 είς
724 4734 816 4787 τὸν
848 4732 1094 4803 οὐρανὸν,
1141 4730 1235 4783 καὶ
1264 4730 1341 4782 ίδε
1369 4731 1495 4794 τοὺς
1518 4731 1771 4802 ἀστέρας,

285 4889 309 4917 ε
343 4877 660 4937 Gemxxx,
700 4872 752 4927 1.
839 4868 867 4909 ἀ
907 4869 1038 4924 ibid.
1067 4884 1269 4923 comm.
1305 4868 1358 4922 2.

1875 4644 2018 4699 Deus
2064 4644 2340 4699 omnium:
2399 4660 2418 4694 ι
2451 4642 2675 4711 Respice
2734 4643 2787 4694 in
2840 4644 3077 4705 coelum,
3127 4652 3181 4697 et
3236 4644 3444 4696 intuere

1875 4736 2077 4800 stellas,
2109 4750 2237 4789 num
2280 4733 2483 4804 poteris
2511 4748 2604 4788 eas
2651 4748 2937 4788 numerare
2958 4744 3003 4786 ο.
3042 4753 3061 4785 ι
3120 4733 3181 4788 Ει
3214 4734 3443 4805 suhjun-

1458 4880 1482 4909 ο
1515 4867 1652 4924 Gen.
1686 4888 1775 4939 xv,
1821 4875 1872 4929 5.

1092 4987 1327 5043 ἾΑΙὶΙιΕ
1367 4982 1748 5047 LECTIONES
1775 4993 1866 5047 EX
1914 4990 2189 5049 CATENA
2226 4987 2574 5044 LIPSIENSI.

273 5114 293 5143 ²
325 5112 447 5167 Cat.
469 5126 527 5180 p.
550 5108 676 5164 551.
701 5105 760 5180 ῦν
789 5104 1057 5180 ὑπέθηκεν
1081 5102 1139 5180 ὲν
1170 5104 1233 5172 τῇ
1266 5118 1389 5180 sese.
1453 5102 1709 5180 '_Qua‘:_st.
1738 5103 1768 5157 8

1875 5114 2011 5159 icat.
2039 5120 2092 5172 p.
2127 5102 2229 5157 366
2262 5102 2478 5171 ponitur
2502 5109 2626 5172 post
2646 5116 2740 5171 qu.
2772 5100 2858 5155 86.
2929 5104 2949 5133 ’
2979 5101 3095 5156 Cat.
3128 5117 3183 5173 p.
3228 5100 3350 5156 566.
3387 5118 3438 5156 τ.

212 5201 370 5254 πατρ.
405 5171 883 5252 μνηστευσάμενον
917 5171 1066 5245 μίαν,
1095 5171 1443 5242 ἀπατηθέντα
1480 5172 1555 5226 δέ.
1592 5177 1687 5237 Ὃς
1717 5178 1807 5227 καὶ
1836 5171 2165 5244 παραυτίκα,
2195 5183 2299 5227 etc.

1715 5312 1939 5370 ΝΟΤΛΕ.

282 5418 387 5484 (69)
414 5416 552 5472 Cod.
585 5424 641 5469 et
661 5412 775 5467 Pic.
812 5409 1108 5484 γυναικῶν.

278 5481 387 5559 (70)
419 5490 550 5541 Cod.
576 5496 632 5559 e_t
807 5481 1107 5559 sbaéb’siav.

281 5548 386 5631 (71)
416 5554 649 5625 Βαλλᾷ.
675 5552 886 5615 Nomen
946 5551 1156 5605 ancilla:
1212 5548 1456 5617 Rahelis,
1485 5565 1606 5621 qua:
1635 5550 1772 5610 Gen.

219 5668 352 5719 xxix,
384 5650 583 5705 dicitur

280 5714 387 5829 (ᾖ)
427 5714 815 5831 Ἀλογίέέως.
853 5749 987 5831 Cod.
1018 5757 1071 5804 et
1093 5747 1215 5831 Pica
1242 5749 1501 5822 ἀνοήτως.

281 5819 386 5901 (75)
425 5819 634 5885 Τέκνα.
663 5824 803 5907 Cod.
839 5830 898 5905 σε
918 5820 1030 5877 Plc.
1064 5819 1276 5874 παιδία.

1956 5406 2069 5480 (74)
2098 5410 2352 5480 Ζέλρας.
2386 5408 2519 5463 Cod.
2546 5405 2959 5480 abshpc'iQPic.
2993 5405 3222 5480 Aemi;
3251 5404 3443 5480 Minus

1880 5476 2059 5534 bene.'
2097 5476 2322 5535 Praestat
2370 5480 2424 5533 h.
2482 5480 2520 5534 l.
2568 5479 2729 5533 lectio
2784 5476 3181 5531 Sirmondiana.
3233 5476 3441 5530 Ancilla

1879 5570 2022 5625 enim
2067 5568 2213 5635 Leze,
2270 5584 2390 5640 qua:
2434 5570 2568 5624 Gen.
2612 5586 2739 5625 xxix
2775 5554 2910 5661 ne?
2942 5568 3159 5632 dicitur,
3204 5585 3234 5623 a
3279 5565 3437 5631 LXX,

1878 5676 2267 5798 izntfrprelibus
2321 5686 2583 5732 vocantur
2619 5675 2818 5746 Ζελφὰ.
2878 5675 3185 5747 Legendum
3227 5674 3440 5740 videtur

1924 5763 1946 5796 ε
1986 5761 2109 5798 τας.

1924 5761 2109 5810 εΑφας.

1952 5815 2064 5884 (75)
2094 5816 2301 5873 Ταῦτα.
2330 5813 2511 5872 Deest.
