3964 6550
597 402 700 467 1’35

1578 385 2064 451 THEODORETI
2101 382 2438 445 EPISCOPI
2458 381 2822 442 CYRENSIS

3781 378 3886 443 196

593 516 702 569 xit:
733 507 769 564 ε’
810 498 906 565 Si’c
935 509 1045 564 erit
1082 521 1265 562 semen
1313 502 1524 559 tuum‘.
1576 520 1593 552 ι
1627 502 1693 555 Et
1720 502 1956 554 iterum:
1987 516 2007 549 ι
2042 496 2169 550 Elii-

2287 495 2319 547 :i
2374 493 2576 563 δυνήσῃ
2630 490 2998 561 ἐξαριθμῆσαι
3038 489 3268 554 αὐτούς,
3318 508 3343 540 ι
3402 488 3509 542 καὶ
3559 490 3893 558 ἐπήγαγενο

595 608 736 662 ciam
798 618 984 658 semen
1035 610 1186 653 tuum
1237 606 1297 650 ut
1342 609 1582 659 arenam,
1634 607 1753 662 qua:
1782 600 1865 646 est
1907 590 1959 643 in
1985 590 2167 643 littore

594 700 781 763 maris,
801 711 921 766 quae
946 707 1053 747 non
1077 699 1255 762 potest
1271 686 1547 743 numerari
1570 701 1678 755 pra:
1701 682 2044 738 multitudine
2061 690 2109 734 ε.
2142 699 2161 732 ι

596 790 740 844 Nihil
786 797 970 842 autem
1016 784 1121 837 tale
1165 781 1240 835 illi
1291 777 1662 849 promisisset,
1733 776 1833 830 nisi
1892 774 2166 844 copiosam

600 879 839 937 sobolem
871 877 1171 933 maximum
1206 872 1409 927 bonum
1458 883 1580 925 esse
1603 866 1991 923 existimasset.

1080 1128 1356 1185 INTERR.
1398 1123 1678 1179 LXXXVI.

788 1224 897 1279 Cur
923 1236 1113 1275 uxores
1152 1227 1336 1271 mutua
1361 1214 1620 1282 zelotypiu
1662 1207 2005 1264 tenebantur?

669 1316 1004 1388 Imperﬁecta:
1033 1320 1205 1373 erant,
1251 1318 1304 1363 et
1337 1306 1573 1361 hominis
1604 1303 1755 1373 impii
1788 1301 1943 1355 tiliae:
1980 1312 2171 1367 nempe

600 1411 697 1481 qui
732 1407 1023 1465 simulacra
1054 1403 1186 1456 deos
1216 1398 1553 1453 nominabat.
1582 1396 1695 1449 Hac
1726 1394 1791 1447 de
1815 1406 1980 1446 causa
2004 1389 2168 1453 Deus,

601 1480 726 1558 cum
764 1501 906 1569 leges
936 1495 1217 1557 conderet,
1248 1492 1387 1546 tales
1408 1490 1622 1559 nuptias
1649 1485 1962 1557 prohibuit:
2001 1502 2019 1533 ι
2054 1480 2169 1535 Νοη

604 1590 857 1660 accipies,
892 1587 1091 1656 inquit,
1131 1597 1357 1638 uxorem
1392 1595 1556 1650 super
1584 1592 1830 1633 sororem
1860 1576 1978 1645 ejus
2008 1590 2174 1630 aemu-

602 1686 711 1738 lam
750 1682 870 1753 ejus
890 1679 941 1732 ιι.
959 1697 977 1729 ›

1029 1759 1756 1839 96lNTERR.LXXXVII.

847 1864 1025 1931 Quare
1056 1862 1334 1930 Scriptura
1368 1857 1599 1911 meminit
1647 1856 1873 1924 fortuna:
1896 1852 1945 1905 i?

676 1958 899 2029 Propria
936 1964 1063 2011 sunt
1108 1966 1278 2008 sacra:
1322 1949 1641 2019 Scriptura,
1679 1946 1895 2016 eloquia
1941 1942 2178 2014 Spiritus

605 2052 799 2115 sancti,
828 2050 1009 2105 divina
1040 2054 1326 2117 praecepta,
1364 2043 1579 2112 piorum
1636 2040 1918 2094 hominum
1967 2036 2169 2091 verba:

604 2145 811 2215 reliqua
866 2152 1047 2196 autem
1116 2136 1380 2200 historico
1434 2148 1587 2188 more
1636 2130 2010 2203 proferuntur.
2058 2126 2175 2183 Non

604 2236 783 2291 solum
822 2233 985 2304 igitur
1018 2245 1197 2285 sermo
1236 2227 1355 2298 ipse
1402 2225 1729 2294 spectandus
1763 2230 1867 2287 est,
1896 2222 1988 2277 sed
2016 2220 2181 2274 etiam

605 2344 728 2398 qua:
777 2325 1015 2395 loquitur
1080 2336 1331 2392 persona.
1407 2319 1576 2373 Porro
1628 2317 1852 2372 verbum
1909 2327 2183 2384 prosperae

606 2419 842 2473 fortuna:
889 2432 997 2473 non
1042 2424 1126 2469 est
1178 2413 1403 2468 verbum
1451 2410 1657 2475 Jacobi,
1705 2408 1801 2464 sed
1846 2407 2034 2462 uxoris
2063 2405 2182 2475 ejus

606 2510 772 2565 Lex:
832 2524 973 2578 quat,
1012 2515 1072 2561 ut
1099 2505 1232 2569 dixi,
1271 2504 1323 2557 in
1376 2503 1653 2571 impietate
1703 2500 1883 2554 fuerat
1929 2498 2180 2559 educata,

606 2614 662 2658 et
689 2617 879 2672 parum
912 2601 967 2653 in
1001 2597 1197 2652 divinis
1243 2596 1512 2650 instituta.
1551 2592 1641 2651 Sic
1674 2602 1726 2647 et
1775 2600 1927 2661 pater
1959 2590 2079 2659 ejus
2110 2590 2186 2645 di-

606 2695 726 2749 xit:
771 2713 789 2745 ι
827 2693 1137 2760 Augnratus
1167 2686 1362 2743 sumi.
1400 2706 1417 2739 ι
1470 2688 1539 2739 At
1581 2684 1763 2738 divina
1809 2684 1890 2737 lex
1937 2684 2185 2754 prohibet

608 2784 853 2858 auguriis
885 2780 1032 2836 uti‘.
1071 2780 1251 2847 Quare
1283 2792 1442 2833 nemo
1490 2786 1655 2847 putet,
1710 2774 2018 2844 hujusmodi
2067 2790 2185 2829 ser-

608 2893 800 2935 mones
831 2891 952 2931 esse
982 2875 1278 2943 Scriptura:
1302 2862 1550 2927 divinae."
1571 2868 1850 2939 Siquidem
1878 2878 2089 2934 auctor,
2125 2876 2186 2923 ut

607 2974 701 3044 qui
742 2972 1023 3027 historiam
1064 2970 1291 3035 scribat,
1333 2967 1496 3023 verba
1530 2968 1745 3028 inserit,
1806 2980 1927 3035 quae
1981 2964 2048 3017 ab
2082 2963 2185 3017 im-

607 3063 717 3133 piis
746 3060 953 3131 prolata
984 3066 1130 3113 sunt.
1163 3057 1239 3111 Ita
1271 3055 1650 3109 divinissimus
1682 3051 1857 3107 Moses
1885 3051 2049 3106 verba
2083 3059 2183 3119 po-

610 3153 695 3207 nit
730 3149 1033 3205 Pharaonis
1068 3147 1417 3217 blasphemia:
1462 3146 1660 3216 plena:
1713 3162 1732 3195 ι
1765 3142 1884 3198 Non
1919 3142 2043 3196 novi
2078 3140 2187 3195 Do-

2208 1855 2255 1915 Β

2278 584 2495 648 «Οὕτως
2521 584 2677 637 ἔσται
2702 582 2764 635 τὸ
2795 582 3017 652 σπέρμα
3040 598 3157 634 σου.
3182 599 3199 632 ι
3231 579 3353 634 Καὶ
3380 578 3591 632 πάλιν*
3625 598 3643 631 ι
3679 581 3898 651 Ποιήσω

2270 677 2330 730 τὸ
2370 678 2591 747 σπέρμα
2620 674 2831 741 σου,ὼς
2860 675 2895 744 ὴ
2929 673 3114 743 ἄμμος
3152 672 3261 742 (76)
3284 674 3322 743 ἡ
3372 671 3548 741 παρά
3595 673 3664 722 τὸ
3722 675 3898 742 χεῖλος

2270 771 2370 842 τῆς
2412 769 2709 836 θαλάσσης,
2749 766 2873 835 ἥτις
2912 764 3014 817 οὐκ
3060 762 3603 835 ἐξαριθμηθήσεται
3648 761 3766 814 ἀπὸ
3804 766 3897 818 τοῦ

2273 862 2529 934 πλήθους.
2558 880 2579 914 ι
2613 861 2726 913 Οὐκ
2748 858 2813 911 ἂν
2837 858 2897 911 δέ
2927 856 3076 927 αὐτῷ
3110 856 3318 929 ταύτην
3356 855 3551 908 ἔδωκε·
3604 855 3716 924 τὴν
3766 858 3898 909 ὐπὸ-

2275 972 2478 1025 σχεσιν,
2535 955 2583 1006 εἰ
2627 952 2701 1023 μὴ
2747 951 2847 1021 τὴν
2902 950 3229 1018 πολυγονίαν
3291 949 3589 1022 μέγιστον
3642 950 3898 1020 ἐνόμιζεν

2273 1041 2412 1099 εἶναι
2443 1045 2493 1115 (7
2502 1045 2552 1116 7)
2584 1042 2807 1113 ἀγαθόν.

2862 1135 3059 1189 EPer.
3104 1139 3250 1204 nq'.

2275 1230 2449 1297 Τίνος
2476 1229 2656 1300 χάριν
2686 1232 2746 1284 al
2780 1233 3066 1302 γυναῖκες
3089 1229 3531 1295 ἐζηλοτύπουν
3562 1224 3891 1293 ἀλλήλας;

2357 1318 2589 1381 Ἀτελεῖς
2630 1314 2793 1389 ἦσαν,
2823 1322 2919 1374 καὶ
2956 1319 3253 1382 δυσσεϐοῦς
3293 1318 3516 1389 ἀνδρὸς
3555 1318 3891 1389 Θυγατέρες,

2271 1410 2345 1464 ’τά
2386 1411 2550 1475 ξόανα
2589 1410 2746 1471 θεοὺς
2794 1412 3169 1483 ὀνομάζοντος.
3202 1410 3419 1465 Τούτου
3486 1413 3694 1465 ἕνεκεν
3736 1429 3890 1482 νομο-

2272 1502 2450 1555 θετῶν
2470 1504 2498 1555 6
2518 1501 2656 1566 Θεὸς
2696 1502 2785 1557 τὸν
2814 1504 3054 1557 τοιοῦτον
3082 1501 3435 1574 ἀπαγορεύει
3465 1502 3686 1573 γάμον
3712 1517 3727 1529 ⁸
3769 1522 3786 1553 ‹
3815 1506 3883 1555 US

2272 1592 2421 1667 λήψη
2443 1594 2575 1667 γὰρ,
2601 1592 2755 1666 φησὶ,
2776 1598 3012 1664 γυναῖκα
3026 1597 3113 1648 ἐπ’
3135 1595 3338 1667 ἀδελφῇ
3376 1594 3571 1666 αὐτῆς
3602 1592 3885 1665 ἀντίζηλον

2278 1686 2466 1757 αὐτῆς.
2489 1706 2507 1738 ι

2888 1779 3080 1836 ΕΡΩΤ.
3112 1781 3234 1834 ΠΖ’.

2526 1873 2690 1928 Διατί
2722 1872 2760 1940 ή
2796 1872 3005 1940 Γραφὴ
3037 1872 3329 1941 μέμνηται
3364 1872 3615 1940 nilne;

2352 1963 2487 2017 Ἴδια
2517 1964 2634 2035 (78)
2672 1965 2768 2033 τῆς
2812 1963 3057 2035 Γραφῆς,
3094 1963 3164 2016 τὰ
3188 1964 3283 2017 τοῦ
3327 1964 3676 2034 πνεύματος
3706 1963 3873 2033 λόγια,

2283 2054 2340 2108 αἱ
2374 2054 2517 2108 θεῖαι
2544 2054 2838 2120 διατάξεις,
2868 2054 2977 2107 τῶν
3023 2053 3264 2107 εὐσεϐῶν
3318 2054 3655 2125 ἀνθρώπων
3679 2057 3751 2109 τὰ
3790 2060 3873 2128 ῥή-

2282 2159 2465 2215 ματαο
2494 2146 2563 2198 τά
2590 2146 2648 2199 δὲ
2690 2146 2827 2200 ἄλλα
2866 2146 3152 2217 ίστορικῶς
3194 2146 3370 2215 λέγει.
3407 2148 3544 2218 Χρὴ
3575 2148 3765 2200 τοίνυν
3808 2149 3879 2223 μὴ

2284 2238 2442 2309 μόνον
2487 2238 2777 2309 προσέχειν
2815 2238 2894 2309 τῷ
2927 2238 3096 2309 λόγῳ,
3137 2239 3274 2292 ἀλλά
3312 2241 3419 2295 καὶ
3482 2240 3567 2311 τῷ
3604 2242 3876 2311 προσώπῳ

2279 2326 2374 2380 τοῦ
2403 2326 2679 2395 λέγοντος.
2724 2326 2796 2381 Τὸ
2824 2328 3003 2381 τοίνυν
3035 2327 3322 2399 εὐτύχημα
3352 2329 3511 2400 (79),
3540 2331 3605 2382 οὐ
3647 2329 3744 2383 τοῦ
3783 2333 3876 2384 Ἰα-

2282 2417 2397 2475 κώϐ
2423 2420 2541 2472 ἐστι
2575 2420 2745 2491 ῥῆμα,
2778 2419 2915 2473 ἀλλά
2950 2420 3050 2489 τῆς
3079 2421 3244 2484 Λείας
3266 2423 3565 2489 γυναικὸς,
3606 2424 3687 2488 ὡς
3722 2424 3870 2494 ἔφην,

2282 2511 2340 2563 ὲν
2375 2511 2663 2581 δυσσεϐείᾳ
2706 2512 3026 2582 τραφείσης,
3078 2512 3172 2565 καὶ
3229 2512 3374 2566 κατά
3428 2513 3617 2586 βραχὺ
3664 2515 3734 2568 τὰ
3764 2516 3871 2570 θεῖα

2282 2601 2699 2671 παιδευομένης.
2760 2601 2916 2655 Οὕτω
2962 2604 3103 2656 καίὁ
3137 2603 3341 2675 ταύτης
3391 2606 3590 2677 πατὴρ
3642 2606 3746 2678 ἔφη
3790 2610 3864 2672 τὸ,

2290 2712 2308 2743 ι
2333 2694 2701 2764 Οἱωνισάμην.
2736 2713 2755 2745 ι
2798 2693 2937 2746 Ἀλλ’
2963 2697 2993 2748 6
3020 2697 3162 2759 θεῖος
3192 2698 3545 2769 ἀπαγορεύει
3573 2699 3742 2770 νόμος
3765 2703 3868 2763 τοῖς

2282 2785 2493 2848 οίωνοῖς
2542 2784 2863 2856 κεχρῆσθαι.
2900 2786 3106 2856 Μηδεὶς
3137 2783 3228 2841 οὖν
3272 2789 3385 2859 (80)
3430 2791 3569 2854 τοὺς
3602 2792 3861 2856 τοιούτους

2283 2876 2474 2944 λόγους
2496 2878 2594 2949 τῆς
2611 2877 2762 2942 θείας
2792 2879 3059 2949 νομιζέτω
3090 2880 3476 2953 (81)Γραφῆς.
3511 2884 3598 2937 Τὰ
3630 2885 3740 2955 γὰρ
3760 2902 3859 2938 πα-

2286 2964 2356 3035 ρὰ
2381 2965 2488 3018 τῶν
2513 2966 2616 3019 οὐκ
2646 2965 2887 3020 εὐσεϐῶν
2912 2968 3177 3039 εἰρημένα
3201 2970 3421 3042 τίθησιν
3441 2974 3472 3027 6
3494 2975 3871 3043 συγγραφεύςν

2284 3056 2381 3111 ἅτε
2409 3056 2474 3128 δὴ
2502 3058 2745 3130 ἱστορίαν
2784 3061 3172 3131 συγγράφωνίθ
3192 3080 3205 3092 ·
3230 3062 3375 3118 οὔτω
3398 3064 3655 3121 τέθεικεν
3678 3069 3707 3119 6
3731 3068 3858 3121 θειό-

2284 3164 2445 3213 τατος
2470 3151 2675 3221 Μωσῆς
2715 3152 2924 3206 καὶτοῦ
2945 3152 3145 3223 Φαραὼ
3173 3156 3265 3208 τὸν
3308 3156 3649 3228 βλάσφημον
3678 3160 3851 3228 λόγον·

612 3244 842 3306 minum,
875 3250 930 3296 et
973 3240 1135 3296 Israel
1167 3254 1274 3293 non
1308 3213 1575 3293 dimitto‘.
1620 3256 1638 3289 ι
1675 3235 1744 3290 At
1769 3250 1875 3289 non
1900 3242 1983 3289 est
2014 3233 2179 3288 divini

2294 3260 2313 3293 ι
2342 3242 2455 3295 Οὐκ
2481 3238 2598 3297 οἶδα
2632 3213 2735 3297 ’τὸν
2776 3244 3001 3314 Κύριον,
3029 3213 3129 3299 ’καὶ
3154 3248 3244 3301 τὸν
3273 3213 3498 3322 Ἰσραὴλ
3524 3213 3649 3305 ὀὐκ
3673 3213 3854 3317 ἐξαπο-

612 3334 848 3404 Spiritus
877 3333 968 3388 hic
1014 3346 1216 3396 sermo,
1268 3331 1362 3386 sed
1396 3330 1541 3401 regis
1582 3328 1757 3399 impii.
1788 3326 1990 3381 Eodem
2022 3325 2181 3380 modo

612 3440 831 3480 rursum
882 3422 1135 3479 audimus
1190 3421 1559 3507 Senna‘cherib
1610 3420 1921 3475 dicentem:
1979 3436 1997 3469 ι
2028 3416 2106 3470 Ne
2132 3426 2184 3471 te

606 3517 846 3587 decipiat
878 3517 1020 3571 Deus
1055 3525 1201 3581 tuus,
1238 3514 1292 3568 in
1331 3529 1442 3584 quo
1472 3512 1744 3569 conﬁdisti
1775 3512 1965 3567 dicens
1991 3529 2004 3565 :
2034 3510 2185 3564 Libe-

606 3586 757 3665 brabit
790 3610 1050 3665 Dominus
1077 3608 1376 3665 Jerusalem
1417 3607 1484 3661 de
1518 3621 1682 3660 manu
1709 3620 1830 3660 mea
1850 3616 1912 3659 ιιι.
1955 3622 1972 3656 ι
2008 3603 2182 3658 Crete-

616 3719 735 3759 rum
789 3718 899 3757 non
944 3704 1207 3759 discimus
1254 3700 1380 3755 inde
1424 3698 1819 3770 blasphemare,
1866 3698 1963 3754 sed
2004 3697 2183 3769 potius

616 3795 1011 3869 blasphemiam
1049 3795 1331 3851 damnare.

1054 3964 1352 4028 .INTERB.
1386 3971 1714 4027 LXXXVIII.

616 4070 771 4139 Atqui
803 4066 983 4139 Jacob_
1004 4067 1113 4139 ipse
1141 4067 1282 4139 dixit
1302 4066 1369 4117 ad
1398 4065 1663 4139 Labanem
1686 4081 1703 4119 :
1742 4084 1761 4117 ι
1789 4063 2065 4119 Benedixit
2093 4067 2185 4121 tibi

948 4134 1201 4190 Dominus
1233 4134 1293 4188 ob
1323 4136 1499 4205 pedem
1528 4144 1763 4189 meum“.
1802 4157 1819 4187 ι

687 4234 843 4288 Clara
885 4241 969 4286 est
1000 4231 1163 4301 hujus
1192 4230 1321 4285 dicti
1354 4229 1639 4284 sententia.
1684 4228 1879 4285 Pedem
1914 4230 2061 4285 enim
2090 4249 2185 4288 vo-

618 4329 760 4381 cavit
787 4326 1076 4379 adventrum
1103 4341 1115 4375 :
1140 4323 1363 4393 perinde
1392 4338 1455 4378 ac
1475 4324 1519 4376 si
1548 4323 1797 4389 dixisset,
1826 4322 1934 4393 97
1961 4323 2187 4394 Propter

618 4419 905 4471 adventum
962 4432 1163 4483 meum,
1216 4424 1270 4470 et
1314 4415 1735 4471 sollicitudinem
1782 4432 1990 4483 meam,
2044 4418 2185 4474 Deus

618 4510 716 4563 tibi
748 4510 888 4564 bona
930 4508 1244 4578 impertivit.
1289 4507 1379 4561 Ille
1427 4508 1571 4562 enim
1605 4508 2040 4565 animadverteris
2072 4512 2185 4580 pie-

619 4614 785 4657 tatem
827 4617 1025 4666 meam,
1074 4601 1389 4656 omnimoda
1434 4600 1811 4655 benedictione
1869 4614 2187 4671 prosecutus
2219 4574 2267 4632 θ

615 4705 698 4750 est
727 4712 811 4762 ea,
846 4711 966 4766 qua:
999 4694 1096 4749 abs
1127 4704 1177 4748 te
1200 4693 1331 4747 mihi
1361 4694 1652 4749 commissa
1686 4700 1834 4749 sunt.

697 4831 717 4869 τ
750 4832 883 4909 Gen.
916 4847 1084 4909 χτχρ.
1288 4829 1475 4909 SAGen.
1504 4847 1640 4909 alii,
1675 4831 1763 4884 I7.
1844 4833 1873 4872 ιι
1932 4833 2105 4909 Devit.
2143 4855 2297 4909 xvm,
2339 4847 2425 4902 I8.

620 4919 736 4969 χιχ,
794 4904 885 4960 51.
968 4901 984 4941 ¹
1019 4903 1189 4957 Exod.
1220 4918 1274 4967 v,
1308 4902 1364 4955 9..
1436 4911 1473 4932 σι
1508 4900 1719 4970 lV'Iieg.
1754 4918 1905 4969 xvm,
1934 4904 2003 4957 50
2028 4921 2179 4978 seqq.

2290 3334 2493 3387 στέλλω
2524 3333 2657 3403 (82).
2685 3355 2703 3387 ι
2747 3336 2889 3389 Ἀλλ’
2917 3338 2976 3390 οὐ
3005 3337 3101 3391 τοῦ
3123 3337 3269 3392 θείου
3310 3342 3641 3415 ΙΙνεύματος
3661 3337 3805 3407 οὗτος
3829 3345 3853 3394 ὁ

2287 3423 2463 3492 λόγος,
2506 3425 2645 3479 ἀλλά
2679 3427 2773 3480 τοῦ
2826 3427 3117 3491 δυσσεϐοῦς
3156 3429 3443 3498 βασιλέως.
3501 3433 3663 3487 Οὖτω
3707 3434 3853 3487 πάλιν

2287 3516 2561 3587 ἀκούομεν
2596 3517 2692 3572 τοῦ
2745 3519 3087 3590 Σεναχηρεὶμ
3131 3523 3402 3591 λέγοντος·
3442 3545 3461 3577 ι
3486 3527 3581 3595 Μή
3615 3542 3674 3577 σε
3724 3527 3852 3577 ἀπα-

2286 3608 2432 3661 τάτω
2461 3610 2489 3661 ὁ
2519 3608 2650 3673 Θεός
2679 3627 2772 3663 σου
2801 3612 2886 3682 ἐφ’
2915 3607 2960 3679 ᾧ
2985 3617 3047 3669 σὺ
3080 3617 3347 3681 πέποιθας
3370 3619 3465 3672 ἐπ’
3486 3618 3661 3689 αὐτῷ,
3694 3618 3849 3685 λέγων

2288 3700 2370 3752 ὅτι
2400 3698 2648 3755 Ῥύσεται
2677 3703 2878 3776 Κύριος
2898 3706 3361 3781 τὴνἹερουσαλὴμ
3392 3713 3460 3763 ἐκ
3481 3711 3666 3781 χειρός
3694 3726 3807 3778 μου.
3827 3730 3842 3759 ι

2302 3790 2443 3844 Ἀλλ’
2488 3792 2548 3845 οὐ
2594 3792 2930 3867 βλασφημεῖν
2981 3800 3230 3855 ἐντεῦθεν
3296 3802 3670 3873 μανθάνομεν,
3723 3800 3845 3854 ἀλλά

2292 3882 2641 3955 βλασφημίας
2667 3894 3015 3959 κατηγορεῖν.

2611 4024 2616 4029 .
2887 3983 3082 4038 ΕΡΩΤ.
3121 3988 3249 4039 IIII'.

2304 4068 2483 4122 Ἀλλὰ
2504 4070 2603 4123 καὶ
2631 4072 2814 4137 αὐτὸς
2838 4076 2870 4127 δ
2900 4074 3100 4130 Ἰακὼό
3125 4077 3242 4146 ἔφη
3278 4078 3358 4143 τῷ
3380 4058 3605 4133 Λάϐαν·
3642 4075 3842 4131 «E616-

2500 4164 2655 4231 γησέ
2677 4178 2751 4217 σε
2775 4166 2989 4234 Κύριος
3010 4169 3108 4222 ἐπὶ
3157 4170 3237 4235 τῷ
3278 4171 3419 4223 ποδί
3434 4189 3578 4240 μου.
3629 4188 3647 4220 ι

2361 4252 2504 4325 Δήλη
2541 4256 2634 4308 τοῦ
2672 4257 2837 4328 ῥητοῦ
2869 4261 2900 4329 ή
2941 4260 3168 4316 διάνοια.
3212 4265 3355 4317 Πόδα
3381 4267 3493 4334 γάρ
3516 4264 3617 4332 τὴν
3652 4276 3841 4329 παρου-

2295 4343 2416 4397 σίαν
2456 4346 2712 4402 ἐκάλεσεν
2734 4366 2748 4381 ο
2780 4351 2902 4404 ἀντὶ
2939 4354 3056 4418 τοῦ,
3096 4355 3185 4407 διὰ
3221 4355 3318 4425 τῆς
3364 4356 3504 4426 ἐμῆς
3533 4352 3837 4422 παρουσίας.

2292 4436 2507 4507 καὶτῆς
2536 4438 2675 4508 ἐμῆς
2700 4442 3043 4512 κηδεμονίας,
3073 4446 3179 4499 τῶν
3220 4446 3514 4500 θεοσδότων
3541 4445 3841 4513 ἀπήλαυσας

2294 4526 2535 4593 ἀγαθῶν.
2567 4530 2660 4593 Ei;
2683 4533 2791 4604 γὰρ
2819 4535 2922 4607 τὴν
2950 4538 3090 4608 ἐμὴν
3104 4540 3383 4593 εὐσέϐειαν
3408 4539 3627 4609 ἀφορῶν
3659 4539 3684 4588 6
3702 4533 3833 4594 Θεὸς,

2290 4618 2381 4777 :1;
2415 4614 2823 4690 ἐγχειρισθέντα
2872 4644 2960 4695 μοι
3012 4628 3165 4700 παρὰ
3230 4630 3325 4683 σοῦ
3374 4624 3837 4701 πάσηςλεύλογίας

2368 4727 2544 4765 .ωσεν.

2368 4710 2544 4765 ίωσεν.

2508 4852 2523 4890 ί
2557 4850 2860 4925 Gem)“,
2903 4855 2988 4909 II.
3072 4855 3086 4906 i
3127 4856 3259 4912 Gen.
3298 4873 3424 4925 xxx,
3454 4856 3541 4912 27.
3627 4852 3651 4892 ¹ι
3682 4850 3832 4905 Levit.

2261 4921 2289 4949 η
2320 4917 2456 4974 Gen.
2486 4935 2619 4987 xxx,
2659 4923 2749 4977 50.

1500 5026 1737 5085 VARIIE
1778 5030 2160 5093 LECTIONES
2189 5040 2282 5095 EX
2316 5045 2590 5106 CATENA
2623 5053 2979 5110 LIPSIENSI.

699 5176 740 5206 ¹⁰
758 5175 875 5231 Cat.
905 5191 957 5245 p.
982 5173 1105 5231 568.
1138 5172 1206 5226 τά
1222 5204 1291 5213 -—
1308 5173 1638 5245 συγγράφων
1669 5188 1778 5227 om.

2119 5295 2353 5359 NOT/E.

691 5408 803 5479 (76)
831 5407 965 5479 (ἶριΙ.
990 5417 1044 5463 et
1068 5408 1180 5463 Pic.
1209 5407 1309 5478 τὴν
1331 5407 1537 5472 ἄμμον,
1562 5405 1682 5476 τήν.

687 5475 801 5549 (77)
833 5475 1020 5533 Εἶναι.
1047 5480 1227 5533 Desid.

620 5545 1004 5673 rbt'l'isljftdm.
1038 5550 1173 5605 Cod.
1201 5558 1255 5604 et
1276 5547 1392 5605 Pic.
1412 5549 1521 5617 διά,
1550 5562 1617 5602 ex
1644 5560 1849 5613 errore,
1872 5545 2180 5617 utvidetur,

645 5638 657 5673 l
715 5636 852 5673 '3‘”.

645 5636 852 5674 Iurarn.

695 5688 807 5757 (79)
840 5691 1183 5759 Εὐτύχημα.
1230 5690 1310 5743 Ita
1358 5703 1576 5759 quoque
1615 5688 1745 5760 legit
1790 5686 1955 5740 Picus
2004 5704 2058 5757 p.
2089 5691 2177 5749 55.

618 5760 1014 5831 (Ξοάοτηειιιιειη
1052 5761 1211 5814 habet
1239 5760 1540 5831 εὐτύχημα,
1576 5776 1696 5830 qua:
1724 5762 1998 5831 etiam_est
2025 5763 2180 5831 lectio

620 5844 757 5884 mss.
777 5830 1115 5897 ,Oxoniensis
1143 5840 1197 5887 et
1214 5831 1341 5887 edit.
1361 5827 1632 5900 Geinplui.
1661 5833 1715 5887 in
1747 5832 1867 5886 loco
1893 5827 1998 5881 isto
2029 5829 2164 5887 Gen.

2284 5433 2415 5501 axx,
2450 5434 2512 5501 tt,
2542 5423 2945 5501 utLa_mb._Bos
2984 5431 3037 5484 in
3059 5446 3174 5485 var.
3209 5429 3330 5486 lect.
3360 5430 3425 5483 ad
3456 5430 3509 5482 h.
3536 5428 3570 5481 I.
3602 5422 3809 5501 monuit.

2282 5485 2341 5571 In
2364 5492 2611 5571 versione
2641 5496 2750 5571 τῶν
2778 5497 2832 5571 ρ’
2864 5504 3251 5556 exstantverha
3272 5503 3328 5553 ἐν
3348 5501 3503 5571 τύχῃ,
3527 5500 3659 5571 unde
3703 5492 3812 5548 iliu-

2281 5564 2707 5637 stra_n_t_urverba
2726 5566 2887 5635 hujus
2916 5572 3261 5637 Quaestionis,
3288 5572 3375 5624 δια
3412 5564 3721 5636 τῖ’-τύχηςο

2350 5630 2464 5698 (8υ)
2503 5628 2644 5687 Οὖν.
2671 5628 2885 5694 Οοόῖει
2918 5628 3031 5695 Pio.
3067 5628 3268 5695 τοίνυν.

2351 5701 2463 5779 (ἕῖ)
2493 5704 2800 5779 ένοέιιζέτε).
2828 5710 3032 5766 Cod.et
3060 5710 3174 5765 Pic.
3200 5714 3530 5779 praemittunt
3565 5702 3714 5761 εἶναι.

2353 5770 2463 5841 (89η)
2490 5769 2621 5829 Cod.
2655 5786 2707 5831 ct
2735 5775 2847 5834 Pic.
2882 5769 3242 5844 ἐξαποστελῶ.
