3964 6526
583 344 689 410 203

584 476 683 531 pro
721 474 788 514 eo
839 457 1033 521 Johab,
1067 458 1211 511 filius
1243 460 1257 475 ‘
1290 455 1442 510 Zara:
1497 456 1563 508 de
1621 456 1819 511 Bosm-a
1854 467 1912 521 c;

584 553 766 607 omnia
795 551 1145 608 consentiunt
1176 565 1299 604 cum
1332 548 1555 602 historia
1586 546 1727 604 Johi.

1036 748 1191 818 102
1226 746 1501 802 INTERR.
1560 746 1740 801 χειν.

797 865 972 932 Quare
1008 865 1198 932 fratres
1254 862 1472 933 Josepht
1525 865 1818 917 inviderunt
1854 864 1944 916 ei?

658 956 854 1027 loseph
884 958 1206 1027 diligebatur
1234 973 1261 1010 a
1296 967 1466 1027 patre,
1500 968 1612 1012 tum
1646 958 1787 1027 quod
1818 972 1941 1012 sero
1969 966 2152 1022 natus,

586 1059 700 1103 tum
737 1051 879 1120 quod
911 1051 1054 1104 ﬁlius
1086 1048 1357 1111 Rachelis,
1389 1059 1441 1103 et
1471 1049 1671 1104 virtute
1700 1059 1963 1119 praestans
1986 1059 2149 1104 esset.

588 1142 898 1196 invidebant
926 1156 1051 1210 ergo
1087 1139 1303 1204 fratres,
1336 1140 1461 1210 quia
1522 1140 1776 1195 videbant
1830 1156 1954 1196 eum
2001 1150 2155 1195 antc-

589 1233 738 1286 ferri.
771 1233 839 1286 Et
864 1231 916 1285 in
963 1231 1153 1301 primis
1184 1232 1402 1300 quidem
1437 1240 1784 1287 tentaverunt
1812 1235 1862 1287 ei
1919 1234 2155 1289 conﬂare

526 1344 529 1347 ‘
588 1324 770 1379 odium
802 1335 1110 1393 paternum,
1144 1325 1329 1379 multis
1383 1325 1646 1381 adversus
1700 1341 1824 1381 eum
1895 1328 2156 1382 conviciis

590 1424 835 1471 utentes:
891 1417 983 1469 sed
1018 1431 1143 1470 cum
1176 1416 1476 1471 intentione
1505 1433 1603 1471 sua
1655 1417 1901 1472 frustrati
1950 1430 2152 1486 essent,

587 1522 711 1559 eum
744 1506 1047 1576 interﬁcere
1100 1507 1423 1561 voluerunt:
1460 1520 1736 1576 postremo
1768 1496 1995 1565 consilio
2023 1511 2157 1564 inito

586 1598 963 1653 vendiderunt.
996 1597 1395 1668 Manipulorum
1426 1610 1604 1653 autem
1637 1601 1907 1655 somnium
1937 1600 2161 1656 denotat

591 1693 831 1747 futuram
900 1692 1157 1745 frumenti
1212 1707 1374 1747 causa
1428 1691 1821 1746 adorationem.
1877 1691 2156 1762 Siquidem

1553 337 2041 400 THEODORETI
2105 337 2447 397 EPISCOPl
2500 338 2865 399 CYRENSIS

3704 350 3831 414 204

1963 474 1979 504 ι
2032 468 2152 522 quae
2180 459 2225 515 Α
2252 452 2308 505 δὲ
2365 452 2546 505 Βαλὰκ
2573 452 2670 523 (5),
2708 454 2801 506 καὶ
2838 456 3184 513 ἐϐασίλευσεν
3231 463 3345 515 ἀντ’
3402 463 3565 518 αὑτοῦ
3600 463 3831 526 Ἰωϐάϐ,

2252 544 2367 606 υίὸς
2392 546 2541 616 Ζαρὰ
2573 546 2636 597 ἐκ
2677 545 2945 616 Βοσόρας·
2987 566 3005 597 ι
3036 556 3318 624 συμφωνεῖ
3347 553 3593 611 δὲταῦτα
3617 560 3684 627 τῇ
3721 555 3833 610 τοῦ

2263 636 2383 690 Ἰὼϐ
2416 637 2649 707 ἱστορία.

2859 754 3051 809 sror.
3094 760 3203 823 ιιι.

2252 868 2415 919 Atat!
2451 867 2799 935 ἐφθόνησαν
2828 866 2908 932 τῷ
2944 867 3166 937 Ἰωσὴφ
3202 872 3256 922 οἱ
3296 868 3543 939 ἀδελφοί
3591 876 3838 938 αὑτοῦ;

2340 960 2621 1024 Ἠγαπᾶτο
2675 958 2825 1028 παρὰ
2862 958 2957 1013 τοῦ
3016 962 3254 1033 πατρὸς,
3296 963 3390 1015 καὶ
3437 963 3511 1028 ὡς
3549 971 3837 1039 ὰιίγονος.

2254 1051 2349 1102 καὶ
2374 1050 2448 1112 ὡς
2478 1049 2579 1117 τῆς
2618 1050 2821 1121 Ῥαχὴλ
2854 1052 2987 1117 υἱὸς,
3024 1052 3117 1105 καὶ
3163 1053 3238 1116 ὼς
3277 1054 3443 1124 ἀρετῇ
3473 1056 3836 1125 διαπρέπων·

2253 1141 2577 1195 ἐϐάσκαινον
2605 1141 2783 1194 τοίνυν
2810 1142 3043 1208 ὁρῶντες
3064 1145 3225 1197 αὐτὸν
3245 1145 3684 1216 προτιμώμενον.
3714 1150 3841 1203 Καὶ

2255 1233 2474 1301 πρῶτον
2508 1232 2604 1303 μὲν
2632 1233 3006 1303 ἐπειράθησαν
3028 1235 3213 1298 κακῶς
3254 1236 3415 1289 αὑτὸν
3450 1238 3525 1307 (6)
3565 1241 3716 1311 παρά
3747 1242 3843 1312 τῷ

2259 1324 2427 1395 πατρὶ
2461 1324 2746 1390 διαθεῖναι,
2772 1324 2992 1387 πολλαῖς
3023 1326 3143 1378 κατ’
3169 1328 3334 1381 αὑτοῦ
3366 1328 3652 1400 λοιδορίαις
3673 1335 3837 1405 χρώ-

2259 1431 2411 1484 μενοι
2460 1413 2535 1485 (7)
2564 1430 2577 1442 °
2627 1414 2719 1467 τοῦ
2772 1415 2974 1467 σκοποῦ
3038 1415 3093 1468 δὲ
3142 1416 3565 1487 διαμαρτόντες,
3614 1422 3839 1478 ἀνελεῖν

2258 1505 2664 1575 ἠϐουλήθησαν,
2726 1501 2859 1558 Εἶτα
2914 1506 3408 1576 συμϐουλευθέντες
3438 1511 3717 1566 ἀπέδοντο.
3757 1514 3843 1566 Tt.

2257 1598 2315 1650 δὲ
2352 1598 2395 1629 ¹⁹
2426 1598 2535 1651 τῶν
2567 1596 2896 1669 δραγμάτων
2929 1599 3062 1671 ϐναρ
3092 1602 3455 1672 προσημαίνει
3484 1604 3579 1674 τὴν
3604 1606 3693 1660 διὰ
3716 1607 3846 1660 τῶν

2261 1691 2451 1761 πυρῶν
2513 1691 2891 1762 γεγενημένην
2943 1691 3349 1765 προσκύνησιν·
3398 1697 3697 1768 σιτοδοχίας
3752 1698 3841 1770 (8)
3922 1712 3923 1715 ‘

593 1786 851 1841 frumenti
916 1784 1205 1855 recipiendi
1260 1785 1432 1855 gratia
1491 1786 1545 1838 in
1589 1784 1876 1856 Egyptum
1927 1785 2152 1855 profecti

2272 1782 2369 1853 γὰρ
2396 1783 2555 1855 χάριν
2581 1786 2660 1846 εἰς
2701 1784 2800 1854 τὴν
2842 1784 3118 1851 Αιγυπτον
3158 1784 3512 1852 εἰσελθόντες,
3556 1791 3699 1845 κατά
3728 1792 3845 1863 τὴν

592 1878 787 1931 fratres
850 1874 1152 1931 secundum
1208 1874 1551 1944 prophetiam
1583 1890 1707 1928 eum
1758 1875 2147 1930 adoraveruut.

1141 1985 1419 2040 INTEHR.
1452 1984 1616 2041 XCV.

595 2105 794 2171 Quare.
833 2102 1065 2156 Thamar
1097 2110 1287 2155 ornata
1331 2100 1624 2153 meretricio
1670 2099 1853 2154 habitu
1920 2116 2155 2153 socerum

1247 2172 1445 2239 decepit
1465 2173 1490 2224 Ρ

664 2268 878 2323 lllustre
925 2282 1155 2321 nimium
1188 2274 1436 2321 evaserat
1476 2279 1646 2335 genus
1678 2262 1998 2327 Abrahami,
2030 2278 2157 2332 pro—

593 2368 713 2431 pter
739 2376 856 2413 eatn
889 2373 1050 2428 quam
1064 2357 1273 2412 colebat
1299 2356 1575 2425 pietatem.
1609 2353 1763 2419 Quod
1784 2353 1951 2422 probe
1982 2354 2159 2407 sciens

597 2450 854 2513 Thamar,
888 2449 1050 2502 dabat
1094 2462 1335 2516 operam,
1377 2455 1435 2499 ut
1463 2461 1529 2499 ex
1559 2460 1619 2498 ea
1648 2445 1906 2514 progenie
1958 2444 2160 2498 liberos

597 2550 928 2612 procrearet.
956 2540 1093 2593 Cum
1128 2538 1294 2608 igitur
1324 2551 1480 2591 socer
1527 2550 1646 2589 eam
1678 2549 1784 2588 non
1826 2536 2159 2604 desponsas-

600 2644 682 2688 set
741 2634 851 2687 lilio
923 2647 1023 2686 suo
1079 2638 1373 2700 postremo,
1430 2635 1676 2682 metuens
1734 2642 1802 2681 ne
1855 2626 2158 2688 decederet,

596 2726 1053 2797 quemadmodum
1086 2732 1138 2775 et
1171 2720 1366 2774 fratres
1395 2720 1543 2789 ejus;
1569 2730 1753 2772 coacta
1798 2728 1880 2773 est
1929 2719 2019 2772 illa
2073 2716 2163 2772 fu-

597 2818 708 2873 rari
757 2816 1105 2887 procreanda:
1128 2814 1331 2868 sobolis
1373 2812 1712 2874 occasiones,
1745 2826 1809 2865 eo
1857 2812 2000 2881 quod
2040 2810 2163 2865 illas

597 2913 776 2982 palam
834 2922 1049 2964 sumere
1106 2906 1505 2975 prohiberetur.
1570 2901 1834 2956 Praeterea
1891 2902 2165 2972 redarguit

600 3003 691 3056 illa
746 3014 995 3055 socerum
1034 3010 1217 3059 suum,
1271 2995 1365 3062 qui
1412 3008 1536 3047 cum
1595 2992 1818 3045 minime
1853 3002 2164 3061 temperans

601 3099 771 3153 esset,
821 3105 939 3143 eam
1002 3096 1180 3141 tamen
1212 3083 1625 3154 temperantiam
1679 3098 1898 3136 servare
1923 3092 2161 3151 cogeret.

2259 1875 2562 1946 πρόρρησιν
2584 1873 2999 1948 προσεκύνησαν
3021 1875 3087 1927 ³⁵.

2870 1987 3068 2044 EPo'r.
3118 1988 3231 2054 ua.

2262 2099 2321 2152 Τί
2349 2096 2573 2165 δήποτε
2604 2098 2874 2173 ἠΔΘάμιξρ
2916 2096 3213 2173 ἑταιρικὸν
3239 2099 3445 2173 σχῆμα
3477 2104 3842 2173 περιθεμένη

2608 2168 2715 2229 τρν
2734 2169 3042 2235 κηδεστὴν
3058 2167 3442 2235 ἐξηπάτησεν
3458 2187 3476 2233 ;

2330 2261 2634 2333 Περιφανὲς
2664 2260 2801 2327 άγαν
2832 2258 3074 2327 ἐγεγόνει
3105 2259 3201 2313 τοῦ
3249 2260 3503 2330 Ἀϐραὰμ
3533 2264 3595 2316 τὸ
3645 2265 3840 2334 γένος,

2259 2354 2325 2407 δι’
2379 2356 2445 2425 ἦν
2476 2349 2621 2423 εἶχεν
2662 2351 2736 2423 (9)
2786 2352 3087 2405 εὐσέϐειαν.
3142 2351 3313 2405 Τοῦτο
3342 2355 3376 2422 ἡ
3408 2353 3602 2426 Θάμαρ
3635 2358 3842 2421 είδυῑα,

2263 2446 2497 2515 σπουδὴν
2543 2446 2701 2515 ἔσχεν
2762 2444 2873 2514 (10)
2928 2444 2984 2509 ἐξ
3037 2445 3246 2497 ἐκείνου
3303 2444 3691 2516 παιδοποιῆσαι
3735 2450 3843 2503 τοῦ

2262 2540 2477 2608 γένους.
2525 2538 2743 2607 Ἐπειδὴ
2766 2537 2943 2590 τοίνυν
2973 2536 3142 2607 αὐτὴν
3178 2540 3206 2590 ὁ
3240 2538 3505 2609 κηδεστὴς
3533 2540 3592 2592 ού
3624 2558 3817 2612 κατηγ

2262 2631 2435 2701 γύησε
2455 2628 2532 2700 τῷ
2554 2629 2808 2698 νεωτάτῳ
2835 2628 2878 2692 (1
2894 2628 2945 2697 1)
2973 2629 3342 2693 παιδὶ,δείσας
3366 2631 3440 2700 μὴ
3460 2633 3572 2694 τοῖς
3584 2631 3843 2701 ἀδελφοῖς

2263 2724 2358 2777 καὶ
2390 2723 2551 2785 αὐτὸς
2579 2721 2978 2792 παραπλησίως
3019 2720 3336 2793 τελευτήσῃ,
3363 2723 3682 2795 ¹ηναγκάιτθη
3710 2726 3843 2779 κλέ-

2262 2815 2359 2884 ψαι
2390 2816 2489 2884 τῆς
2522 2814 2864 2876 παιδοποιΐας
2896 2814 2993 2876 τὰς
3016 2814 3289 2884 ἀφορμὰς,
3328 2814 3514 2887 ἐπειδὴ
3540 2819 3844 2888 προφανῶς

2264 2908 2450 2961 λαϐεῖν
2486 2909 2654 2971 αὑτὰς
2692 2906 2982 2960 ἐκωλύετο.
3017 2907 3159 2978 Πρὸς
3190 2907 3246 2960 δὲ
3267 2907 3442 2979 τούτῳ
3492 2911 3585 2963 καὶ
3620 2910 3845 2982 ἐλέγχει

2264 3000 2354 3051 τὸν
2385 2995 2674 3067 κηδεστὴν,
2706 2996 2781 3058 ὡς
2819 2995 2978 3048 αὑτὸν
3016 2996 3114 3063 μὲν
3144 2996 3204 3049 ού
3234 2995 3631 3067 σωφρονοῦντα,
3662 3001 3846 3068 αὐτὴν

2266 3089 2322 3141 δὲ
2356 3091 2654 3176 σωφρονεῖν
2670 3085 3067 3154 ἀναγκάζοντα.
3087 3087 3258 3141 Τοῦτο
3283 3089 3338 3141 δὲ
3364 3090 3614 3154 κάκεῖνος
3631 3092 3847 3163 κρίνων

602 3181 757 3249 Quod
790 3181 951 3234 etiam
983 3178 1071 3232 ille
1096 3176 1349 3246 judicans
1386 3173 1675 3244 patefecit:
1714 3189 1837 3226 nam
1863 3189 1985 3227 cum
2020 3175 2163 3228 illam

2272 3173 2537 3249 ἐδήλωσε·
2577 3177 2814 3232 κύουσαν
2848 3178 2945 3249 μὲν
2972 3177 3081 3248 γὰρ
3106 3178 3273 3249 αὐτὴν
3307 3179 3638 3250 μεμαθηκὼς
3659 3222 3674 3243 ,
3697 3200 3844 3236 κατ-

604 3274 881 3345 gravidam
931 3269 1320 3340 deprehensam
1354 3267 1514 3321 morti
1572 3264 1890 3331 addixisset,
1945 3275 2163 3335 postea-

603 3383 766 3439 quam
797 3365 966 3431 novit,
1003 3362 1145 3417 unde
1196 3374 1481 3432 praagnans
1510 3368 1671 3425 esset,
1725 3359 1871 3413 illam
1906 3359 2166 3415 innocen-

604 3468 734 3531 tem;
762 3458 1075 3521 declaravit,
1110 3456 1350 3524 seipsum
1382 3467 1511 3506 vero
1552 3452 1953 3508 condemnavit.
2018 3470 2037 3503 ι
2065 3451 2163 3507 Ju-

618 3554 760 3608 stior
791 3551 933 3605 enim
970 3546 1123 3617 103
1147 3557 1248 3609 est,
1289 3544 1483 3613 inquit.
1534 3541 1790 3609 Thamar,
1832 3560 1994 3613 quam
2046 3558 2163 3613 ego,

608 3652 891 3713 propterea
916 3642 1084 3709 Lquod
1145 3653 1254 3691 non
1302 3635 1489 3690 tradidi
1545 3634 1687 3688 illam
1738 3635 1849 3689 ﬁlio
1896 3648 2017 3689 meo
2069 3634 2169 3688 Se-
2200 3685 2219 3707 ο

609 3738 717 3789 lom
752 3735 804 3787 ά.
866 3752 885 3785 ι
937 3732 1176 3785 Indicant
1198 3738 1401 3791 autem,
1425 3742 1544 3793 quae
1572 3735 1757 3780 secuta
1783 3734 1931 3791 sunt,
1967 3725 2167 3779 sobolis

608 3843 794 3892 causa,
850 3840 957 3880 non
1004 3823 1318 3892 voluptatis,
1360 3822 1462 3874 hoc
1491 3829 1852 3874 commentam
1879 3832 2000 3873 esse
2026 3816 2168 3871 Tha-

606 3938 747 3979 mar.
800 3919 985 3988 Neque
1012 3916 1158 3972 enim
1211 3923 1397 3985 postea
1454 3911 1626 3977 Juda',
1654 3921 1748 3965 aut
1798 3911 1959 3966 alicui
2014 3911 2168 3965 alteri

608 4014 858 4085 copulata
889 4019 1014 4066 est:
1047 4009 1139 4063 sed
1173 4016 1426 4062 contenta
1463 4003 1564 4059 fuit
1620 4004 1803 4059 vocari
1850 4012 2024 4057 mater
2072 4018 2168 4058 eo-

611 4121 752 4169 rum,
802 4103 895 4173 qui
926 4116 992 4155 ex
1023 4100 1116 4153 illo
1168 4097 1377 4153 semine
1409 4103 1781 4149 nascerentur.

1146 4211 1421 4267 INTERR.
1470 4209 1658 4266 XCVI.

614 4333 752 4399 Quid
786 4328 1113 4392 iudicabant,
1146 4341 1262 4397 quw
1299 4322 1703 4447 .ziriaﬂaram
1740 4333 1788 4377 et
1837 4320 2033 4377 Phares
2085 4339 2170 4376 ac-

1263 4411 1307 4447 c:
1349 4411 1405 4447 er
1445 4411 1474 4445 η
1519 4434 1531 4447 .

1263 4411 1497 4448 cauerunt
1519 4411 1531 4447 ἐ

685 4491 1025 4549 Denotabant
1075 4488 1212 4543 duos
1241 4485 1491 4556 populos,
1525 4482 1728 4538 Phares
1774 4482 2021 4538 videlicet
2076 4498 2168 4553 po-

612 4591 797 4659 pulum
834 4583 1141 4645 Judaieum,
1175 4579 1310 4633 Zara
1345 4591 1473 4631 vero
1498 4590 1613 4640 eos,
1668 4574 1761 4644 qui
1804 4590 1870 4629 ex
1919 4574 2167 4644 gentibus

614 4678 1014 4736 ‘crediderunt.
1075 4672 1210 4727 Nam
1237 4672 1399 4726 etiam
1436 4679 1560 4724 ante
1618 4670 1787 4738 legem
1811 4676 1965 4722 erant
2016 4669 2173 4723 multi

617 4772 837 4843 pietatis
886 4767 1115 4832 alumni,
1176 4763 1474 4820 secundum
1505 4760 1686 4822 tidem,
1718 4776 1827 4815 non
1875 4761 2172 4814 secundum

691 4922 711 4949 ε
748 4908 884 4965 Gen.
940 4917 1121 4967 xxxvx,
1169 4900 1259 4956 '55.
1318 4896 1345 4936 ⁸
1373 4898 1505 4953 Gen.
1546 4913 1785 4963 xxxvm,
1815 4896 1905 4951 26.

2269 3272 2573 3341 εψηφίσατο
2611 3273 2867 3325 θάνατον·
2902 3273 3062 3339 γνοὺς
3100 3271 3156 3325 δὲ
3210 3273 3331 3327 ὅθεν
3357 3274 3576 3343 ἐκύησε,
3601 3275 3701 3345 τὴν
3734 3277 3845 3345 μὲν

2267 3363 2441 3415 ἀθῶον
2460 3361 2759 3432 ἀπέφηνεν,
2788 3362 2981 3414 ἑαυτὸν
3000 3361 3057 3413 δὲ
3074 3362 3383 3434 κατέκρινε.
3426 3383 3444 3414 ι
3475 3360 3845 3420 Δεδικαίωται

2267 3455 2397 3523 γὰρ,
2428 3453 2551 3523 ἔφη,
2570 3453 2765 3523 Θάμαρ
2796 3453 2828 3523 ἢ
2856 3452 2985 3521 ἐγὼ,
3015 3450 3075 3507 οὗ
3112 3455 3297 3507 ἕνεκεν
3323 3456 3384 3508 οὐ
3413 3456 3622 3510 δέδωκα
3664 3457 3846 3528 αὐτὴν

2268 3544 2467 3616 Σηλὼμ
2504 3546 2617 3613 (l2)
2660 3546 2738 3615 τῷ
2766 3534 2873 3615 υἱῷ
2898 3564 3023 3616 μου.
3060 3565 3077 3597 ι
3104 3548 3224 3600 Ὅτι
3250 3548 3305 3600 δὲ
3345 3548 3681 3612 παιδοποιΐας
3727 3550 3844 3618 χά-

2271 3656 2376 3707 ριν,
2404 3637 2499 3690 καὶ
2524 3638 2583 3690 ού
2616 3637 2943 3707 φιληδονίας,
2978 3638 3134 3691 τοῦτο
3159 3639 3403 3712 ήΘάμαρ
3426 3641 3843 3711 ἐμηχανήσατο,

2268 3729 2337 3780 τά
2373 3728 2509 3797 μετά
2538 3726 2708 3780 ταῦτα
2746 3727 2915 3799 δηλοῖ.
2947 3730 3061 3782 Ούκ
3095 3729 3173 3782 ἔτι
3206 3730 3336 3801 γὰρ,
3374 3729 3497 3783 οὔτε
3523 3730 3599 3799 τῷ
3636 3730 3843 3803 Ἰούδᾳ,

2272 3820 2398 3872 οὔτε
2461 3819 2605 3890 ἄλλῳ
2639 3819 2886 3889 συνήφθη
2914 3820 3045 3885 τινὶ,
3090 3822 3332 3891 ἠρκέσθη
3384 3822 3439 3875 δὲ
3492 3824 3673 3895 μήτηρ
3717 3825 3843 3894 (13)

2272 3911 2540 3983 κληθῆναι
2587 3909 2696 3963 τῶν
2730 3908 2789 3973 ἐξ
2821 3907 3030 3962 ἐκείνου
3056 3909 3499 3983 βεϐλαστηκὸτων
3529 3911 3621 3965 τοῦ
3662 3915 3767 3967 σπέ
3780 3932 3846 3986 ρ-

2271 4019 2461 4074 ματος.

2862 4209 3055 4264 erm‘.
3098 4207 3228 4276 ις’.

2276 4325 2443 4389 Τίνος
2475 4319 2556 4393 ἦν
2581 4325 2829 4395 μήνυμα
2867 4324 3109 4447 raditur?
3132 4323 3242 4393 (14)
3274 4322 3379 4376 τὸν
3408 4322 3566 4391 Ζαρὰ
3597 4322 3693 4375 καὶ
3724 4322 3846 4375 τὸν

2988 4411 3059 4447 ao
3096 4410 3162 4447 οε

2988 4410 3127 4458 αρες
3143 4410 3162 4458 ἰ

2940 4412 3025 4447 φα
3062 4412 3092 4447 ε
3143 4412 3162 4458 ;

2344 4486 2465 4539 Τῶν
2493 4486 2585 4539 δύο
2612 4486 2775 4554 λαῶν,
2804 4488 2833 4540 ὁ
2856 4412 3167 4557 Φαρὲςρτῶν
3203 4485 3488 4547 Ἰουδαίων,
3518 4484 3611 4536 καὶ
3629 4484 3657 4535 ὁ
3681 4484 3846 4555 Ζαρὰ

2272 4577 2379 4630 τῶν
2409 4577 2469 4641 ἐξ
2497 4578 2664 4631 ἐθνῶν
2698 4579 3155 4632 πεπιστευκότων.
3202 4577 3311 4631 Καὶ
3341 4576 3449 4647 γὰρ
3487 4575 3592 4645 πρὸ
3617 4573 3713 4627 τοῦ
3748 4578 3845 4628 νό-

2280 4685 2381 4739 μου
2416 4663 2558 4739 ἦσαν
2591 4669 2773 4722 πολλοὶ
2816 4670 2914 4739 τῆς
2958 4669 3235 4731 εὐσεϐείας
3276 4669 3323 4720 οξ
3365 4666 3640 4737 τρόφιμοι,
3692 4666 3845 4718 κατὰ

2280 4761 2485 4827 πίστιν,
2536 4761 2597 4813 ού
2631 4761 2769 4813 κατὰ
2812 4762 2973 4832 νόμον
3007 4760 3428 4830 πολιτευόμενοι.
3475 4758 3574 4811 Διά
3617 4756 3782 4811 τοῦτο
3815 4759 3846 4811 ό

1485 5040 1718 5096 νΑιιιΑς
1756 5038 2139 5094 LECTIONES
2186 5037 2279 5092 EX
2310 5037 2585 5093 CATENA
2617 5039 2965 5096 LlPSIENSl.

691 5179 733 5210 "
762 5176 822 5229 τὸ
857 5174 936 5237 δὲ,
982 5181 1085 5229 etc.
1110 5169 1342 5226 Exstant
1365 5166 1457 5221 illa
1489 5167 1543 5219 in
1566 5174 1673 5219 cat.
1707 5179 1762 5233 p.
1791 5162 1917 5231 426,
1942 5164 2007 5216 ad
2029 5159 2163 5215 Gen.

2272 5175 2399 5226 xvu,
2430 5162 2483 5214 6.
2559 5162 2603 5192 ὀ
2642 5177 2866 5231 προσεκ.
2902 5160 2979 5231 τῷ
3006 5161 3220 5232 Ἰωσήφ.

2082 5272 2309 5330 NOTAE.

690 5409 765 5479 (5)
792 5406 995 5479 Βαλὰκ
1024 5404 1121 5460 καὶ
1141 5404 1371 5479 edam).
1407 5402 1551 5479 Qod._
1600 5398 1848 5479 βαλαάμ.
1903 5394 2015 5453 Pic.
2070 5395 2177 5449 Βα-

614 5471 783 5546 λαάμ.
820 5478 1060 5546 Uterque
1088 5475 1254 5537 addit,
1285 5474 1377 5546 καὶ
1410 5471 1702 5542 βασιλεύει.

690 5497 721 5533 α
769 5520 783 5532 .
823 5497 1058 5546 Uterque
1088 5497 1254 5537 autut,
1285 5497 1353 5526 κα

690 5497 768 5626 (ᾧ
960 5557 1014 5601 et
1040 5544 1155 5626 ἕξις.
1184 5545 1353 5626 αὐτῷἶ

688 5616 762 5687 (7)
792 5618 920 5672 Cod.
957 5627 1009 5671 et
1040 5616 1149 5687 i’ic.
1186 5616 1538 5685 χρησάμενοι.

690 5682 765 5760 (δ’)
806 5688 937 5760 βοά.
970 5696 1024 5741 et
1041 5686 1156 5760 Pio.
1186 5682 1431 5750 ’σιτοδίας
1474 5698 1574 5755 pro
1608 5682 1893 5750 σιτοδείας,

690 5692 743 5760 (8
806 5692 937 5741 Cod.
970 5696 1024 5741 ct
1046 5692 1156 5743 Pic.
1200 5692 1363 5739 σιτοδί

686 5692 765 5828 (9i
792 5758 925 5813 Cod.
950 5768 1003 5812 et
1036 5756 1151 5812 Pic.
1190 5760 1364 5826 ἔσχεν.

2352 5393 2463 5473 ll?)
2487 5390 2618 5473 99d.-
2650 5390 2844 5473 “.1339-
2870 5386 3035 5473 εἶχεν·

2352 5461 2463 5534 (Η)
2505 5465 2639 5516 Cod.
2670 5461 2863 5534 et_Pic.
2883 5461 3008 5534 δῶν
3042 5462 3340 5516 νεωτάτων.

2350 5531 2460 5603 (12)
2497 5534 2626 5587 Cod.
2654 5542 2709 5585 et
2734 5531 2845 5584 Pic.
2870 5531 3084 5603 £0.09.

2350 5600 2462 5676 (15)
2479 5604 2685 5676 Μήτηρ
2702 5600 3013 5676 κληθῆναι.
3026 5600 3251 5676 Cod-sb
3271 5600 3463 5676 μηρῶν
3484 5601 3612 5674 (lett-
3629 5602 3842 5676 μήτηρ)

2279 5671 2565 5745 κληθῆναι.
2599 5673 2708 5745 Pio.
2727 5673 2795 5745 τὸ
2825 5678 3010 5745 μῄτηρ
3032 5671 3312 5745 κληθῆναι.

2351 5741 2463 5818 (14)
2506 5744 2603 5799 Τὰ.
2631 5741 2765 5800 Cod.
2795 5754 2849 5798 et
2873 5741 2988 5799 Pio.
3016 5742 3093 5797 τό.
