3964 6536
232 346 317 413 217
1180 324 1462 398 QUtEST.
1518 322 1601 387 ΙΝ
1653 323 1921 389 GENES.
1961 328 2122 390 CAP.
2159 327 2364 389 XLIX.

3288 326 3398 393 218

226 449 332 520 φυλὴ
373 443 466 498 οὐκ
493 435 599 511 εἶχε
624 439 817 509 κλῆρον
848 438 1263 511 κεχωρισμένον,
1293 438 1427 493 ἀλλὰ
1455 439 1596 493 κατὰ
1618 439 1716 511 τὴν
1745 470 1755 500 λ

1836 456 1925 496 em
1954 440 2265 497 distinctam
2297 455 2403 495 non
2437 439 2649 502 habuit.
2681 439 2775 496 sed
2803 440 3105 497 secundum
3152 442 3391 519 prophe-

218 539 289 593 τοῦ
318 534 628 605 πατριάρχου
664 531 986 602 πρόρρησιν,
1029 530 1231 601 μεταξὺ
1291 532 1399 585 τῶν
1434 530 1612 586 ἄλλων
1639 533 1720 586 δι·-

216 629 390 697 ςσπάρη
418 622 590 694 φυλῶν
616 622 747 692 (63).
767 623 872 676 Τοῦ
911 622 968 677 δὲ
1005 622 1171 676 Ἰούδα
1201 623 1429 687 πολλοὺς
1469 623 1723 688 ἐπαίνους

212 718 422 785 διέξεισιν
445 733 460 746 ο
485 734 504 768 ι
540 713 723 778 Ἰούδα,
739 713 800 765 σὲ
826 713 1091 766 αἱνέσειαν
1118 710 1227 782 (64)
1258 710 1307 767 οξ
1343 712 1557 784 ἀδελφοί
1590 730 1683 767 σου
1708 732 1723 747 ·

212 815 253 864 al
277 808 436 879 χεῖρές
468 823 561 859 σου
588 804 679 858 ἐπὶ
725 804 896 858 νώτου
939 805 1047 858 τῶν
1075 805 1283 876 ἐχθρῶν
1305 805 1350 839 ⁸⁸
1383 822 1495 860 σου.
1547 806 1725 878 Προσ-

210 897 460 968 κυνήσουσί
482 913 561 950 σοι
584 898 631 949 οἱ
657 896 762 950 υίοὶ
780 895 872 949 τοῦ
892 896 1090 968 πατρός
1119 915 1233 950 σου.
1254 896 1497 969 Σκύμνος
1516 896 1725 962 λέοντος

216 992 376 1048 Ἰούδα.
426 989 517 1043 Ἐκ
568 988 815 1059 βλαστοῦ,
865 992 947 1043 υίὲ
997 1008 1119 1061 μου,
1160 989 1390 1060 ἁνέθης,
1440 988 1725 1043 ἀναπεσὼν

205 1082 465 1154 ἐκοιμήθης
516 1080 593 1145 ὡς
644 1080 801 1147 λέων,
844 1084 937 1136 καὶ
984 1083 1060 1146 ὡς
1098 1081 1352 1153 σκύμνος.
1402 1081 1498 1144 Τίς
1543 1083 1728 1152 ἐγερεῖ

206 1181 367 1243 αύτόν;
410 1196 430 1228 ι
480 1176 641 1229 Ἀλλὰ
668 1163 870 1230 τούτων
901 1177 1050 1230 οὐδὲν
1096 1175 1173 1245 τῷ
1224 1176 1391 1231 Ἰούδα
1441 1175 1723 1246 ἁρμόττει,

204 1270 351 1339 ἀλλ’ἢ
394 1271 456 1339 τῇ
508 1270 572 1322 ἐκ
621 1269 811 1322 τούτου
857 1268 1201 1340 βλαστησάσῃ
1251 1268 1413 1343 φυλῇ.
1465 1267 1726 1339 Βασιλικὴ

204 1364 290 1429 γὰρ
314 1356 373 1430 ἦν
401 1358 559 1429 αῦτη,
593 1358 808 1428 πρώτου
841 1359 939 1428 μὲν
974 1357 1066 1419 τοῦ
1099 1360 1261 1413 Δαόὶδ
1292 1357 1724 1429 βασιλεύσαντος,

205 1450 296 1506 εἶτα
317 1450 415 1504 τῶν
437 1450 494 1517 ἐξ
523 1451 732 1503 ἐκείνου
750 1467 762 1479 ·
794 1452 887 1503 καὶ
911 1450 1099 1503 πασῶν
1127 1450 1183 1504 δὲ
1211 1451 1320 1504 τῶν
1343 1451 1529 1506 ἄλλων
1548 1450 1727 1520 φυλῶν

202 1542 252 1614 ἦν
289 1543 646 1613 δυνατωτάτη.
695 1542 803 1596 Καὶ
834 1542 941 1613 γὰρ
984 1543 1143 1613 ἡνίκα
1190 1543 1354 1597 Δαόὶδ
1400 1544 1428 1596 ὁ
1475 1539 1730 1614 βασιλεὺς

204 1635 534 1705 ἀριθμηθῆναι
572 1634 876 1705 προσέταξε
910 1635 1000 1687 τὸν
1040 1630 1190 1696 λαὸν,
1227 1635 1588 1705 τετρακοσίας
1631 1633 1727 1688 τοῦ

212 1728 349 1783 Ἰούδα
388 1728 633 1795 χιλιάδας
683 1720 833 1798 εὗρε.
865 1727 971 1781 τῶν
994 1728 1049 1781 δὲ
1081 1728 1256 1782 ἄλλων
1291 1728 1471 1797 φυλῶν
1508 1730 1728 1782 ἐννακο-

1823 533 1954 588 tiam
2002 533 2322 604 patriarcha:
2367 541 2486 587 erat
2537 532 2677 587 inter
2723 533 2861 588 alias
2906 532 3082 588 tribus
3130 535 3395 603 dispersa.

1824 622 1977 679 Judae
2015 639 2141 678 vero
2168 624 2366 678 multas
2392 625 2579 680 laudes
2602 625 2981 694 persequitur:
3024 643 3043 675 ι
3083 624 3242 687 Juda,
3278 626 3399 680 lau-

1824 716 1951 771 dent
1978 725 2030 771 te
2063 715 2256 772 fratres
2283 718 2383 772 tui.
2418 716 2607 771 Manus
2644 725 2736 771 tua
2769 732 2934 787 super
2963 719 3186 771 dorsum
3218 718 3400 771 inimi-

1825 823 2013 861 corum
2045 816 2281 862 tuorum.
2304 805 2623 861 Adorabunt
2657 815 2709 861 te
2734 806 2825 859 lilii
2850 807 3022 877 patris
3045 807 3146 860 tui.
3174 806 3401 861 Catulus

1828 897 2003 952 leonis
2025 906 2108 952 est
2137 894 2294 953 Juda.
2333 898 2408 953 Ex
2435 896 2698 968 germine,
2730 897 2803 952 [ili
2836 899 2931 955 mi.
2952 897 3267 962 ascendisti,
3304 898 3399 951 de-

1825 989 2084 1045 cumbens
2134 990 2377 1044 dortnisti
2426 1000 2485 1043 ut
2518 989 2623 1055 leo,
2671 998 2724 1044 et
2767 990 2916 1045 velut
2944 989 3160 1045 catulus
3204 988 3397 1043 leonis.

1826 1082 1960 1148 Quis
2013 1082 2273 1137 excitabit
2322 1082 2527 1138 illumc.
2567 1102 2587 1134 ι
2642 1081 2747 1137 Sed
2802 1083 2997 1138 horum
3048 1083 3255 1137 nullum
3297 1081 3398 1149 ipsi

1825 1175 1979 1230 Judze
2011 1175 2283 1242 convenit,
2333 1192 2519 1231 verum
2552 1175 2717 1231 tribui
2748 1177 2816 1230 ab
2846 1174 2939 1231 illo
2981 1186 3203 1231 exortm.
3235 1174 3399 1246 Regia

1825 1268 1969 1323 enim
1998 1269 2112 1323 haec
2137 1277 2252 1322 erat
2280 1286 2294 1322 .'
2331 1284 2452 1323 cum
2498 1268 2551 1322 in
2577 1284 2641 1322 ea
2676 1256 2887 1338 primus
2920 1266 3089 1322 David
3138 1283 3401 1331 regnave-

1827 1360 1917 1423 rit,
1960 1359 2155 1414 deinde
2202 1358 2295 1429 qui
2337 1375 2403 1414 ex
2436 1360 2552 1428 ipso
2592 1360 3014 1415 descenderunt.
3062 1357 3129 1412 Et
3157 1360 3390 1413 aliarum

1827 1451 2068 1507 omnium
2100 1451 2336 1505 tribuunt
2363 1460 2479 1505 erat
2521 1451 2915 1521 potentissima.
2944 1449 3154 1504 Etenim
3187 1450 3402 1518 quando

1828 1558 1923 1596 rex
1962 1540 2127 1596 David
2170 1541 2337 1610 jussit
2381 1541 2655 1595 numerari
2686 1543 2967 1611 p0pulum,
3001 1541 3397 1611 quadringenta

1830 1634 1997 1688 millia
2032 1634 2231 1700 reperit
2262 1633 2316 1688 in
2363 1634 2503 1688 tribu
2546 1633 2705 1699 Juda,
2745 1634 2800 1689 in
2835 1634 2956 1688 aliis
2987 1648 3119 1688 vero
3154 1634 3403 1688 tribubus

1834 1728 1990 1799 113
2042 1736 2248 1782 tantum
2306 1738 2593 1797 nongenta.
2648 1727 2826 1796 Atque
2869 1728 3031 1780 etiam
3089 1726 3142 1779 in
3190 1726 3405 1779 deserto

207 1819 315 1882 σξας.
363 1820 466 1872 Καὶ
530 1819 719 1888 μέντοι
779 1820 879 1873 κάν
936 1821 1002 1889 τῇ
1054 1820 1244 1890 ἐρήμῳ
1288 1820 1733 1891 διαριθμηθέντες

1836 1820 2103 1874 munerati
2147 1819 2329 1888 plures
2358 1818 2561 1873 inventi
2604 1828 2753 1883 sunt,
2782 1834 2946 1888 quam
2983 1817 3035 1871 in
3065 1816 3274 1871 cmteris
3308 1816 3408 1868 tri-

207 1912 383 1975 πλείους
408 1909 672 1981 ὤφθησαν
698 1912 806 1964 τῶν
844 1911 1016 1965 ἄλλων
1052 1911 1254 1979 φυλῶν.
1301 1912 1462 1966 Ἀλλὰ
1489 1912 1550 1965 τὸ
1577 1912 1734 1983 ἀκρι-

208 2000 276 2064 ϐὲς
312 2002 400 2071 τῆς
448 2000 814 2071 προρρήσεως
863 2000 960 2071 τὴν
1002 1999 1223 2053 ἕκόασιν
1269 2001 1459 2054 ἔλαϐεν
1506 2003 1599 2054 ἐπὶ
1639 2000 1732 2054 τοῦ

208 2092 432 2148 Δεσπότου
481 2094 745 2163 Χριστοῦ.
798 2095 856 2156 ὃς
901 2095 962 2147 ἐκ
1012 2094 1242 2164 βλαστοῦ
1290 2094 1550 2159 ἀνέτειλε,
1593 2094 1736 2148 κατὰ

206 2190 274 2242 τὸν
317 2190 651 2260 πατριάρχην
708 2188 937 2253 Ἰακὼϐ,
980 2190 1073 2242 καὶ
1121 2189 1261 2243 κατὰ
1306 2191 1397 2243 τὸν
1450 2190 1736 2261 προφήτην

216 2278 399 2333 Ἡσαΐαν
417 2297 431 2311 ο
464 2300 481 2331 ι
521 2279 751 2349 Ἐξῆλθε
781 2278 972 2352 ῥάϐδος
999 2281 1064 2332 ἐκ
1087 2279 1187 2349 τῆς
1213 2279 1369 2350 ῥίζης
1401 2272 1613 2341 Ἰεσσαὶ,
1641 2279 1736 2332 καὶ

210 2373 331 2434 ἄνθος
358 2375 415 2425 ἐκ
433 2372 531 2441 τῆς
558 2372 725 2441 ῥίζης
750 2372 937 2442 ἀνέϐη.
972 2391 990 2422 ι
1022 2372 1180 2442 Δύτῷ
1198 2371 1253 2426 δὲ
1281 2374 1377 2425 καὶ
1401 2372 1492 2425 τό’
1534 2392 1552 2425 ι
1588 2372 1738 2425 Ἀνα-

210 2463 352 2516 πεσὼν
375 2464 647 2534 ἐκοιμήθη
675 2464 750 2528 ὼς
780 2464 933 2531 λέων,
966 2465 1243 2536 ἁρμόττει,
1277 2466 1368 2519 καὶ
1390 2464 1465 2528 ὡς
1496 2464 1737 2532 σκύμνος

209 2556 397 2616 λέοντος.
446 2575 462 2605 ι
511 2555 733 2625 Ὠσπερ
776 2556 884 2624 γὰρ
930 2554 958 2606 ὁ
1001 2555 1138 2609 λέων
1175 2557 1269 2609 καὶ
1307 2555 1416 2625 (65)
1463 2554 1737 2608 καθεύδων

213 2648 303 2700 ἐστι
323 2644 557 2716 φοϐερὸς,
616 2645 788 2708 οῦτως
832 2647 859 2698 ὁ
889 2646 1201 2709 δεσποτικὸς
1245 2644 1471 2709 θάνατος
1510 2643 1739 2715 φοϐερὸς

215 2739 285 2789 καὶ
308 2735 372 2804 τῷ
396 2737 616 2809 θανάτῳ
664 2738 758 2791 καὶ
786 2736 862 2806 τῷ
890 2737 1118 2807 διαϐόλῳ
1148 2738 1459 2807 γεγένηται.
1514 2734 1740 2791 Λέοντα

214 2828 370 2898 δὲ(66)
414 2828 575 2881 αὑτὸν
610 2829 703 2882 καὶ
737 2831 1011 2897 σκύμνον
1055 2828 1288 2898 κέκληκε
1329 2828 1611 2894 λέοντος,
1664 2826 1739 2890 ὡς

216 2920 398 2989 βασιλέα
427 2922 519 2971 καὶ
546 2919 824 2989 βασιλέως
855 2921 986 2985 υἱὸν,
1022 2922 1114 2975 καὶ
1139 2922 1267 2975 Θεὸν
1297 2922 1390 2975 καὶ
1416 2921 1549 2975 Θεοῦ
1575 2922 1702 2975 Υἱὸν
1721 2934 1736 2949 ⁸

214 3011 287 3063 καὶ
327 3011 450 3065 κατὰ
497 3012 558 3065 τὸ
609 3007 950 3083 ἀνθρώπινού
1001 3012 1110 3085 (67)
1164 3013 1271 3081 γὰρ
1323 3014 1386 3067 ἐκ
1434 3012 1527 3067 τοῦ
1578 3012 1742 3067 Δαὸὶδ

1836 1913 2037 1967 bubus.
2072 1912 2451 1967 Verumtamen
2484 1912 2769 1981 prophetia
2806 1920 2995 1966 exacte
3027 1910 3294 1977 completa
3321 1918 3407 1963 est

1835 2005 1889 2059 in
1923 2004 2139 2058 Christo
2170 2004 2397 2059 Domino
2418 2045 2432 2067 ,
2473 2004 2567 2073 qui
2600 2019 2631 2058 e
2673 2004 2915 2073 germine
2968 2004 3070 2058 hoc
3121 2012 3275 2057 ortus
3300 2010 3402 2066 est,

1835 2094 2131 2151 secundum
2192 2095 2553 2165 patriarcbatn
2613 2092 2874 2148 Iacobum
2906 2134 2924 2159 ,
2988 2105 3042 2148 et
3106 2094 3405 2149 secundum

1836 2187 2027 2243 Isaiam
2078 2187 2425 2258 praphetam:
2467 2205 2486 2238 ι
2521 2186 2752 2256 Egressa
2798 2195 2883 2241 est
2932 2187 3083 2256 virga
3112 2186 3180 2240 de
3226 2188 3409 2242 radice

1834 2279 2005 2345 Jesse,
2037 2289 2089 2334 et
2117 2278 2215 2335 llos
2254 2279 2321 2334 de
2355 2279 2535 2333 radice
2569 2278 2688 2347 ejus
2715 2278 2959 2332 ascendit
2986 2277 3035 2332 (ι.
3078 2298 3097 2330 ι
3134 2278 3215 2331 llli
3241 2279 3404 2332 etiam

1835 2373 2085 2442 quadrat,
2145 2372 2291 2442 quod
2340 2371 2582 2426 dicitur:
2627 2389 2646 2421 ι
2684 2368 3026 2424 Decumbens
3070 2370 3315 2425 dormisti
3347 2381 3409 2425 ut

1837 2464 1940 2527 leo,
1996 2473 2051 2518 et
2110 2464 2255 2519 velut
2282 2463 2496 2519 catulus
2560 2462 2740 2516 leonis
2777 2473 2822 2514 ε.
2864 2480 2883 2512 ι
2941 2461 3405 2528 Quemadmodum

1835 2559 1978 2611 enim
2019 2557 2103 2611 leo
2139 2557 2302 2610 etiam
2352 2554 2632 2610 dormiens
2679 2554 2937 2609 terribilis
2982 2562 3106 2608 est:
3140 2554 3222 2608 sic
3264 2569 3412 2610 mors
3522 2594 3523 2597 η

1839 2649 2051 2704 Domini
2081 2648 2435 2703 formidabilis
2484 2647 2587 2702 fuit
2624 2658 2673 2699 et
2710 2648 2874 2700 morti
2908 2657 2962 2701 et
2995 2646 3232 2700 diabolo.
3280 2644 3411 2700 Leo-

1838 2756 1952 2794 nem
1983 2753 2143 2809 porro
2168 2747 2215 2792 et
2236 2738 2471 2792 catulum
2494 2738 2657 2790 leonis
2684 2736 2859 2805 ipsum
2889 2736 3121 2801 vocavit,
3153 2746 3409 2807 tanquam

1839 2846 2015 2902 regem
2041 2838 2097 2884 et
2126 2831 2267 2899 regis
2311 2829 2505 2890 lilium,
2537 2842 2592 2884 et
2620 2838 2880 2898 tanquam
2916 2828 3084 2882 Deum
3114 2838 3168 2883 et
3201 2827 3293 2883 Dei
3323 2827 3413 2882 Fi-

1840 2923 1993 2977 lium.
2040 2921 2174 2975 Nam
2228 2931 2283 2977 et
2324 2925 2621 2976 secundum
2678 2921 3069 2975 humanitatem
3118 2935 3182 2974 ex
3214 2919 3415 2975 Davide

1841 3028 1995 3072 ortus
2032 3026 2136 3080 est,
2193 3024 2247 3070 et
2296 3026 2555 3085 tanquam
2603 3014 2746 3070 Deus
2789 3024 2913 3070 ante
2962 3015 3160 3071 saecula
3198 3029 3268 3069 ex
3300 3013 3413 3069 Deo

217 3102 488 3172 ἐύλάστησε,
515 3105 618 3156 καὶ
646 3104 720 3167 ὼς
750 3104 880 3167 Θεὸς
906 3104 1009 3176 πρὸ
1038 3105 1145 3159 τῶν
1177 3104 1384 3158 αἰώνων
1413 3107 1478 3159 ἐκ
1505 3105 1598 3158 τοῦ
1625 3106 1740 3159 Πα-

1841 3108 1999 3163 Patre
2050 3108 2264 3178 genitus
2315 3116 2420 3163 est.
2472 3107 2587 3161 Hoc
2637 3116 2864 3161 autem:
2920 3127 2938 3159 ι
2976 3107 3109 3173 Quis
3152 3105 3416 3161 excitabit

218 3193 314 3265 τρὸς
346 3195 625 3265 ἐγεννήθη.
677 3196 787 3248 Καὶ
823 3196 903 3257 τὸ.
946 3216 964 3248 ι
992 3197 1087 3261 Τίς
1124 3198 1305 3268 ἐγερεῖ
1345 3196 1541 3262 αύτόν;
1579 3215 1599 3248 ι
1642 3196 1742 3267 τὴν

218 3287 379 3354 ἄφατον
428 3287 590 3341 αὑτοῦ
644 3287 881 3341 δείκνυσι
936 3289 1182 3360 δύναμιν.
1235 3289 1408 3347 Αὐτὸς
1458 3288 1567 3359 γὰρ
1613 3289 1741 3343 ἑαυ-

216 3380 286 3433 τὸν
307 3379 402 3449 (68)
424 3380 715 3450 ἀνέστησε,
762 3382 903 3437 κατὰ
932 3384 1029 3453 τὴν
1060 3381 1223 3436 αὐτοῦ
1255 3383 1573 3454 πρόρρησιν.
1596 3401 1615 3434 ι
1633 3382 1743 3437 Λύ-

221 3473 367 3525 σατε⁸⁹
400 3473 487 3526 τὸν
516 3473 657 3526 ναὸν
693 3473 902 3535 τοῦτον,
940 3476 1033 3527 καὶ
1065 3474 1176 3544 (69)
1215 3474 1272 3527 ὲν
1300 3476 1476 3546 τρισὶν
1506 3475 1744 3548 ἡμέραις

220 3565 356 3637 ἐτερῶ
384 3566 558 3621 αὐτόν.
593 3584 615 3617 ι
664 3566 1027 3637 Προαγορεύει
1060 3569 1152 3620 καὶ
1175 3568 1272 3638 τῆς
1300 3567 1618 3635 ἐπιφανείας
1650 3569 1748 3621 αὐ-

218 3658 287 3712 τοῦ
310 3660 387 3711 τὸν
414 3659 607 3731 καιρόν
629 3675 645 3688 ’
681 3680 699 3711 ι
730 3660 844 3714 Οὐκ
875 3659 1112 3729 ἐκλείψει
1136 3658 1318 3731 ἄρχων
1344 3662 1402 3726 ἐξ
1437 3660 1627 3723 Ἰούδα.
1651 3661 1748 3714 καὶ

218 3750 471 3820 ἡγούμενος
502 3750 567 3803 ἐκ
596 3748 710 3803 τῶν
742 3749 929 3821 μηρῶν
957 3749 1139 3813 αὑτοῦ,
1181 3750 1283 3813 ἓως
1310 3751 1376 3805 ἂν
1404 3750 1528 3822 ἔλθῃ
1635 3751 1746 3824 (70)

216 3844 481 3906 ἀπόκειται.
512 3844 611 3898 καὶ
642 3841 805 3906 αύτδς
836 3834 1133 3913 προσδοκία
1164 3840 1354 3895 ἐθνῶν.
1383 3861 1401 3893 ι
1452 3840 1621 3896 Τοῦτο
1648 3843 1748 3914 τῆς

217 3935 291 3987 τοῦ
304 3936 487 4007 Κυρίου
512 3934 824 4008 παρουσίας
849 3936 1070 4005 σημεῖον
1094 3935 1444 4002 σαφέστατον.
1474 3932 1749 3999 Ἐξέλιπον

219 4028 307 4097 γὰρ
329 4029 417 4081 τῶν
446 4028 722 4083 Ἰουδαίων
750 4028 849 4097 οὐχ
879 4027 929 4079 oi.
960 4025 1195 4097 βασιλεῖς
1225 4026 1385 4093 μόνον
1402 4027 1471 4094 ⁸ο,
1496 4026 1632 4080 ἀλλὰ
1654 4027 1749 4080 καὶ

221 4119 261 4170 οἱ
284 4121 617 4190 ἀρχιερεῖςιί,
665 4120 756 4173 καὶ
784 4121 833 4172 οἱ
876 4117 1172 4188 προφῆται,
1206 4117 1344 4171 ὥστε
1378 4118 1653 4189 δειχθῆναι
1686 4119 1749 4174 τὸ

215 4210 297 4278 τῆς
322 4214 667 4284 προρρήσεως
694 4211 862 4274 τέλος.
912 4210 1017 4263 Τοῦ
1051 4209 1159 4281 γὰρ
1198 4211 1445 4281 Σωτῆρος
1479 4211 1636 4280 ἡμῶν
1664 4211 1746 4263 τί-

214 4304 400 4359 κτεσθαι
431 4307 744 4373 μέλλοντος,
773 4304 1057 4371 ἀλλόφυλοι
1098 4304 1274 4357 αὐτῶν
1308 4306 1621 4375 ἐκράτησαν
1652 4306 1749 4375 βα-

214 4396 368 4459 σιλεῖς,
400 4400 481 4453 ἵνα
512 4402 540 4454 ὁ
576 4397 797 4461 αἰώνιος
833 4398 1015 4467 δειχθῇ
1050 4395 1323 4465 βασιλεὺς,
1371 4399 1402 4467 ἠ
1443 4400 1552 4451 τῶν
1582 4399 1750 4452 ἐθνῶν

1843 3200 2036 3256 illum?
2067 3219 2087 3252 ι
2134 3199 2455 3256 ἰιιείΐιώίιθιιι
2504 3201 2628 3269 ejus
2676 3200 2974 3270 potentiam
3005 3200 3263 3255 declarat.
3295 3195 3417 3268 Ipse

1842 3294 1986 3351 enim
2018 3308 2078 3348 se
2110 3292 2409 3359 suscitavit,
2443 3293 2741 3348 secundum
2772 3292 3173 3363 praedictionem
3216 3306 3371 3346 suam
3399 3308 3414 3343 :

1850 3405 1870 3439 ι
1908 3386 2110 3441 Solvite
2135 3386 2394 3453 templum
2428 3386 2551 3454 hoc,
2585 3395 2639 3440 et
2669 3386 2722 3439 in
2752 3386 2926 3441 tribus
2951 3385 3142 3440 diebus
3163 3384 3418 3440 excitabo

1844 3480 2029 3536 illudi.
2064 3500 2083 3533 ι
2111 3478 2446 3534 Ρταξιιιιιιιὶιιι
2480 3479 2647 3534 etiam
2684 3488 2899 3548 tempus
2928 3477 3195 3533 adventus
3225 3478 3372 3533 illius
3399 3495 3415 3531 :

1850 3592 1869 3624 ‹
1908 3571 2026 3628 Non
2051 3572 2263 3628 deﬁciet
2306 3573 2559 3642 princeps
2591 3588 2659 3625 ex
2692 3570 2852 3633 Juda,
2886 3578 2941 3624 et
2972 3570 3079 3624 dux
3109 3570 3177 3624 de
3214 3568 3421 3623 femore

1845 3665 1986 3736 ejus.
2032 3666 2203 3720 donec
2258 3665 2443 3719 veniat
2488 3664 2579 3718 cui
2631 3665 2929 3733 repositum
2959 3674 3082 3718 est:
3114 3671 3166 3716 et
3200 3662 3314 3729 ipse
3337 3669 3421 3715 est

1846 3758 2177 3828 exspectatio
2211 3758 2450 3828 gentium
2486 3765 2567 3810 ιι.»
2600 3754 2715 3811 Hoc
2742 3757 3003 3811 adventus
3034 3754 3246 3808 Domini
3281 3753 3423 3807 indi-

1847 3852 1991 3907 cium
2013 3859 2098 3905 est
2120 3848 2504 3904 clarissimum.
2533 3848 2666 3902 Nam
2696 3857 2755 3901 ut
2776 3846 3072 3916 prephetiaa
3097 3846 3219 3900 linis
3245 3854 3423 3899 osten-

1816 3945 2086 4009 ~deretur,
2128 3940 2445 3996 defecerunt
2493 3955 2600 3994 non
2639 3948 2845 3993 tantum
2890 3937 3200 3993 Iudaeorum
3246 3950 3420 4001 reges,

1849 4039 1941 4094 sed
1987 4037 2260 4109 principes
2299 4035 2661 4099 sacerdotum,
2714 4043 2768 4088 et
2809 4033 3101 4103 prophetae.
3146 4027 3424 4098 Siquidem

1849 4148 1973 4188 cum
2030 4130 2330 4186 Salvatoris
2378 4128 2551 4183 nostri
2606 4127 2858 4181 nativitas
2916 4122 3419 4194 appropinquaret,

1849 4220 2018 4277 exteri
2044 4234 2196 4288 reges
2237 4220 2573 4286 imperabant
2594 4217 2721 4281 illis,
2756 4224 2817 4271 ut
2843 4223 3082 4270 aaternus
3112 4227 3206 4267 rex
3230 4211 3419 4266 decla-

1850 4321 2082 4375 raretur,
2132 4310 2225 4381 qui
2272 4319 2388 4365 erat
2423 4309 2663 4377 gentium
2708 4306 3064 4377 exspectatio,
3118 4301 3420 4359 secundum

1850 4404 2259 4475 promissionem
2316 4402 2384 4455 ab
2426 4401 2673 4456 omnium
2725 4398 2833 4454 Deo
2884 4396 3044 4469 1,ιά⁹
3098 4393 3427 4466 patriarchis

214 4489 505 4556 πρωδοκία,
551 4492 697 4545 κατᾶ
732 4491 831 4561 τὴν
859 4490 1103 4543 δοθεῖσαν
1152 4490 1302 4561 παρὰ
1344 4490 1437 4542 τοῦ
1474 4489 1606 4543 Θεοῦ
1638 4491 1745 4545 τῶν

1836 4477 2070 4552 iactam.
2111 4494 2319 4549 Etenim
2367 4492 2507 4549 Deus
2531 4493 2773 4547 omnium
2805 4490 3135 4560 promiserat
3162 4485 3413 4578 abraha—

212 4577 322 4633 ὅλων
363 4585 474 4647 τοῖς
518 4583 892 4654 πατριάρχαις
937 4582 1289 4651 ἐπαγγελίαν.
1337 4582 1448 4634 Καὶ
1493 4583 1602 4653 γὰρ
1654 4584 1750 4636 καὶ

1855 4601 1964 4653 mo,
1990 4583 2197 4648 lsaaco,
2221 4592 2278 4639 et
2302 4581 2530 4645 Jacobo,
2565 4581 2619 4635 in
2647 4581 2854 4636 semine
2891 4576 3225 4650 ipsorum‘se
3259 4576 3429 4631 bene—

256 4723 276 4749 ε
303 4711 429 4771 Gen.
455 4734 605 4781 xux,
636 4718 690 4782 8,
717 4720 772 4773 9.
858 4717 885 4757 ιι
934 4717 1036 4782 Isa,
1074 4734 1150 4780 xu,
1187 4721 1237 4773 1.
1319 4730 1342 4758 ο
1374 4719 1507 4773 Gen.
1542 4735 1688 4785 ηις,
1724 4719 1755 4774 9

1873 4719 2073 4775 ann.
2106 4735 2167 4785 ιι,
2214 4719 2301 4774 19.
2379 4720 2407 4760 ⁸
2455 4719 2591 4773 Gen.
2635 4734 2779 4781 χιιι,
2813 4715 2895 4770 l0.

1037 4876 1268 4934 VARIE
1318 4876 1697 4934 LECTIONES
1741 4879 1834 4935 EX
1884 4878 2156 4934 CATENA
2192 4876 2549 4933 LIPSIENSI.

219 5026 448 5166 ιἔξει.
470 5046 524 5098 p.
551 5030 677 5086 5|6.
698 5031 792 5085 ἐπὶ
814 5030 999 5085 νώτων
1030 5050 1082 5087 τ.
1107 5031 1259 5105 ὲχθρ.
1337 5032 1380 5065 δ’
1415 5033 1535 5090 Cat.
1571 5049 1622 5104 p.
1660 5034 1755 5089 517

1836 5034 2017 5090 ιύσατε
2040 5036 2169 5108 γὰρ,
2202 5035 2359 5105 φησί.
2435 5036 2481 5067 ⁵⁵
2508 5033 2629 5089 Cat.
2660 5050 2714 5104 p.
2737 5031 2863 5088 519.
2891 5031 3019 5103 pic.
3051 5030 3225 5101 μενοι.
3302 5030 3344 5061 ⁸⁸
3372 5029 3424 5080 oi

1689 5260 1920 5316 ΝΟΤΑΞ.

279 5414 695 5486 (ϐωΔιεσπὰρη
728 5415 960 5484 φυλῶν.
1005 5416 1137 5470 Cod.
1186 5412 1368 5484 φυλῶν
1422 5412 1758 5486 ὃιεσπαρμὲ·

220 5500 322 5555 νονἈ
347 5485 451 5541 Pic.
488 5486 668 5555 φυλῶν
706 5486 1145 5555 διεσπαρμένων.

281 5504 314 5537 ν.
348 5504 451 5541 rte.
529 5504 668 5539 υΑων
706 5504 1145 5555 οιεσπαρμενων.

281 5552 381 5624 (61)
410 5504 542 5609 003.
576 5557 889 5613 αίνέσασαν,
925 5567 982 5609 ιιι
1013 5557 1246 5625 videtur.
1279 5572 1376 5625 pro
1416 5556 1757 5616 αἰνέσαισαν.

225 5638 325 5692 quae
354 5623 435 5677 est
484 5626 643 5681 lectio
684 5628 803 5683 cod.
842 5627 992 5681 Alex.
1033 5636 1084 5681 ct
1117 5623 1292 5681 Vatic.
1343 5626 1675 5692 ch.'xt.tx,
1706 5626 1760 5683 8.

228 5690 320 5747 Ptc.
354 5693 569 5763 ᾔνεσαν.

287 5749 389 5834 (σε)
421 5768 550 5819 Καί.
582 5764 751 5822 Deest.

1936 5416 2052 5487 (66)
2078 5415 2407 5487 Aé.7Cod.‘et
2453 5415 2569 5487 Pic.
2604 5416 2733 5487 γᾴρ.

1937 5484 2050 5556 (67)
2080 5486 2213 5557 Cod.
2246 5495 2301 5541 et
2332 5484 2449 5557 Pic.
2482 5484 2838 5557 ἀνθρώπειον.

1937 5556 2053 5627 (68)
2084 5556 2231 5627 Γάρ.
2257 5555 2397 5621 Cod,
2421 5557 2535 5621 καί,

1940 5620 2055 5695 (69)
2079 5620 2213 5695 Kal:
2246 5626 2385 5681 Cod.
2409 5636 2464 5681 et
2488 5620 2601 5689 Pic,
2635 5624 2812 5695 κάγώ,

1939 5693 2054 5770 (70)
2076 5693 2152 5768 Ὦ
2184 5697 2319 5754 Cod.
2345 5708 2400 5754 et
2422 5698 2535 5755 Pic.
2567 5697 2613 5751 ὅ.
2643 5693 2960 5768 Ιιιιίιιιοιιυε
2992 5708 3112 5767 pag.
3141 5712 3253 5767 scq.
