3964 6532
391 5636 395 5639 ,
493 5565 637 5639 “ei:

496 354 606 425 219

1447 350 1939 414 THEODORETI
1979 348 2321 410 EPISCOPI
2378 345 2741 408 CYRENSIS

3613 337 3731 401 220

493 472 766 526 dicturum
788 466 1043 523 omnibus
1071 465 1320 537 gentibus
1346 474 1523 519 terra.
1553 462 1708 529 Quod
1734 472 1788 517 et
1810 462 1915 516 hoc
1941 460 2055 515 loco

2162 458 2237 528 τῷ
2268 458 2379 527 (71)
2425 455 2704 527 Ἀϐραάμ,
2755 452 2848 505 καὶ
2891 451 2967 522 τῷ
3008 450 3211 517 Ἰσαὰκ,
3251 452 3344 505 καὶ
3392 449 3471 520 τῷ
3522 449 3730 503 Ἰακὼϐ

493 558 805 630 patriarcha
881 556 1116 612 Iacobus
1193 554 1522 610 benedicens
1580 552 1732 608 Iuda
1784 550 2054 622 patefecit.

497 671 516 704 ι
554 650 669 706 Non
716 649 928 705 deficiet
958 648 1125 710 enim,
1182 646 1376 716 inquit,
1426 645 1678 715 princeps
1724 658 1790 699 ex
1817 642 1976 707 Iuda,
2006 651 2060 697 et

494 742 603 796 dux
653 740 719 794 de
770 738 976 793 femore
1019 737 1160 806 ejus,
1209 736 1382 791 donec
1410 734 1592 790 veniat
1625 733 1715 789 cui
1761 731 2058 802 repositum

493 841 578 887 est
606 850 618 885 :
652 840 705 885 et
734 830 851 900 ipse
880 826 1314 897 estexspectatio
1350 826 1612 896 gentium.
1646 842 1665 877 ι
1717 822 1920 879 Deinde
1962 823 2057 878 de-

495 931 804 978 monstrans
832 921 1088 991 populum
1122 934 1188 974 ex
1218 918 1471 986 gentibus
1508 926 1558 972 et
1596 914 1797 971 Iudaeis
1838 930 2059 984 compo-

495 1018 658 1071 situm
698 1034 711 1071 :
746 1033 765 1067 ‹
794 1014 1055 1085 Alligans,
1094 1012 1289 1081 inquit,
1326 1011 1389 1064 ad
1422 1010 1585 1063 vitem
1610 1008 1831 1078 'pullum
1873 1022 2055 1073 suum,

493 1116 545 1159 et
579 1104 834 1176 pampino
866 1103 989 1157 vitis
1013 1102 1217 1172 pullum
1244 1100 1412 1155 asinae
1442 1118 1553 1155 sua:
1579 1101 1663 1153 ιι.»
1696 1098 1849 1165 Quod
1876 1109 2056 1153 autem

496 1197 655 1250 Israel
683 1196 893 1249 dicatur
908 1194 1053 1256 vitis,
1083 1207 1271 1247 omnes
1296 1192 1574 1261 prophetae
1596 1192 1809 1247 docent.
1848 1190 2057 1245 Etenim

493 1287 656 1342 David
688 1286 861 1340 dixit:
902 1304 921 1336 ‹
954 1283 1180 1339 Vineam
1214 1298 1280 1338 ex
1338 1283 1571 1354 Egypto
1612 1284 1991 1348 transtulistii,
2033 1304 2051 1334 ι

492 1390 545 1434 et
584 1387 798 1433 caetera.
833 1376 900 1431 Et
943 1375 1147 1432 Isaias:
1204 1395 1223 1428 ι
1258 1375 1426 1431 Vinea
1467 1376 1605 1430 facta
1642 1385 1725 1431 est
1769 1376 1963 1431 dilecto
2002 1377 2056 1430 in

404 1512 405 1515 η
491 1488 679 1534 cornu,
721 1471 774 1525 in
842 1470 961 1525 loco
1006 1469 1211 1540 pingui.
1275 1489 1293 1521 ι
1333 1468 1400 1522 Ει
1442 1484 1537 1538 per
1581 1465 1872 1523 Ieremiam
1925 1469 2060 1523 dixit

492 1563 734 1616 omnium
775 1560 948 1617 Deus:
998 1579 1017 1611 ι
1052 1560 1166 1629 Ego
1214 1568 1391 1614 autem
1448 1559 1686 1629 plantavi
1740 1570 1791 1614 te
1838 1560 2053 1614 vineam

493 1654 829 1723 frugiferam,
862 1663 1028 1708 totam
1074 1668 1257 1707 veram
1290 1652 1320 1691 k
1348 1669 1362 1717 ;
1404 1671 1421 1704 ι
1470 1662 1523 1706 et
1552 1664 1648 1721 per
1681 1651 1861 1706 Mosen
1888 1670 1901 1705 :
1930 1670 1948 1703 ε
1983 1651 2058 1705 De

491 1748 645 1800 vinea
681 1745 1034 1799 Sodomorum
1067 1743 1221 1798 vinea
1246 1740 1491 1797 coruml.
1526 1762 1546 1795 ι
1588 1742 1653 1795 Ει
1697 1744 1967 1798 Dominus
2000 1743 2053 1796 in

492 1837 661 1893 sacris
690 1835 993 1906 Evangeliis
1018 1853 1031 1889 :
1056 1853 1074 1887 ‹
1105 1833 1279 1889 Homo
1300 1833 1515 1902 quidam
1539 1834 1799 1904 plantavit
1820 1836 2058 1899 vineam,

492 1940 546 1984 et
611 1930 809 1983 locavit
867 1929 1010 1981 illam
1062 1926 1349 1997 agricolis,
1402 1936 1455 1981 et
1512 1942 1732 1998 peregre
1784 1929 2060 1993 profectus

492 2028 576 2073 est
612 2027 672 2071 ’³.
715 2036 732 2070 ι
764 2017 976 2072 Pullum
1020 2028 1196 2070 autem
1239 2016 1472 2086 appellat
1512 2016 1763 2087 populum
1783 2018 2058 2084 gentilem,

494 2120 747 2179 tanquam
801 2108 1160 2171 indomitum,
1217 2115 1272 2163 et
1324 2115 1534 2163 rectore
1594 2118 1888 2164 carentem.
1946 2109 2060 2165 Hoc

493 2200 636 2254 enim
699 2199 861 2254 etiam
922 2199 1186 2255 Dominus
1242 2200 1474 2255 obscure
1530 2200 1686 2265 dixit,
1742 2201 2060 2271 praecipiens

492 2290 752 2360 apostolis
791 2308 806 2356 ;
845 2309 863 2341 ι
904 2289 973 2345 Ut
1005 2290 1215 2344 abirent
1248 2289 1301 2342 in
1346 2290 1524 2345 vicum
1564 2290 1834 2359 eregione
1873 2291 2057 2360 situm,

492 2390 548 2434 et
575 2380 841 2436 solverent
878 2381 1087 2457 asinam
1130 2379 1422 2450 alligatam,
1461 2388 1516 2434 et
1552 2380 1756 2449 pullum
1790 2380 1934 2450 ejus,
1966 2397 2060 2436 su-

494 2487 587 2540 per
623 2486 783 2541 quem
825 2471 1005 2525 nullus
1046 2470 1330 2525 hominum
1359 2469 1498 2525 sedit
1521 2480 1569 2524 η.
1607 2488 1627 2522 ι
1675 2469 1862 2540 Neque
1912 2472 2057 2527 enim

497 2558 821 2625 patriarcha,
853 2574 1029 2628 neque
1061 2559 1353 2629 legislator,
1384 2575 1560 2630 neque
1596 2560 1871 2630 propheta,
1905 2562 2059 2616 solli-

492 2650 632 2704 citus
672 2648 774 2703 fuit
820 2649 885 2704 de
925 2650 1098 2705 salute
1145 2651 1402 2719 gentium.
1448 2649 1515 2705 At
1563 2650 1728 2706 divini
1806 2653 2055 2721 apostoli,

490 2740 633 2811 jussi
688 2741 884 2796 docere
912 2751 1117 2810 gentes,
1147 2752 1200 2796 et
1247 2742 1401 2812 115
1432 2742 1705 2811 baptizare
1741 2743 1794 2797 in
1838 2745 2057 2800 nomine

494 2830 690 2892 Patris,
735 2841 790 2886 et
832 2830 1043 2899 Filii,et
1075 2832 1311 2901 Spiritus
1334 2834 1505 2887 sancti
1536 2842 1583 2900 ο,
1625 2833 1901 2889 solverunt
1948 2835 2057 2889 asi-

494 2939 642 2989 nam,
669 2923 770 2978 hoc
796 2931 899 2990 est,
925 2925 1215 2979 humanam
1262 2938 1535 2992 naturam,
1564 2926 1802 2980 vinctam
1848 2926 2055 2980 catenis

494 3014 743 3084 peccati:
772 3015 1046 3070 solverunt
1076 3017 1235 3071 etiam
1276 3018 1504 3087 pullum,
1551 3033 1745 3086 nempe
1789 3017 2052 3087 populum

2160 551 2426 618 ὑπέσχετο
2457 548 2486 600 6
2512 547 2620 599 τῶν
2660 547 2795 599 ὅλων
2824 544 2975 606 Θεὸς,
3022 545 3082 596 ὲν
3111 542 3190 613 τῷ
3223 543 3495 613 σπέρματι
3542 541 3726 595 αὐτῶν

2157 642 2472 711 εύλογήσειν
2517 640 2696 694 πάντα
2741 639 2809 692 τὰ
2850 638 2976 705 ἔθνη
3022 636 3123 707 τῆς
3161 636 3284 706 γῆς.
3312 635 3483 689 Τοῦτο
3515 635 3613 688 καὶ
3642 634 3730 687 ἐν·

2157 733 2331 789 ταῦθα
2362 733 2712 806 παρεδήλωσε
2760 732 2852 784 τὸν
2905 729 3102 783 Ἰούδαν
3138 728 3375 797 εὐλογῶν
3408 730 3437 781 ό
3474 726 3671 781 Ἰακὼὸ
3700 728 3727 775 σε

2158 825 2520 897 πατριάρχης.
2568 843 2586 876 ι
2616 824 2728 877 υὺκ
2757 820 2994 890 ἐκλείψει
3024 819 3154 890 γὰρ,
3182 811 3367 890 φησὶν,
3399 819 3579 890 ἄρχων
3609 817 3726 885 (72)

2158 920 2217 986 ἐξ
2257 919 2443 979 Ἰούδα.
2474 920 2568 971 καὶ
2603 916 2899 988 ἡγούμενος
2932 915 2997 968 ἐκ
3024 913 3134 967 τῶν
3179 912 3365 983 μηρῶν
3395 912 3583 974 αὑτοῦ,
3618 912 3728 974 ἕως

2158 1012 2374 1083 ἀνέλθῃ
2403 1005 2447 1065 ὦ
2475 1010 2780 1073 ἀπόκειται,
2813 1008 2907 1061 καὶ
2945 1007 3105 1070 αὐτὸς
3135 1004 3430 1073 προσδοκία
3473 1003 3662 1057 ἐθνῶν.
3700 1022 3722 1054 ι

2157 1101 2292 1158 Εἶτα
2318 1104 2531 1165 δεικνὺς
2571 1101 2663 1155 τὸν
2710 1099 2769 1165 ἐξ
2815 1098 2983 1152 ἐθνῶν
3019 1097 3113 1151 καὶ
3153 1095 3419 1149 Ἰουδαίων
3450 1095 3731 1148 συστάντα

2156 1196 2284 1250 λαόν
2304 1212 2319 1228 ο
2378 1214 2396 1245 ι
2424 1193 2711 1260 Δεσμεύων
2757 1190 2893 1262 πρὸς
2924 1188 3168 1258 ἄμπελον
3211 1187 3302 1241 τὸν
3334 1187 3453 1240 ὄνον
3480 1187 3590 1256 (75)
3622 1188 3727 1239 αύ-

2156 1285 2273 1349 τοῦ,
2318 1287 2411 1338 καὶ
2437 1286 2502 1354 τῇ
2536 1283 2674 1336 ἓλικι
2716 1284 2811 1353 τῆς
2846 1280 3090 1351 ἀμπέλου
3120 1278 3210 1332 τὸν
3241 1278 3419 1331 πῶλον
3461 1281 3557 1347 τῆς
3596 1278 3725 1333 ὄνου

2158 1375 2342 1431 αὑτοῦ.
2394 1394 2412 1426 ι
2468 1376 2589 1427 Ὅτι
2639 1372 2695 1425 δὲ
2748 1371 2988 1443 ἄμπελος
3037 1371 3065 1423 6
3128 1369 3343 1440 Ἰσραὴλ
3389 1368 3723 1438 ὠνομάζετο,

2157 1470 2392 1531 ἅπαντες
2441 1467 2491 1519 οἱ
2543 1466 2812 1535 προφῆται
2863 1462 3189 1515 διδάσκουσι.
3246 1462 3352 1514 Καὶ
3404 1461 3511 1531 γὰρ
3562 1461 3732 1513 Δαόίδ

2159 1580 2322 1633 φησιν
2355 1578 2368 1590 ·
2428 1579 2446 1612 ι
2478 1558 2753 1627 Ἄμπελον
2781 1556 2838 1622 ἐξ
2866 1554 3140 1623 Αἰγύπτου
3176 1554 3436 1624 μετῆρας,
3479 1572 3497 1604 ι
3534 1554 3627 1607 καὶ
3657 1571 3732 1605 τα

2158 1652 2304 1721 ἐξῆς.
2346 1651 2456 1703 Καὶ
2484 1651 2512 1703 6
2554 1649 2808 1710 Ἠσαῖαςο
2847 1665 2865 1699 ι
2906 1645 3189 1715 Ἀμπελὼν
3218 1645 3453 1716 ἐγενήθη
3479 1644 3556 1715 τῷ
3585 1647 3731 1715 ἠγα-

2160 1741 2388 1812 πημένῳ
2418 1742 2475 1793 ἐν
2516 1739 2728 1800 κέρατι,
2763 1739 2819 1790 ἐν
2864 1737 3012 1807 τόπῳ
3044 1737 3153 1808 (74)
3190 1736 3355 1791 πίονι.
3404 1755 3421 1787 ›
3490 1737 3600 1789 Καὶ
3638 1736 3731 1789 διὰ

2160 1834 2253 1887 τοῦ
2287 1832 2551 1904 Ἰερεμίου
2582 1833 2610 1884 6
2638 1830 2742 1885 τῶν
2767 1830 2900 1885 ὅλων
2931 1830 3034 1899 ἔφη
3075 1829 3205 1893 Θεός
3225 1846 3239 1860 ο
3288 1849 3306 1881 ι
3341 1828 3482 1898 Ἐγὼ
3511 1830 3566 1883 δὲ
3593 1830 3730 1898 ἐφύ-

2155 1926 2324 1979 τευσά
2370 1940 2429 1977 σε
2471 1922 2712 1992 ἄμπελον
2754 1920 3122 1991 καρποφόρον,
3163 1923 3345 1974 πᾶσαν
3380 1919 3658 1991 ἀληθινήν.
3704 1939 3725 1971 ›

2156 2017 2268 2071 Καὶ
2305 2015 2394 2069 διὰ
2427 2013 2520 2068 τοῦ
2566 2011 2893 2082 νομοθέτου·
2951 2030 2969 2063 ι
3008 2011 3100 2065 Ἐκ
3132 2011 3241 2082 γὰρ
3281 2012 3525 2082 ἀμπέλου
3567 2012 3734 2065 Σοδό-

2161 2108 2328 2178 μωνή
2357 2104 2597 2174 ἄμπελος
2627 2102 2822 2157 αὐτῶν.
2860 2120 2878 2153 ι
2914 2102 3025 2155 Καὶ
3056 2104 3084 2156 6
3111 2102 3314 2173 Κύριος
3343 2104 3399 2155 ἐν
3422 2106 3534 2166 τοῖς
3562 2105 3736 2173 ἱεροῖς

2158 2198 2508 2266 Εὐαγγελίοις
2525 2212 2540 2228 ·
2585 2214 2604 2248 ι
2631 2195 2948 2265 ¹Ἀνθρωατιτός
2975 2211 3060 2258 τις
3085 2194 3379 2263 ἐφύτευσεν
3406 2195 3732 2264 ἀμπελῶνα,

2156 2291 2250 2345 καὶ
2277 2289 2482 2355 ἐξέδοτο
2513 2288 2674 2341 αὐτὸν
2697 2288 2980 2356 γεωργοῖς,
3010 2285 3102 2339 καὶ
3129 2286 3499 2357 ἀπεδήμησεν.
3532 2305 3548 2336 ι
3600 2287 3732 2338 Πῶ-

2155 2384 2244 2436 λον
2277 2383 2332 2435 δὲ
2374 2381 2464 2435 τὸν
2510 2380 2570 2444 ἐξ
2613 2379 2783 2433 ὲθνῶν
2824 2379 3077 2448 ὀνομάζει
3109 2377 3257 2441 λαὸν,
3299 2379 3374 2440 ὡς
3416 2379 3735 2447 ἀδάμαστον

2156 2475 2304 2534 ὅντα.
2338 2474 2432 2527 καὶ
2457 2471 2812 2543 πωλοδάμνην
2843 2471 2941 2524 οὐκ
2970 2469 3260 2539 ἐσχηκότα.
3299 2468 3470 2522 Τοῦτο
3496 2469 3601 2540 γὰρ
3630 2470 3737 2522 καὶ

2157 2566 2186 2618 6
2236 2565 2439 2636 Κύριος
2483 2564 2699 2636 ᾐνίξατο
2757 2566 2868 2627 τοῖς
2922 2562 3237 2625 ἀποστόλοις
3289 2560 3674 2632 προστεταχὼς
3711 2577 3731 2594 ο

2165 2678 2183 2709 ι
2220 2659 2328 2721 Ἐἰς
2366 2658 2465 2729 τὴν
2494 2658 2774 2711 κατέναντι
2820 2657 3012 2727 κώμην
3031 2658 3076 2688 δ’
3111 2654 3385 2721 ἀπελθεῖν,
3433 2655 3525 2707 καὶ
3565 2654 3734 2708 λῦσαι

2158 2749 2256 2820 τὴν
2279 2749 2398 2802 ὄνον
2426 2748 2523 2817 τὴν
2563 2749 2870 2818 δεδεμένην,
2921 2749 3014 2801 καὶ
3042 2747 3133 2800 τὸν
3163 2746 3365 2816 ταύτης
3393 2746 3591 2808 πῶλον,
3636 2746 3731 2814 ἐφ’

2157 2844 2216 2896 ὅν
2244 2859 2406 2913 φησιν
2435 2841 2608 2904 οὐδεὶς
2638 2839 2937 2911 ἀνθρώπων
2964 2837 3235 2891 ἐκάθισεν.
3266 2856 3284 2887 ι
3319 2836 3454 2890 Οὔτε
3483 2837 3592 2904 γάρ
3618 2855 3731 2889 πα-

2159 2932 2445 3003 τριάρχης,
2484 2929 2606 2983 οὕτε
2639 2928 2953 3000 νομοθέτης,
2994 2926 3119 2979 οὔτε
3150 2926 3452 2998 προφήτης,
3484 2929 3579 2996 τῆς
3614 2927 3734 2979 τῶν

2156 3024 2324 3077 ἐθνῶν
2357 3021 2636 3093 ἐφρόντισε
2685 3020 2977 3090 σωτηρίας.
3039 3021 3099 3073 Οἱ
3150 3018 3206 3071 δέ
3254 3018 3388 3072 θεῖοι
3437 3016 3735 3070 ἀπόστολοι

495 3122 560 3160 ex
594 3106 680 3160 illa
706 3116 926 3161 natum:
963 3117 1018 3162 et
1064 3108 1402 3177 imponentes
1446 3109 1522 3162 illi
1567 3108 1887 3163 vestimenta
1934 3124 2053 3175 sua,

2160 3113 2586 3185 προσταχθέντες
2623 3112 2954 3183 μαθητεῦσαι
2993 3111 3173 3165 πάντα
3202 3110 3270 3164 τὰ
3310 3109 3460 3178 ἔθνη,
3500 3110 3595 3163 καὶ
3626 3110 3732 3178 βα-

498 3200 603 3253 hoc
638 3206 740 3263 est,
768 3200 995 3269 gratiam
1026 3214 1188 3268 quam
1216 3210 1371 3255 erant
1411 3201 1711 3256 consecuti.
1760 3220 1779 3253 ι
1814 3200 2055 3267 Quicun-

495 3304 601 3357 que
639 3290 783 3344 enim
834 3290 888 3344 in
923 3289 1140 3345 Christo
1187 3292 1443 3361 baptizati
1482 3300 1629 3357 sunt,
1663 3292 1938 3347 Christum
1973 3293 2057 3348 in-

495 3381 795 3445 dueruntP,
837 3401 855 3434 ι
900 3392 1240 3438 mansuetum
1278 3386 1627 3440 reddiderunt
1656 3387 1859 3455 pullum
1898 3396 2056 3443 antea

497 3473 844 3540 indomitum,
892 3484 947 3531 et
996 3492 1158 3546 super
1194 3494 1317 3533 cum
1372 3481 1562 3536 sedere
1590 3480 1836 3535 fecerunt
1869 3480 2057 3536 Domi-

498 3580 648 3629 num,
684 3575 737 3620 et
773 3566 1124 3637 alligaverunt
1169 3586 1293 3624 eum
1342 3571 1462 3638 viti,
1504 3572 1610 3627 hoc
1639 3583 1721 3628 est
1750 3574 1851 3627 sibi
1902 3575 2051 3643 ipsis.

496 3654 571 3710 Ex
611 3655 809 3713 Iudaeis
848 3660 991 3715 enim
1028 3670 1184 3716 erant
1231 3663 1480 3731 apostoli.
1519 3662 1627 3719 Nec
1687 3664 1770 3719 illi
1817 3674 2053 3732 tantum,

495 3748 589 3802 sed
626 3758 678 3804 et
709 3752 1045 3823 septuaginta
1079 3751 1351 3824 discipuli,
1380 3764 1432 3809 et
1462 3764 1542 3810 ter
1579 3756 1746 3821 mille,
1781 3773 1918 3827 quos
1948 3773 2057 3811 uno

492 3839 792 3911 eodemque
836 3853 1078 3914 tempore
1116 3847 1357 3916 piscatus
1401 3857 1485 3903 est
1537 3848 2056 3919 primuS‘apostolo-

495 3946 636 3999 rum,
688 3942 743 3988 et
790 3937 1075 4009 quinquies
1121 3940 1283 4005 mille,
1319 3947 1373 3995 et
1412 3940 1591 3996 multa:
1637 3942 1927 4013 myriades,
1987 3942 2056 3997 de

492 4025 693 4092 quibus
722 4026 958 4085 Iacobus
990 4039 1077 4084 iter
1126 4032 1314 4087 beatus
1353 4048 1479 4088 cum
1512 4032 1682 4089 Paulo
1716 4034 2055 4089 divinissimo

494 4114 752 4184 loquitur.
791 4117 909 4173 Non
951 4132 1159 4176 tantum
1196 4122 1362 4192 igitur
1410 4125 1675 4194 apostolis
1714 4126 2059 4181 adhaeserunt

493 4208 585 4275 qui
646 4211 1009 4278 crediderunt,
1078 4215 1171 4270 sed
1203 4216 1271 4283 [et
1322 4218 1688 4287 apostolorum
1754 4218 2055 4287 discipulis.

494 4297 648 4364 Quod
679 4301 975 4370 praevidens
1014 4305 1319 4374 patriarcha
1344 4307 1518 4363 dixit:
1562 4327 1581 4359 ι
1610 4308 1848 4378 Alligans
1879 4310 1944 4363 ad
1977 4311 2057 4363 vi-

495 4400 623 4454 tem,
653 4400 708 4445 et
730 4395 985 4462 pampino
1022 4396 1144 4451 vitis
1176 4398 1381 4466 pullum
1419 4400 1584 4456 asinae
1617 4416 1729 4456 sua:
1752 4413 1803 4455 (ι.
1838 4420 1858 4455 ι
1894 4402 2055 4458 Dein-

2161 3207 2349 3261 πτίσαι
2378 3208 2456 3269 εἰς
2487 3205 2548 3258 τὸ
2578 3203 2748 3275 ὄνομα
2790 3202 2884 3256 τοῦ
2929 3202 3160 3273 Πατρός,
3203 3201 3298 3255 καλ⁸
3326 3200 3419 3254 τοῦ
3446 3199 3599 3261 Υἱοῦ.
3631 3201 3735 3253 καὶ

2157 3298 2250 3352 τοῦ
2283 3298 2435 3366 ἁγίου
2461 3295 2797 3366 Πνεύματος,
2828 3294 3021 3347 ἔλυσαν
3054 3294 3151 3363 μὲν
3180 3292 3275 3363 τὴν
3307 3292 3445 3359 ὄνον,
3479 3291 3733 3343 τουτέστι

2156 3389 2265 3443 τῶν
2299 3388 2599 3460 ἀνθρώπων
2646 3386 2745 3458 τὴν
2792 3385 2973 3453 φύσιν,
3012 3386 3111 3455 τὴν
3151 3382 3437 3453 δεδεμένην
3473 3384 3594 3445 ταῖς
3626 3384 3734 3451 τῆς

2159 3481 2430 3552 ἁμαρτίας
2460 3480 2666 3549 σειραῖς
2686 3496 2700 3509 ο
2742 3476 2936 3530 ἔλυσαν
2960 3476 3015 3530 δὲ
3045 3475 3139 3529 καὶ
3176 3474 3268 3527 τὸν
3298 3473 3496 3555 πῶλον,
3530 3472 3622 3525 τὸν
3662 3474 3734 3523 ἐκ

2156 3575 2359 3644 ταύτης
2389 3571 2794 3643 βεϐλαστηκότα
2832 3569 2959 3622 λαόν
2986 3587 2999 3600 ·
3046 3568 3137 3619 καὶ
3175 3565 3453 3629 ἐπιθέντες
3479 3562 3628 3632 αύτῷ
3659 3563 3736 3616 τὰ

2161 3667 2351 3738 ἱμάτια
2388 3666 2453 3719 τὰ
2498 3664 2725 3728 ἐαυτῶν,
2770 3661 3011 3715 τουτέστι
3052 3659 3150 3729 τὴν
3184 3658 3345 3729 χάριν
3385 3650 3451 3727 ἦς
3490 3655 3682 3723 ἔτυχον
3712 3670 3731 3683 ο

2164 3780 2182 3811 ‹
2204 3759 2357 3812 Ὅσοι
2383 3756 2489 3827 γὰρ
2517 3756 2594 3817 είς
2626 3753 2855 3825 Χριστὸν
2885 3749 3315 3820 ἐϐαπτίσθησαν,
3366 3746 3601 3818 Χριστὸν
3632 3747 3735 3797 ὲν-

2157 3848 2442 3903 εδύσαντοο
2495 3865 2513 3898 ι
2563 3846 2658 3900 καὶ
2698 3846 2911 3916 εὐήνιον
2956 3842 3245 3913 ἀπέφησαν
3282 3839 3371 3893 τὸν
3411 3838 3735 3907 ἀδάμαστον

2158 3941 2369 4007 πῶλον,
2421 3939 2514 3993 καὶ
2562 3938 2895 3992 ἐπεκάθισαν
2945 3935 3091 4006 αύτῷ
3140 3934 3230 3988 τὸν
3286 3931 3582 4001 Δεσπότην,
3631 3931 3734 3983 καὶ

2159 4032 2497 4102 προσέδησαν
2544 4029 2703 4084 αὑτὸν
2746 4031 2810 4099 τῇ
2867 4026 3117 4097 ἀμπέλῳ,
3158 4023 3436 4078 τουτέστιν
3489 4024 3729 4083 ἑαυτοῖς.

2172 4123 2261 4187 Ἐξ
2303 4122 2568 4177 Ἰουδαίων
2600 4120 2707 4192 γὰρ
2736 4122 2785 4172 οἱ
2826 4118 3115 4175 ἀπόστολοι
3150 4133 3163 4146 ’
3212 4118 3307 4170 καὶ
3339 4116 3400 4169 οὐ
3436 4115 3594 4187 μόνον
3622 4114 3733 4167 αύ-

2158 4215 2259 4279 τοὶ,
2280 4213 2413 4266 ἀλλά
2452 4214 2548 4265 καὶ
2576 4212 2625 4264 οἱ
2671 4210 3038 4280 ἐϐδομήκοντα
3075 4203 3332 4277 μαῦηταὶ,
3364 4206 3459 4259 καὶ
3486 4204 3534 4257 οἱ
3573 4219 3731 4274 τρισ-

2160 4306 2339 4378 χίλιοι,
2384 4304 2476 4368 οὒς
2528 4303 2669 4357 κατὰ
2694 4302 2807 4374 (75)
2842 4299 3039 4353 ταύτὸν
3088 4297 3417 4367 ἐσαγήνευσε
3447 4296 3554 4347 τῶν
3586 4296 3729 4348 ἀπο-

2162 4397 2363 4451 στόλων
2389 4398 2417 4449 ό
2448 4395 2681 4466 πρῶτος,
2713 4392 2807 4445 καὶ
2836 4392 2883 4444 οἱ
2912 4390 3357 4459 πεντακισχίλιοι,
3389 4387 3483 4441 καὶ
3512 4387 3568 4439 αἱ
3595 4386 3727 4438 πολο

493 4498 621 4553 ceps
647 4500 865 4555 quoque
887 4488 1128 4555 praedicit
1158 4491 1461 4558 passionem
1485 4511 1498 4546 :
1533 4510 1553 4543 ι
1591 4492 1813 4549 Lavahit
1841 4494 1896 4548 in
1922 4496 2049 4550 vino

2159 4486 2239 4540 λαὶ
2275 4485 2551 4556 μυριάδες,
2595 4484 2721 4554 περὶ
2750 4478 2823 4535 ὧν
2856 4484 2884 4535 ὁ
2912 4480 3310 4551 τρισμακάριος
3351 4476 3605 4539 Ἰάκωϐος
3643 4474 3733 4546 τῷ

494 4577 687 4631 stolam
718 4582 896 4645 suam,
932 4589 987 4635 et
1024 4582 1077 4636 in
1117 4585 1379 4653 sanguine
1419 4601 1536 4641 uvae
1572 4587 1831 4642 amictum
1865 4604 2045 4644 suum.

444 4682 449 4685 ·
492 4665 727 4722 Gratiosi
757 4669 898 4724 oculi
924 4671 1044 4740 ejus
1082 4688 1245 4742 super
1273 4674 1478 4742 vinum,
1521 4685 1576 4731 et
1616 4678 1831 4733 candidi
1862 4679 2052 4734 dentes

2152 4579 2407 4647 θειοτάτῳ
2429 4575 2672 4648 διελέχθη
2700 4574 2913 4644 Παύλῳ.
2947 4574 3020 4625 Ού
3055 4572 3213 4643 μόνον
3236 4570 3414 4623 τοίνυν
3439 4571 3550 4632 τοῖς
3578 4570 3729 4622 ἀιπο⁸

2155 4671 2360 4733 στόλοις
2390 4668 2734 4738 συνήφθησαν
2761 4666 2812 4718 οί
2840 4663 3287 4725 πεπιστευκότες,
3318 4659 3453 4713 ἀλλὰ
3485 4659 3578 4711 καὶ
3607 4660 3728 4720 τοῖς

490 4755 609 4823 ejus
638 4759 793 4826 quasi
827 4760 969 4814 lact.
1008 4780 1026 4813 ι
1081 4762 1148 4817 Et
1172 4778 1366 4834 corpus
1416 4765 1632 4837 quidem
1687 4770 1803 4838 ejus
1853 4769 2049 4824 stolam

2159 4763 2261 4817 τῶν
2292 4760 2600 4815 ἀποστόλων
2629 4758 2894 4830 μαθηταῖς
2913 4771 2928 4786 ⁸
2974 4756 3067 4809 καὶ
3091 4754 3247 4807 τοῦτο
3273 4751 3521 4822 προορῶν
3549 4751 3577 4801 6
3610 4765 3730 4800 πα-

492 4847 757 4916 appellat,
817 4851 1136 4921 sanguinem
1169 4869 1295 4910 vero
1344 4856 1570 4913 vinum:
1616 4859 2049 4929 quandoquidem

2159 4855 2419 4927 τριάρχης
2448 4852 2551 4923 ἔφη
2576 4868 2590 4882 ’
2653 4871 2670 4903 ‹
2700 4848 2987 4919 Δεσμεύων
3030 4847 3166 4917 πρὸς
3206 4844 3447 4914 ἄμπελον
3479 4841 3568 4893 τὸν
3601 4839 3729 4909 (76)

561 4958 745 5029 βίϐεη.
776 4965 1032 5029 xux,H.

492 5037 518 5064 ιι
553 5028 719 5085 Marc.
757 5047 819 5099 ll,
849 5034 903 5087 2.

981 5034 1223 5091 ι’Μοῑιίι.
1280 5054 1471 5103 xxviii,
1528 5043 1613 5095 19.
1688 5043 1916 5097 PGalat.
1963 5060 2041 5108 ut,

2159 5086 2170 5100 .
2240 5057 2266 5095 (ι
2300 5034 2441 5099 Gen.
2494 5057 2641 5102 XLIX,
2690 5039 2774 5092 Η.

1115 4963 1133 5003 ί
1163 4964 1307 5022 Psal.
1345 4984 1525 5034 Lutx,
1553 4970 1604 5023 8.
1682 4970 1695 5021 ί
1740 4973 1845 5027 lsa.
1878 4989 1928 5034 v,
1959 4974 2008 5026 1.

2159 4976 2350 5031 Ierem.
2383 4990 2445 5036 ll,
2476 4973 2564 5025 2|.
2646 4969 2661 5007 ι
2710 4966 2866 5021 Deut.
2918 4980 3097 5036 χχιιι,
3123 4961 3272 5036 452.-
3302 4970 3339 4991 ’³³
3379 4960 3509 5015 Luc.
3540 4976 3632 5024 xx,
3666 4962 3726 5014 9.

2862 5046 2883 5073 ι·
2919 5035 3047 5089 ibid.
3081 5032 3168 5095 Η,
3210 5030 3297 5085 12.

1355 5149 1586 5207 νΑΒΙᾸΞ
1614 5152 1996 5208 LECTIONES
2037 5154 2125 5208 EX
2166 5153 2437 5211 CATENA
2484 5146 2837 5206 LIPSlENSI.

564 5264 611 5294 "’
643 5266 722 5327 είς
746 5280 795 5316 τ.
822 5279 1009 5318 κατεν.
1036 5261 1215 5316 πόλιν.

2010 5374 2239 5431 ΝΟΤᾹ).

563 5493 817 5636 (ᾞριίρῗιῖ)
838 5494 950 5565 γὰρ
973 5494 1074 5548 καὶ
1101 5493 1200 5559 τῷ.
1227 5492 1358 5547 Cod.
1394 5494 1486 5545 xui.
1533 5491 1639 5562 γάρ
1712 5495 1768 5544 ἐν
1798 5493 1892 5563 τῷ.
1932 5492 2041 5548 Pic.

565 5632 830 5769 (Ίὲζούὶι
854 5666 923 5675 -—
959 5634 1175 5703 ἄρχων.
1213 5634 1333 5688 Des.
1358 5632 1408 5685 in
1432 5633 1552 5687 coll.

565 5705 653 5769 (75
705 5702 824 5769 Τὴν
853 5704 1015 5758 ὄνον.
1045 5704 1179 5759 Cod.
1206 5702 1294 5755 τὸν
1324 5703 1517 5755 πῶλον.

565 5701 675 5769 (75)
705 5702 824 5771 Τὴν
853 5704 1015 5758 ὄνον.
1036 5701 1179 5759 Βοά.
1206 5702 1294 5755 τὸν
1324 5703 1517 5755 πῶλον.
1552 5701 1621 5755 Ita
1674 5718 1889 5772 quoque
1936 5704 2047 5757 Sir-

494 5774 729 5832 mundus
754 5775 895 5831 infra
921 5775 972 5829 iu
999 5776 1097 5831 hac
1134 5774 1250 5844 ipsa
1301 5774 1543 5828 sectione
1594 5790 1717 5842 pag.
1752 5791 1867 5842 seq.
1896 5773 2042 5841 legit.

2235 5494 2343 5563 (74)
2390 5496 2485 5548 Ἐν
2511 5494 2686 5557 τόπῳ.
2737 5493 2871 5557 (20(1,
2907 5493 2965 5545 ἐν
2992 5490 3128 5563 δρει.
3172 5487 3283 5543 Pic.
3319 5488 3376 5540 ἐν
3399 5486 3579 5555 ἐλαίῳ.

2230 5561 2321 5634 (75
2361 5564 2496 5618 Cod.
2524 5563 2718 5634 etii’ic.
2748 5581 2850 5616 κατ
2870 5564 2882 5583 ’
2914 5561 3095 5613 αὐτόν.

2229 5625 2340 5703 (76)
2377 5635 2488 5688 Τὸν
2522 5633 2745 5688 πῶλον.
2805 5635 2914 5687 liuc
2969 5634 3085 5686 IUCU
3134 5629 3254 5684 cod.
3287 5636 3341 5683 cl
3370 5625 3483 5681 Pic.
3514 5625 3725 5681 habent

2154 5706 2254 5776 τὴν
2283 5706 2425 5758 ὄνον.
