3964 6544
213 358 310 424 231

1222 358 1503 433 QUlEST.
1542 354 1625 417 IN
1655 351 1920 415 GENES.
1959 353 2116 417 CAP.
2152 355 2361 418 XLIX.

3330 364 3437 429 222

212 477 394 531 πῶλον
428 476 610 541 αὐτοῦ,
645 476 740 531 καὶ
777 480 843 549 τῇ
887 477 1022 533 ἕλικι
1050 478 1147 549 τῆς
1176 480 1422 549 ἀμπέλου
1453 478 1543 532 τὸν
1589 454 1762 531 πῶλον

1870 475 2177 543 mysticum‘
2211 478 2373 532 etiam
2428 478 2606 531 vinum
2639 476 2954 547 sanguinem
3003 476 3213 532 vocavit
3258 475 3442 531 Dorul-

210 567 306 635 τῆς
347 567 475 621 δνου
518 568 705 622 αὐτοῦ.
751 589 771 621 ι
826 566 958 623 Εἶτα
1006 572 1101 623 καὶ
1150 569 1211 622 τὸ
1258 569 1430 633 πάθος
1475 568 1729 640 προλέγει
1757 584 1771 598 ·

212 678 230 709 ι
254 658 457 711 Πλυνεῐ
500 662 560 712 εν
603 661 730 730 οϊνῳ
776 662 873 729 τὴν
902 661 1091 731 στολὴν
1121 660 1307 727 αὑτοῦ,
1355 662 1451 715 καὶ
1482 664 1539 714 ὲν
1580 661 1774 729 αἵματι

205 751 489 819 σταφυλῆς
534 752 638 822 τὴν
688 753 980 823 περιϐολὴν
1013 753 1199 817 αὐτοῦ,
1249 754 1529 826 χαροποιοὶ
1567 753 1679 823 (77)
1724 753 1773 805 οἱ

200 840 473 909 ὀφθαλμοὶ
506 842 671 895 αὑτοῦ
705 844 813 896 άπὸ
839 844 1000 907 οῐνου,
1032 846 1124 898 καὶ
1153 845 1333 898 λευκοὶ
1361 846 1410 898 οἱ
1436 845 1646 908 ὀδόντες
1671 836 1771 899 αὖ·

198 929 292 983 τοῦ
316 932 350 1003 ἧ
382 933 545 999 γάλα.
576 954 594 986 ι
633 936 741 988 Καὶ
765 936 826 988 τὸ
854 937 951 1005 μὲν
980 936 1135 1007 σῶμα
1163 937 1324 990 αὑτοῦ
1356 938 1546 1007 στολὴν
1576 936 1772 1006 ὀνομά-

199 1022 303 1087 ζει,
331 1024 395 1075 τὸ
424 1025 479 1100 δὲ
511 1019 655 1094 αἷμα
684 1023 823 1080 οἶνον
842 1041 856 1054 ⁸
891 1025 1075 1098 ἐπειδὴ
1102 1027 1196 1081 καὶ
1218 1027 1309 1080 τὸν
1344 1028 1605 1097 μυστικὸν
1634 1023 1772 1080 οἶνον

199 1111 340 1187 αἷμα
374 1118 654 1188 κέκληκεν
695 1121 723 1172 ό
770 1121 1066 1189 Δεσπότης.
1130 1120 1422 1190 Ἀκούομεν
1461 1121 1517 1173 δὲ
1555 1118 1769 1173 καὶτοῦ

198 1210 599 1277 εὐαγγελιστοῦ
654 1212 898 1265 Ἰωάννου
957 1211 1329 1277 διδάσκοντος,
1377 1212 1449 1274 ὡς
1486 1210 1578 1264 τοῦ
1611 1228 1771 1280 στρα-

197 1299 392 1352 τιώτου
439 1300 699 1365 νῦξαντος
743 1300 907 1355 αὐτοῦ
951 1302 1048 1372 τὴν
1094 1300 1331 1371 πλευρὰν
1371 1299 1589 1370 ἐξῆλθεν
1631 1296 1771 1369 αἷμα

197 1391 286 1443 καὶ
303 1391 477 1459 ὕδωρ.
511 1386 675 1446 Οὗτοι
696 1393 751 1446 δὲ
786 1395 836 1447 οἰ
867 1392 1081 1464 κρουνοὶ
1108 1393 1195 1446 διὰ
1228 1391 1325 1447 τοῦ
1355 1393 1607 1462 σώματος
1636 1408 1769 1444 κατ-

197 1484 496 1555 ερρύησαν.
527 1486 632 1538 me
660 1485 817 1539 τοῦτό
872 1502 1033 1555 φησιν
1060 1487 1088 1539 ὁ
1118 1486 1488 1556 πατριάρχης·
1527 1504 1545 1535 ι
1574 1485 1770 1538 Πλυνεῖ

196 1578 248 1628 ἐν
270 1576 402 1642 οἴνῳ
440 1577 548 1648 τὴν
585 1578 777 1649 στολὴν
805 1577 969 1633 αὑτοῦ
988 1578 1053 1632 ⁵⁸.
1083 1597 1101 1628 ι
1156 1573 1286 1631 Εἶτα
1321 1577 1433 1647 (78)
1469 1577 1767 1630 δείκνυσιυδ

196 1670 287 1738 τὴν
332 1668 447 1722 ἀπὸ
494 1669 594 1723 τοῦ
644 1670 851 1734 πάθους
894 1670 1263 1742 γενησομένην
1319 1671 1655 1743 εὐφροσύνην
1678 1672 1722 1703 ⁸⁸
1748 1686 1763 1701 ·

202 1780 217 1810 ι
250 1761 563 1831 Χαροποιοὶ
589 1764 638 1815 οἱ
667 1762 933 1831 ὀφθαλμοὶ
966 1762 1130 1815 αὑτοῦ
1157 1763 1263 1816 ἀπὸ
1296 1762 1458 1817 οῐνου.
1494 1783 1512 1814 ι
1559 1764 1766 1833 Εὐφρο-

199 1853 319 1923 σύνη
349 1853 475 1923 γὰρ
520 1856 621 1925 τῆς
648 1856 990 1926 οἰκουμένης,
1034 1856 1095 1909 τὸ
1126 1856 1389 1927 σωτήριον
1421 1856 1609 1920 πάθος.
1642 1856 1764 1910 Ὀτι

196 1946 246 1997 δὲ
280 1944 437 1999 οὕτω
467 1946 530 1999 τὸ
560 1947 732 2011 πάθος
773 1948 1017 2012 ἐκάλεσε,
1066 1950 1274 2018 μάρτυς
1318 1950 1479 2021 αὐτὲις
1507 1952 1535 2003 ὁ
1564 1949 1768 2019 Κύριος

197 2037 391 2104 λέγων’
452 2057 470 2089 ι
492 2038 697 2110 Πάτερ,
728 2042 776 2092 εξ
805 2041 1044 2104 δυνατὸν,
1082 2042 1398 2111 παρελθέτω
1421 2041 1481 2094 τὸ
1511 2042 1768 2111 ποτήριον

196 2128 341 2181 τοῦτο
362 2130 470 2183 ἀπ’
497 2129 655 2199 ἐμοῦ.
687 2150 705 2181 ι
738 2129 892 2184 Οῦτω
918 2133 1142 2197 καὶτοῖς
1163 2136 1297 2196 υἱοῖς
1316 2134 1417 2203 ἔφη
1446 2134 1729 2189 Ζεϐεδαίου
1749 2150 1765 2168 ⁸

201 2239 216 2269 ι
239 2219 488 2273 AzZ-Jach
511 2224 658 2274 πιεῖν
677 2222 736 2275 τὸ
756 2224 1014 2293 ποτήριον
1032 2224 1060 2277 ὂ
1081 2223 1191 2291 ἐγὼ
1217 2227 1393 2295 μέλλω
1413 2230 1555 2280 πιεῖν
1575 2228 1684 2297 (79)
1703 2230 1759 2298 ψ

195 2312 261 2364 Τὸ
321 2314 515 2366 τοίνυν
587 2318 877 2387 χαροποιδν
944 2318 1051 2371 τῶν
1111 2318 1403 2391 ὀφθαλμῶν
1472 2323 1570 2394 τὴν
1629 2324 1765 2393 μετὰ

194 2403 249 2455 τὸ
298 2404 479 2468 πάθος
513 2406 851 2477 εὐφροσύνην
904 2409 1067 2479 δηλοῖ.
1105 2411 1257 2464 Μετὰ
1312 2414 1420 2482 γὰρ
1476 2413 1539 2466 τὸ
1596 2414 1779 2491 πάθος.

196 2498 280 2547 καὶ
338 2497 450 2567 τὴν
506 2499 823 2561 ἀνάστασιν,
866 2502 943 2564 εἰς
1002 2502 1180 2554 πᾶσαν
1233 2504 1612 2575 ἀπεστάλησαν
1666 2507 1765 2577 τὴν

193 2588 520 2658 οἰκουμένην
550 2592 599 2643 οἱ
631 2591 890 2661 μαθηταὶ,
933 2592 1031 2663 τὴν
1062 2596 1335 2665 σωτηρίαν
1366 2599 1765 2667 προσφέροντες

196 2683 294 2741 τοῖς
328 2679 677 2735 πιστεύουσι.
727 2682 839 2751 Τῆς
865 2683 923 2736 δέ
962 2699 1026 2751 γε
1060 2683 1408 2749 διδασκαλίας
1446 2687 1508 2739 τὸ
1547 2688 1759 2756 διειδὲς,

197 2772 280 2823 καὶ
328 2771 393 2823 τὸ
440 2772 734 2841 διαφανὲς,
784 2774 1130 2839 λευκοτάτοις
1171 2762 1385 2830 ὀδοῦσιν
1422 2778 1761 2833 ἀπείκασενο

203 2884 217 2910 ι
243 2864 445 2915 Αευκοὶ
483 2864 615 2933 γάρ,
666 2865 849 2935 φησὶν,
903 2867 952 2918 οἱ
993 2866 1202 2929 ὀδόντες
1244 2866 1410 2920 αὑτοῦ
1458 2869 1489 2938 ἢ
1533 2870 1693 2938 γάλα.
1737 2891 1755 2921 ι

198 2953 446 3006 Τοσαῦτα
503 2956 837 3025 προείρηκεν
886 2959 915 3009 ὁ
974 2960 1318 3028 πατριάρχης
1376 2961 1616 3029 εὐλογῶν
1671 2964 1761 3015 τὸν

209 3048 405 3100 Ἰσίδαν
434 3064 449 3077 ο
482 3047 577 3101 τοῦ
600 3049 656 3100 δὲ
679 3049 962 3103 Ζαϐουλὼν
989 3054 1213 3120 προεῖπε
1240 3050 1349 3119 ρ80)
1372 3054 1472 3124 τὴν
1496 3054 1760 3125 παράλιον

1874 583 1997 624 nus.
2037 568 2140 624 Sed
2176 580 2231 623 et
2260 568 2523 623 Joannem
2580 570 2970 639 evangelistam
3027 569 3281 623 audimus
3338 569 3437 622 do-

1871 672 2102 727 centem,
2143 676 2266 715 cum
2298 661 2451 715 miles
2491 661 2631 715 latus
2660 660 2832 730 ipsius
2866 659 3183 725 sauciasset,
3216 659 3439 729 sangui-

1872 770 1993 808 nem
2022 764 2077 809 et
2107 768 2301 823 aquam
2342 754 2558 808 exiisse.
2602 751 2668 806 Hi
2716 767 2841 805 vero
2875 750 3054 805 fontes
3099 765 3195 819 per
3239 764 3439 818 corpus

1870 846 2021 902 eﬂ‘usi
2067 856 2211 902 sunt.
2263 845 2465 900 Idcirco
2499 845 2637 899 dixit
2670 845 3013 915 patriarcha:
3064 860 3082 892 ι
3122 840 3347 895 Lavabit
3384 843 3437 894 in

1870 940 1998 994 vino
2026 940 2217 994 stolam
2250 939 2408 1009 116
2438 953 2614 993 suam.
2655 956 2673 988 ι
2710 937 2901 991 Postea
2930 935 3271 989 demonstrat
3298 931 3432 986 laeti-

1870 1032 2000 1085 tiam
2044 1046 2109 1084 ex
2156 1032 2402 1096 passione
2446 1029 2866 1098 procedentem:
2925 1044 2943 1077 ι
2983 1024 3131 1080 Oculi
3165 1023 3285 1093 ejus
3312 1036 3440 1093 gra-

1869 1122 1995 1176 tiosi
2048 1135 2208 1190 super
2251 1120 2459 1173 vinum.
2498 1139 2516 1170 ι
2573 1117 2849 1188 Siquidem
2901 1116 3082 1186 passio
3146 1114 3437 1174 salutaris,

1868 1213 2053 1268 laetitia
2086 1224 2167 1269 est
2200 1214 2366 1267 totius
2392 1212 2562 1265 orbis.
2593 1208 2745 1276 Quod
2785 1218 2981 1278 autem,
3000 1207 3305 1277 passionem
3357 1204 3439 1257 sic

1868 1306 2235 1377 appellaverit,
2278 1304 2431 1359 testis
2459 1312 2543 1356 est
2580 1302 2695 1370 ipse
2732 1300 2994 1353 Dominus
3025 1299 3243 1353 dicens:
3285 1314 3303 1345 ι
3337 1294 3441 1349 Pa-

1868 1408 1970 1461 ter,
2025 1399 2070 1452 si
2125 1397 2381 1466 possibile
2425 1404 2526 1458 est,
2579 1403 2817 1448 transeat
2873 1408 2901 1445 a
2937 1408 3021 1445 me
3068 1392 3210 1445 calix
3252 1391 3375 1444 iste.
3414 1407 3433 1444 ι

1867 1488 2052 1548 Itidem
2082 1499 2137 1547 et
2168 1490 2292 1546 [iliis
2325 1488 2564 1543 Zebedaai
2599 1487 2735 1541 dixit
2762 1504 2775 1539 :
2815 1503 2834 1536 ι
2869 1485 3099 1539 Potestis
3127 1484 3312 1541 υἱὲ-ονε
3346 1500 3442 1539 ca-

1866 1583 2044 1651 licem,
2094 1598 2255 1654 quem
2298 1571 2397 1653 ego
2431 1580 2701 1635 bibiturus
2753 1576 2939 1635 sumi?
2978 1600 2995 1631 ›
3039 1579 3223 1634 Gratia
3275 1579 3439 1647 igitur

1866 1677 1955 1731 illa
2004 1677 2285 1732 oculorum
2316 1673 2579 1741 laetitiam,
2621 1672 2740 1744 qua
2775 1683 2963 1729 secuta
3009 1682 3091 1727 est
3128 1672 3436 1742 passionem

1865 1779 1920 1826 et
1955 1768 2429 1832 resurrectionem,
2460 1765 2680 1822 indicat.
2730 1766 2863 1819 Nam
2896 1775 3017 1835 post
3044 1764 3355 1833 passionem
3387 1771 3441 1816 et

1868 1860 2317 1918 resurrectionem
2350 1861 2503 1916 missi
2538 1869 2665 1914 sunt
2690 1860 2746 1913 in
2774 1857 3085 1911 universum
3118 1856 3301 1908 orbem
3356 1854 3440 1907 di-

1869 1954 2109 2025 scipuli,
2159 1954 2387 2009 salutem
2444 1951 2727 2006 all'erentes
2794 1947 3157 2002 credentibus.
3177 1944 3441 1998 Doctrina:

1867 2063 1995 2103 vero
2022 2046 2271 2102 decorem
2302 2054 2465 2115 atque
2498 2044 2841 2113 splendorem
2869 2037 3274 2094 candidissimis
3301 2036 3440 2089 den-

1866 2141 2013 2197 tibus
2050 2140 2403 2209 comparavit.
2453 2156 2472 2189 ι
2519 2134 2748 2191 Candidi
2797 2132 2963 2197 enim,
3012 2128 3207 2198 inquit,
3249 2127 3439 2181 dentes

1865 2232 1983 2302 ejus
2036 2231 2156 2301 plus
2208 2245 2369 2299 quam
2413 2229 2573 2293 lac.)
2628 2224 2754 2280 Haec
2799 2223 3051 2276 universa
3123 2218 3437 2288 patriarcha

1866 2322 2131 2394 praedixit,
2179 2320 2307 2373 dum
2353 2318 2504 2373 Judze
2538 2318 2897 2371 benediceret.
2945 2312 3141 2365 Adth
3171 2308 3435 2363 Zabuloni

1864 2414 2250 2472 habitationem
2283 2412 2529 2483 praedixit
2559 2409 2904 2463 maritimam.
2942 2402 3226 2459 lssach'aro
3252 2409 3433 2454 autem

1895 2509 2266 2578 griculturam.
2309 2503 2382 2557 De
2414 2504 2548 2568 Dan,
2592 2500 2950 2568 quorumdam
2984 2495 3258 2563 opinione,
3296 2508 3435 2561 prae-

1863 2599 1998 2654 dixit
2025 2611 2145 2666 quae
2172 2605 2320 2664 gesta
2354 2603 2482 2648 sunt
2509 2610 2537 2645 a
2571 2592 2848 2649 Samsone.
2904 2587 2980 2641 Ex
3016 2589 3118 2640 hac
3143 2585 3285 2639 enim
3319 2590 3437 2637 erat

1860 2691 2026 2755 tribu,
2056 2698 2110 2743 et
2130 2694 2555 2741 connumeratus
2581 2693 2664 2739 est
2683 2684 2821 2737 inter
2844 2680 3076 2749 judices.
3102 2678 3168 2731 Et
3195 2684 3437 2745 propter-

1861 2797 1924 2835 ea
1989 2780 2151 2834 dicit:
2186 2797 2205 2829 ι
2241 2777 2351 2831 Dan
2378 2776 2643 2846 judicabit
2672 2772 2928 2842 populum
2958 2784 3140 2829 suum.
3169 2776 3428 2834 tauquam

1861 2886 1968 2925 una
2006 2870 2180 2923 tribus
2216 2868 2268 2921 in
2300 2866 2460 2922 Israel
2487 2873 2537 2917 ιι.
2579 2884 2596 2915 ι
2630 2862 2888 2916 Nonnulli
2920 2874 3049 2913 vero
3070 2859 3260 2912 dicunt
3291 2871 3427 2924 pra:-

1861 2963 2087 3023 dixisse,
2133 2975 2253 3029 qua:
2298 2960 2567 3028 pertinent
2604 2956 2669 3009 ad
2703 2953 2938 3017 Laisam,
2984 2949 3147 3004 modo
3185 2946 3433 3003 Paneada

1861 3060 2126 3105 vocatam.
2159 3049 2398 3117 Repente
2421 3047 2565 3102 enim
2596 3044 2819 3113 quidam
2850 3048 3195 3109 erumpentes
3232 3054 3297 3091 ex
3327 3037 3429 3090 hac

200 3139 402 3208 οἴκησιν
430 3157 444 3172 ’
495 3140 592 3193 τοῦ
646 3141 703 3194 δὲ
763 3142 1013 3212 Ἰσσάχαρ
1063 3143 1161 3212 τὴν
1214 3146 1480 3213 γηπονίαν
1506 3163 1520 3177 ·
1574 3148 1666 3201 τοῦ
1704 3149 1759 3202 δὲ

1865 3144 2002 3199 tribu
2042 3142 2227 3197 urbem
2268 3142 2407 3194 hanc
2433 3137 2694 3208 aggressi.
2725 3137 2775 3190 vi
2813 3142 3094 3205 ceperunt,
3133 3140 3186 3185 et
3217 3129 3432 3185 inhabi-

199 3235 314 3296 Λᾶν,
357 3234 508 3287 κατά
540 3233 639 3303 μέν
670 3252 841 3299 τινας,
887 3236 954 3290 τὰ
995 3236 1099 3289 ὑπὸ
1142 3236 1232 3290 τοῦ
1265 3237 1502 3307 Σαμψὼν
1531 3257 1757 3312 γεγενη-

200 3325 342 3390 μένα.
392 3327 492 3379 Ἐκ
522 3326 725 3397 ταύτης
753 3328 861 3397 γάρ
885 3323 953 3398 ἦν
980 3328 1079 3397 τῆς
1111 3329 1283 3400 φυλῆς
1303 3346 1317 3360 ο
1354 3332 1754 3403 συνηρίθμηται

197 3417 246 3470 δὲ
265 3419 350 3470 καὶ
374 3421 494 3481 τοῖς
520 3422 733 3488 κριταῖς
749 3436 762 3449 ο
787 3420 881 3472 κα)⁵
900 3419 983 3473 διὰ
1004 3420 1158 3473 τοῦτό
1182 3438 1346 3491 φησιν
1366 3438 1379 3451 ·
1419 3443 1437 3473 ι
1456 3426 1562 3476 Adv
1584 3428 1758 3493 κρινεί

198 3513 276 3564 τὸν
301 3511 506 3566 ἑαυτοῦ
541 3512 689 3572 λαὸν,
721 3512 851 3564 ὡσεὶ
881 3513 973 3564 καὶ
1004 3512 1100 3581 μία
1129 3512 1269 3582 φυλὴ
1285 3513 1330 3545 ⁸⁸
1358 3515 1415 3565 ὲν
1458 3515 1694 3586 Ἰσραήλ.
1729 3535 1748 3567 ι

202 3606 359 3659 Ἔνιοι
385 3606 446 3659 δέ
482 3623 636 3673 φασι,
654 3604 722 3657 τά
749 3604 899 3657 κατὰ
927 3604 1024 3675 τὴν
1044 3604 1251 3657 Λάῖσαν
1276 3605 1373 3674 τὴν
1395 3604 1489 3658 νῦν
1511 3605 1756 3659 Πανεάδα

198 3698 537 3767 καλουμένην
565 3696 981 3768 προαγορεῦσαι.
1020 3696 1313 3767 Ἑξαπίνης
1338 3697 1445 3767 γάρ
1471 3714 1616 3760 τινες
1649 3698 1756 3751 ἀπὸ

197 3786 392 3859 ταύτης
428 3787 737 3857 ὁρμώμενοι
779 3786 879 3856 τῆς
927 3786 1098 3854 φυλῆς
1147 3786 1320 3859 ταύτῃ
1361 3787 1757 3859 προσσαλόντες

198 3882 259 3947 τῇ
288 3878 466 3941 πόλει,
500 3872 644 3931 εἶλόν
669 3894 730 3930 τε
759 3877 1118 3948 κατακράτος,
1148 3878 1239 3931 καὶ
1259 3878 1501 3949 ᾤκησαν,
1533 3880 1627 3933 καὶ
1656 3882 1755 3950 τὴν

203 3971 402 4022 οἰκείαν
445 3970 581 4039 αὐτῇ
624 3969 993 4039 προσηγορίαν
1038 3967 1311 4039 ἐπέθηκαν
1343 3970 1452 4039 (81)
1478 3986 1494 4003 ο
1522 3974 1627 4025 Δᾶν
1648 3972 1756 4044 γὰρ

204 4062 369 4131 αὐτὴν
394 4060 676 4114 ἐκάλεσαν.
716 4061 856 4128 Ἐγὼ
889 4061 946 4114 δὲ
982 4056 1153 4130 οἶμαι,
1186 4062 1247 4114 τὸ
1273 4062 1413 4115 θεῖον
1438 4063 1661 4135 Πνεῦμα
1687 4065 1757 4119 τά

203 4151 335 4204 κατὰ
365 4152 457 4205 τὸν
492 4152 719 4221 Σωτῆρα
750 4151 840 4203 τὸν
867 4151 1133 4221 ἡμέτερον
1163 4151 1249 4205 διὰ
1281 4152 1375 4206 τοῦ
1418 4156 1754 4226 πατριάρχου

198 4244 585 4310 προθεσπίσαν,
605 4245 698 4297 καὶ
712 4246 779 4296 τά
795 4243 934 4297 κατὰ
949 4244 1038 4297 τὸν
1070 4244 1433 4314 ’Δντίχριστον
1447 4247 1534 4300 διὰ
1554 4249 1757 4317 ταύτης

195 4336 363 4388 εἰπεῖν
408 4336 507 4404 τῆς
542 4336 912 4406 προρρήσεως.
946 4334 1155 4407 Σφόδρα
1188 4336 1243 4388 δὲ
1268 4336 1415 4406 αὐτῴ
1445 4340 1541 4391 καὶ
1571 4340 1638 4392 τὰ
1662 4358 1754 4407 γε.

196 4434 487 4502 γραμμῶδα
514 4433 791 4502 ἁρμόττει.
818 4450 836 4481 ι
856 4434 961 4485 Δάν
976 4433 1106 4503 γάρ,
1138 4435 1287 4503 φησὶ,
1307 4437 1484 4505 κρινεῖ
1510 4438 1601 4488 τὸν
1630 4438 1755 4490 ἑαυο

1864 3246 2066 3301 larunt,
2119 3243 2173 3289 et
2212 3249 2365 3289 suam
2398 3233 2489 3301 [illi
2531 3229 3024 3286 denominalionem
3077 3224 3395 3279 indiderunt

1861 3333 2121 3383 vocarunt
2157 3325 2299 3380 enim
2333 3322 2493 3376 Dan'.
2561 3323 2673 3392 Ego
2702 3334 2831 3374 vero
2882 3318 3134 3379 arbitror,
3171 3313 3429 3383 Spiritum

1859 3421 2123 3481 divinum,
2159 3433 2282 3473 cum
2323 3431 2423 3487 per
2467 3413 2830 3485 patriarcham
2882 3408 3209 3465 vaticinatus
3256 3413 3421 3466 esset,

1860 3527 1980 3584 quae
2047 3510 2359 3581 spectabant
2442 3506 2509 3563 ad
2586 3506 2917 3577 Salvatorem
3006 3508 3269 3563 nostrum,
3330 3496 3431 3551 hac

1859 3603 2138 3674 prophetia
2208 3602 2449 3656 locutum
2518 3601 2678 3654 etiam
2756 3612 2919 3661 esse,
3008 3593 3076 3648 de
3149 3588 3429 3643 Antichri-

1860 3705 1963 3752 sto.
2026 3694 2161 3750 Nam
2238 3694 2317 3749 illi
2389 3693 2545 3747 valde
2624 3691 2956 3746 conveniunt
3044 3698 3165 3754 quae
3232 3680 3426 3748 scripta

1864 3787 2018 3856 117
2057 3794 2203 3841 sunt.
2243 3804 2261 3837 ι
2306 3783 2416 3839 Dan
2440 3784 2610 3850 enim,
2644 3784 2838 3852 inquit,
2872 3784 3139 3852 judicabit
3164 3788 3418 3855 populum

1860 3895 2042 3942 suum,
2080 3878 2223 3932 sicut
2263 3886 2317 3932 et
2361 3892 2469 3931 una
2514 3876 2687 3930 tribus
2719 3875 2772 3930 in
2806 3874 3038 3930 Israel'.
3083 3896 3100 3927 ι
3149 3878 3423 3943 Quemad-

1860 3972 2079 4026 modum
2135 3971 2301 4033 enim,
2364 3969 2461 4032 ait,
2523 3966 2772 4021 Salvator
2816 3976 2870 4021 et
2923 3966 3185 4025 Dominus
3238 3979 3425 4025 noster

1862 4073 2015 4120 ortus
2047 4079 2078 4119 e
2107 4063 2249 4117 tribu
2281 4060 2441 4127 Juda,
2482 4062 2789 4116 salvaturus
2818 4069 2901 4114 est
2935 4061 3120 4115 orbem
3153 4079 3166 4114 :
3201 4062 3272 4115 ita
3304 4078 3422 4116 ser-

1861 4172 1994 4227 pens
2022 4154 2358 4225 perniciosus
2386 4153 2693 4222 egredietur
2715 4167 2781 4205 ex
2808 4152 2951 4206 tribu
2980 4150 3116 4205 Dan.
3145 4150 3255 4206 Hoc
3276 4153 3418 4205 enim

1873 4248 2006 4303 dicit
2033 4265 2047 4301 :
2081 4264 2099 4297 ο
2136 4245 2257 4300 Fiat
2283 4244 2395 4298 Dan
2423 4260 2643 4311 serpens
2673 4244 2726 4297 in
2751 4244 2859 4308 via,
2891 4244 3085 4298 sedens
3119 4241 3171 4296 in
3204 4244 3416 4306 semita,

1864 4341 2116 4395 mordens
2148 4336 2463 4393 calcaneum
2511 4335 2657 4405 equi.
2712 4334 2774 4387 Et
2813 4333 2968 4388 cadet
3013 4348 3175 4401 eques
3211 4344 3414 4387 retror-

1864 4449 2008 4498 sum,
2042 4438 2360 4499 exspcctans
2402 4428 2628 4483 salutem
2676 4425 2888 4481 Domini
2914 4433 2965 4480 1.
3001 4444 3023 4478 ι
3057 4423 3138 4480 0b
3181 4424 3233 4480 id
3274 4425 3416 4480 enim

196 4525 282 4577 τοῦ
334 4525 488 4586 λαὸν,
516 4524 650 4577 ὡσεὶ
694 4526 788 4577 καὶ
834 4524 930 4593 μία
974 4524 1113 4594 φυλὴ
1146 4526 1203 4577 ὲν
1238 4525 1469 4597 Ἰσραήλ.
1498 4546 1516 4577 ι
1548 4528 1757 4598 Ὥσπερ

1865 4525 2011 4594 quod
2033 4521 2359 4578 omnimodis
2400 4518 2952 4574 circumventionibus
2988 4525 3144 4571 utens
3190 4524 3421 4571 sonatur

198 4619 316 4685 γάρ,
342 4621 535 4688 φησὶν,
577 4621 639 4670 ἐκ
682 4617 783 4685 τὴς
814 4617 908 4669 τοῦ
968 4616 1135 4670 Ἰούδα
1168 4617 1341 4685 φυλῆς
1371 4619 1401 4670 ὁ
1429 4620 1618 4691 Σωτὴρ
1660 4620 1755 4673 καὶ

199 4706 397 4774 Κύριος
451 4705 609 4774 ἡμῶν
638 4704 943 4775 βλαστήσας
976 4705 1227 4759 διασώσει
1266 4707 1377 4777 (82)
1431 4710 1529 4778 τὴν
1571 4712 1752 4763 οἰκου-

201 4797 383 4866 μένην,
412 4796 583 4859 οῦτως
621 4797 685 4849 ὲκ
705 4796 804 4866 τῆς
831 4796 923 4848 τοῦ
972 4798 1079 4850 Δᾶν
1120 4798 1289 4867 φυλῆς
1348 4798 1468 4867 ὄφις
1510 4798 1750 4869 ὀλέθριος

262 4992 283 5019 ⁸
310 4980 499 5037 Matth.
534 4995 677 5046 xxvu,
703 4980 790 5034 59.
851 4982 867 5015 ί
900 4979 1084 5035 Matth.
1114 4995 1201 5040 xx.
1232 4981 1319 5035 ἓξ..
1382 4994 1407 5021 ιι
1442 4983 1575 5039 Gen.
1610 5000 1752 5049 xux,
1786 4986 1872 5041 I6.
1908 4996 1935 5024 ν
1965 4984 2142 5041 Judic.
2181 4998 2335 5047 xvm,
2364 4981 2451 5034 2'7.

1864 4612 2092 4684 praedari
2118 4612 2371 4681 deceptos
2401 4610 2455 4664 in
2485 4608 2732 4672 exitium,
2773 4607 3037 4661 assimilat
3088 4606 3265 4676 ipsum
3297 4620 3416 4660 ser-

1862 4707 2005 4775 penti
2030 4704 2241 4759 cuidam
2274 4703 2427 4770 juxta
2458 4702 2705 4755 semitam
2749 4700 2957 4762 latenti,
2985 4707 3037 4753 et
3077 4705 3420 4751 transeuntes

1857 4798 2138 4857 iuﬁcienti.
2168 4800 2185 4818 ‘
2213 4798 2351 4849 Puto
2381 4802 2559 4848 autem
2582 4792 2732 4846 illum
2765 4806 2957 4846 vocare
2990 4804 3187 4860 corpus
3211 4804 3416 4860 equum

2530 4988 2555 5016 ι
2597 4979 2724 5034 ibid.
2757 4977 2847 5032 29.
2924 4986 2953 5026 1
2992 4975 3131 5032 Gen.
3161 4991 3288 5032 χιιι
3320 4977 3412 5031 I7.

1068 5122 1298 5179 VARIE
1322 5124 1699 5185 LECTIONES
1732 5129 1822 5184 EX
1863 5128 2135 5185 CATENA
2174 5121 2526 5179 LIPSIENSI.

264 5260 306 5289 ⁵³
338 5259 478 5312 στολ.
510 5259 695 5312 αὐτοῦ.

201 5328 241 5357 ³⁸
271 5329 387 5382 Cat.
420 5345 475 5398 p.
510 5328 635 5384 527.
670 5345 857 5399 γενησ.
892 5329 1178 5399 εὐθυμίαν.

728 5258 979 5327 Sequitur
1018 5260 1070 5313 in
1109 5268 1215 5314 cat.
1257 5276 1307 5330 p.
1333 5261 1554 5316 525nm!
1600 5265 1657 5316 ὲν
1699 5266 1762 5333 αἴ(

728 5345 837 5362 manu
894 5329 1157 5362 ρι’-Ωιεητκιι
1273 5332 1320 5362 10
1353 5334 1449 5362 ...3
1483 5334 1618 5362 ...Λα
1672 5336 1762 5362 αι..

1865 5284 1888 5317 ι
1919 5264 2193 5362 σταφυλῆς
2209 5262 2315 5362 ξῆν
2342 5260 2635 5334 περιϐολὴν
2674 5255 2855 5314 αὑτοῦ.

1300 5333 1320 5363 ⁸
1352 5334 1450 5403 μιᾷ
1483 5334 1642 5405 φυλῇ.
1672 5332 2020 5406 Sic"quoque
2040 5352 2092 5407 p.
2136 5332 2260 5388 “7.

2953 5254 3002 5286 ”
3035 5253 3150 5312 εἶτα
3178 5254 3363 5314 δεικνύ
3385 5274 3414 5321 ς

1695 5441 1917 5508 ΝΟΤᾺΕ.

272 5579 379 5651 (Π)
408 5581 728 5651 ξαροποιρὶ
756 5613 825 5624 -—
853 5582 1085 5651 στολὴν
1105 5584 1307 5639 αὐτοῦ.
1356 5585 1576 5643 Desunt.

274 5649 382 5715 (78)
411 5649 543 5704 Cod.
571 5662 627 5707 et
640 5652 757 5707 Pic.
784 5652 1015 5714 δεικνύς.

404 5718 591 5847 [litin
615 5722 749 5779 Cod.
792 5722 986 5789 πίνειν,
1041 5723 1129 5779 Sir
1151 5740 1365 5795 quoque
1389 5726 1580 5798 legitur
1606 5727 1748 5799 apud

1923 5590 2034 5658 (80)
2058 5587 2192 5658 Cod.
2221 5596 2275 5641 et
2303 5586 2413 5658 Ific.
2459 5550 2778 5658 προείρηκε.

1920 5655 2033 5727 (SI)
2070 5657 2203 5711 Cod.
2239 5656 2429 5727 ethA’ic.
2467 5655 2757 5727 ἐπέθεσαν.

1917 5724 2026 5811 (βε)
2052 5727 2181 5783 Cod.
2207 5735 2261 5783 et
2296 5725 2405 5782 Pic.
2436 5724 2708 5789 διασώζει.
