3964 6540
533 362 637 429 231

1487 364 1971 427 THEODORETI
2004 363 2341 426 EPISCOPI
2370 364 2739 427 CYBENSIS

3648 364 3757 429 232

534 475 689 528 Illum
719 474 918 540 reddit,
950 484 1012 532 ut
1038 489 1164 531 cum
1188 482 1335 530 metu
1366 473 1553 529 audiat
1576 491 1697 545 qua
1720 477 2088 545 imperantur:

2199 476 2339 546 μετὰ
2360 476 2510 540 δέους
2541 476 2653 530 τῶν
2686 476 3178 548 προσταττομένων
3214 473 3481 530 ἀκοῦσαι·
3523 477 3757 532 Ἔπειτα

529 562 728 620 deinde
778 564 1137 635 praedocetur,
1195 580 1301 636 qua
1355 564 1567 619 ratione
1614 573 1861 633 oporteat
1912 580 2091 620 sacer-

530 653 689 710 dotes
732 654 787 710 in
835 656 1187 710 tabernaculo
1234 655 1532 710 deservire.
1584 652 1756 711 Nudis
1810 656 1954 711 enim
1998 670 2093 725 pe-

531 745 692 801 dibus
751 747 829 802 illi
892 748 1193 802 ministeria
1248 747 1431 802 divina
1488 748 1842 818 peragebant,
1898 759 1953 803 et
1999 762 2091 802 sa-

530 838 755 896 criﬂcia.

1080 929 1359 987 INTERB.
1399 929 1537 987 VIII.

532 1044 667 1102 Cum
699 1045 839 1100 Deus
870 1053 1155 1115 prwnosset
1204 1043 1948 1115 contumaciamPharaonis,
2000 1060 2093 1100 cur

877 1115 941 1168 ab
970 1116 1120 1167 initio
1149 1129 1253 1167 non
1307 1116 1511 1183 punivit
1556 1114 1747 1167 illum!

603 1208 745 1265 Satis
770 1208 998 1277 aperuit,
1026 1207 1168 1277 quod
1211 1217 1568 1278 praenoverat.
1607 1225 1626 1258 ι
1659 1205 1783 1261 Scio
1811 1207 1973 1271 enim,
2006 1206 2093 1262 in-

529 1302 669 1373 quit,
702 1300 845 1370 quod
888 1316 995 1354 non
1028 1299 1263 1355 dimittet
1320 1316 1415 1356 vos
1464 1299 1679 1353 Pharao
1730 1314 1827 1353 rex
1877 1296 2092 1370 Egypti

530 1404 591 1448 ut
647 1392 804 1456 eatis,
836 1392 941 1446 nisi
972 1406 1070 1461 per
1114 1407 1335 1446 manum
1390 1392 1642 1454 validam,
1702 1391 2095 1461 extendamque

529 1499 750 1538 manum
783 1497 981 1547 meam,
1015 1490 1069 1537 et
1102 1484 1403 1552 percutiam
1447 1481 1734 1553 Egyptios
1760 1488 1811 1536 “.
1844 1500 1862 1533 ι
1890 1480 2091 1537 Verum

531 1589 655 1627 cum
688 1571 831 1626 Deus
871 1572 1045 1626 bonus
1091 1573 1163 1625 sit
1189 1582 1243 1625 et
1275 1573 1568 1635 humanus,
1601 1585 1706 1625 non
1756 1571 1872 1624 vult
1902 1570 2093 1640 punire

529 1683 598 1722 ex
634 1666 746 1721 sola
788 1664 1147 1737 prwscientia,
1194 1666 1287 1719 sed
1315 1672 1591 1734 exspectat
1620 1679 1843 1734 operum
1880 1663 2041 1719 linem
2075 1682 2090 1718 :

530 1766 586 1811 et
624 1757 699 1813 ita
744 1756 997 1810 omnibus
1029 1754 1288 1820 ostendit,
1320 1769 1483 1823 quam
1516 1753 1662 1823 juste
1688 1754 1896 1823 puniat.
1943 1753 2094 1807 Alio-

2189 568 2612 641 προπαιδεύεται
2653 568 2789 637 (il),
2848 569 2966 631 πῶς
3022 570 3128 640 χρὴ
3176 570 3306 633 τοὺς
3348 570 3530 640 ίερέας
3585 569 3647 623 έν
3688 571 3757 641 τῇ

2192 665 2363 733 σκηνῇ
2393 662 2748 731 λειτουργεῖν,
2786 661 3019 731 Γυμνοῑς
3051 663 3160 734 γὰρ
3203 663 3447 715 κάκεῖνοι
3487 661 3617 715 ποσὶ
3656 662 3758 725 τὰς

2189 753 2530 827 λειτουργίας
2556 754 2865 819 ἐπετέλουν,
2904 754 2999 807 καὶ
3024 754 3124 817 τὰς
3153 753 3344 820 θυσίας
3378 754 3518 826 (ιε).

2820 933 3016 987 ΕΡΩΤ.
3045 933 3126 987 Η’.

2191 1045 2486 1116 Προειδὼς
2521 1048 2555 1100 ὁ
2610 1045 2754 1111 Θεὸς
2800 1045 2907 1099 τοῦ
2943 1044 3151 1110 Φαραὼ
3192 1043 3259 1097 τὸ
3297 1043 3645 1111 δυσπειθὲς,
3696 1046 3758 1099 τι

2298 1117 2523 1183 δήποτε
2538 1116 2624 1185 μὴ
2653 1114 3051 1186 ἐξαρχῆςμό)
3086 1115 3275 1169 αὐτὸν
3312 1116 3652 1180 ἐκόλασεν;

2266 1208 2386 1260 ’Ότι
2411 1207 2634 1279 προῄδει
2662 1206 2981 1275 δεδήλωκεν.
3012 1225 3031 1259 ι
3059 1202 3191 1259 Οἶδα
3210 1206 3341 1276 γὰρ,
3368 1208 3553 1277 φησιν,
3582 1209 3668 1261 ὅτι
3691 1207 3758 1261 οὔ

2193 1305 2491 1372 προήσεται
2515 1300 2628 1371 (14)
2677 1300 2822 1370 ὑμᾶς
2844 1299 3043 1371 Φαραὼ
3084 1300 3336 1368 βασιλεὺς
3365 1301 3667 1369 Αἰγύπτου.
3705 1302 3759 1354 εί

2195 1388 2271 1457 μὴ
2307 1386 2445 1457 μετὰ
2474 1387 2659 1460 χειρὸς
2688 1390 2976 1458 κραταιᾶς.
3006 1389 3112 1442 Καὶ
3143 1389 3388 1453 ἐκτείνας
3426 1391 3525 1459 τὴν
3566 1393 3753 1461 χεῖρα,

2192 1477 2418 1542 πατάξω
2447 1472 2579 1542 τοὺς
2605 1480 2934 1547 Αἰγυπτίους
2957 1496 2973 1511 ο
3009 1499 3027 1532 ι
3075 1481 3216 1535 Ἀλλ’
3252 1483 3400 1553 ὅμως
3423 1484 3625 1553 ἀγαθὸς
3674 1484 3761 1539 ὢν

2195 1571 2287 1624 καὶ
2316 1570 2692 1641 φιλάνθρωπος
2716 1571 2963 1636 κολάζειν
2979 1574 3042 1626 ἐκ
3081 1573 3247 1645 μόνης
3272 1574 3632 1644 προγνώσεως
3654 1577 3761 1630 οὐκ

2196 1662 2447 1731 ἀνέχεται
2470 1679 2485 1692 ·
2513 1662 2649 1735 ἀλλα
2670 1664 2931 1734 ἀναμένει
2951 1664 3060 1717 τῶν
3085 1668 3426 1736 πραγμάτων
3472 1668 3534 1720 τὸ
3573 1669 3758 1734 τέλος,

2198 1754 2293 1807 καὶ
2313 1754 2580 1808 δείκνυσιν
2610 1754 2779 1809 ἅπασι
2807 1756 2907 1826 τῆς
2942 1759 3210 1831 τιμωρίας
3230 1760 3289 1813 τὸ
3307 1759 3529 1814 δίκαιον.
3546 1762 3761 1825 Ἄλλως

530 1848 627 1920 qui
679 1848 840 1904 etiam
874 1848 1032 1917 longe
1057 1846 1266 1915 aequius
1292 1853 1393 1910 est,
1423 1842 1723 1899 Pharaonis
1750 1844 2010 1899 malitiam
2043 1854 2088 1900 et

2196 1862 2255 1898 τε
2295 1845 2389 1898 καὶ
2419 1846 2597 1916 πολλῷ
2628 1846 2985 1919 δικαιότερον,
3036 1848 3098 1901 τὸ
3124 1849 3223 1921 τὴν
3271 1850 3481 1903 ἐκείνου
3528 1869 3760 1923 γυμνω-

534 1940 830 2009 nequitiam
863 1938 1129 2009 patefieri,
1162 1952 1325 2007 quam
1360 1935 1526 1990 Deum
1583 1935 1853 1990 crudelem
1910 1937 2098 1991 existi-

532 2034 699 2087 mari.
738 2030 873 2085 Nam
934 2032 980 2085 si
1036 2031 1339 2101 punivisset
1394 2039 1685 2097 antequam
1727 2028 2095 2098 redargueret,

532 2125 769 2179 crudelis
826 2124 1012 2191 utique
1042 2123 1191 2177 visus
1244 2130 1390 2177 esset
1422 2130 1476 2176 et
1508 2121 1766 2190 iniquus:
1801 2135 1948 2175 nunc
2000 2137 2097 2175 au-

538 2228 644 2272 tem
681 2217 1001 2285 perspicitur
1036 2214 1128 2268 Dei
1157 2214 1565 2284 longanimitas,
1595 2220 1649 2268 et
1680 2211 1981 2267 Pharaonis
1997 2213 2098 2268 im-

534 2313 708 2382 pietas
737 2317 901 2380 atque
951 2307 1137 2362 feritas
1165 2306 1526 2362 convincitur.

1007 2439 1167 2512 ηε,
1197 2437 1478 2493 INTERR.
1527 2436 1617 2492 ix.

529 2557 707 2627 Quare
741 2556 881 2610 Deus
914 2556 1162 2627 primum
1201 2553 1409 2622 signum
1445 2549 1781 2627 dedit_uirga:
1840 2550 2095 2607 mutatio-

983 2641 1101 2678 nem
1144 2624 1199 2676 in
1228 2632 1517 2693 serpentem
1543 2622 1614 2677 Vi

597 2720 738 2788 Quia
770 2718 984 2774 Pharao
1021 2759 1037 2785 ,
1077 2715 1182 2772 etsi
1235 2725 1441 2771 natura
1506 2728 1726 2784 compos
1784 2711 2092 2778 rationalis,

526 2812 851 2868 crudelitate
883 2825 1015 2865 usus
1050 2817 1135 2864 est
1179 2814 1369 2862 contra
1422 2804 1700 2870 Hebraeos,
1728 2813 1783 2860 et
1838 2806 1984 2876 quod
2038 2806 2095 2861 in

529 2906 649 2976 ipso
681 2903 925 2959 divinum
955 2910 1093 2967 erat,
1138 2898 1435 2955 belluinum
1467 2897 1731 2953 reddidit:
1787 2896 1910 2953 ideo
1954 2912 2095 2967 prae-

528 2995 672 3062 cepit
700 2991 844 3047 Deus
890 2990 1116 3060 virgam,
1148 3003 1256 3059 qua
1289 2988 1443 3043 illum
1472 2987 1858 3058 ﬂagellaverat,
1895 2989 1948 3042 in
1977 3003 2094 3045 ser-

528 3094 742 3154 pentem
791 3082 1015 3149 mutari,
1044 3082 1115 3137 ad
1146 3079 1577 3138 convincendam
1609 3078 1755 3136 illius
1805 3078 2089 3145 feritatem,

2194 1936 2354 2007 θῆναι
2386 1938 2584 1991 κακίαν
2612 1938 2724 2008 (15)
2746 1940 2835 1992 καὶ
2857 1940 3142 2011 πονηρίαν,
3164 1940 3260 1994 τοῦ
3284 1942 3374 1994 τὸν
3402 1941 3531 1996 Θεὸν
3566 1942 3760 2013 ἀπηνῆ

2194 2029 2535 2101 νομισθῆναι.
2591 2031 2654 2083 Εί
2711 2031 2821 2103 γὰρ
2872 2031 2978 2104 πρὸ
3036 2032 3145 2086 τῶν
3197 2032 3435 2104 ἐλέγχων
3468 2033 3759 2097 ἐκόλασεν,

2194 2119 2371 2186 ἔδοξεν
2407 2122 2473 2175 ἂν
2502 2124 2597 2176 καὶ
2643 2122 2793 2194 ὠμὸς
2824 2120 2967 2179 εἷναι
3019 2126 3115 2180 καὶ
3149 2126 3335 2190 ἄδικος
3355 2143 3384 2203 ⁸,
3428 2127 3522 2180 νῦν
3553 2126 3609 2180 δὲ
3660 2128 3763 2181 καὶ

2193 2212 2288 2266 τοῦ
2322 2213 2459 2267 Θεοῦ
2488 2214 2550 2269 τὸ
2582 2206 2933 2288 μακρόθυμον
2952 2218 3085 2290 (16),
3119 2219 3384 2284 δέδεκται,
3416 2221 3671 2275 κάκείνου
3693 2221 3762 2273 τὸ

2194 2304 2454 2371 δυσσεϐὲς
2483 2306 2579 2360 καὶ
2605 2308 2866 2379 θηριῶδες
2893 2310 3238 2382 έλήλεγκται.

2818 2439 3013 2498 ΕΡΩΤ.
3045 2442 3124 2498 8'.

2192 2548 2357 2604 Διατι
2406 2550 2637 2621 πρῶτον
2667 2554 2922 2630 σημεῖον
2958 2555 3174 2630 δέδωκε
3205 2557 3339 2630 κτῆςξ
3357 2559 3587 2629 ῥάϐδου
3623 2560 3765 2630 τὴν,

2649 2627 2736 2690 εις
2762 2625 2902 2695 ὄφιν
2920 2625 3294 2697 μεταϐολήν-ξ

2286 2713 2506 2785 Ἐπειδὴ
2556 2714 2780 2787 λογικῆς
2829 2720 2858 2771 δ
2890 2718 3090 2789 Φαραὼ
3128 2722 3342 2790 φύσεως
3384 2721 3460 2775 ὢν
3503 2722 3757 2794 ὠμότητι

2194 2806 2338 2861 κατὰ
2390 2805 2496 2860 τῶν
2567 2808 2831 2882 Ἐϐραίων
2879 2812 3181 2883 ἐχρήσατο,
3236 2814 3332 2867 καὶ
3386 2815 3448 2867 τὸ
3520 2815 3758 2881 θεοειδές

2197 2895 2459 2967 θηριῶδες
2484 2896 2753 2969 ἀπέφηνε,
2776 2899 2877 2970 τὴν
2902 2901 3098 2972 ῥάϐδον
3118 2902 3186 2955 δι’
3226 2898 3294 2976 ἦς
3335 2904 3496 2957 αὑτὸν
3521 2907 3759 2975 ἐμαστι-

2194 3003 2393 3055 γωσεν,
2456 2990 2535 3053 είς
2584 2988 2707 3058 ὅφιν
2765 2991 3173 3062 μεταϐληθῆναι
3248 2994 3612 3067 προσέταξενο
3668 3000 3758 3062 εἰς

2194 3078 2414 3149 ἔλεγχον
2445 3080 2545 3149 μὲν
2566 3082 2665 3150 τῆς
2695 3082 2899 3136 ἐκείνου
2932 3083 3244 3157 θηριωδίας,
3290 3087 3528 3158 ἔμφασιν
3555 3088 3611 3143 δὲ
3645 3088 3757 3159 τῆς

528 3186 585 3232 et
611 3174 1045 3230 malevolentiam
1096 3172 1466 3244 aperiendam.
1535 3168 1813 3243 Siquidem
1871 3171 2088 3227 maledi-

2194 3171 2535 3241 δυσμενείας.
2553 3175 2666 3227 Καὶ
2691 3175 2795 3247 γὰρ
2817 3178 2884 3246 τῇ
2904 3175 2997 3230 τοῦ
3019 3176 3193 3247 ὄφεως
3213 3181 3323 3251 ἀρᾷ
3349 3180 3443 3233 καὶ
3462 3180 3651 3249 τοῦτο(
3665 3182 3682 3235 Ι
3698 3179 3756 3252 7)

528 3267 694 3325 ctioni
726 3266 994 3335 serpentis
1025 3265 1132 3319 hoc
1158 3278 1379 3337 quoque
1408 3263 1725 3333 adjunctum
1752 3272 1873 3320 est:
1924 3283 1943 3316 ι
1982 3263 2092 3318 Ιιιί-

528 3360 763 3415 micitias
815 3371 1012 3428 ponam
1062 3356 1201 3412 inter
1250 3363 1302 3410 te
1352 3363 1408 3411 et
1465 3355 1745 3410 mulierem
1766 3367 1814 3423 ι,
1857 3372 1876 3406 ι
1908 3362 1962 3412 et
1985 3370 2091 3413 cm-

532 3463 669 3508 tera.

1125 3537 1404 3596 INTEBR.
1435 3537 1504 3594 Χ.

529 3636 669 3703 Quid
714 3634 1001 3707 signiﬁcat,
1045 3632 1184 3704 quod
1235 3649 1421 3689 manus
1448 3630 1652 3687 reddita
1674 3641 1751 3686 est
1795 3631 1997 3702 leprosa
2024 3632 2091 3686 1?

601 3750 829 3807 Familia
857 3748 1047 3805 Jacobi
1078 3749 1132 3803 in
1164 3747 1360 3820 pietate
1390 3747 1617 3803 educata
1649 3746 1888 3819 profecta
1913 3757 1997 3802 est
2032 3747 2087 3801 in

525 3844 845 3916 Egyptum,
881 3842 975 3897 sed
1012 3841 1123 3895 illic
1154 3840 1483 3910 impietatem
1516 3837 1896 3910 [Egyptiorum
1942 3838 2086 3894 didi-

522 3939 633 3994 cit:
667 3937 892 3993 liberata
916 3949 1046 3990 vero
1075 3934 1145 3988 ab
1176 3933 1395 3990 illorum
1438 3933 1721 3999 servitute,
1767 3931 1933 3988 Deum
1966 3947 2085 3987 om-

523 4032 678 4086 nium
708 4028 949 4101 agnovit.
996 4024 1207 4085 indicat
1237 4039 1367 4096 ergo
1416 4012 1510 4093 per
1560 4040 1757 4083 manus
1807 4025 2085 4083 alteratio-

522 4138 669 4188 netu,
701 4122 922 4175 illorum
981 4119 1300 4189 spurcitiam
1352 4128 1406 4175 et
1457 4118 1683 4188 lcpram.
1737 4128 1794 4173 et
1844 4120 2083 4177 vicissim

520 4211 985 4266 emundationem.
1022 4206 1226 4263 Deinde
1259 4204 1520 4262 Dominus
1551 4204 1693 4261 Deus
1748 4206 1893 4262 aliud
1921 4209 2083 4262 etiam

524 4303 895 4373 dispensabat.
929 4298 1062 4357 Nam
1094 4313 1219 4354 cum
1241 4298 1309 4353 de
1360 4298 1634 4367 leprarum
1680 4298 1965 4368 generibus
2006 4299 2084 4353 le-

525 4410 645 4467 gem
684 4394 895 4448 laturus
942 4399 1106 4455 esset,
1134 4401 1188 4446 et
1229 4388 1475 4459 leprosos
1501 4399 1791 4447 vacaturus
1846 4390 2083 4448 immun-

521 4488 645 4550 dos,
700 4483 833 4538 nihil
864 4492 1046 4535 autem
1106 4478 1178 4537 sit
1226 4476 1586 4545 immundum,
1648 4478 1795 4547 quod
1834 4493 1946 4533 non
2000 4490 2084 4536 est

518 4578 925 4636 voluntarium:
975 4576 1083 4630 alia
1109 4588 1205 4645 per
1256 4572 1374 4628 hac
1421 4572 1765 4642 dispensans.
1805 4570 1889 4629 his
1943 4588 2078 4630 usus

516 4682 605 4731 est
654 4671 879 4743 legibus.
918 4667 1064 4734 llaec,
1100 4666 1212 4722 Deo
1257 4665 1490 4729 volente,
1520 4680 1644 4721 cum
1673 4680 1739 4720 eo
1762 4664 1864 4723 loci
1888 4680 2077 4736 perire-

520 4766 783 4828 nerimus,
821 4760 1336 4818 demonstrabimus.
1365 4756 1715 4829 Legislatoris
1741 4773 1963 4828 manum
1995 4758 2078 4814 in-

518 4858 649 4913 fecit
681 4858 849 4927 lepra,
898 4854 1102 4910 docens
1132 4866 1227 4909 eos
1271 4851 1365 4922 qui
1396 4851 1613 4921 plenius
1640 4851 1893 4907 instructi
1924 4861 2073 4921 sunt,

460 4990 461 4993 η
518 4950 712 5005 Ιιοιιιιιι
742 4947 881 5004 nihil
908 4960 1029 5003 esse
1059 4943 1425 5000 immundum.
1462 4942 1599 5000 Nam
1655 4944 1892 5012 dextera,
1954 4961 2076 5017 qua:

2196 3263 2620 3335 προστέθεικεν
2686 3283 2705 3317 ι
2741 3267 2979 3338 Ἐχθραν
3025 3268 3174 3341 θήσω
3212 3271 3482 3341 ἀναμέσον
3522 3271 3615 3326 οοῦ
3651 3275 3759 3327 καὶ

2195 3355 2477 3425 ἁναμέσον
2503 3356 2602 3427 τῆς
2632 3360 2911 3428 γυναικὸς,
2952 3379 2969 3411 ι
3000 3362 3093 3413 καὶ
3123 3360 3192 3415 τὰ
3215 3361 3363 3432 ἑξῆς.

2825 3539 3021 3593 ΕΡΩΤ.
3056 3541 3113 3595 l'.

2429 3630 2498 3684 Ἡ
2526 3630 2826 3699 λέπρωσις
2862 3632 2972 3701 τῆς
3003 3635 3198 3703 χειρὸς
3222 3636 3279 3688 τι
3302 3635 3513 3705 dulci;

2192 3618 2221 3626 α

2269 3744 2358 3796 Ἐν
2386 3743 2638 3816 εὐσεδείᾳ
2671 3745 2878 3815 τραφὲν
2904 3746 2963 3798 τὸ
2992 3748 3144 3815 γένος
3174 3748 3267 3802 τοῦ
3305 3749 3496 3802 Ἰακὼὸ
3527 3750 3608 3814 εἰς
3643 3751 3756 3823 τῆν

2187 3835 2462 3903 Αἴγυπτον
2499 3837 2875 3908 είσελήλυθεν·
2919 3838 3035 3892 ἀλλ’
3096 3841 3213 3892 ἐκεῖ
3269 3840 3375 3893 τῶν
3429 3842 3753 3910 Αἰγυπτίων

2189 3927 2463 3998 μετέμαθε
2493 3929 2591 3995 τὴν
2639 3911 2926 3982 ἀσέϐειαψ
2959 3930 3057 4000 τῆς
3102 3931 3325 3985 ἐκείνων
3376 3932 3433 3986 δὲ
3498 3933 3752 3999 δουλείας

2186 4021 2520 4088 ἀπαλλαγὲν,
2561 4020 2650 4073 τὸν
2681 4021 2790 4073 τῶν
2838 4022 2974 4075 ὅλων
3023 4025 3237 4093 ἐπέγνω
3266 4024 3416 4081 Θεὸν.
3461 4025 3749 4099 Δεδηλωκε

2184 4113 2363 4167 τοίνυν
2387 4113 2475 4167 διὰ
2496 4113 2592 4183 τῆς
2630 4113 2967 4179 ἀλλοιώσεως
3011 4115 3111 4185 τῆς
3139 4117 3316 4189 χειρὸς
3346 4122 3442 4189 τὴν
3466 4119 3749 4190 λέπρωσιν

2185 4204 2388 4270 αὐτῶν,
2416 4207 2510 4258 καὶ
2539 4206 2637 4275 τὴν
2678 4205 2822 4260 κατὰ
2844 4205 2953 4277 (18)
3003 4207 3160 4261 τοῦτο
3188 4208 3474 4281 κάθαρσιν.
3510 4209 3650 4282 Πρὸς
3678 4210 3748 4264 δὲ

2180 4297 2390 4360 τούτοις
2448 4300 2542 4353 καὶ
2598 4299 2784 4371 ἕτερον
2829 4301 2857 4352 ὁ
2913 4302 3189 4373 Δεσπότης
3255 4302 3522 4374 ᾠκονόμει
3579 4302 3742 4367 Θεός.

2196 4389 2411 4461 Ἐπειδὴ
2460 4390 2566 4463 γὰρ
2617 4391 2817 4463 ἤμελλε
2861 4393 2950 4448 τὸν
2982 4396 3109 4464 περὶ¹
3140 4396 3248 4452 τῶν
3272 4394 3485 4464 λεπρῶν
3530 4394 3745 4450 τιθέναι

2112 4515 2156 4570 D
2183 4481 2368 4551 νόμον,
2424 4482 2517 4536 καὶ
2582 4482 2923 4553 ἀκαθάρτους
2984 4484 3208 4549 τούτους
3272 4485 3743 4557 προσαγορεύεινο

2184 4572 2333 4626 οὐδὲν
2364 4572 2421 4626 δὲ
2446 4571 2555 4625 τῶν
2585 4574 2855 4628 ἀκουσίων
2910 4574 3246 4646 ἀκάθαρτονο
3297 4577 3459 4649 ἔτερα
3506 4576 3617 4649 (19)
3646 4576 3745 4630 διὰ

2180 4666 2383 4721 τούτων
2416 4668 2737 4738 οἰκονομῶν,
2776 4666 2981 4732 τούτοις
3031 4669 3302 4740 ἐχρήσατο
3353 4672 3466 4733 τοῖς
3509 4669 3693 4737 νόμοις
3718 4684 3739 4699 ⁶

2180 4758 2323 4829 ἅπερ
2352 4761 2408 4811 ὲν
2469 4761 2699 4824 ἐκείνοις
2750 4763 3031 4837 γενόμενοι
3076 4766 3190 4826 τοῖς
3221 4765 3441 4836 χωρίοις
3471 4765 3566 4818 σὺν
3611 4763 3741 4836 Θεῷ

2181 4852 2348 4921 φάναι
2399 4851 2728 4927 δηλώσομεν.
2795 4854 3104 4927 Ἐλέπρωσε
3146 4855 3241 4909 τοῦ
3299 4855 3590 4926 νομοθέτου
3628 4854 3739 4925 τὴν

2180 4950 2359 5018 χεῖρα,
2391 4946 2517 5009 τοὺς
2546 4947 2615 4999 τὰ
2639 4946 2817 5000 τέλεια
2856 4947 3318 5017 πεπαιδευμένους
3345 4948 3629 5013 διδάσκων,
3654 4947 3739 5011 ὡς

586 5137 612 5166 ιι
645 5124 818 5182 Exod.
848 5141 932 5193 ιιι,
961 5124 1047 5192 l9,
1079 5123 1170 5179 ΞΟ.
1250 5131 1275 5162 '
1306 5122 1480 5179 Exod.
1508 5140 1585 5191 ιν,
1608 5124 1661 5179 '5.
1740 5138 1767 5167 ι
1794 5126 1940 5184 'Gen.
1989 5147 2073 5200 ιιι,

2191 5175 2197 5187 .
2274 5142 2301 5181 γ
2332 5130 2502 5185 Exod.
2530 5146 2603 5195 iv,
2640 5130 2692 5184 6.

2017 5290 2246 5351 NOTIE.

583 5420 697 5495 (ιι)
717 5419 852 5477 Cod.
870 5431 937 5495 _et
961 5422 1075 5479 Pic.
1115 5420 1525 5495 προπαιδεῦσαι.

582 5493 695 5561 (12)
728 5492 973 5559 Θυσίας.
1008 5492 1222 5549 ϐοό.ἐι
1253 5493 1367 5548 Pic.
1405 5494 1574 5556 θείας.

609 5562 695 5636 1³9)
728 5562 861 5636 904-
908 5564 1155 5636 ἐξευτῆςο

608 5632 694 5706 if)
719 5633 855 5706 Cod.
882 5643 934 5688 et
956 5632 1069 5690 Pic.
1091 5632 1396 5706 ’προῖσεται.

584 5701 927 5778 ςιᾷμςακιαν
956 5707 1073 5778 καί.
1108 5701 1233 5759 Des.
1258 5706 1310 5778 in
1349 5709 1473 5764 cod.
1502 5720 1555 5765 et
1589 5711 1726 5778 apud
1754 5710 1865 5765 Pic.

580 5772 694 5843 (16)
722 5772 792 5828 Τὸ
829 5776 1233 5849 μακρόθυμον.
1279 5774 1338 5832 In
1370 5780 1491 5836 cod.
1522 5772 1719 5850 legi-tur
1746 5780 1962 5848 quidem
1998 5780 2058 5834 τὸ

2170 5436 2460 5508 μακάριον,
2491 5439 2543 5492 in
2575 5441 2819 5510 margine
2846 5448 3026 5495 autem
3041 5441 3225 5495 eadem
3261 5454 3424 5495 manu
3454 5438 3732 5510 adscripta

2170 5517 2252 5561 est
2282 5509 2438 5561 lectio
2464 5511 2522 5561 τὸ
2562 5512 2926 5561 μακοόθυιιον.
3306 5560 3309 5561 ,

2166 5522 2252 5561 est
2282 5522 2438 5562 ιροιιυ
2464 5528 2493 5561 τ

2236 5517 2252 5561 ι
2282 5512 2438 5562 lectio
2464 5512 2522 5561 τὸ
2562 5512 2926 5583 μακρόθυμον.

2236 5578 2348 5716 (l7;
2386 5577 2590 5634 Τοῦτο.
2625 5582 2762 5662 Qud.
2798 5582 2989 5666 ταῦτα.

2236 5646 2326 5711 (18
2381 5650 2545 5703 Κατὰ
2574 5666 2767 5705 τουτο.
2797 5653 2919 5706 Des.
2946 5671 2989 5707 ιιι

2378 5650 2545 5724 βατὰ
2574 5651 2767 5724 rogito.
2797 5653 2919 5724 Des.
2946 5655 2997 5707 in
3026 5654 3143 5708 cod.
3169 5666 3221 5709 et
3254 5652 3394 5724 apud
3432 5651 3548 5710 Pic.

2238 5719 2351 5790 (19)
2377 5719 2609 5789 Ἕτερα.
2632 5721 2767 5779 Cod.
2794 5733 2848 5779 et
2883 5721 2993 5791 Pic.
3034 5729 3241 5781 addunt.
3285 5719 3364 5793 δέ,
