3964 6552
570 416 676 479 235

1570 409 2057 471 THEODORETI
2094 409 2432 471 EPISCOPI
2458 409 2823 471 CYRENSIS
3694 423 3781 489 235

574 527 807 582 Domino
840 525 973 590 Deo,
1002 522 1302 593 etjuvenili
1363 527 1664 592 petulantia
1722 522 1959 583 enitens,
2018 520 2171 589 ejus,

2257 522 2537 591 ρέρουσαν.
2576 523 2638 574 Ἦ
2654 522 2711 574 δέ
2738 540 2799 591 γε
2823 522 3053 593 ἀπονοίᾳ
3074 520 3187 592 (50)
3206 521 3465 592 χρωμένη
3491 527 3780 605 καρδίαῶι)

572 622 826 675 virtutem
860 632 1143 687 superare.
1192 613 1299 669 Cor
1333 616 1477 668 enim
1506 616 1653 684 pium
1685 614 1829 669 cedit
1864 622 1919 667 et
1972 613 2144 681 subji-

571 715 735 779 citur,
766 709 1227 782 quemadmodum
1272 705 1530 760 admonet
1566 706 1837 775 Pr0pheta
1872 709 1887 725 '
1916 704 2139 757 dicens:

578 826 597 857 (
635 805 900 861 Subditus
932 809 1049 857 esto
1086 799 1337 863 Domino,
1370 806 1427 852 et
1456 812 1552 851 ora
1581 812 1705 851 eum
1733 793 1779 848 δ.
1819 815 1837 846 ι
1887 794 1993 848 Cor
2045 809 2144 846 au-

572 909 679 952 tem
713 898 977 951 resistens
1006 902 1060 945 et
1096 890 1255 962 quasi
1287 890 1583 959 lapideum,
1615 888 1924 942 induratur.
1984 883 2145 939 Unde

572 991 716 1046 Deus
747 989 987 1043 omnium
1021 1001 1118 1055 per
1144 984 1460 1054 prophetam
1494 980 1830 1035 Ezechielem
1849 979 1915 1033 de
1945 976 2145 1032 ludatis

574 1083 743 1137 dixit:
784 1101 803 1133 ‹
849 1080 912 1134 Ει
941 1078 1185 1132 auferam
1219 1076 1288 1129 ab
1310 1074 1418 1129 illis
1448 1089 1545 1129 cor
1572 1073 1844 1143 lapideum
1889 1072 1933 1124 ί.
1971 1091 1989 1123 ι
2012 1070 2147 1124 Pro-

575 1186 695 1247 pter
736 1175 842 1229 hoc
888 1186 1105 1243 quoque
1133 1170 1325 1224 beatus
1354 1168 1551 1233 Moses,
1577 1168 1709 1222 dum
1764 1165 2008 1220 victoriae
2054 1179 2148 1219 ca-

576 1277 729 1324 neret
780 1265 1049 1321 canticum
1109 1262 1176 1317 de
1231 1259 1518 1315 Pharaone
1563 1270 1619 1315 et
1680 1258 1971 1331 Egyptiis,
2038 1258 2145 1311 ait:

580 1380 600 1413 ι
640 1358 1046 1415 Descenderunt
1084 1355 1139 1409 in
1173 1352 1508 1425 profundum
1557 1353 1713 1423 quasi
1746 1352 1883 1420 lapis
1918 1349 1965 1406 i.
2000 1371 2018 1402 ι
2084 1352 2151 1405 Et

576 1455 771 1508 iterum
799 1470 813 1507 :
851 1468 870 1501 ι
915 1447 1198 1503 Submersi
1232 1457 1361 1501 sunt
1389 1444 1545 1515 quasi
1602 1444 1884 1513 plumbum
1917 1443 1969 1496 in
1992 1444 2149 1513 aquis

574 1540 991 1597 vehementibus
1022 1539 1071 1591 ιι.
1110 1557 1127 1589 ι
1191 1536 1258 1590 Ει
1302 1536 1562 1605 quoniam
1631 1547 2000 1603 aggravaruut
2056 1548 2151 1588 cor

576 1649 760 1696 suum,
792 1630 1062 1689 submersi
1097 1637 1225 1684 sunt
1252 1628 1408 1697 quasi
1459 1626 1739 1697 plumbum
1782 1646 1793 1679 :
1839 1627 1966 1696 quia
2023 1642 2151 1681 vero

578 1726 922 1786 indui-urunt,
955 1721 1355 1775 descenderunt
1382 1720 1434 1773 in
1453 1720 1781 1788 profundum
1803 1720 1958 1789 quasi
1991 1720 2147 1789 lapis.

578 1817 733 1884 Quod
775 1825 955 1869 autem
986 1813 1274 1869 reluctatio
1304 1813 1485 1867 cordis
1517 1822 1679 1882 atque
1704 1814 1931 1867 durities
1993 1828 2022 1867 a
2054 1830 2151 1867 no-

2246 614 2562 681 κατισχύειν
2596 614 2835 683 λέγεται,
2884 614 2959 678 ὼς
3008 615 3380 686 ἀνθισταμένη
3436 615 3513 686 τῷ
3565 621 3781 696 Δεσπότῃ

2245 704 2515 774 Θεῷ(52),
2547 705 2642 757 καὶ
2671 707 2829 777 νικᾷν
2884 704 3049 758 αὐτοῦ
3104 704 3488 775 νεανιευομένη
3527 707 3621 777 τὴν
3651 710 3784 765 δύνα.

2248 816 2361 869 μιν.
2401 800 2463 851 Ἦ
2500 798 2609 867 γὰρ
2642 798 2872 869 εὐσεϐὴς
2913 798 3279 852 ύποτάττεται
3308 796 3450 852 κατὰ
3478 798 3577 869 τὴν
3603 819 3785 874 προφη-

2244 890 2404 961 τικὴν
2430 892 2778 963 παραίνεσιν,
2818 892 2917 962 τὴν
2946 892 3235 961 λέγουσαν,
3296 910 3315 942 ι
3370 890 3692 963 ’Υποτάγηθι
3722 901 3785 967 τῷ

2246 981 2460 1053 Κυρίῳ,
2497 984 2591 1035 καὶ
2619 982 2900 1036 ἱκέτευσον
2936 983 3119 1036 αὐτόν.
3168 1002 3185 1033 ι
3232 984 3297 1035 Ἠ
3325 981 3383 1034 δέ
3410 998 3473 1051 γε
3522 984 3785 1051 ἀντίτυπος

2247 1072 2341 1125 καὶ
2360 1073 2523 1125 οἱονεὶ
2547 1073 2720 1143 λιθίνη
2751 1073 3134 1145 σκληρύνεται.
3169 1074 3333 1127 Ὅθεν
3359 1073 3387 1125 ὁ
3411 1073 3517 1125 τῶν
3533 1073 3660 1129 ὅλων
3677 1076 3786 1142 Θεὸς

2246 1163 2336 1217 διὰ
2366 1164 2459 1217 τοῦ
2483 1166 2762 1235 προφήτου
2800 1165 3055 1237 Ἰεζεκιὴλ
3096 1168 3226 1237 περὶ
3252 1166 3359 1218 τῶν
3392 1165 3648 1219 Ἰουδαίων
3676 1169 3783 1239 ἔφη·

2254 1278 2273 1310 ι
2308 1260 2417 1311 Καὶ
2443 1260 2703 1313 ὲκσπάσω
2732 1259 2830 1330 τὴν
2861 1260 3089 1328 καρδίαν
3117 1259 3216 1330 τὴν
3246 1258 3451 1327 λιθίνην
3478 1259 3534 1325 ἐξ
3563 1261 3742 1315 αὐτῶν.
3769 1283 3781 1313 ι

2250 1354 2347 1405 Διά
2378 1370 2461 1405 τοι
2490 1353 2647 1405 τοῦτο
2681 1354 2779 1406 καὶ
2808 1356 2835 1406 ὁ
2870 1355 3140 1424 μακάριος
3182 1354 3405 1423 Μωσῆς,
3438 1353 3533 1423 τὴν
3557 1356 3788 1409 ἐπινίκιον

2253 1446 2396 1517 ᾄδων
2418 1446 2561 1516 ᾠδὴν
2594 1448 2717 1517 περὶ
2748 1447 2841 1499 τοῦ
2866 1446 3065 1517 Φαραὼ
3097 1448 3190 1499 καὶ
3237 1446 3345 1499 τῶν
3372 1447 3693 1513 Αἰγυπτίων,
3728 1450 3790 1501 εἱ-

2258 1555 2427 1610 ρηκε·
2472 1560 2489 1590 ι
2534 1539 2849 1592 Κατέδυσαν
2909 1541 2989 1602 είς
3046 1539 3206 1609 βυθὸν
3259 1539 3391 1591 ὡσεὶ
3436 1538 3599 1601 λίθος.
3651 1559 3668 1591 ι
3704 1542 3791 1595 Καὶ

2254 1629 2417 1682 πάλιν
2436 1646 2449 1659 ο
2494 1648 2512 1681 ι
2557 1629 2792 1683 Ἔδυσαν
2825 1630 2956 1682 ὡσεὶ
2991 1630 3241 1699 μόλιϐδος
3265 1632 3324 1682 ὲν
3354 1629 3507 1682 ὕδατι
3535 1631 3745 1701 σφοδρῷ.
3773 1652 3786 1680 ι

2264 1722 2481 1793 Ἐπειδὴ
2534 1722 2643 1793 γὰρ
2692 1721 2964 1790 ὲϐάρυναν
2991 1724 3101 1794 (55)
3152 1722 3360 1775 ἑαυτῶν
3420 1722 3519 1792 τὴν
3577 1724 3788 1793 καρδίαν,

2253 1814 2447 1868 ἔδυσαν
2480 1816 2612 1868 ὡσεὶ
2646 1815 2910 1884 μόλιϐδος
2934 1817 3120 1886 ἐπειδὴ
3141 1816 3196 1868 δὲ
3219 1819 3311 1868 καὶ
3338 1816 3791 1887 ἑσκλήρυνανβί),

579 1883 663 1964 bis
695 1909 827 1978 ipsis
860 1906 1138 1976 procedat,
1174 1912 1405 1960 testatur
1458 1904 1678 1959 divinus
1705 1906 2020 1975 Apostolus,
2067 1906 2151 1959 di-

2257 1909 2556 1962 κατέδυσαν
2594 1883 2673 1972 εἰς
2700 1908 2862 1979 βυθὸν
2892 1908 3024 1961 ὡσεὶ
3044 1883 3209 1971 λίθος.
3249 1910 3369 1961 Ὀτι
3402 1908 3459 1960 δὲ
3610 1883 3795 1961 ἀντιτυ-

580 2016 711 2054 cens
744 2018 755 2053 :
790 2020 807 2049 ι
854 1999 1131 2068 Ignorans,
1174 1996 1319 2065 quod
1359 1995 1665 2065 benignitas
1722 1994 1817 2050 Dei
1845 1997 1913 2051 ad
1980 1998 2153 2067 pumi-

585 2095 806 2149 teutiam
839 2102 890 2147 te
947 2092 1233 2146 adducat:
1285 2090 1585 2145 secundum
1642 2090 1895 2145 duritiem
1970 2102 2151 2145 autem

583 2196 729 2237 tuam
764 2192 816 2237 et
848 2182 1198 2251 impmnitens
1245 2194 1361 2245 cor,
1413 2181 1654 2235 thesauri
1716 2181 1886 2235 instar
1937 2182 2154 2251 reponis

580 2278 676 2331 tibi
710 2276 845 2329 iram
872 2276 927 2329 in
984 2275 1142 2345 127
1177 2273 1262 2329 die
1297 2274 1391 2327 ira:
1424 2282 1477 2328 et
1505 2274 1875 2339 revelationis,
1906 2287 1959 2329 et
2015 2276 2150 2346 justi

573 2367 769 2437 judicii
799 2364 915 2431 Dei,
974 2366 1065 2435 qui
1103 2363 1291 2419 reddet
1321 2364 1614 2435 unicuique
1641 2366 1939 2420 secundum
1993 2380 2155 2436 opera

580 2459 698 2529 ejus
733 2456 777 2512 ι.
813 2476 831 2509 ι
872 2455 955 2510 Ad
997 2456 1113 2511 haec
1144 2454 1279 2509 illud
1342 2469 1583 2527 quoque
1614 2456 2154 2511 animadvertendum

594 2560 699 2616 est,
732 2549 901 2620 quod,
934 2547 981 2602 si
1027 2547 1243 2601 Pharao
1292 2554 1489 2600 natura
1523 2545 1700 2601 malus
1749 2544 1962 2609 fuisset.
2016 2563 2156 2601 nun-

581 2657 745 2713 quam
777 2641 1021 2694 animum
1045 2647 1332 2692 mutasset.
1365 2638 1522 2692 Nunc
1553 2647 1735 2691 autem
1775 2638 2024 2693 videmus
2072 2639 2155 2708 ip-

580 2748 703 2788 sum
733 2730 1091 2801 castigatione
1128 2730 1348 2799 quidem
1388 2729 1712 2793 emollitum,
1746 2730 2157 2801 longanimitate

583 2841 709 2881 vero
742 2824 925 2879 divina
954 2821 1288 2876 induratum.
1322 2819 1460 2874 Nam
1503 2822 1801 2891 castigatus
1834 2824 2158 2879 obsecrabat

580 2916 803 2970 Mosen:
842 2932 862 2965 ‹
898 2912 1081 2977 Orate,
1104 2913 1376 2981 inquiens,
1414 2928 1509 2981 pro
1541 2930 1624 2967 me
1653 2922 1712 2966 ⁸³.
1745 2932 1764 2965 ι
1804 2914 1867 2969 Et
1915 2933 2154 2984 rursum,

588 3005 895 3073 «Dominus
910 3015 993 3060 est
1013 3005 1194 3075 justus
1221 3018 1353 3073 :ego
1380 3016 1433 3059 et
1456 3006 1686 3075 populus
1709 3022 1863 3062 meus
1891 3010 2038 3079 impii
2056 3021 2105 3065 η.
2131 3030 2150 3063 ι

581 3097 846 3152 Cessante
899 3111 1031 3151 vero
1081 3096 1348 3165 supplicio
1404 3098 1820 3165 aggravabatur,
1880 3110 1934 3155 et
2003 3118 2158 3157 mau-

2254 2002 2353 2055 πία
2410 2002 2508 2071 τῆς
2574 2001 2819 2072 καρδίας,
2866 2002 2962 2054 καὶ
3012 2004 3045 2073 ὴ
3094 2001 3483 2071 σκληρότης⁶⁸,
3527 1998 3613 2068 ὑφ’
3664 2000 3794 2069 ἡμῶν

2257 2094 2437 2148 αὐτῶν
2478 2094 2748 2163 γίγνεται,
2782 2094 2989 2165 μάρτυς
3014 2096 3043 2147 ό
3068 2094 3209 2156 θεῖος
3256 2092 3580 2155 Ἀπόστολος
3606 2092 3790 2159 λέγων·

2260 2211 2276 2235 ο
2328 2185 2563 2247 ’Λγνοῶν
2586 2186 2630 2218 ⁸³
2655 2186 2738 2238 ὅτι
2767 2186 2828 2238 τὸ
2850 2184 3086 2256 χρηστὸν
3123 2182 3217 2235 τοῦ
3255 2181 3390 2234 Θεοῦ
3414 2182 3495 2244 είς
3539 2181 3795 2250 μετάνοιάν

2258 2295 2315 2330 σε
2347 2278 2503 2346 ἄγει·
2531 2277 2672 2330 κατὰ
2712 2278 2768 2330 δὲ
2796 2277 2897 2349 τὴν
2922 2276 3268 2348 σκληρότητά
3298 2293 3417 2338 σου,
3481 2276 3575 2327 καὶ
3616 2277 3795 2343 ἀμετα-

2255 2363 2443 2443 νόῆτον
2476 2370 2725 2442 καρδίαν,
2751 2368 3104 2441 θησαυρίζεις
3130 2368 3341 2438 σεαυτῷ
3366 2366 3538 2439 ὀργὴν
3570 2369 3623 2420 ὲν
3645 2365 3798 2437 ἡμέρᾳ⁸

2256 2464 2424 2534 ὀργῆς
2450 2465 2543 2516 καὶ
2564 2461 2981 2532 ἀποκαλύψεως,
3014 2464 3108 2515 καὶ
3122 2461 3525 2531 δικαιοκρισίας
3551 2460 3640 2512 τοῦ
3664 2458 3795 2516 Θεοῦ,

2257 2555 2315 2618 ὃς
2344 2553 2614 2609 ἀποδώσει
2643 2555 2861 2625 ἑκάστῳ
2890 2555 3031 2607 κατά
3061 2555 3128 2607 τὰ
3150 2554 3288 2625 ἔργα
3312 2552 3504 2607 αὑτοῦ.
3544 2570 3561 2603 ι
3594 2550 3723 2623 Πρὸς
3752 2550 3797 2601 δὲ

2256 2647 2467 2709 τούτοις
2490 2648 2713 2700 κάκεῖνο
2745 2647 3131 2718 σκοπητέοντθ,
3174 2647 3250 2711 ὡς
3300 2647 3349 2699 εί
3393 2644 3559 2714 φύσει
3598 2642 3799 2712 πονηρὸς

2256 2734 2326 2809 ἦν
2365 2740 2391 2790 ὁ
2416 2736 2637 2807 Φαραὼ,
2684 2737 2784 2789 ούκ
2832 2737 2898 2791 ἂν
2945 2735 3111 2789 αὑτοῦ
3143 2736 3242 2806 τὴν
3270 2734 3500 2805 γνώμην
3534 2732 3797 2803 ἐνήλλαξευ

2258 2830 2352 2882 νῦν
2385 2828 2442 2882 δὲ
2479 2828 2696 2901 ὁρῶμεν
2728 2829 2833 2881 ὑπὸ
2871 2828 2973 2899 μὲν
3004 2830 3103 2899 τῆς
3142 2828 3392 2891 παιδείας
3435 2826 3600 2881 αὑτὸν
3627 2825 3800 2895 μαλατ-

2257 2923 2505 2993 τόμενον,
2536 2922 2640 2975 ύπὸ
2689 2922 2746 2975 δὲ
2800 2922 2897 2993 τῆς
2944 2920 3331 2992 μακροθυμίας
3374 2918 3800 2989 πληρυνὸμενον.

2258 3017 2653 3087 Παιδευόμενος
2682 3015 2792 3085 γὰρ
2818 3015 3085 3085 ἠντιϐόλει
3116 3014 3209 3067 τὸν
3239 3012 3559 3084 νομοθέτην,
3588 3030 3605 3061 ι
3656 3012 3803 3079 Προσ-

2258 3109 2485 3175 εύξασθε
2519 3110 2648 3179 περὶ
2678 3109 2812 3179 ἐμοῦ
2840 3151 2854 3174 ,
2890 3128 2909 3161 ι
2940 3108 3113 3174 λέγων
3135 3124 3148 3137 ·
3177 3108 3269 3161 καὶ
3326 3106 3513 3171 πάλιν,
3566 3126 3583 3156 ι
3638 3104 3690 3156 '0
3716 3101 3804 3154 Κύ-

582 3190 725 3243 datis
749 3189 947 3242 divinis
985 3187 1412 3241 contradicebat.
1465 3190 1522 3241 Et
1555 3187 1699 3244 illata
1732 3191 1951 3260 quidem
2000 3195 2154 3265 plaga

2262 3220 2371 3273 ριος
2400 3202 2624 3265 δίκαιος,
2661 3201 2881 3269 ἐγὼκαὶ
2906 3202 2933 3253 ὁ
2960 3200 3087 3262 λαός
3125 3217 3226 3269 μου
3259 3198 3463 3268 ἀσεϐής
3488 3197 3621 3268 (55).
3660 3214 3677 3246 ι
3714 3194 3804 3262 Τῆς

584 3284 899 3335 muscarum
948 3279 1375 3343 caninarum,in
1418 3278 1653 3351 A‘ngpto
1688 3285 1998 3340 sacriﬁcare
2046 3287 2156 3342 Deo

581 3374 787 3445 jussit;
863 3386 1098 3442 cumque
1168 3371 1345 3427 Moses
1393 3373 1608 3428 divinus
1669 3376 1873 3431 diceret
1939 3394 1997 3433 se
2049 3394 2156 3435 non

584 3482 748 3538 posse
809 3465 915 3519 hoc
953 3463 1134 3519 facere
1182 3473 1403 3536 propter
1434 3464 1721 3536 Egyptios
1768 3486 1781 3521 :
1827 3467 2161 3529 «Sacrifica-

588 3560 771 3615 bimus
801 3559 972 3622 enim,
1006 3555 1204 3626 inquit,
1246 3571 1309 3610 ea
1338 3572 1459 3626 qua:
1505 3559 1574 3613 ab
1615 3559 1720 3614 illis
1752 3576 1852 3631 pro
1911 3562 2017 3618 diis
2067 3580 2162 3619 co-

587 3663 790 3717 luntur,
819 3661 873 3706 et
907 3652 1011 3706 hoc
1050 3649 1198 3705 facto
1232 3650 1502 3719 lapidibus
1548 3652 1781 3707 obruent
1838 3670 1960 3722 nos,
1997 3669 2161 3728 atque

587 3744 989 3808 interﬁciant",
1028 3760 1048 3793 ι
1119 3741 1335 3795 tandem
1372 3744 1619 3811 permisit
1647 3760 1743 3800 eos
1772 3747 1827 3800 in
1883 3748 2159 3804 desertum

586 3839 757 3902 abire,
789 3846 843 3892 et
873 3834 1205 3891 sacriﬁcare.
1237 3833 1433 3889 Postea
1464 3852 1587 3891 cum
1620 3848 1833 3894 orasset
1872 3844 2156 3912 prepheta,

586 3940 641 3984 et
676 3947 921 3988 muscam
961 3931 1215 3986 caninam
1248 3931 1535 3988 evanidam
1593 3932 1919 3988 reddidisset
1950 3950 1963 3985 :
2002 3952 2019 3983 ι
2050 3940 2159 4005 Ag-

589 4025 853 4094 gravavit,
886 4024 1083 4094 inquit,
1112 4040 1209 4080 cor
1239 4040 1399 4081 suum
1428 4025 1591 4079 etiam
1629 4023 1682 4078 in
1743 4026 1848 4080 hoc
1895 4034 2159 4095 tempore,

586 4130 639 4173 et
664 4118 842 4172 noluit
885 4117 1156 4173 dimittere
1205 4120 1465 4189 papulum
1491 4129 1538 4172 ι».
1572 4137 1590 4170 ι
1650 4117 1904 4190 Idemque
1965 4120 2164 4175 accidit

589 4211 876 4277 pecoribus
900 4219 1048 4280 peste
1070 4211 1448 4267 morientibus.
1494 4231 1513 4264 ι
1555 4209 1728 4267 Scivit
1760 4214 1929 4280 enim,
1961 4214 2157 4285 inquit,

589 4302 820 4369 Pharao,
845 4304 989 4374 quod
1023 4320 1091 4359 ex
1109 4306 1366 4361 omnibus
1398 4307 1690 4376 pecoribus
1716 4307 1956 4362 ﬁliorum
1986 4311 2162 4365 Israe-

589 4395 657 4451 lis
685 4411 752 4452 ne
780 4412 949 4451 unum
980 4398 1201 4469 quidem
1241 4398 1442 4452 animal
1482 4400 1751 4468 periisset.
1784 4400 1851 4455 Et
1897 4416 2162 4473 aggrava-

591 4498 704 4539 tum
733 4496 817 4542 est
845 4501 939 4541 cor
963 4487 1283 4554 Pharaonis,
1318 4498 1371 4544 et
1396 4503 1506 4544 non
1523 4490 1730 4546 dimisit
1755 4493 2015 4562 populum
2040 4503 2068 4545 (ι
2094 4514 2106 4549 :
2136 4514 2155 4547 ι

2259 3291 2314 3343 δὲ
2341 3290 2610 3361 τιμωρίας
2645 3292 2963 3360 παυομένης
2984 3290 3356 3362 ὲϐαρύνετο⁷⁹,
3383 3291 3480 3342 καί⁵
3526 3292 3635 3353 τοῖς
3667 3303 3807 3357 προς-

2258 3384 2501 3455 τάγμασι
2534 3386 2646 3446 τοῖς
2705 3383 2868 3444 θείοις
2922 3383 3211 3451 ἀντέλεγειο
3258 3383 3352 3435 καὶ
3380 3380 3484 3452 τῆς
3541 3382 3633 3451 μὲν
3674 3394 3807 3431 κυνο-

2264 3475 2431 3546 μυίας
2466 3473 2874 3544 ὲπενεχθείσης,
2926 3474 2982 3525 ἐν
3012 3471 3276 3543 Αἰγύπτῳ
3329 3470 3493 3524 θῦσαι
3534 3466 3811 3540 προσέταξε

2259 3566 2339 3638 τῷ
2396 3566 2518 3636 Θεῴ
2545 3582 2558 3596 ο
2593 3564 2688 3618 τοῦ
2732 3564 3011 3619 θειοτάτου
3059 3564 3118 3618 δὲ
3150 3562 3399 3625 Μωσέως
3437 3561 3712 3631 εἰρηκότος
3750 3559 3809 3626 μὴ

2260 3660 2525 3713 δύνασθαι
2558 3658 2719 3713 τοῦτο
2744 3659 2946 3730 δρᾶσαι
2981 3657 3069 3710 διὰ
3106 3658 3233 3719 τοὺς
3284 3652 3651 3722 Αἰγυπτίους·
3697 3667 3713 3699 ι
3745 3647 3813 3699 Τὰ

2262 3754 2369 3825 γὰρ
2405 3753 2497 3805 ὑπ’
2528 3753 2775 3815 ἐκείνων,
2812 3751 2969 3821 φησὶ,
3014 3746 3414 3818 θεοποιούμενα
3456 3745 3712 3812 θύσομεν,
3736 3740 3813 3792 καὶ

2262 3846 2659 3907 καταλεύοντες
2693 3844 2803 3914 (56)
2848 3844 2996 3914 ἡμᾶς
3033 3838 3465 3895 ἀποκτενοῦσιν’
3528 3857 3548 3889 ι
3606 3834 3812 3904 ἐπέτρε-

2261 3938 2363 4006 ψεν
2394 3941 2471 4001 εἰς
2500 3937 2599 4006 τὴν
2627 3935 2834 4006 ἔρημον
2864 3933 3142 3997 ἀπελθεῖν,
3195 3930 3291 3984 καὶ
3342 3929 3441 3991 τὰς
3482 3926 3673 3988 θυσίας
3709 3925 3812 3973 ἐπι-

2262 4030 2501 4083 τελέσαι.
2566 4029 2688 4081 Ἐπὶ
2715 4027 2927 4089 τούτοις
2977 4025 3073 4078 τοῦ
3121 4023 3404 4095 προφήτου
3457 4012 3815 4091 προσευξαμέ·

2263 4139 2377 4186 νου,
2430 4124 2523 4173 καὶ
2578 4120 2675 4189 τὴν
2742 4119 3043 4189 κυνόμυιαν
3117 4117 3502 4185 ἀποφήναντος
3572 4106 3815 4180 φροῦδον,

2270 4232 2288 4264 ι
2330 4211 2614 4283 Ἐϐἀρυνε,
2649 4210 2804 4281 φησὶ,
2824 4211 2921 4278 τὴν
2955 4207 3183 4279 καρδίαν
3208 4203 3375 4259 αὑτοῦ
3400 4204 3494 4256 καὶ
3529 4200 3621 4254 ἐπὶ
3648 4196 3816 4250 τούτου

2263 4305 2356 4359 τοῦ
2377 4304 2596 4375 καιροῦ,
2616 4305 2709 4355 καὶ
2727 4304 2827 4355 οὐκ
2844 4302 3111 4371 ἠθέλησεν
3137 4296 3515 4364 ἐξαποστεῖλαι
3532 4294 3625 4347 τὸν
3653 4289 3786 4342 λαόν.
3800 4306 3815 4336 ι

2267 4400 2439 4453 Τοῦτο
2476 4400 2571 4453 καὶ
2602 4400 2694 4452 ἐπὶ
2720 4398 2815 4452 τοῦ
2866 4396 3059 4467 λοιμοῦ
3100 4396 3397 4466 γεγένηται
3424 4392 3535 4446 τῶν
3581 4388 3817 4458 κτηνῶν·

2271 4516 2288 4547 ι
2332 4492 2450 4548 Εἷδε
2475 4496 2607 4565 γὰρ,
2639 4495 2792 4563 φησὶ,
2834 4492 3055 4565 Φαραὼ,
3082 4494 3165 4545 ὅτι
3216 4492 3315 4545 οὐκ
3345 4489 3703 4557 ἐτελεύτησεν
3731 4479 3823 4533 απὸ

587 4580 967 4635 demonstrans
1001 4595 1095 4649 per
1123 4581 1239 4635 haec
1270 4582 1479 4651 omnia,
1518 4598 1577 4638 se
1602 4598 1667 4638 ex
1694 4584 1862 4640 libera
1880 4587 2161 4644 voluntate

2270 4590 2488 4642 πάντων
2515 4588 2620 4640 τῶν
2645 4587 2855 4658 κτηνῶν
2870 4586 2981 4640 τῶν
3008 4586 3140 4639 υίῶν
3170 4585 3388 4657 Ἰσραὴλ
3412 4584 3567 4636 οὐδὲν
3585 4579 3717 4651 (57),
3745 4572 3823 4627 καὶ

588 4688 764 4742 agere.
798 4676 974 4743 Atque
1002 4674 1163 4729 etiam
1185 4690 1310 4731 cum
1340 4676 1637 4742 docuisset,
1668 4680 1945 4748 quomodo
1976 4681 2159 4738 illatus

587 4768 658 4819 sit
690 4766 822 4834 ipsis
852 4768 1197 4836 pustularum
1228 4767 1473 4835 morbus,
1526 4769 1619 4840 qui
1646 4772 1805 4845 etiam
1855 4773 2158 4830 incantato-

2268 4680 2542 4751 ἐϐαρύνθη
2574 4683 2607 4751 ἠ
2644 4681 2842 4751 καρδία
2873 4678 3094 4751 Φαραὼ,
3131 4679 3225 4731 καὶ
3250 4679 3348 4731 ούκ
3366 4670 3722 4740 ἐξαπέστειλε
3748 4666 3825 4717 τὸν

2268 4776 2491 4841 λαόνγ»
2533 4777 2588 4828 ὲν
2632 4775 2844 4838 τούτοις
2884 4777 3059 4828 ἆπασι
3115 4772 3296 4837 δείξας
3354 4772 3414 4825 τὸ
3462 4771 3563 4840 τῆς
3614 4765 3825 4836 γνώμης

562 4946 579 4955 νη
659 4919 857 4997 h_Psal.
884 4939 1069 4997 xxxvi,
1103 4926 1155 4978 7.
1217 4927 1251 4997 _i
1286 4924 1485 4979 Ezecb.
1531 4926 1714 4997 11,719.
1793 4938 1807 4977 ι
1846 4927 2015 4983 Exod.
2052 4946 2171 4997 xv,

2260 4932 2343 4987 to.
2424 4934 2449 4973 ι
2508 4934 2636 4988 ibid.
2721 4932 2927 4988 lRom.
2990 4949 3051 4997 ιι,
3080 4916 3309 4986 ιοέω
3373 4928 3545 4983 Exod.
3618 4939 3736 4988 νιιι,
3777 4919 3826 4971 8.

590 5001 617 5029 ³
669 4992 840 5047 Exod.
899 5010 972 5057 ix,
1005 4995 1092 5047 ‘27.
1166 5006 1188 5025 ⁸
1213 4994 1387 5050 Exod.
1432 5011 1549 5062 vnt,
1582 4996 1671 5050 26.
1746 5008 1774 5047 P
1813 5000 1942 5053 ibid.
1978 5002 2067 5056 52.
2127 4992 2173 5051 ἰι
2204 4992 2374 5057 Exod.
2412 5020 2486 5071 ix,
2518 5005 2569 5057 7.

1454 5137 2103 5214 vamEEscrion'ss
2156 5160 2245 5215 ax
2279 5160 2553 5215 CATENA
2602 5159 2958 5218 LIPSIENSI.

662 5292 863 5372 _"_Cat.
901 5308 954 5372 ιι,
992 5292 1118 5345 604.
1146 5292 1241 5345 καὶ
1276 5293 1580 5367 σκληρότης
1606 5314 1875 5372 τιμωριαν
1903 5299 2118 5369 επάγει,
2156 5319 2171 5371 ε

2257 5319 2385 5366 ιτυς,
2418 5311 2522 5356 etc.
2599 5302 2642 5332 ⁶⁹
2670 5302 2880 5369 ἀγνοῶν
2906 5319 2994 5355 om
3094 5303 3140 5332 ⁷⁸
3173 5303 3386 5358 σκόπει.
3465 5304 3507 5335 ⁷¹
3542 5298 3831 5371 ἐϐαρύνετο

590 5362 685 5419 καὶ
717 5361 1098 5433 ἐσκληρύνετο.

2097 5510 2329 5567 NOTAE.

664 5646 776 5715 (30)
812 5646 948 5701 Cod.
981 5655 1035 5701 et
1055 5646 1166 5703 Pic.
1199 5649 1448 5704 ἀπόνοια.

664 5718 776 5796 (ξι)
805 5716 1048 5796 Ιςαρδίιέ.
1077 5716 1341 5796 Desid;_iii
1361 5722 1491 5796 cod.
1522 5733 1575 5796 et
1595 5727 1733 5796 apud
1757 5724 1869 5780 Pic.

662 5787 775 5866 (ξς)
986 5788 1118 5866 Coll.
1147 5787 1335 5866 etPic.
1359 5793 1599 5866 Χριστῷ.

663 5859 775 5927 (55)
801 5859 932 5912 Cod.
958 5868 1011 5913 et
1048 5856 1160 5912 Pic.
1203 5856 1483 5932 ἐϐάρυνέν.

2337 5658 2448 5732 (ῥέε)
2475 5659 2613 5732 _Cod.
2650 5672 2702 5714 et
2726 5660 2837 5715 l‘ic.
2868 5662 3218 5732 ἐσκλήρυνεν.

2336 5730 2447 5803 (ξὸ)
2474 5729 2747 5803 ᾉσιεϐήςἱ
2762 5735 2896 5787 Cod.
2922 5729 3203 5803 δυσσεϐὴς.

2336 5800 2447 5867 (56)
2474 5800 2604 5853 Cod.
2641 5815 2690 5856 et
2731 5802 2840 5857 Pic.
2870 5800 3307 5868 καταλεύσοντες.

2337 5871 2447 5940 (57)
2474 5871 2682 5925 Οὐδέν.
2745 5874 2877 5927 Cod.
2912 5874 3030 5927 οὐδὲ
3060 5875 3135 5928 ἓν.
