3964 6568
201 437 291 501 337
1283 424 1565 499 QUIES'I‘.
1592 429 1674 489 ΙΝ
1717 429 1732 488 1

1838 427 1937 488 )D.
1978 428 2136 490 CAP.
2168 428 2265 491 IV.

3289 433 3393 491 258

197 547 521 618 αὐθαίρετον.
568 542 681 598 Καὶ
727 542 943 608 διδάξας
960 540 1075 613 (38)
1133 540 1282 604 ὅπως
1322 539 1506 602 αὐτοῖς
1535 540 1730 611 ἐπηνέο

1838 555 1917 594 res
1949 540 2243 605 invaserat,
2276 540 2349 593 ita
2384 547 2444 595 ut
2474 552 2583 594 non
2628 538 2853 611 possent
2888 544 3038 599 ’stare
3062 542 3117 599 in
3168 560 3395 619 conspe-

195 642 283 714 χθη
326 639 431 692 τῶν
493 634 842 707 φλυκταινῶν
855 634 967 707 (59)
1015 633 1078 686 τὸ
1118 631 1311 697 πάθος,
1365 632 1463 686 καὶ
1500 633 1583 685 ὅτι
1633 633 1729 686 καὶ

194 737 292 795 τοῖς
311 731 627 801 φαρμακοῖς
650 729 688 798 ή
714 726 870 790 νόσος
897 723 1197 795 ἐπέσκηψε,
1221 722 1318 777 καὶ
1343 722 1445 776 οὐκ
1470 720 1732 791 ἠδύναντο

189 825 231 876 oi
266 820 547 892 φαρμακοὶ
584 819 776 889 στῆναι
821 814 1061 870 ἐναντίον
1113 813 1284 884 Maio-7]
1317 813 1407 866 διὰ
1446 813 1516 866 τὰ
1558 813 1689 881 ἐλκη
1712 828 1729 844 ο

190 912 466 985 ᾐσχύνοντο
496 910 605 979 γὰρ
664 905 1098 978 καθηλκωμὲνοι,
1156 904 1253 958 καὶ
1311 903 1494 973 σφίσιν
1549 904 1731 966 αὐτοῖς

185 1002 444 1074 ἐπαμῦναι
483 1002 561 1072 μὴ
613 1000 924 1070 δυνάμενοι,
974 998 1255 1067 ἐπήγαγε·
1302 1014 1320 1047 ι
1374 995 1487 1048 Καὶ
1539 994 1733 1065 ἐσκλή-

185 1113 301 1169 ρυνς
326 1094 536 1166 Κύριος
568 1092 667 1164 τὴν
695 1090 920 1163 καρδίαν
946 1088 1165 1160 Φαραὼ,
1194 1087 1291 1141 καὶ
1331 1088 1430 1140 οὐκ
1473 1087 1729 1157 εἰσήκουο

180 1208 258 1243 σςν
294 1187 501 1251 αὐτῶν,
557 1184 706 1239 καθὰ
739 1181 1023 1246 συνέταξεν
1055 1180 1237 1242 αὐτοῖς
1278 1177 1500 1249 Κύριος.
1545 1196 1564 1229 ι
1621 1178 1734 1229 Καὶ

181 1281 285 1352 μετ’
312 1280 476 1347 ὀλίγα
506 1278 645 1348 πρὸς
683 1275 846 1329 αὐτὸν
888 1273 991 1344 ἔφη
1021 1272 1115 1325 τὸν
1142 1269 1375 1340 Φαραώ·
1426 1288 1445 1321 ι
1506 1269 1731 1322 Ἕνεκεν

176 1373 342 1425 τούτου
423 1367 781 1439 διετηρήθης,
835 1366 923 1418 ἵνα
987 1361 1307 1431 ἐνδείξωμαι
1368 1361 1423 1413 ἐν
1477 1361 1559 1412 σοὶ
1632 1359 1731 1428 τὴν

181 1465 313 1534 ἰσχύν
341 1462 463 1532 (40)
496 1479 625 1532 μου,
657 1458 754 1513 καὶ
798 1459 947 1520 ὅπως
1004 1454 1261 1524 διαγγελῇ
1314 1452 1377 1506 τὸ
1424 1452 1594 1523 δνομά
1629 1468 1729 1522 μου

178 1557 222 1607 ἐν
249 1554 401 1625 πάσῃ
422 1556 490 1623 τῇ
510 1554 607 1621 γῇ.
645 1570 663 1602 ι
699 1549 812 1602 Καὶ
837 1543 993 1610 αὖθις
1030 1545 1150 1617 μετ’
1187 1544 1366 1613 ὀλίγα,
1408 1544 1504 1597 καὶ
1557 1542 1730 1596 ταῦτα

180 1644 260 1713 ἔφη
281 1658 296 1671 ο
338 1640 500 1694 Ἰδὼν
534 1640 667 1711 γὰρ,
690 1638 845 1708 φησὶ,
876 1634 1073 1707 Φαραὼ
1088 1635 1170 1687 ὅτι
1199 1634 1472 1687 πέπαυται
1505 1634 1533 1685 6
1554 1632 1728 1695 ὑετὸς,

177 1734 291 1802 καὶὴ
316 1730 565 1800 χάλαζα,
579 1730 674 1781 καὶ
692 1730 745 1782 αἱ
764 1726 958 1796 φωναὶ,
976 1725 1070 1779 καὶ
1092 1722 1391 1795 προσέθετο
1420 1721 1619 1793 Φαραὼ
1634 1721 1730 1775 τοῦ

180 1824 505 1893 ἁμαρτάνειν
528 1838 543 1850 ·
590 1820 686 1873 καὶ
726 1818 953 1889 ἐὸἀρυνε
988 1815 1088 1887 τὴν
1122 1814 1348 1886 καρδίαν
1401 1812 1567 1867 αὐτοῦ
1587 1853 1602 1879 ,
1634 1815 1728 1868 καὶ

1841 640 1930 685 ctu
1971 630 2135 685 Hosis
2187 639 2405 699 propter
2441 631 2621 685 ulcera
2671 630 2928 702 (pudebat
2969 634 3114 690 enim
3166 652 3264 694 eos
3320 642 3398 695 ul-

1839 736 2047 787 cei-um,
2089 721 2249 792 128
2285 731 2339 777 et
2367 722 2513 792 quod
2547 723 2651 778 sibi
2678 723 2812 794 ipsis
2842 740 2950 780 non
2988 739 3209 795 possent
3269 745 3395 787 suc-

1837 811 2100 883 currere),
2125 813 2439 883 subjunxit:
2493 831 2511 866 ι
2544 812 2629 869 Et'
2660 814 2931 884 induravit
2989 817 3248 874 Dominus
3302 836 3395 876 cor

1835 904 2157 969 Pharaonis,
2196 916 2249 960 et
2279 920 2388 959 non
2413 905 2618 961 audivit
2662 922 2779 973 eos,
2805 910 3259 978 quemadmodum
3292 922 3396 968 sta-

1838 1004 2016 1051 tuerat
2044 995 2125 1051 eis
2161 995 2422 1052 Dominus
2452 1004 2492 1054 '.
2530 1015 2550 1047 ›
2580 995 2645 1051 Et
2675 1000 2834 1067 paulo
2854 1010 2975 1070 post
3006 1001 3140 1056 dixit
3169 1004 3235 1059 ad
3254 1003 3396 1059 Pha-

1837 1102 2099 1142 raonem:
2141 1105 2161 1139 ι
2201 1087 2359 1143 Hunc
2395 1088 2450 1141 in
2486 1088 2647 1143 (inem
2678 1101 3030 1147 conservatus
3072 1110 3153 1159 es,
3190 1106 3250 1149 ut
3301 1112 3393 1152 os-

1836 1180 2048 1233 tendam
2075 1178 2131 1232 in
2167 1186 2217 1234 te
2263 1179 2515 1235 virtutem
2554 1195 2750 1246 meam,
2770 1184 3267 1241 etutannuntietur
3296 1204 3390 1242 no-

1794 1310 1803 1325 ι
1838 1286 1961 1323 men
1994 1286 2174 1325 meum
2222 1272 2275 1326 in
2309 1273 2560 1328 universa
2590 1282 2734 1329 terra
2763 1285 2808 1328 ι.
2854 1291 2872 1325 ι
2909 1273 2975 1329 Ει
3022 1277 3215 1332 iterum
3272 1290 3396 1350 post

1837 1376 2009 1430 pauca
2033 1362 2169 1417 dixit
2221 1364 2382 1419 etiatn
2415 1379 2534 1433 quae
2580 1373 2920 1434 sequuntur:
2981 1387 3001 1419 ι
3048 1367 3241 1424 Vidcns
3262 1369 3397 1424 Pha-

1838 1467 1955 1516 rao,
2018 1453 2164 1523 quod
2219 1464 2486 1510 cessasset
2547 1455 2748 1525 pluvia,
2790 1459 2994 1527 grando
3029 1470 3082 1515 et
3139 1462 3391 1523 tonitrua,

1838 1541 2020 1597 denuo
2054 1543 2299 1613 peccavit
2341 1544 2573 1610 Pharao,
2626 1554 2680 1599 et
2712 1547 3025 1616 aggravavit
3072 1563 3167 1603 cor
3212 1565 3395 1611 suum,

1837 1642 1892 1688 et
1918 1647 2199 1687 servorum
2230 1647 2488 1689 suorum:
2537 1644 2590 1689 et
2641 1635 2915 1691 induravit
2943 1654 3037 1692 cor
3090 1639 3319 1703 Pharao,
3344 1652 3398 1695 et

1838 1739 1944 1777 non
1986 1723 2193 1779 dimisit
2220 1724 2360 1779 ﬁlios
2390 1722 2626 1789 lsraelis,
2673 1725 2832 1782 sicuti
2866 1727 3082 1783 dixerat
3138 1729 3397 1786 Dominus

1838 1814 1976 1871 Mosi
2024 1820 2067 1868 ι.
2103 1834 2121 1866 ι
2160 1814 2286 1871 Haec
2334 1825 2514 1871 autem
2573 1816 2759 1883 verba,
2796 1819 2953 1873 sicuti
3004 1822 3228 1888 dixerat,
3266 1838 3398 1891 pra:-

180 1916 265 1967 τῶν
316 1914 681 1985 θεραπόντων
738 1909 933 1964 αὐτοῦ’
982 1909 1076 1962 καὶ
1130 1907 1425 1977 ἐσκλήρυνε
1470 1907 1567 1977 τὴν
1594 1923 1731 1979 καρ-

1838 1905 2119 1961 scientiam
2156 1905 2250 1958 Dei
2282 1905 2544 1973 indicant,
2577 1908 2735 1977 quasi
2763 1908 3007 1964 diceret:
3032 1907 3175 1965 Nihil
3205 1911 3395 1966 borum

181 2010 271 2060 δίαν
295 2008 413 2076 (41)
451 2004 738 2075 Φαραὼη,
791 2003 885 2056 καὶ
931 2001 1030 2053 οὐκ
1055 1997 1399 2066 ἐξαπέστειλε
1424 1998 1551 2061 τοὺς
1584 1999 1732 2061 υἱοὺς

188 2099 414 2170 Ἰσραὴλ,
449 2097 706 2167 καθάπερ
756 2095 983 2165 ἐλάλησε
1024 2091 1229 2163 Κύριος
1257 2090 1336 2161 τῷ
1379 2091 1574 2160 Μωσῇ.
1606 2106 1626 2140 ι
1659 2088 1732 2142 Τὸ

180 2191 236 2252 δὲ,
274 2189 554 2257 καθάπερ
606 2186 895 2253 wounds,
948 2184 1045 2253 τὴν
1101 2182 1411 2253 πρόγνωσιν
1460 2181 1555 2235 τοῦ
1596 2180 1729 2235 Θεοῦ

179 2281 319 2351 δηλοῖ,
357 2280 491 2333 ἀντὶ
519 2277 641 2343 τοῦ,
673 2276 837 2330 Οὐδὲν
874 2274 1077 2328 τούτων
1106 2273 1370 2342 ἠγνόησεν
1398 2273 1426 2324 ό
1461 2270 1566 2325 τῶν
1595 2271 1732 2325 ὅλων

177 2373 300 2436 θεὸς,
330 2368 718 2441 ἀλλ’ἐξαρχῆς
761 2366 1075 2439 προείρηκε.
1108 2364 1291 2417 Ταῦτα
1328 2364 1385 2417 δέ
1440 2364 1617 2417 πάντα
1654 2363 1732 2416 δι-

176 2464 401 2532 εξῆλθον,
452 2463 628 2529 δεῖξαι
680 2460 1031 2530 βουλόμενος,
1070 2456 1145 2519 ώς
1203 2456 1326 2510 οῦτε
1366 2456 1577 2525 φύσεως
1607 2452 1676 2528 ἦν
1703 2458 1731 2510 ό

176 2555 351 2626 ῡαραὼ
376 2556 654 2625 πονηρᾶς,
678 2551 802 2605 οὔτε
824 2551 855 2603 6
880 2551 1154 2620 Δεσπότης
1184 2548 1315 2611 Θεὸς
1352 2548 1595 2619 σκληρὰν
1630 2548 1730 2601 αύ-

174 2650 249 2702 τοῦ
285 2651 381 2701 καὶ
412 2647 717 2701 ἀντίτυπον
760 2643 860 2713 τὴν
906 2641 1135 2711 γνώμην
1189 2640 1511 2711 εἰργάσατο·
1543 2640 1571 2692 6
1621 2638 1731 2707 γὰρ

172 2740 250 2791 νῦν
277 2739 379 2807 μὲν
421 2739 506 2799 είς
531 2733 694 2788 τοῦτο
715 2732 918 2803 ῥέπων,
946 2731 1039 2784 νῦν
1064 2730 1121 2783 δὲ
1155 2731 1235 2793 είς
1258 2732 1459 2791 ἐκεῖνο,
1489 2730 1728 2782 δείκνυσι

170 2834 221 2885 τὸ
251 2831 352 2901 τῆς
388 2830 627 2901 γνώμης
676 2828 1018 2897 αὐθαίρετον.
1082 2828 1200 2882 ’Ὶνα
1236 2825 1294 2879 δὲ
1342 2824 1437 2878 καὶ
1477 2824 1542 2877 ἔκ
1584 2841 1728 2887 τινος

169 2924 362 2985 εἰκόνος
384 2921 507 2992 (42)
525 2920 589 2974 τὸ
616 2920 1094 2991 ἀμφιϐαλλόμενον
1115 2916 1486 2983 διαλύσωμεν·
1520 2918 1548 2968 ό
1580 2916 1730 2988 ἥλιος

167 3018 225 3083 τῇ
250 3014 347 3083 τῆς
383 3013 609 3084 θέρμης
635 3010 884 3083 ἐνεργείᾳ
905 3011 994 3065 τὸν
1027 3009 1126 3080 μὲν
1154 3009 1323 3080 κηρὸν
1346 3008 1614 3079 ὑγραίνει,
1638 3008 1731 3061 τὸν

167 3107 216 3159 δὲ
264 3105 444 3175 πηλὸν
496 3103 770 3174 ξηραίνει,
804 3102 903 3157 καὶ
946 3102 1038 3155 τὸν
1093 3101 1191 3172 μὲν
1248 3101 1529 3170 μαλάττει,
1558 3102 1650 3153 τὸν
1674 3100 1730 3153 δὲ

171 3198 481 3269 σκληρύνει.
526 3196 742 3265 Ὥσπερ
759 3194 943 3248 τοίνυν
971 3188 1125 3257 οὗτος
1150 3190 1260 3263 (45)
1282 3194 1348 3262 τῇ
1385 3190 1634 3263 ἐνεργείᾳ
1661 3193 1729 3261 τῇ

172 3291 261 3360 μιᾷ
280 3289 349 3341 τὰ
408 3287 637 3342 ἐναντία
668 3286 832 3349 ποιεῖ,
873 3285 1016 3339 οὔτω
1047 3288 1115 3356 τῇ
1152 3284 1246 3337 τοῦ
1285 3282 1422 3337 Θεοῦ
1460 3284 1568 3339 τῶν
1597 3283 1733 3338 ὅλων

173 3380 543 3451 μακροθυμίᾳ,
601 3379 653 3432 οἱ
686 3379 783 3449 μὲν
831 3377 1120 3447 ὠφέλειαν,
1156 3377 1206 3429 oi
1251 3375 1310 3430 δὲ
1348 3374 1552 3446 βλάΰην
1593 3392 1731 3446 καρ-

171 3472 389 3526 ποῦνται
415 3489 431 3503 ’
464 3471 564 3525 καὶ
613 3472 663 3524 οἱ
721 3469 821 3541 μὲν
873 3468 1256 3540 μαλάττονται,
1294 3468 1344 3521 οί
1394 3467 1452 3521 δέ
1498 3465 1734 3538 σκληρύ-

170 3580 362 3618 voveat.
396 3562 581 3616 Τοῦτο
612 3564 709 3615 καὶ
742 3562 771 3615 6
793 3561 1001 3633 Κύριος
1039 3563 1097 3615 ἐν
1124 3564 1237 3622 τοῖς
1287 3563 1452 3631 ἱεροῖς
1494 3560 1735 3630 Εύαγγε-

170 3651 294 3717 lict;
319 3654 666 3724 δεδήλωκεν.
707 3671 726 3706 ι
766 3654 858 3718 Εἰς
892 3655 1065 3725 κρῖμα
1106 3651 1238 3725 γὰρ,
1282 3652 1466 3723 φησὶν,
1517 3652 1627 3721 ἐγὼ
1653 3653 1734 3716 είς

168 3747 251 3799 τὸν
278 3747 493 3816 κόσμον
525 3744 719 3799 τοῦτον
746 3741 932 3817 ἦλθον,
979 3746 1065 3799 ἵνα
1098 3746 1150 3799 οί
1181 3744 1256 3816 μὴ
1299 3744 1585 3815 βλέποντες
1617 3744 1736 3815 βλέ-

170 3855 330 3901 πωσι,
357 3838 457 3891 καὶ
512 3839 564 3890 οί
609 3837 897 3908 βλέποντες
945 3838 1134 3907 τυφλοὶ
1167 3837 1451 3905 γένωνται.
1508 3854 1528 3887 ι
1566 3835 1736 3889 Τοῦτο

166 3930 221 3981 δὲ
251 3930 317 3982 οὗ
350 3928 446 3981 τοῦ
472 3929 745 3982 Δεσπότου
773 3928 926 3998 δηλοῖ
943 3928 1033 3982 τὸν
1062 3928 1290 3983 σκοπόν.
1325 3929 1445 3982 οὐδὲ
1473 3928 1581 3999 γὰρ
1613 3927 1735 3982 τού-

165 4037 261 4073 του
293 4021 457 4090 χάριν
491 4018 773 4091 ἐλήλυθεν,
792 4019 882 4073 ῐνα
905 4019 1142 4089 τυφλοὺς
1172 4020 1429 4094 ἀποφήνῃ
1458 4021 1583 4083 τοὺς
1611 4019 1735 4091 βλέ-

167 4128 401 4173 πονταςο
421 4112 548 4164 ἀ)λά
563 4112 627 4165 τὸ
646 4110 1023 4181 γεγενημένον
1047 4110 1366 4181 δεδήλωκεν.
1389 4128 1409 4163 t
1431 4110 1599 4174 Αὐτὸς
1623 4111 1734 4181 (44)

167 4203 278 4273 μὲν
312 4206 418 4274 γὰρ
452 4203 709 4273 βούλεται
736 4205 946 4267 πάντας
988 4202 1310 4275 ἀνθρώπους
1350 4202 1614 4271 σωθῆναι,
1644 4204 1737 4256 καὶ

162 4297 245 4357 εἰς
290 4295 595 4363 ἐπίγνωσιν
646 4295 903 4366 ἀληθείας
953 4294 1147 4349 ἐλθεῖν.
1215 4314 1235 4347 ι
1290 4295 1507 4365 Ἐπειδὴ
1574 4295 1630 4347 δὲ
1676 4294 1736 4347 τὸ

166 4386 498 4456 αὐθαίρετον
556 4388 674 4459 ἔχει
725 4388 835 4444 τῶν
884 4386 1188 4460 ἀνθρώπων
1248 4390 1281 4459 ή
1322 4385 1505 4457 φύσις,
1554 4387 1606 4439 οἱ
1638 4387 1736 4457 μὲν

166 4480 609 4543 πεπιστευκότες
637 4479 911 4551 σωτηρίας
940 4480 1285 4552 ἀπήλαυσαν,
1314 4481 1364 4532 οἱ
1402 4479 1460 4533 δὲ
1501 4480 1736 4550 ἀπιστή-

170 4582 364 4632 σαντες
390 4569 651 4640 πρόξενοι
694 4570 907 4632 ἑαυτοῖς
922 4571 1032 4642 (45)
1064 4571 1167 4641 τῆς
1208 4571 1433 4642 γεέννης
1479 4571 1737 4642 γεγένην-

168 4676 274 4713 ται.
329 4659 525 4724 Οῦτως
558 4662 589 4713 6
654 4660 855 4725 Ἰούδας
888 4661 1097 4732 βλέπων
1148 4662 1461 4733 (ἀπόστολος
1492 4665 1601 4736 γὰρ
1624 4661 1736 4735 ἦν),

174 4751 402 4823 ὕστερον
422 4752 714 4824 ἐτυφλώθη
737 4769 751 4784 ·
786 4754 816 4806 6
851 4753 908 4807 δέ
959 4753 1245 4818 θεσπέσιος
1279 4755 1487 4819 Παῦλος
1542 4756 1739 4826 τυφλὸς

171 4843 243 4897 ὢν
273 4846 572 4917 πρότερον,
602 4845 897 4917 ἀνέϐλεψεν
928 4842 1174 4919 ὕστερον.
1202 4847 1358 4902 Οὕτω
1387 4848 1475 4902 διὰ
1510 4848 1612 4919 τῆς
1644 4848 1738 4901 τοῦ

244 5022 704 5088 'Exod.u,12.
783 5022 1079 5079 -ibid.i6.
1160 4986 1723 5089 tEitod.tx,515,1’>5.

1840 1996 1981 2052 Deus
2033 1999 2271 2053 omnium
2333 1998 2618 2068 ignoravit,
2658 2000 2755 2055 sed
2789 2000 2857 2055 ab
2918 2002 3073 2056 initio
3131 2005 3395 2072 praedixit.

1836 2086 1963 2144 Haec
2006 2097 2189 2145 autem
2221 2090 2476 2146 universa
2517 2091 2789 2155 recensui,
2819 2094 3011 2149 docere
3063 2096 3268 2158 volens.
3300 2113 3399 2153 ne—

1838 2194 1945 2250 que
1991 2179 2331 2235 Pharaonem
2357 2179 2529 2237 fuisse
2558 2192 2768 2237 natura:
2823 2198 3020 2253 pravze.
3077 2202 3251 2256 neque
3293 2186 3400 2240 Do-

1838 2273 2044 2326 minum
2092 2271 2261 2326 Deum
2291 2272 2532 2326 animum
2579 2272 2700 2343 ejus
2726 2274 2925 2329 durum
2956 2285 3009 2330 et
3038 2277 3395 2333 reluctantem

1837 2362 2053 2419 fecisse.
2097 2361 2233 2416 Nam
2260 2362 2354 2431 qui
2395 2364 2559 2418 modo
2610 2364 2667 2418 in
2702 2366 2860 2431 hanc,
2928 2367 3089 2423 modo
3142 2370 3194 2423 in
3252 2370 3396 2425 illam

1837 2467 2042 2524 partem
2079 2455 2324 2520 inclinat,
2360 2456 2698 2534 demonstrat
2722 2458 2945 2513 liberam
2977 2461 3147 2516 animi
3206 2464 3398 2517 volun-

1838 2556 2023 2603 tatem.
2076 2548 2380 2616 Cazterum,
2422 2559 2479 2606 ut
2517 2552 2698 2624 aliqua
2744 2554 2978 2610 adducta
3041 2556 3399 2615 similitudine

1836 2641 2263 2696 controversiam
2290 2643 2674 2707 dissolvamus,
2707 2646 2786 2700 sol
2813 2646 2864 2701 vi
2891 2647 3088 2703 caloris
3115 2650 3197 2704 sui
3216 2665 3396 2705 ceram

1836 2730 2055 2799 quidem
2082 2730 2383 2801 liquefacit,
2431 2735 2605 2790 lutum
2648 2751 2778 2792 vero
2815 2738 3092 2794 exsiccat:
3144 2750 3198 2796 et
3254 2742 3397 2797 illam

1837 2819 2055 2889 quidem
2084 2821 2311 2889 emollit,
2364 2824 2469 2878 hoc
2520 2834 2701 2880 autem
2748 2826 2985 2884 indurat.
3033 2829 3401 2895 Quemadmo-

1835 2911 1964 2965 dum
2014 2927 2146 2982 ergo
2175 2913 2257 2968 sol
2287 2916 2393 2970 iste
2425 2931 2531 2971 una
2564 2925 2619 2972 et
2657 2917 2845 2973 eadem
2877 2919 3077 2976 virtute
3129 2925 3401 2979 contraria

1835 3013 2130 3072 operatur:
2173 3006 2253 3061 sic
2285 3022 2351 3062 ex
2382 3006 2793 3079 longanimitate
2821 3009 2914 3067 Dei
2971 3013 3214 3069 omnium
3260 3030 3401 3071 non-

1838 3097 1970 3151 nulli
2022 3097 2243 3167 capiunt
2270 3099 2574 3167 utilitatem,
2606 3102 2696 3157 alii
2726 3119 2855 3158 vero
2902 3104 3200 3160 damnum:
3230 3118 3285 3162 et
3326 3108 3402 3163 illi

1838 3188 2213 3253 emolliuntur,
2246 3188 2338 3245 isti
2368 3205 2499 3245 vero
2547 3192 2894 3248 indurantur.
2926 3194 3080 3262 Quod
3112 3206 3165 3252 et
3218 3196 3406 3252 Domi—

1840 3296 1944 3336 nus
1969 3280 2266 3336 declaravit
2292 3282 2346 3336 in
2397 3283 2569 3339 sacris
2600 3285 2937 3356 Evangeliis:
2978 3307 2996 3339 ι
3032 3290 3110 3345 Ad
3136 3290 3401 3360 judicium

1839 3371 2007 3437 enim,
2037 3370 2232 3442 inquit,
2266 3388 2366 3445 ego
2393 3373 2446 3428 in
2479 3375 2625 3430 hunc
2659 3376 2819 3448 139
2849 3380 3112 3436 mundum
3148 3384 3294 3449 veni,
3345 3394 3406 3437 ut

1839 3462 1932 3531 qui
1959 3477 2068 3518 non
2098 3464 2301 3531 vident,
2328 3465 2543 3521 videant
2569 3478 2650 3521 :et
2674 3470 2767 3538 qui
2792 3469 3131 3537 vident,c:eci
3162 3471 3350 3528 ﬁant“.
3379 3493 3399 3525 ι

1840 3552 1959 3609 Non
2017 3556 2163 3625 quod
2193 3572 2288 3626 per
2318 3556 2422 3613 hoc
2456 3558 2766 3614 declaretur
2798 3561 2959 3616 talem
2985 3560 3154 3618 fuisse
3189 3563 3403 3618 Domini
3436 3618 3451 3635 ,

1843 3661 2106 3716 scopum:
2146 3664 2325 3718 neque
2350 3650 2495 3705 enim
2533 3650 2698 3721 hujus
2758 3652 2834 3707 rei
2888 3655 3061 3723 gratia
3124 3656 3290 3723 venit,
3343 3667 3404 3711 ut

1840 3740 2030 3794 reddat
2061 3755 2154 3795 eos
2185 3742 2281 3811 qui
2309 3741 2493 3797 vident
2518 3758 2731 3811 czecos;
2777 3745 2870 3801 sed
2904 3746 2958 3801 id
3006 3748 3152 3817 quod
3200 3748 3400 3805 factum

1841 3840 1925 3886 est
1956 3832 2217 3889 indicavit
2241 3851 2254 3887 :
2294 3853 2313 3885 ι
2357 3832 2476 3905 Ipse
2492 3836 2638 3890 enim
2658 3838 2773 3892 vult
2802 3853 2992 3894 omnes
3017 3839 3268 3896 homines
3296 3846 3403 3898 sal-

1842 3940 1937 3979 vos
1963 3925 2100 3991 ﬁeri,
2148 3933 2202 3980 et
2252 3926 2318 3980 ad
2373 3926 2735 3997 cognitionem
2786 3929 3028 3985 veritatis
3077 3934 3261 3987 venire
3289 3944 3336 3990 ν.
3380 3958 3397 3988 ι

1842 4014 1944 4069 Sed
1974 4031 2097 4071 cum
2133 4016 2369 4071 humana
2404 4028 2597 4073 natura
2629 4019 2839 4074 arbitrii
2873 4020 3401 4081 habeat'libertatem

1841 4107 1935 4177 qui
1977 4107 2341 4173 crediderunt,
2374 4108 2603 4164 salutem
2634 4120 2761 4165 sunt
2805 4114 3117 4169 consecuti:
3163 4117 3405 4186 quivero

1842 4214 1953 4253 non
1987 4199 2357 4265 crediderunt,
2402 4200 2661 4272 gehennae
2687 4204 2792 4259 sibi
2815 4203 2945 4260 facti
2975 4214 3101 4261 sunt
3127 4219 3403 4265 auctores.

1845 4288 1937 4346 Sic
1981 4300 2035 4346 et
2069 4289 2239 4345 Judas
2269 4291 2438 4356 vidit,
2479 4294 2749 4364 siquidem
2777 4297 3058 4367 apostolus
3085 4308 3220 4362 erat,
3253 4311 3405 4370 post-

1842 4398 1905 4437 ea
1935 4398 2059 4438 vero
2085 4393 2387 4439 excaecatus
2416 4394 2499 4441 est
2525 4404 2538 4439 :
2574 4386 2789 4444 divinus
2814 4398 2996 4446 autem
3019 4389 3238 4459 Paulus,
3282 4408 3404 4448 cum

1844 4483 2003 4528 antea
2028 4487 2206 4528 cacus
2232 4484 2397 4539 esset,
2428 4483 2616 4545 postea
2662 4477 2836 4533 visum
2889 4481 3109 4549 recepit.
3166 4478 3257 4535 Sic
3312 4497 3408 4551 per

1844 4568 2133 4623 adventum
2165 4567 2466 4625 Salvatoris
2516 4572 2827 4628 Judatorum
2880 4574 3101 4644 plurimi
3148 4577 3405 4631 excaecati

1841 4668 1989 4723 sunt,
2022 4668 2210 4730 gentes
2238 4671 2416 4714 autem
2456 4662 2633 4717 visum
2684 4675 3021 4735 receperunt.
3060 4664 3173 4721 Non
3225 4676 3407 4721 tamen

1846 4751 1918 4805 ob
1950 4751 2024 4815 id,
2048 4750 2195 4820 quod
2226 4751 2446 4820 quidam
2479 4767 2586 4807 non
2613 4765 2768 4808 erant
2798 4755 3080 4822 credituri,
3122 4756 3406 4827 oportebat

1845 4843 2301 4914 dispensationem
2332 4842 2631 4899 Salvatoris
2657 4846 2832 4900 nostri
2852 4846 3150 4902 secundum
3184 4860 3406 4902 carnem

1800 5030 1827 5058 υ
1853 5021 2013 5078 Joan.
2044 5040 2119 5088 ix,
2154 5024 2243 5080 39.
2314 5037 2340 5065 ν
2374 5027 2393 5080 Ι
2424 5026 2562 5081 Tim.
2604 5043 2663 5088 ll,
2688 5026 2741 5080 4.

1050 5177 1284 5235 VARUS
1323 5176 1699 5234 LECTIONES
1730 5176 1818 5233 EX
1862 5177 2136 5234 CATENA
2170 5176 2523 5234 LIPSIENSI.

242 5318 287 5349 ”
316 5317 435 5373 Cat.
469 5333 525 5388 p.
559 5318 685 5375 605.
712 5318 863 5372 ἐσκλ.
888 5319 921 5389 ἡ
950 5318 1144 5390 καρδία
1168 5320 1306 5389 Φαρ.

246 5484 363 5552 (38)
388 5483 659 5551 Διόάξας.
696 5484 829 5539 Cod.
862 5493 915 5538 et
932 5483 1043 5540 Pic.
1077 5483 1277 5549 δείξας.

250 5555 359 5623 (59)
392 5556 526 5608 Cod.
551 5566 603 5609 et
632 5554 742 5625 Pic.
766 5555 1094 5624 φλυκτενῶν.
1116 5555 1438 5625 Interpretcs
1456 5553 1626 5607 Graeci
1649 5568 1732 5608 us:

178 5632 303 5675 sunt
342 5638 478 5678 voce
507 5624 810 5693 φλυκτίδες.

249 5693 361 5762 (40)
405 5695 631 5763 ἰσχύν.
659 5694 797 5750 Cod.
830 5706 884 5748 et
902 5694 1013 5749 Pic.
1046 5695 1293 5759 δύνααιν,
1328 5709 1449 5764 qua:
1470 5704 1553 5750 est
1582 5694 1738 5764 lectio

179 5764 302 5837 god:
331 5764 686 5837 Δίειηιεὶιυό.
711 5765 991 5837 tx,16.lta
1012 5782 1228 5837 quoque
1256 5763 1452 5837 legitur
1483 5765 1535 5819 in
1565 5763 1735 5833 Epist.

184 5830 247 5884 Β.
272 5831 418 5888 Pauli
448 5835 517 5889 ad
546 5832 704 5890 Rom.
732 5850 813 5900 lx,
850 5836 936 5888 17.

2048 5489 2182 5565 god.
2212 5488 2535 5565 Eaxli‘jpuvsv
2564 5489 2598 5558 ή
2619 5485 2837 5565 καρδία.
2935 5554 2949 5565 ⁸
2978 5553 3034 5565 Ν

1912 5553 2306 5628 (42)Εικόνος.
2340 5553 2463 5612 Des.
2498 5559 2552 5611 in
2576 5553 2709 5612 cod.
2724 5566 2778 5611 et
2808 5554 2951 5624 apud
2978 5553 3089 5609 Pic.

1896 5627 2399 5712 (ίέτξὶίὶίξάορθῖφςι
2490 5696 2513 5712 η
2684 5695 2771 5712 η,
2839 5687 2886 5712 ιτ

1918 5695 2034 5769 (46)
2053 5698 2262 5764 Αὐτός.
2277 5696 2424 5769 βοάζ
2457 5696 2662 5769 οὕτωςέ
2677 5695 2798 5769 Pic.
2830 5695 3005 5769 οῦτος.

2066 5767 2349 5833 ἐαυτοῖς.
2382 5766 2521 5823 Cod.
2557 5774 2612 5821 οι
2632 5764 2745 5821 Pic.
2784 5765 2954 5820 σφίσι.

2944 5978 2973 6005 \
