3964 6540
518 411 625 476 239

1500 382 1983 450 THEODORETI
2023 374 2364 441 EPISCOPI
2397 366 2760 435 CYRENSIS

3641 356 3750 420 2&0

516 536 629 579 non
680 514 834 571 ﬁeri:
884 511 987 571 hoc
1009 508 1157 567 enim
1190 498 1681 575 privusset'orbem
1742 494 1934 550 salute.
1992 490 2116 550 Sic,

2220 483 2432 552 ,ωτῆρος
2459 478 2800 549 ἐπιφανείας,
2818 472 3204 543 ἐτυφλώθησαν
3225 470 3323 540 μὲν
3344 467 3450 522 τῶν
3484 468 3756 523 Ἰουδαίων

518 625 572 671 et
622 605 940 683 perdivinus
973 600 1193 663 Simeon
1219 594 1390 652 dixit:
1423 611 1441 647 ι
1479 588 1620 645 Ecce
1648 587 1859 658 positus
1884 592 1968 638 est
1993 582 2086 635 hic

520 707 576 761 in
608 672 864 770 :lapsum
894 705 948 750 et
977 688 1433 749 resurrectionem
1466 683 1761 739 multorum
1790 677 1857 747 iin
1894 672 2082 735 Israel,

519 794 653 853 etin
689 792 905 861 signum
952 785 1042 840 cui
1088 780 1493 841 contradicetur
1526 784 1574 826 ι.
1618 791 1637 825 ι
1701 770 2086 824 Verumtamen

528 1171 649 1215 turo
680 1168 812 1211 vero
846 1150 1045 1208 saeculo
1074 1147 1223 1217 iuste
1247 1142 1523 1214 judicans,
1570 1138 1693 1193 illos
1744 1143 1803 1189 ut
1853 1131 2094 1186 victores

528 1250 760 1305 athletas
789 1252 1034 1305 coronet,
1065 1239 1166 1293 hos
1210 1249 1336 1291 vero
1369 1232 1561 1303 puniat
1588 1244 1687 1284 ceu
1716 1242 1812 1281 eos
1851 1224 1949 1294 (μῆ
1999 1236 2096 1276 ne-

527 1340 711 1413 quitiaa
737 1353 796 1391 se
837 1333 1124 1390 dederunt.
1159 1327 1228 1382 Et
1277 1326 1405 1396 quia
1440 1338 1548 1380 non
1598 1334 1788 1379 omnes
1819 1318 1983 1373 vitam
2011 1315 2096 1367 fu—

529 1408 707 1487 turam
763 1426 1008 1490 credunt,
1042 1422 1185 1476 Deus
1240 1418 1486 1474 omnium
1518 1415 1679 1472 etiam
1728 1415 1780 1466 in
1831 1412 1934 1464 hac
1990 1408 2097 1463 vita

528 1524 797 1593 quosdam
856 1514 1263 1587 sapientissime
1322 1509 1476 1581 punit
1525 1506 1790 1574 ﬂagitiose
1833 1504 2096 1561 viventes,

535 1617 694 1687 130
718 1624 771 1669 et
800 1611 1038 1666 vicissim
1069 1607 1205 1662 alios
1230 1603 1486 1675 praedicat
1516 1597 1794 1669 religionis
1828 1594 2100 1649 studiosos

534 1683 1075 1761 nonvmediocriter.
1146 1695 1490 1764 Quapropter
1543 1689 1756 1744 divinus
1810 1683 2102 1754 Apostolus

2186 578 2233 628 οἱ
2268 574 2531 634 πλεῖστοι,
2590 569 2891 637 ἀνέϐλεψαν
2929 566 3041 636 (Mil
3092 564 3148 617 δὲ
3192 564 3261 621 τά
3307 561 3456 631 ἔθνη.
3513 561 3590 613 Οὐ
3628 560 3757 629 μὴν,

2188 667 2375 735 ἐπειδή
2423 681 2570 726 τινες
2627 661 2851 731 ἔμελλον
2887 656 3235 726 ἀπιστήσειν,
3279 652 3447 722 ἐχρῆν
3499 653 3576 722 μὴ
3604 652 3761 717 γενέ-

2191 761 2315 812 σθαι
2347 759 2447 827 τὴν
2469 755 2611 810 κατά
2636 753 2815 824 σάρκα
2843 749 2937 803 τοῦ
2964 748 3219 819 Σωτῆρος
3248 745 3404 817 ἡμῶν
3424 744 3759 810 οίκονομίοιν⁸

2190 849 2347 903 τοῦτο
2380 848 2490 918 γάρ
2525 845 2817 914 ἀπεστέρει
2844 842 2943 912 τὴν
2977 840 3305 909 οἰκουμένην
3330 836 3429 906 τῆς
3462 836 3763 906 σωτηρίας.

2192 938 2347 992 Οὕτω
2402 917 2496 989 καὶ
2553 934 2877 995 ὀθειότατος
2908 926 3307 1001 ἓφηΣυμεώνο
3353 946 3372 978 ι
3429 925 3555 979 Ἰδοὺ
3601 917 3767 987 οὗτος

2194 1036 2369 1086 κεῖται
2425 1035 2504 1092 εἰς
2562 1028 2772 1082 πτῶσιν
2825 1026 2918 1080 καὶ
2969 1027 3267 1080 ἀνάστασιν
3309 1021 3519 1076 πολλῶν
3579 1022 3639 1072 ἐν
3688 1019 3776 1088 τῷ

2207 1123 2444 1194 Ἰσραὴλ,
2468 1122 2562 1176 καὶ
2592 1123 2674 1183 είς
2720 1121 2947 1190 σημεῖον
2982 1116 3416 1187 ἀντιλεγόμενον.
3470 1133 3488 1166 ι
3525 1113 3778 1166 Κάκείνο

2200 1216 2382 1286 μέντοι
2407 1213 2606 1266 εἰδέναι
2634 1212 2760 1282 χρὴ,
2785 1210 2861 1273 ὼς
2890 1211 2981 1262 τὸν
3019 1209 3265 1279 παρόντα
3296 1208 3409 1277 βίον
3436 1208 3464 1259 6
3488 1206 3601 1259 τῶν
3623 1205 3772 1257 ὅλων

2201 1307 2334 1369 Θεὸς
2357 1305 2569 1359 στάδιον
2601 1302 3049 1373 τοίςάνθρώποις
3071 1301 3368 1368 ἀπέφηνεν,
3398 1298 3469 1350 ἵν’
3506 1299 3561 1350 ἐν
3584 1297 3775 1365 τούτῳ

2197 1397 2610 1467 ἀγωνιζόμενοι,
2645 1394 2930 1464 δηλώσωσι
2959 1392 3051 1444 τὸν
3081 1393 3283 1443 οἰκεῖον
3321 1388 3521 1442 σκοπόν
3543 1403 3557 1416 ⁸
3613 1389 3673 1440 ἐν
3714 1386 3775 1438 δέ

2200 1508 2264 1560 γε
2298 1490 2375 1560 τῷ
2414 1487 2658 1559 μέλλοντι
2685 1485 2784 1555 τὴν
2812 1484 3033 1537 δικαίαν.
3062 1481 3386 1550 ποιούμενος
3414 1481 3620 1551 κρίσιν,
3643 1481 3785 1539 τοὺς

2205 1584 2302 1651 μὲν
2339 1581 2414 1643 ώς
2448 1579 2775 1647 νικηφόρους
2825 1574 3131 1644 ἀγωνιστὰς
3164 1571 3505 1641 στεφανώσῃ,
3544 1572 3669 1631 τοὺς
3722 1570 3784 1621 δὲ

2203 1675 2404 1743 κολάσῃ
2422 1672 2497 1734 ὡς
2516 1671 2615 1740 τῆς
2637 1668 2835 1726 κακίας
2852 1668 3085 1737 ἐργάτας
3106 1664 3522 1734 γεγενημένους.
3557 1661 3785 1731 Ἐπειδὴ

536 1795 806 1869 quosdam
838 1794 932 1847 irae
980 1805 1132 1852 vasa,
1201 1785 1490 1843 nonnullos
1540 1796 1668 1835 vasa
1716 1774 2103 1833 misericordiae

2220 1768 2261 1819 Ξέ
2294 1768 2391 1836 οὺχ
2418 1765 2659 1824 ἅπαντες
2702 1761 2779 1831 τῷ
2809 1761 3058 1830 μέλλοντι
3104 1757 3419 1810 πιστεύουσι
3467 1756 3587 1826 βίῳ,
3634 1756 3790 1825 μάλα

2323 1857 2345 1867 η.
2410 1855 2511 1869 ιιι-ι
2554 1854 2565 1869 ο
2647 1854 2666 1864 ν
2755 1852 2796 1869 ἰκ
2935 1848 3063 1869 fl“-
3125 1849 3212 1869 --μὶ
3271 1847 3485 1869 ---λι1.)’,-
3538 1848 3691 1869 ___.3_-
3726 1848 3787 1869 ι-.

540 1858 849 1947 nominavit
878 1895 907 1934 γ
936 1903 949 1939 :
975 1883 1103 1953 quia
1136 1895 1232 1950 per
1262 1878 1386 1933 illos
1437 1874 1744 1930 declaratur
1807 1858 1951 1938 iuste
2004 1882 2105 1937 pu-

537 1984 693 2039 niens
744 1977 1005 2035 Dominus
1053 1974 1230 2039 Deus;
1282 1986 1378 2041 per
1402 1969 1501 2023 hos
1538 1976 1718 2021 autem
1748 1962 1964 2017 virtutis
1987 1969 2096 2013 stu-

536 2076 723 2132 diosos
771 2070 921 2127 omni
970 2082 1103 2123 cura
1145 2073 1200 2120 et
1226 2060 1562 2133 providentia
1596 2070 1950 2128 prosequens.
1994 2051 2104 2105 Me-

538 2168 693 2222 dicos
725 2176 928 2225 autem,
970 2159 1062 2229 qui
1093 2169 1323 2226 corpora
1374 2160 1587 2216 curant,
1625 2150 1807 2204 videre
1861 2155 1945 2202 est
1977 2160 2103 2200 cau-

541 2260 695 2316 teriis
734 2270 787 2313 et
817 2252 1174 2310 incisionibus
1215 2248 1317 2313 uti,
1359 2262 1423 2301 ac
1454 2246 1665 2300 abditos
1691 2244 1967 2303 humores,
2014 2238 2108 2308 qui

541 2349 792 2405 morbum
846 2344 1186 2400 acerbiorem
1219 2339 1474 2401 reddunt,
1499 2336 1732 2390 educere
1762 2341 1816 2386 et
1837 2344 2107 2393 amovere,

540 2448 597 2495 et
629 2439 855 2493 latentes
880 2431 1192 2488 aﬂ‘ectiones
1222 2426 1591 2482 manifestare.
1626 2424 1718 2478 Sic
1743 2432 1797 2477 et
1832 2421 1973 2474 Deus
2000 2419 2113 2472 uni-

542 2531 687 2587 versi
718 2527 1075 2598 cogitationes
1103 2520 1383 2590 improbas
1408 2515 1857 2587 castigationibus
1886 2512 2108 2567 revelat.

543 2622 713 2694 ldque
740 2618 930 2680 lsraeli
972 2617 1112 2673 dixit
1151 2615 1208 2670 in
1249 2608 1710 2668 Deuteronomio:
1762 2625 1780 2657 ι
1815 2604 1883 2658 Ει
1929 2617 2112 2657 recor-

544 2720 763 2779 daberis
811 2717 975 2773 totius
1006 2715 1127 2776 viaz,
1165 2726 1261 2781 per
1298 2724 1463 2779 quam
1499 2705 1726 2765 adduxit
1758 2713 1807 2757 te
1852 2700 2115 2754 Dominus

546 2815 690 2871 Deus
723 2823 848 2867 tuus
876 2805 1238 2880 quadraginta
1271 2801 1429 2855 annis
1458 2814 1553 2869 per
1583 2796 1889 2857 desertum,
1929 2801 1988 2845 ut
2034 2790 2116 2845 af-

548 2884 762 2979 ﬂigeret
792 2912 865 2969 te,
899 2909 1065 2969 atque
1095 2903 1329 2950 tentaret
1362 2901 1434 2956 te,
1462 2899 1517 2945 et
1565 2898 1694 2942 nota
1722 2888 1931 2949 tierent,
1997 2898 2119 2953 qua:

550 3003 607 3059 in
659 3007 754 3053 tuo
780 2995 961 3050 animo
984 2988 1341 3045 versabantur
1390 2992 1571 3037 utrum
1601 2980 1905 3037 custodires
1965 2991 2119 3030 man-

551 3094 677 3145 data
723 3087 886 3149 illius,
913 3100 980 3137 an
1014 3096 1142 3135 non.
1189 3076 1396 3130 Amixit
1422 3076 1607 3143 itaque
1637 3082 1708 3137 te,
1766 3079 1821 3124 et
1872 3068 2014 3122 tame
2071 3076 2124 3121 te

554 3180 849 3239 maceravit
874 3187 921 3242 ι,
950 3194 971 3229 ι
1003 3183 1059 3230 et
1095 3171 1322 3240 reliqua.
1350 3168 1504 3223 Sicut
1531 3180 1662 3236 ergo
1684 3162 1878 3218 medici
1902 3174 2117 3215 rursum
2148 3181 2189 3238 ρ

554 3275 741 3332 multis
784 3267 1139 3342 praesentibus
1188 3277 1284 3318 eos
1311 3260 1407 3331 qui
1443 3258 1632 3313 morbo
1664 3256 1913 3311 laborant
1979 3253 2124 3307 insa-

556 3367 746 3432 nabili,
792 3370 1002 3427 secant,
1046 3373 1155 3412 non
1200 3364 1312 3413 tam
1364 3362 1425 3408 ut
1456 3351 1524 3405 iis
1578 3358 1917 3411 succurrant,
1946 3348 2126 3401 sciunt

557 3459 704 3513 enim
739 3455 959 3510 illorum
985 3449 1237 3504 morbum
1289 3460 1412 3501 esse
1446 3442 1831 3508 incurabilem,
1862 3455 2023 3510 quam
2065 3448 2125 3493 ut

558 3551 790 3605 doceant
805 3543 1102 3613 discipulos
1132 3539 1396 3594 rationem
1432 3534 1681 3591 medendi
1703 3553 1716 3589 :
1737 3536 1811 3589 ita
1841 3533 1981 3587 Deus
1994 3526 2138 3586 Pila?

560 3655 788 3699 raonem
809 3635 1191 3693 crudelissimo
1225 3642 1279 3688 et
1308 3630 1479 3687 ferino
1512 3629 1696 3682 animo
1757 3624 2125 3695 indulgentem

562 3732 870 3801 omnigenis
899 3724 1183 3798 suppliciis
1231 3721 1487 3791 subjecit,
1542 3719 1702 3788 plane
1747 3717 1950 3771 docens
2004 3729 2125 3767 om-

563 3838 661 3878 nes
692 3822 964 3883 homines,
989 3816 1135 3888 quod
1170 3817 1285 3885 ipse
1319 3822 1629 3869 creaturam
1678 3818 1856 3880 regat,
1904 3808 1997 3878 qui
2040 3807 2130 3876 ju-

564 3930 647 3973 ste
688 3915 987 3971 ulciscatur
1032 3910 1286 3979 iniuriam
1328 3922 1542 3978 passos,
1587 3913 1641 3960 et
1679 3912 1935 3958 nocentes
1985 3901 2131 3971 juste

565 4010 775 4080 puniat.
813 4006 972 4073 Quod
1002 4013 1056 4059 et
1091 4001 1366 4057 Pharaoni
1397 4000 1548 4071 131
1587 3999 1763 4054 dixit:
1803 4015 1822 4049 ‹
1860 3997 1985 4051 Ideo
2003 4010 2131 4050 con-

567 4110 817 4156 servatus
853 4114 935 4161 es,
960 4107 1019 4152 ut
1043 4094 1325 4171 ostendam
1360 4093 1414 4148 in
1444 4102 1497 4148 te
1525 4091 1824 4163 potentiam
1854 4104 2050 4155 meam,
2081 4097 2133 4142 et

569 4202 634 4247 ut
676 4190 1031 4246 annuntietur
1059 4202 1254 4242 nomen
1293 4200 1474 4241 meum
1508 4184 1562 4238 in
1588 4184 1841 4238 universa
1876 4191 2019 4237 terra
2044 4190 2083 4233 ·.
2108 4199 2126 4231 ι

570 4282 727 4349 Quod
776 4289 959 4335 autem
1011 4278 1212 4349 passim
1256 4276 1505 4341 evulgata
1565 4276 1639 4330 sit
1684 4260 1959 4341 gestorum
2020 4287 2133 4327 me-

572 4372 771 4439 moria,
805 4381 1035 4426 testatur
1095 4368 1247 4423 Raab
1281 4368 1555 4431 meretrix,
1604 4382 1725 4437 quae
1770 4364 2134 4435 exploratori-

576 4468 678 4520 bus
714 4465 884 4519 dixit:
949 4482 968 4514 ι
1008 4462 1206 4517 Terror
1261 4470 1441 4517 vester
1471 4470 1527 4517 et
1580 4468 1785 4516 tremor
1831 4459 1997 4514 vestri
2044 4473 2135 4513 ce-

576 4556 707 4612 cidit
732 4571 895 4627 super
940 4570 1062 4609 nos.
1094 4553 1417 4608 Audivimus
1464 4552 1633 4616 enim,
1688 4553 1831 4622 quod
1878 4550 2139 4605 Dominus

581 4647 722 4703 Deus
750 4656 928 4701 vester
956 4642 1306 4705 exsiccaverit
1339 4657 1489 4696 mare
1515 4640 1759 4695 Rubrum
1788 4649 1911 4695 ante
1949 4639 2139 4695 faciem

578 4746 819 4793 vestram
844 4737 894 4789 δ.
932 4754 951 4789 ι
1004 4733 1300 4789 Testantur
1348 4733 1509 4786 etiam
1556 4732 1610 4786 id
1661 4731 1993 4800 alienigenae,
2049 4731 2142 4798 qui

577 4828 770 4897 procul
833 4842 1016 4881 arcam
1090 4826 1387 4891 intuentes,
1436 4824 1920 4878 vociferabantur:
1977 4842 1995 4873 ι
2052 4820 2143 4875 Vae

579 4919 757 4985 nobis,
792 4918 881 4973 hic
912 4928 996 4972 est
1035 4916 1198 4981 Deus,
1220 4916 1312 4985 qui
1345 4915 1616 4984 percussit
1646 4914 1997 4985 ASgyptumC.
2049 4932 2067 4963 ι

2140 1845 2179 1898 Β
2211 1855 2516 1925 σοφῶςμῗ)
2545 1854 2572 1904 ό
2602 1854 2711 1905 τῶν
2751 1852 2888 1904 ὅλων
2933 1848 3065 1911 Θεὸς
3123 1849 3217 1901 καὶ
3270 1847 3487 1910 κολάζει
3535 1848 3691 1910 τινὰς
3723 1848 3789 1897 ἐν

2205 1948 2337 2019 τῷδε
2359 1947 2435 2017 τῷ
2459 1946 2556 2016 βίῳ
2586 1942 2817 2013 πονηρίᾳ
2836 1940 3195 2008 συνεζηκότας
3218 1982 3232 2004 ,
3270 1940 3363 1992 καὶ
3393 1938 3461 1991 αὖ
3488 1939 3649 1991 πάλιν
3668 1938 3789 2007 (ιὸ)

2208 2040 2402 2101 ἄλλους
2451 2035 2817 2105 ἀνακηρύττει
2884 2031 3167 2095 εὐσεϐείας
3226 2030 3652 2101 πεφροντικότας
3706 2030 3791 2090 ὡς

2213 2132 2470 2202 μάλιστα.
2524 2129 2728 2183 Τούτου
2782 2129 2938 2194 χάριν
2979 2124 3006 2175 ὁ
3047 2123 3188 2185 θεῖος
3249 2121 3591 2182 Ἀπόστολος,
3627 2121 3791 2182 τινὰς

2214 2226 2310 2295 μὲν
2344 2222 2515 2290 σκεύη
2546 2220 2738 2291 ὀργῆς,
2764 2217 2915 2279 τινὰς
2962 2215 3017 2268 δέ
3049 2215 3215 2284 σκεύη
3261 2214 3444 2276 ἐλέους
3475 2213 3791 2280 ὠνόμασεν,

2212 2315 2399 2385 ἐπειδὴ
2443 2314 2510 2366 δι’
2548 2311 2770 2364 ἐκείνων
2797 2310 2845 2339 ⁷³
2868 2308 2968 2380 μὲν
3007 2307 3159 2377 δῆλος
3188 2308 3397 2374 γίνεται
3428 2305 3671 2367 κολάζων
3694 2306 3792 2358 ἐν·

2211 2411 2372 2470 δίκως
2403 2406 2515 2477 (49)
2563 2409 2589 2458 6
2618 2404 2896 2472 Δεσπότης
2933 2401 3066 2463 Θεός
3087 2417 3100 2429 ·
3148 2400 3238 2453 διὰ
3260 2399 3313 2452 δέ
3345 2401 3552 2451 τούτων
3581 2401 3793 2468 ἐπιμε-

2213 2502 2363 2562 λείας
2388 2496 2736 2566 παντοδαπῆς
2774 2494 2939 2559 ἁξιῶν
2986 2495 3082 2546 καὶ
3140 2491 3477 2565 προμηθείας
3527 2491 3658 2552 τοὺς
3686 2489 3795 2557 τῆς

2214 2594 2415 2663 ἀρετῆς
2440 2590 2700 2657 ἀθλητάς.
2741 2588 2868 2640 Ἴδοι
2905 2585 2951 2639 δ’
3004 2586 3068 2639 ἄν
3092 2601 3176 2647 τις
3209 2586 3306 2637 καὶ
3349 2584 3456 2637 τῶν
3513 2583 3797 2653 σωμάτων

2216 2687 2341 2749 τοὺς
2382 2684 2599 2755 ἰατροὺς
2629 2683 2822 2751 τομαῖς
2860 2679 2955 2733 καὶ
2994 2677 3418 2749 καυτῆρσι(50),
3447 2676 3794 2747 χρωμένους,

2218 2779 2315 2832 καὶ
2337 2778 2461 2833 τοὺς
2517 2772 2931 2844 κεκρυμμένους
3000 2769 3208 2840 χυμοὺς
3257 2771 3350 2822 καὶ
3397 2767 3639 2837 χαλεπὴν
3686 2764 3796 2833 τὴν

2221 2869 2376 2922 νόσον
2414 2864 2834 2935 ἐργαζομένους,
2874 2859 3342 2931 ἀναμοχλεύοντας
3392 2856 3503 2930 (51)
3545 2857 3640 2909 καὶ
3708 2854 3801 2920 ἐξ·

2223 2962 2475 3029 ἀγοντας,
2513 2958 2606 3010 καὶ
2663 2956 2733 3009 τά
2782 2954 3113 3007 λανθάνοντα
3139 2951 3284 3021 πάθη
3315 2951 3447 3020 δῆλα
3472 2948 3790 3009 ποιοῦντας.

2223 3053 2414 3114 Οὕτως
2444 3050 2587 3103 καὶὸ
2614 3047 2720 3100 τῶν
2742 3047 2877 3099 ὅλων
2907 3045 3036 3108 Θεὸς
3057 3044 3165 3096 τῶν
3194 3041 3466 3113 λογισμῶν
3492 3042 3588 3112 τὴν
3620 3058 3800 3110 πονη-

2230 3144 2348 3215 ρίαν
2375 3143 2493 3202 ταῖς
2535 3138 2802 3200 παιδείαις
2863 3139 3074 3206 γυμνοί.
3119 3133 3291 3188 Τοῦτο
3341 3134 3449 3204 γὰρ
3501 3133 3595 3185 καὶ
3623 3134 3685 3186 ἐν
3718 3134 3805 3202 τῷ

2224 3232 2625 3306 Δευτερονομίῳ
2653 3230 2786 3300 πρὸς
2804 3230 2893 3281 τὸν
2920 3227 3144 3298 Ἰσραὴλ
3186 3226 3311 3295 ἔφη·
3343 3226 3481 3278 ιΚαὶ
3504 3224 3802 3295 μνησθήσῃ

2225 3330 2407 3381 πᾶσαν
2432 3324 2530 3394 τὴν
2576 3323 2710 3385 ὁδὸν,
2747 3322 2812 3391 ἢν
2857 3320 3031 3390 ἤγαγέ
3082 3336 3141 3371 σε
3194 3318 3397 3388 Κύριος
3442 3319 3471 3369 6
3503 3316 3637 3379 Θεός
3700 3334 3805 3369 σου

2226 3416 2663 3485 τεσσαρακοστὸν
2699 3414 2815 3477 ἔτος
2846 3415 2902 3465 ἐν
2942 3415 3006 3483 τῇ
3042 3413 3254 3482 ἐρήμῳ,
3289 3412 3437 3472 ὅπως
3480 3408 3713 3480 κακώσῃ
3741 3425 3805 3460 σε

2234 3512 2331 3565 καὶ
2370 3509 2604 3578 πειράσῃ
2662 3522 2743 3570 σε,
2802 3504 2898 3557 καὶ
2942 3502 3249 3571 διαγνωσθῇ
3298 3501 3366 3559 τὰ
3396 3502 3452 3551 ἐν
3481 3502 3546 3569 τῇ
3597 3498 3807 3569 καρδία

2232 3619 2348 3664 σου,
2378 3602 2427 3653 εἰ
2460 3598 2666 3668 φυλάξῃ
2704 3598 2809 3665 τὰς
2839 3595 3063 3657 ἐντολάς
3103 3592 3288 3656 αὑτοῦ,
3319 3590 3351 3661 ἢ
3385 3589 3467 3643 οὔ.
3520 3591 3629 3642 Καὶ
3671 3590 3809 3643 ἐκά-

2230 3693 2374 3746 κωσέ
2403 3709 2483 3755 σε,
2545 3692 2639 3744 καὶ
2677 3685 3073 3757 ἐλιμαγχόνησέ
3126 3702 3206 3748 σε,
3278 3700 3297 3733 ι
3368 3682 3461 3735 καὶ
3521 3682 3588 3734 τὰ
3648 3680 3806 3750 ἐξῆς.

2235 3783 2504 3852 Καθάπερ
2523 3780 2580 3833 δέ
2610 3779 2771 3833 πάλιν
2791 3779 2841 3843 oi
2872 3779 3048 3847 ἰατροὶ
3085 3777 3211 3838 τοὺς
3240 3774 3554 3843 ἀνηκέστως
3590 3772 3813 3825 διακει-

2235 3876 2431 3947 μένους
2475 3871 2683 3927 πολλῶν
2736 3869 3020 3939 παρόντων
3067 3867 3383 3937 τέμνουσιν,
3425 3865 3523 3916 οὑκ
3569 3863 3811 3925 ἐκείνοις

2232 3962 2911 4032 τοσοῦτονέπικουροῦντες
2962 3961 3134 4031 (ἴσασι
3159 3959 3269 4030 γὰρ
3316 3958 3494 4011 αὐτῶν
3526 3957 3623 4028 τὴν
3646 3957 3814 4009 νόσον

2233 4058 2507 4128 ἀνίατον),
2566 4055 2703 4110 ἀλλά
2765 4056 2889 4116 τοὺς
2938 4051 3198 4122 φοιτητὰς
3261 4051 3352 4103 τὸν
3411 4050 3509 4119 τῆς
3568 4047 3814 4117 ἰατρείας

2235 4152 2577 4212 διδάσκοντες
2605 4148 2834 4221 τρόπον·
2866 4145 3007 4199 οὕτω
3042 4144 3133 4197 καὶ
3180 4142 3270 4197 τὸν
3301 4142 3500 4213 Φαραὼ
3545 4139 3818 4211 ὠμοτάτῃ

2245 4247 2340 4298 καὶ⁸
2370 4242 2628 4315 θηριώδει
2676 4240 3024 4311 χρησάμενον
3063 4236 3256 4308 γνώμῃ
3291 4238 3410 4298 ταῖς
3440 4233 3817 4294 παντοδαπαῖς

2237 4336 2529 4406 τιμωρίαις
2586 4332 2853 4386 ὑπέϐαλεν
2902 4334 2929 4384 6
2980 4329 3152 4393 Θεὸς,
3203 4327 3409 4390 πάντας
3469 4326 3545 4388 ὡς
3600 4325 3814 4378 ἐπίπαν

2241 4428 2506 4483 διδάσκων
2534 4426 2854 4493 ἀνθρώπους
2878 4463 2893 4487 ,
2938 4422 3012 4486 ὡς
3064 4420 3224 4483 αὐτὸς
3271 4418 3437 4473 ἰθύνει
3470 4417 3570 4489 τὴν
3604 4414 3813 4476 κτίσιν.

2166 4523 2216 4582 D
2249 4522 2343 4575 καὶ
2362 4522 2473 4582 τοῖς
2506 4519 2602 4588 μέν
2632 4515 3004 4585 ἀδικουμένοις
3024 4512 3289 4583 ἐπαμύνει
3314 4511 3557 4575 δικαίως,
3587 4507 3818 4571 κολάζει

2249 4613 2305 4665 δέ
2336 4613 2460 4674 τοὺς
2487 4607 2803 4670 ἀδικοῦντας
2819 4604 3191 4673 ἐνδίκως(52).
3224 4602 3394 4656 Τοῦτο
3423 4600 3531 4671 γὰρ
3550 4600 3645 4653 καὶ
3671 4599 3819 4670 πρὸς

2243 4704 2403 4758 αὐτὸν
2432 4703 2537 4771 ἔφη
2569 4702 2660 4754 τὸν
2693 4700 2911 4771 Φαραὼ,
2941 4716 2959 4750 ι
2992 4698 3215 4749 Ἕνεκεν
3249 4693 3436 4747 τούτου
3458 4692 3814 4762 διετηρήθης,

2254 4808 2343 4860 ἵνα
2386 4804 2705 4875 ἐνδείξωμαι
2755 4804 2813 4856 ἐν
2867 4801 2954 4854 σοὶ
2997 4798 3096 4870 τὴν
3133 4797 3285 4868 ἰσχύν
3332 4812 3455 4866 μου,
3510 4794 3605 4848 καὶ
3655 4792 3817 4852 ὃπως

2248 4912 2506 4982 διαγγελῇ
2552 4910 2611 4962 τὸ
2642 4908 2811 4977 ὄνομά
2861 4924 2960 4977 μου
2993 4907 3049 4958 ἐν
3078 4903 3239 4983 πάσῃ.
3270 4905 3335 4973 τῇ
3374 4904 3465 4973 γῇ.
3526 4919 3544 4951 ι
3585 4900 3712 4961 ’Ὁτι
3758 4896 3818 4949 δέ

644 5041 673 5070 κ
702 5032 833 5086 Luc.
867 5047 930 5091 ιι.
963 5031 1051 5084 54.
1129 5040 1156 5078 γ
1200 5030 1358 5083 Rom.
1396 5046 1470 5084 lx.
1505 5028 1592 5092 22,
1628 5030 1720 5082 25.
1800 5037 1821 5063 ι
1878 5026 2035 5082 Deut.
2062 5043 2113 5081 νι

2220 5026 2264 5091 Ξ,
2296 5028 2349 5080 '5.
2427 5040 2452 5067 ει
2477 5027 2644 5080 Exod.
2682 5041 2757 5088 ix,
2790 5022 2900 5088 16;
2935 5020 3092 5076 Rom.
3129 5036 3203 5085 Ix,
3236 5018 3323 5073 Π.
3396 5018 3425 5057 b
3452 5014 3615 5070 Josue
3662 5029 3724 5077 ll,
3759 5012 3817 5078 9,

586 5104 672 5158 10.
751 5114 775 5142 θ
813 5103 833 5154 l
867 5101 999 5171 Reg.
1028 5116 1099 5165 Iv,
1130 5100 1184 5153 8.

1460 5209 1695 5265 γΑιιιΑς
1730 5206 2110 5263 LECTIONES
2149 5209 2241 5260 EX
2280 5206 2558 5262 CA'I‘ENA
2589 5206 2941 5261 Lll’SIENSI.

655 5318 701 5349 ’³
732 5318 847 5373 Cat.
873 5333 928 5385 p.
950 5315 1073 5369 606.
1092 5315 1158 5366 δι’
1190 5311 1450 5371 ἐκείνους.

2084 5395 2314 5450 NOTAE.

658 5530 770 5600 (46)
787 5529 919 5585 Cod.
936 5535 1006 5600 _et
1032 5525 1158 5600 P_ic._
1175 5523 1459 5600 ἀνέϐλεψε.

651 5593 763 5665 (λιῖῇ
796 5596 1021 5667 Σοφῶς.
1049 5596 1183 5667 God.
1216 5593 1405 5667 ethic.
1436 5594 1636 5667 σαφῶς.

660 5663 774 5741 μβ)
805 5663 1011 5741 Καὶ-αὖ
1032 5664 1499 5741 πάλίνηίίοόέὸς
1540 5663 1790 5741 μάλιστα.

654 5732 769 5808 (49)
818 5737 1113 5808 Ἑνδίκως.
1149 5735 1285 5789 Cod.
1320 5744 1375 5789 et
1406 5734 1643 5808 Μελ-μεν
1669 5732 1890 5808 δικαίως
1908 5735 2002 5790 ὡς.

806 5799 1107 5876 Καυτῆράι
1135 5834 1202 5845 -
1226 5808 1472 5876 χυμούς.
1504 5799 1634 5859 God.
1659 5812 1712 5857 et
1762 5802 1875 5855 Pic.
1910 5799 2145 5869 καυτῆρ-

2262 5534 2345 5567 σιν
2377 5515 2517 5567 κατὰ
2548 5514 2671 5576 τοὺς
2693 5504 3448 5581 κεκρυμμένους-χρωμένους
3481 5497 3706 5581 χυμοιξς.

2468 5566 3038 5655 Ἀναμὸχλεῢῴλίτας.
3090 5566 3231 5629 Cod.
3257 5566 3652 5644 'przemitiit'ci
3693 5566 3822 5620 τούο

2257 5650 2379 5709 των.
2411 5656 2520 5709 Pic.
2554 5650 2647 5706 καὶ
2680 5650 2748 5706 τά
2778 5650 3002 5703 τούτων.

2326 5727 2440 5795 (5‘2)
2471 5725 2771 5789 Ἓνδίκως.
2802 5721 2936 5775 Cod.
2964 5728 3017 5774 et
3044 5718 3157 5772 Pic.
3185 5718 3241 5769 ἐν
3264 5714 3406 5788 δίκῃ.
