3964 6554
255 367 348 433 an
722 461 726 463 ν
1300 375 1581 448 ΟΠΙΕΞΤ.
1613 378 1694 439 [Ν
1733 379 1953 440 EXOD.
1999 381 2158 443 CAP.
2200 382 2296 442 Iv.
3371 381 3478 447 242

253 484 477 532 πάντοσε
507 483 766 554 διέδραμε
822 485 864 516 ⁷⁸
922 485 1028 537 τῶν
1077 487 1480 556 πεπραγμένων
1517 489 1548 556 ή
1616 489 1826 558 μνήμη,
1871 490 2075 558 μάρτυς
2112 494 2144 561 ἡ
2187 491 2414 562 Ῥαὲθὴ
2449 495 2620 563 πόρνη
2648 493 2877 549 εἰποῦσα
2903 499 3015 558 τοῖς
3077 502 3468 566 κατασκόποις,

251 577 332 624 ὅτι
361 589 379 621 ι
423 572 482 625 '0
508 573 675 642 φόϐος
732 577 886 644 ὑμῶν
942 579 1035 630 καὶ
1083 575 1242 646 (55)ὁ
1273 578 1474 649 τρόμος
1516 579 1667 649 ὑμῶν
1709 581 1976 635 ἐπέπεσεν
2017 583 2100 650 ἐφ’
2134 586 2281 653 ἡμᾶς
2312 603 2325 616 ι
2359 586 2676 657 ἠκούσαμεν
2701 587 2809 658 γὰρ
2850 589 2932 642 ὅτι
2965 588 3078 657 (51)
3135 589 3472 660 κατεξήρανε

251 665 447 736 Κύριος
466 669 496 720 6
525 669 659 731 Θεὸς
682 670 836 740 ὑμιῖιν
863 670 959 740 τὴν
999 669 1263 740 Ἐρυθρὰν
1294 671 1569 726 θάλασσαν
1593 672 1701 742 πρὸ
1734 673 2025 744 προσώπου
2055 677 2208 745 ὑμῶν
2239 693 2251 705 °
2299 697 2318 729 ι
2355 679 2692 751 μαρτυροῦσι
2715 677 2770 733 δὲ
2801 681 2893 733 καὶ
2943 682 2994 733 οἱ
3023 681 3309 750 ἀλλόφυλοι
3339 683 3472 754 πόῤ-

249 757 414 825 ρωθεν
456 757 558 829 τὴν
614 761 846 815 κιϐωτὸν
917 763 1280 832 θεασάμενοι,
1336 767 1426 817 καὶ
1484 764 1803 834 βοήσαντες,
1850 787 1868 819 ι
1925 769 2058 822 Οὐαὶ
2102 772 2236 842 ἡμῖν
2289 771 2423 842 (55),
2453 769 2609 836 οὗτος
2642 775 2670 826 6
2723 775 2855 836 Θεὸς
2895 775 2924 826 ό
2976 773 3221 840 πατάξας
3263 771 3361 845 τὴν
3386 775 3474 829 Αί-

246 865 312 914 γυ
321 865 464 902 πτον.
500 869 518 900 ι

809 965 1003 1022 ΕΡΩΤ.
1057 968 1132 1021 Π*
1158 971 1223 1024 ⁷⁸.

2439 977 2454 994 ‘
2489 967 2764 1026 INTER“.
2798 969 2938 1025 XIII.

237 1079 396 1130 Διατί
423 1078 492 1131 δὲ
529 1081 963 1152 συνεχώρησεν
991 1086 1022 1137 ὁ
1050 1085 1193 1150 Θεὸς
1230 1087 1418 1141 ταῦτα
1465 1089 1678 1142 παθεῖν
1703 1089 1810 1143 τὸν

1910 1091 2086 1154 Quare
2142 1088 2277 1142 Deus
2327 1087 2675 1142 lsraeliticum
2721 1084 2970 1153 populum
3019 1084 3125 1137 haec
3185 1092 3293 1151 putt
3351 1096 3472 1151 per-

924 1157 1078 1208 λαόν
1100 1171 1118 1218 ;

311 1237 422 1292 Ἵνα
441 1241 518 1311 μὴ
545 1241 709 1312 μόνον
736 1244 863 1308 τοὺς
894 1247 1245 1314 Αἰγυπτίους,
1276 1248 1413 1302 ἀλλὰ
1432 1245 1545 1321 (56)
1569 1251 1662 1304 καὶ
1683 1251 1806 1314 τοὺς

230 1328 456 1382 ἐκείνων
489 1333 770 1404 μισήσωσι
821 1334 997 1401 θεοὺς,
1043 1337 1119 1402 ὡς
1163 1337 1391 1393 τοιαῦτα
1441 1341 1573 1411 παρ’
1625 1341 1805 1399 αὐτῶν

231 1423 601 1487 πτοονθότεςο
670 1427 763 1481 καὶ
835 1427 921 1481 ἵνα
976 1430 1252 1500 συντόμως
1301 1433 1686 1486 ὑπακούσωσιν
1749 1436 1798 1467 ’⁵

228 1512 469 1579 ἐξελθεῖν
488 1515 601 1587 (57)
618 1516 985 1588 κελευόμενοι.
1006 1520 1067 1572 Εἰ
1084 1521 1193 1591 γὰρ
1211 1523 1519 1576 καὶτούτων
1539 1524 1798 1593 οὓτω(58)

228 1603 618 1673 γεγενημένων
657 1607 1124 1676 ἀνεμιμνήσκοντο
1150 1609 1249 1680 τῆς
1293 1613 1351 1663 ὲν
1389 1613 1648 1683 Αἰγύπτῳ
1670 1631 1799 1684 τρυ-

225 1691 420 1761 φῆς”,
467 1695 566 1747 καὶ
591 1696 851 1760 πολλάκις
893 1700 1264 1772 ἐπειράθησαν
1310 1703 1668 1774 ἀναστρέψαι,
1715 1705 1798 1769 τίς

222 1784 519 1848 ᾶναύτοίις
574 1785 760 1840 ἔπεισε
811 1789 1129 1845 καταλιπεῖν
1171 1792 1269 1862 τὴν
1312 1793 1590 1862 Λῖγυπτον
1626 1793 1794 1865 μηδὲν

227 1875 348 1944 παρ’
391 1877 579 1930 αὐτῶν
611 1879 722 1949 (59)
763 1881 1099 1944 πεπονθότας
1134 1882 1341 1950 δεινόν;

841 1993 1035 2050 ΕΡΩΤ.
1086 1993 1179 2049 ΙΔ’.

221 2101 376 2152 Arati
420 2103 734 2170 ἠϐουλήθη
765 2108 797 2159 o'
821 2105 1074 2174 ἅγγελος
1113 2109 1360 2164 ἀνελεῖν
1392 2112 1499 2165 τὸν
1524 2115 1793 2182 Maio-ﬁs»,-
1846 2164 1852 2168 .

290 2190 357 2243 Ἡ
393 2193 541 2264 γυνὴ
580 2196 678 2264 μὲν
706 2196 938 2250 ὲτὸπασε
965 2199 1052 2252 διὰ
1083 2200 1144 2252 τὸ
1177 2201 1405 2271 θάτερον
1431 2205 1536 2258 τῶν
1565 2208 1792 2262 παιδίων

2605 1157 2748 1208 misit
2768 1157 2793 1206 .9

1976 1249 2047 1306 Ut
2084 1251 2209 1306 odio
2245 1257 2705 1320 prosequerentur
2747 1262 2854 1301 non
2895 1256 3102 1303 tantum
3164 1244 3467 1315 ASgyptios,

1905 1345 1998 1400 sed
2050 1354 2105 1398 et
2136 1343 2351 1397 illorum
2385 1344 2536 1406 deos,
2589 1358 2616 1394 ιι
2650 1340 2850 1410 quibus
2914 1339 3041 1393 talia
3075 1337 3220 1407 passi
3262 1345 3419 1390 erant
3447 1354 3461 1390 :

1899 1445 1955 1492 et
1989 1443 2048 1490 ut
2079 1435 2260 1504 egredi
2284 1433 2424 1504 jussi
2463 1431 2749 1486 confestim
2810 1430 3080 1500 parerent.
3119 1427 3252 1481 Nam
3290 1426 3336 1482 si
3380 1425 3466 1481 his

1901 1529 1974 1581 ita
2007 1543 2064 1583 se
2094 1526 2438 1591 habentibus,
2481 1523 2837 1578 nihilominus
2886 1519 3314 1576 recordabantur
3369 1518 3467 1572 de-

1899 1619 2146 1673 liciarum
2179 1616 2417 1690 Egypti,
2456 1630 2508 1672 et
2554 1630 2924 1686 saepenumero
2953 1612 3082 1668 illuc
3134 1616 3313 1669 redire
3363 1626 3458 1666 co-

1899 1714 2187 1777 nabantur,
2217 1711 2341 1780 quis
2372 1710 2498 1771 illis,
2529 1711 2574 1764 si
2631 1708 2834 1760 nullam
2896 1706 2963 1758 ab
3010 1708 3092 1762 eis
3153 1701 3460 1760 molestiam

1899 1807 2044 1875 passi
2088 1813 2293 1869 essent,
2355 1803 2682 1874 persuadere
2724 1799 2992 1869 potuisset
3054 1809 3112 1852 ut
3167 1795 3456 1869 Egyptum

1899 1901 2267 1969 relinquerent
2294 1901 2316 1950 ?
2367 1953 2372 1958 ,

2455 2009 2732 2066 INTERR.
2767 2007 2902 2062 XIV.

2035 2129 2142 2182 Cur
2205 2128 2419 2199 angelus
2466 2128 2632 2182 voluit
2690 2125 2983 2193 inter/icere
3028 2120 3210 2177 Mosen
3235 2121 3321 2182 δι’,

1966 2219 2113 2274 Uxor
2147 2219 2314 2273 Mosis
2339 2217 2704 2273 arbitrabatur
2735 2216 2804 2270 ob
2839 2215 2890 2269 id
2917 2213 3119 2268 factum
3149 2227 3290 2273 esse.
3332 2210 3463 2280 quia

219 2284 284 2356 μὴ
339 2287 759 2356 περιτμηθῆναι
808 2289 950 2343 κατὰ
986 2290 1078 2345 τὸν
1125 2293 1234 2345 τῶν
1275 2294 1542 2366 Ἐϐραίων
1594 2300 1786 2371 νόμονο

1895 2328 2182 2383 puerorum
2228 2311 2366 2366 alter
2409 2325 2514 2364 non
2546 2317 2693 2365 esset
2747 2306 3106 2363 circumcisus
3157 2305 3458 2361 secundum

216 2379 535 2446 παραυτίκα
557 2379 688 2447 γοῦν
718 2381 867 2452 αὐτῷ
903 2382 1001 2452 τὴν
1055 2386 1359 2458 περιτομὴν
1403 2393 1786 2463 προσενήνοχε.

214 2469 360 2532 Τινὲς
387 2469 447 2522 δέ
476 2488 670 2540 φασιν,
708 2473 895 2544 ἐπειδὴ
927 2477 1198 2547 πεμφθεὶς
1243 2479 1331 2531 ἐπ’
1361 2480 1650 2554 ἐλευθερίᾳ
1677 2484 1787 2537 τῶν

212 2563 504 2631 ὁμοφύλων
529 2566 788 2618 κοινωνὸν
823 2564 936 2638 εἶχε
963 2570 1057 2638 τῆς
1079 2569 1204 2623 ὀδοῦ
1235 2570 1336 2641 τὴν
1351 2571 1621 2640 όμόζυγον
1647 2574 1784 2646 (60).

213 2654 309 2718 υῦς
365 2656 547 2725 ἐχρῆν
599 2658 854 2722 συνιδεῖν,
889 2660 970 2714 ὅτι
1003 2660 1141 2730 πρὸς
1201 2663 1263 2716 τὸ
1310 2662 1421 2733 (GI)
1468 2667 1650 2719 πεῖσαι
1696 2667 1788 2719 τὸν

210 2747 482 2817 κήδεα-τὴν
516 2747 657 2817 (62),
689 2751 767 2813 ὡς
802 2751 863 2804 οὐ
911 2756 1314 2828 καταφρονήσει
1357 2761 1456 2829 τῆς
1505 2762 1785 2828 γυναικὸς,

209 2837 316 2888 οὐδὲ
345 2839 553 2909 ἑτέραν
575 2840 745 2910 αὐτῆς
758 2845 1109 2914 προτιμήσει,
1139 2845 1321 2900 λαϐεῖν
1341 2849 1512 2919 αὐτὴν
1546 2851 1786 2920 ἠναγκά-

211 2929 342 2998 σθη,
399 2932 522 2983 ἀλλ’
586 2933 648 2986 οὐ
696 2938 1182 3007 καταφρονητικῶς
1226 2940 1488 2995 διακονῶν
1530 2944 1608 3014 τῷ
1657 2944 1784 3014 θείῳ

209 3025 619 3094 προστάγματι.
667 3027 874 3080 Αὐτίκα
917 3030 1046 3096 γοῦν
1075 3030 1254 3086 λαϐὼν
1277 3033 1377 3104 τὴν
1403 3035 1657 3106 ἀφορμὴν
1687 3037 1782 3091 τοῦ

209 3115 468 3182 ἀγγέλου,
503 3116 605 3186 τὴν
651 3121 888 3186 γυναῖκα
926 3121 1062 3190 πρὸς
1092 3125 1217 3188 τοὺς
1242 3126 1478 3190 οἰκείους
1516 3129 1782 3199 ἀναστρέ-

206 3205 292 3272 ψαι
322 3207 659 3274 προσέταξε.
701 3209 812 3262 Καὶ
835 3211 916 3263 ὅτι
941 3211 1098 3266 τοῦτό
1128 3216 1276 3268 ἐστιν
1307 3216 1530 3286 ἀληθὲς,
1571 3221 1603 3290 ἡ
1637 3221 1780 3274 ἱστο-

211 3297 290 3366 ρία
314 3299 764 3354 διδάσκειλιιετά
791 3302 900 3374 γὰρ
928 3304 1026 3372 τὴν
1058 3305 1235 3370 ἔξοδον
1249 3309 1354 3379 ,τὴν
1391 3310 1448 3376 ἐξ
1478 3311 1777 3379 Αἰγύπτου.

208 3388 505 3442 διαϐάντων
525 3391 704 3444 αὐτῶν
734 3393 834 3463 τὴν
873 3394 1142 3466 Ἐρυθρὰν
1171 3397 1470 3463 θάλασσαν,
1493 3402 1586 3454 καὶ
1617 3405 1697 3466 είς
1722 3403 1782 3456 τὸ

211 3483 416 3537 Σίναιον
454 3485 922 3556 παραγενομένων
975 3488 1085 3559 (65)
1119 3488 1266 3560 ὅρος,
1307 3491 1537 3560 ἀφίκετο
1573 3494 1672 3547 σὺν
1712 3498 1778 3566 τῇ

1893 2408 2061 2478 legem
2095 2405 2485 2461 Hebraeorum:
2521 2403 2665 2458 unde
2713 2402 2962 2472 protinus
2993 2415 3118 2454 eum
3165 2398 3459 2478 circunt‘ci-

1894 2497 1987 2552 dit.
2025 2496 2256 2563 Quidam
2323 2503 2502 2549 autem
2537 2495 2694 2548 aiunt
2724 2492 2778 2546 id
2821 2493 2872 2545 in
2904 2507 3068 2546 causa
3092 2489 3282 2554 fuisse,
3311 2488 3457 2559 quod

1892 2590 2068 2643 Moses
2101 2589 2302 2644 missus
2331 2587 2398 2642 ad
2453 2585 2760 2640 liberandos
2817 2585 2972 2654 132
3037 2581 3262 2652 gentiles
3307 2597 3454 2643 SUOS,

1889 2682 2171 2750 conjugem
2204 2679 2414 2734 itineris
2458 2677 2664 2733 sociam
2702 2677 2903 2731 habere
2955 2675 3144 2729 voluit.
3173 2673 3323 2740 Quos
3351 2673 3458 2727 uti-

1887 2783 1995 2838 que
2044 2767 2476 2822 animadvertere
2528 2767 2840 2836 oportebat,
2909 2767 3053 2835 quod
3124 2764 3359 2826 Mo'ses,
3398 2771 3460 2816 ut

1891 2861 2244 2930 persuaderet
2291 2873 2480 2914 SOCOI‘O
2521 2875 2640 2921 SIIO,
2675 2874 2902 2913 uxorem
2959 2873 3016 2912 se
3043 2871 3151 2911 non
3207 2866 3456 2911 contem

1889 2961 2128 3023 pturum,
2180 2967 2354 3022 neque
2394 2952 2471 3006 illi
2512 2951 2736 3006 alteram
2791 2951 3141 3020 praelaturum
3187 2949 3332 3003 illam
3360 2963 3454 3003 as-

1887 3061 2103 3101 sumere
2138 3054 2360 3100 coactus
2391 3053 2496 3108 est,
2547 3055 2654 3099 non
2684 3044 2842 3112 quasi
2873 3041 3246 3113 perfunctorie
3312 3059 3453 3111 pra:-

1885 3147 2099 3207 ceptum
2148 3137 2390 3190 divinum
2437 3151 2785 3207 exsequens:
2821 3151 2944 3190 mox
2988 3137 3135 3191 enim
3197 3136 3446 3190 occasio-

1886 3245 2006 3284 nem
2041 3239 2234 3286 nactus
2262 3231 2330 3284 ab
2357 3230 2572 3300 angelo,
2598 3229 2764 3299 jussit
2788 3243 3011 3284 uxorem
3065 3229 3132 3283 ad
3191 3243 3322 3283 suos
3371 3227 3453 3283 fa-

1884 3325 2124 3379 miliares
2180 3324 2396 3379 reverti.
2436 3326 2613 3394 Atque
2675 3325 2778 3378 hoc
2833 3326 2905 3377 ita
2940 3338 3082 3385 esse,
3128 3321 3287 3377 docet
3365 3321 3454 3376 Iti-

1883 3419 2070 3474 storia.
2113 3418 2243 3472 Nam
2272 3418 2452 3472 statim
2497 3418 2565 3472 ab
2595 3432 2818 3488 egressu
2853 3415 3093 3486 Egypti,
3153 3429 3276 3471 cum
3331 3429 3453 3485 per-

1883 3512 2208 3566 transissent
2248 3523 2399 3564 mare
2421 3509 2689 3573 Rubrum,
2721 3518 2775 3562 et
2807 3507 3184 3578 pervenissent
3204 3505 3269 3560 ad
3295 3521 3454 3560 tuon-

210 3576 422 3667 γυναικὶ
471 3575 616 3644 πρὸς
666 3577 828 3630 αὑτὸν
873 3580 903 3632 6
935 3580 1219 3652 κηδεστής.
1255 3583 1423 3651 Λέγει
1447 3585 1504 3638 δὲ
1529 3585 1701 3650 οὕτως
1743 3590 1776 3657 ἡ

1895 3614 1988 3658 Lem
2028 3602 2178 3667 Sina,
2207 3603 2436 3657 accessit
2468 3602 2534 3656 ad
2565 3617 2688 3656 eum
2721 3615 2878 3656 socer
2916 3614 3044 3654 cum
3097 3614 3285 3654 uxore.
3359 3593 3451 3651 Sic

212 3666 435 3738 ίστορίαο
462 3668 704 3721 «Ἔλαϐε
736 3668 790 3722 δὲ
845 3670 1028 3743 Ἰοθὼρ
1058 3673 1086 3726 ό
1104 3673 1220 3757 (64)
1253 3674 1515 3746 πενθερὸς
1535 3677 1581 3710 ⁷⁸
1605 3679 1776 3750 Μωσῆ
1807 3683 1811 3714 ⁴

1903 3704 2064 3765 taque
2113 3666 2298 3749 narrat
2356 3695 2625 3748 historia:
2686 3693 2956 3762 «Accepit
3002 3700 3182 3746 autem
3237 3689 3447 3751 Jethro,

209 3757 505 3854 Σεπῖριὶιραν
535 3760 650 3829 (65)
799 3765 1029 3829 γυναῖκα
1059 3753 1254 3834 Μωσῆ,
1291 3766 1428 3835 μετὰ
1459 3768 1555 3839 τὴν
1585 3769 1779 3838 ἄφεσιν

1895 3803 2035 3843 socer
2063 3785 2250 3849 Mosis,
2281 3778 2615 3854 Sepphoi'am
2645 3799 2870 3840 uxorem
2893 3782 3082 3846 Mosis,
3112 3791 3236 3852 post
3263 3781 3452 3836 dimis-

211 3850 389 3919 αὐτῆς,
414 3851 512 3904 καὶ
543 3857 671 3914 τοὺς
699 3850 793 3904 δύο
821 3852 967 3916 υἱοὺς
1001 3855 1190 3918 αὐτοῦ,
1219 3857 1313 3909 καὶ
1343 3853 1477 3928 ἦλθε
1521 3859 1654 3929 πρὸς
1686 3861 1777 3913 τὸν

209 3940 407 4006 Μωτῆν
438 3943 522 4003 είς
566 3942 668 4011 τὴν
701 3941 924 4013 ἔρημον.
964 3963 983 3995 ›
1018 3945 1307 4017 Τοιγάρτοι
1345 3949 1473 4002 ἄλλο
1510 3967 1563 4002 τι
1605 3968 1774 4004 κατα-

215 4029 483 4092 σκευάζων
529 4033 560 4083 6
603 4032 834 4099 ἄγγελος
890 4031 1056 4098 ἔδειξε
1110 4035 1206 4105 τὴν
1240 4037 1514 4106 ῥομφαίαν
1541 4042 1774 4110 γυμνήν.

223 4119 431 4192 Ἐπειδὴ
452 4123 566 4196 γὰρ
595 4126 625 4178 6
655 4126 826 4195 μέγας
856 4128 1058 4198 Μωσῆς
1094 4128 1279 4182 ἐδεδίει
1306 4129 1398 4183 τὸν
1421 4129 1644 4200 Φαραὼ,
1682 4133 1776 4186 καὶ

208 4211 456 4277 πολλάκις
496 4215 664 4270 τοῦτο
693 4216 754 4268 τὸ
800 4217 922 4282 δέος
961 4218 1221 4289 ἐδήλωσε,
1257 4219 1351 4273 νῦν
1415 4222 1515 4290 μὲν
1578 4222 1771 4291 λέγων,

213 4322 229 4352 ι
259 4304 353 4367 Τίς
381 4308 498 4375 εἰμι
534 4306 668 4375 ἐγὼ,
691 4305 770 4360 ὅτι
797 4308 1136 4381 πορεύσομαι
1163 4311 1300 4381 πρὸς
1325 4310 1522 4382 Φαραὼ
1547 4311 1773 4382 βασιλέα

207 4396 510 4463 Αίγύπτους
542 4417 561 4450 ι
593 4397 723 4464 νῦν,
760 4418 779 4450 ι
817 4399 1166 4473 Προχείρισαι
1207 4402 1365 4456 ἄλλον
1392 4404 1686 4473 δυνάμενον
1710 4407 1770 4458 ὃν

206 4486 610 4551 ὲξαποπελεῖς·
661 4508 680 4541 ι
716 4491 809 4544 καὶ
842 4491 1024 4559 πάλιν,
1058 4513 1077 4544 ι
1127 4494 1476 4563 ’ἰσχνόφωνος
1506 4496 1600 4548 καὶ
1630 4497 1764 4568 βρα-

204 4577 506 4645 δὺγλωασος
545 4580 658 4650 ἐγώ
699 4585 841 4654 εἰμι·
880 4603 898 4634 ι
959 4585 1173 4638 ἀπειλεῖ
1225 4585 1372 4657 αὐτῷ
1435 4586 1709 4658 τιμωρίαν
1735 4587 1765 4639 6

264 4738 290 4779 τι
323 4739 496 4794 Exod.
537 4756 610 4798 Iv.
665 4743 753 4796 24.

1879 3877 2086 3932 sionem
2133 3876 2274 3947 ejus,
2303 3884 2357 3932 et
2381 3877 2519 3930 duos
2548 3875 2690 3930 ﬁlios
2718 3875 2874 3944 ejus:
2899 3875 3121 3928 etvenit
3162 3873 3226 3928 ad
3263 3873 3445 3928 Mosen

1879 3969 1932 4023 in
1966 3968 2239 4024 desertum
2268 3981 2344 4023 ⁸.»
2368 3967 2746 4024 Verumtamen
2780 3967 2928 4022 aliud
2955 3966 3231 4037 quidpiam
3259 3965 3448 4021 molie-

1877 4059 2038 4114 batur
2067 4060 2312 4130 angelus,
2344 4061 2470 4114 dum
2512 4060 2751 4129 gladium
2791 4059 3138 4129 evaginatum
3198 4067 3445 4112 ostenta-

1877 4151 1988 4206 bat.
2042 4152 2307 4218 Quoniam
2326 4145 2480 4207 enim
2512 4152 2691 4208 Moses
2717 4167 2946 4223 magnus
2981 4151 3257 4206 metuebat
3303 4149 3447 4204 Pha-

1877 4257 2120 4306 raonem,
2175 4257 2336 4312 quem
2380 4253 2579 4297 metum
2627 4245 2826 4312 saepius
2858 4240 3241 4305 manifestavit,
3283 4240 3449 4295 modo

1875 4333 2095 4390 dicens:
2155 4353 2173 4384 ι
2210 4333 2344 4402 Quis
2394 4350 2514 4389 sum
2549 4350 2687 4404 ego,
2747 4342 2806 4388 ut
2828 4349 2948 4389 eam
3002 4333 3068 4387 ad
3100 4333 3447 4388 Pharaonem.

1874 4441 2053 4496 regem
2104 4425 2320 4498 Egypti
2349 4425 2411 4480 f?
2441 4446 2460 4478 ι
2519 4429 2678 4482 modo
2724 4435 2906 4484 autem
2944 4445 2958 4482 :
3015 4446 3035 4478 ι
3072 4426 3224 4498 Elige
3270 4427 3440 4480 alium

1873 4517 1966 4586 qui
2021 4517 2214 4586 possit,
2268 4532 2428 4586 quem
2459 4517 2642 4572 mittes
2672 4526 2720 4581 8;
2750 4536 2768 4568 ι
2803 4527 2858 4572 et
2905 4532 3167 4573 rursum:
3203 4534 3223 4567 ι
3269 4498 3447 4571 Exilis

1871 4609 2042 4696 vocis,
2090 4620 2142 4664 et
2163 4609 2330 4664 tardae
2382 4609 2576 4680 linguae
2633 4624 2752 4664 sum
2803 4609 3016 4680 egolh;
3050 4629 3068 4661 ι
3121 4608 3433 4664 minabatur

835 4755 857 4782 θ
892 4743 1057 4798 Exod.
1124 4762 1278 4809 xvm,
1331 4748 1372 4800 '2
1429 4761 1578 4816 seqq.
1659 4746 1678 4785 ί
1720 4745 1890 4803 Exod.
1925 4763 2004 4812 ιιι,
2038 4748 2123 4801 II.
2205 4751 2229 4786 ⁸
2265 4747 2435 4801 Exod.
2465 4763 2540 4811 ιν,
2578 4749 2660 4802 I5.
2739 4749 2766 4787 ιι
2799 4747 2930 4802 ibid.
2962 4748 3049 4801 I0.

1079 4879 1312 4934 VARUE
1357 4879 1738 4936 LECTIONES
1788 4880 1877 4934 EX
1910 4880 2188 4936 CATENA
2228 4879 2585 4937 LIPSIENSI.

269 4999 312 5028 "
346 4998 676 5069 éﬁb‘rtaV'tDQ
707 4997 870 5062 διέδρ.
896 5068 900 5069 ν
932 4999 976 5029 ⁷⁵
1005 4997 1243 5069 Qttzestio
1284 4999 1348 5069 I5
1377 4999 1428 5052 in
1457 5008 1565 5054 cat.
1598 5009 1718 5068 post
1753 5014 1811 5069 qt.

1895 5001 1944 5054 1-4
1973 4999 2192 5069 ponitur
2234 5015 2287 5068 p.
2332 4999 2436 5052 620
2457 5041 2472 5065 ,
2504 5001 2569 5055 ad
2601 4999 2766 5055 Exod.
2803 5017 2857 5064 ν,
2920 4998 3076 5054 9-H.

208 5084 381 5122 οωσιν.
452 5068 498 5098 ⁷⁷
517 5067 740 5136 τροφῆς.
817 5069 860 5102 ⁷⁸
892 5068 991 5120 Ἰοθ
1016 5067 1350 5138 ’όγαμϐρός.

3194 4999 3242 5032 ⁷⁸
3267 4995 3444 5052 ἀκοῦθ

1709 5185 1941 5245 NOTAE.

269 5323 380 5390 (53)
403 5322 512 5375 Καὶ
540 5353 611 5362 --
639 5322 824 5391 ὑμῶν.
867 5321 986 5378 Des.
1010 5323 1062 5378 in
1087 5323 1205 5378 cod.
1234 5329 1288 5378 et
1314 5322 1476 5392 apud.
1512 5320 1622 5378 Pic.

272 5392 381 5460 (δι)
413 5393 554 5449 Ὅτι.
583 5392 717 5447 Cod.
751 5395 922 5456 ὅπως.
1513 5409 1518 5414 -

281 5463 544 5524 (55)Οῠαῖ
580 5463 745 5531 ἡμῖν.
771 5463 906 5518 Cod.
939 5462 1086 5517 addit
1112 5461 1422 5531 ἀλλόφυλοι.

273 5531 384 5602 (56)
417 5531 622 5586 Ἀλλά.
656 5533 824 5587 Abest
856 5550 884 5587 ιι
907 5535 1026 5588 cod.
1060 5543 1114 5586 et
1140 5533 1271 5587 edit.
1304 5533 1435 5588 Pici.

274 5603 388 5670 (57)
430 5602 758 5666 Ἔξελθεῒν.
795 5603 921 5658 Des.
957 5604 1010 5657 in
1036 5604 1157 5659 cod.
1186 5613 1241 5658 et
1269 5603 1414 5672 apud
1437 5603 1554 5659 Pic.

274 5673 381 5740 (ὃὸ)
402 5673 576 5728 Οὕτω.
599 5673 727 5728 Des.

275 5743 382 5814 (ἣν)
417 5744 552 5814 Παρ’
579 5741 805 5814 ustor.
825 5743 961 5814 Des.
993 5743 1044 5814 in
1072 5742 1194 5797 cod.
1225 5753 1279 5800 et
1319 5743 1460 5814 apud
1485 5743 1590 5797 Pic.

278 5812 382 5880 (60)
413 5813 538 5868 Cod.
565 5824 612 5868 ct
642 5811 758 5868 Pic.
786 5813 878 5866 τὸν
904 5813 1167 5884 ὁμόζυγα.

1966 5326 2054 5384 61)
2082 5324 2234 5392 Πρὸς
2263 5326 2350 5378 τό.
2379 5322 2501 5377 Des.
2527 5322 2580 5375 in
2607 5321 2727 5375 cod.
2758 5329 2813 5392 et
2837 5319 2982 5392 apud
3005 5319 3131 5392 _Pic.

1966 5327 2054 5384 61)
2082 5327 2234 5392 Πρὸς
2263 5327 2350 5378 τό.
2381 5327 2501 5377 Des.
2527 5327 2580 5375 in
2607 5327 2727 5375 cod.
2758 5329 2810 5372 et
2837 5327 2976 5388 apud
3015 5327 3131 5372 Pic.

1943 5327 2058 5465 I62)
2087 5392 2421 5462 Κηδεστήν.
2445 5393 2624 5447 Codex
2659 5400 2711 5446 et
2760 5389 2871 5444 Pic.
2918 5389 3142 5443 a'ddnnt-
3169 5384 3430 5457 βουλόμε-

1871 5483 2054 5598 νω(ίίξῦ
2095 5535 2228 5590 Cod.
2255 5530 2831 5605 rrapaygvéaﬂauj’ic.
2862 5526 3287 5605 παραγίνεσθαι.

1942 5607 2054 5704 (ﬁt)
2084 5598 2392 5674 ιΙενθερόὶς.
2419 5598 2556 5658 Cod.
2596 5611 2649 5657 et
2677 5601 2791 5656 Pic.
2824 5598 3088 5670 γαμϐρός.
3119 5598 3436 5669 ltaquoqus

1881 5679 1929 5729 οἱ
1951 5682 2059 5817 (‘66)
2081 5748 2212 5804 Cod.
2245 5758 2295 5802 et
2319 5748 2432 5802 Ptc.
2465 5746 2766 5816 Σεπφόραν.
