3884 6612
408 370 511 434 247

412 594 472 652 Si
532 596 777 650 universa
817 614 955 663 aqua
1006 606 1210 650 mutata
1258 606 1332 649 est
1371 597 1421 649 in
1466 597 1793 664 sanguinem,
1847 610 1977 664 quo.

483 667 634 719 modo
668 665 1040 736 ngyptiorum
1070 672 1427 720 incantatores
1454 668 1564 722 suis
1593 666 1864 736 maleﬁciis
1887 683 1976 717 ea-

482 740 600 789 dem
642 735 896 805 fecerunt,
927 754 1043 803 qum
1082 735 1256 791 Moses
1284 753 1304 774 °
1330 738 1355 790 ?

488 829 617 883 Erat
648 828 755 884 illis
786 843 934 884 mare
966 830 1310 899 proximum:
1340 845 1479 896 aqua
1513 844 1639 882 vero
1676 827 1822 898 potui
1852 838 1977 896 apta

414 936 678 977 conversa
737 931 856 975 erat
903 921 956 975 in
1005 923 1322 991 sanguinem
1372 923 1505 978 sola,
1545 919 1799 973 Poterant
1851 934 1980 989 ergo

416 1019 612 1085 aq'uam
645 1029 677 1068 e
711 1013 848 1068 mari
884 1012 1085 1067 inferre
1123 1017 1174 1067 in
1223 1014 1444 1066 domum
1485 1014 1683 1082 regiam
1712 1022 1763 1066 et
1795 1012 1847 1066 in
1890 1028 1981 1065 co-

417 1108 586 1161 lorem
619 1106 974 1173 sanguineum
1010 1116 1369 1161 convertere:
1409 1105 1515 1160 Deo
1566 1121 1758 1174 nempe
1792 1106 1841 1159 id
1878 1106 1981 1160 illis

416 1198 766 1261 concedente,
808 1205 1027 1266 propter
1076 1196 1186 1264 jam
1240 1196 1416 1251 dictas
1467 1210 1682 1250 causas.
1734 1195 1842 1249 Sed
1881 1196 1984 1249 hoc

421 1289 715 1343 notandum
760 1298 843 1342 est
896 1286 1082 1342 Mosen
1128 1286 1455 1355 produxisse
1499 1302 1563 1339 ex
1598 1288 1755 1355 aquis
1801 1302 1982 1349 ranas,

420 1392 473 1435 ‹›ι
496 1380 773 1449 sciniphes
799 1395 828 1434 e
855 1379 1095 1448 pulvere.
1125 1394 1344 1431 muscas
1384 1386 1560 1431 autem
1591 1379 1817 1431 caninas
1845 1378 1988 1431 unde

422 1474 612 1533 voluit.
659 1482 719 1525 ut
759 1471 1027 1526 discerent
1078 1469 1314 1539 {Egyptii
1367 1470 1476 1523 Deo
1523 1486 1644 1524 esse
1712 1470 1985 1540 perfacile,

420 1568 582 1618 etiam
618 1565 736 1618 sine
779 1573 922 1616 terra
959 1572 1012 1615 et
1060 1562 1233 1629 aquis,
1258 1562 1555 1630 producere
1590 1578 1710 1630 qua:
1746 1563 1986 1617 libuerit.

424 1657 535 1711 llac
576 1656 640 1709 de
668 1670 832 1709 causa
867 1654 1112 1723 prtedicit
1138 1653 1299 1707 etiam
1331 1654 1612 1722 supplicia,
1640 1669 1705 1708 ne
1723 1669 1849 1709 casu
1880 1654 1989 1710 for-

425 1747 564 1799 tuito
616 1745 945 1799 arbitrentur
986 1744 1074 1798 illa
1127 1745 1443 1816 contingere
1490 1763 1503 1797 :
1553 1745 1643 1799 sed
1692 1746 1991 1815 intelligant

424 1852 546 1891 esse
575 1838 758 1906 plagas
796 1852 824 1890 a
858 1837 965 1891 Deo
991 1837 1190 1890 illatas.

992 2129 1271 2185 INTERR.
1297 2131 1437 2185 XXI.

435 2247 610 2312 Quare
666 2248 975 2317 grandinem
1024 2249 1273 2302 illaturus
1316 2248 1639 2302 denuntiavit
1670 2250 1797 2315 illis,
1826 2262 1881 2304 ut
1911 2267 1999 2319 pe-

890 2334 1013 2371 cora
1056 2320 1267 2371 donmm
1295 2331 1532 2389 cogerent
1561 2321 1585 2372 ?

505 2479 770 2535 Dominus
819 2495 945 2535 cum
994 2481 1065 2535 sit
1114 2481 1569 2545 humanissimus,
1623 2482 2002 2537 misericordia

436 2580 701 2640 temperat
723 2572 1009 2643 supplicia.
1036 2573 1253 2643 Alioqui
1282 2573 1443 2628 etiam
1474 2585 1699 2629 noverat
1736 2576 2001 2645 quosdam

435 2679 554 2717 esse
576 2666 734 2719 venia
760 2666 952 2735 dignos
993 2667 1136 2736 quod
1162 2682 1262 2721 nos
1288 2667 1444 2722 docet
1474 2668 1754 2737 Scriptura
1781 2668 1960 2722 divina
1988 2688 2001 2724 :

442 2776 459 2805 ι
497 2757 597 2823 Qui
625 2758 791 2817 enim.
822 2759 917 2823 ait,
957 2775 1020 2813 ex
1053 2760 1223 2813 servis
1255 2759 1552 2815 Pharaonis
1575 2761 1752 2815 timuit
1773 2762 2000 2815 verbum

438 2849 672 2909 Domini,
716 2865 911 2918 pecora
947 2865 1043 2903 sua
1090 2850 1309 2903 domum
1369 2850 1561 2920 coegit.
1595 2849 1695 2916 Qui
1723 2865 1851 2904 vero
1882 2866 2005 2905 ver-

439 2943 566 2995 bum
604 2941 815 2996 Domini
856 2942 1111 3010 neglexit,
1148 2956 1342 3011 pecora
1378 2941 1592 3010 reliquit
1631 2943 1683 2995 iu
1720 2945 1864 3011 agris
1893 2951 1940 2994 P.
1983 2961 2001 2994 ι

441 3032 769 3088 Grandinem
813 3043 991 3087 autem
1036 3041 1091 3086 et
1129 3032 1338 3102 fulgura
1375 3033 1597 3086 immisit
1653 3034 1778 3094 illis,
1824 3042 2009 3087 osten—

442 3122 576 3176 dens
610 3122 753 3192 quod
784 3123 899 3191 ipse
929 3121 1281 3177 sitDominus
1312 3122 1550 3175 omnium
1580 3123 2001 3177 elementorum.

445 3182 658 3270 Etenim
707 3182 832 3283 quia
867 3224 972 3267 tam
1015 3214 1273 3285 IEgyptii,
1313 3230 1475 3283 quam
1511 3215 1680 3270 Graeci
1712 3217 1867 3286 137
1895 3216 2015 3270 exi-
2040 3182 2082 3237 Ο

449 3296 764 3368 stimabant,
802 3305 1069 3373 quosdam
1101 3305 1230 3358 deos
1269 3318 1390 3359 esse
1423 3305 1694 3367 caelestes,
1731 3306 1865 3359 alios
1905 3313 2014 3358 ter-

450 3412 633 3459 renos,
667 3396 803 3450 alios
832 3396 1219 3449 subterraneos
1245 3412 1259 3458 ;
1293 3405 1347 3450 et
1374 3395 1474 3449 hos
1504 3397 1719 3465 quidem
1748 3397 2017 3465 imperare

454 3500 632 3551 terrze,
666 3489 789 3544 illos
816 3501 946 3541 vero
978 3489 1152 3554 mari;
1187 3498 1241 3542 et
1279 3489 1416 3542 alios
1448 3488 1498 3541 iu
1532 3498 1764 3553 montes,
1798 3490 1933 3543 alios
1964 3491 2016 3542 in

456 3597 618 3651 agros
646 3582 931 3651 imperium
966 3581 1202 3646 habere;
1236 3593 1567 3650 quapropter
1593 3582 1757 3635 etiam
1785 3582 1908 3653 Syri
1938 3582 2021 3636 di-

454 3677 685 3729 cebant:
726 3674 869 3729 Deus
909 3675 1173 3728 montium
1214 3683 1296 3728 est
1332 3676 1472 3729 Deus
1522 3673 1757 3737 lsraelis,
1807 3684 1861 3729 et
1912 3691 2019 3729 non

460 3767 604 3823 Deus
630 3768 991 3821 convallium:
1030 3768 1100 3821 ob
1132 3767 1182 3820 id
1228 3767 1420 3821 merito
1452 3766 1595 3822 Deus
1632 3771 1873 3823 omnium
1916 3786 2022 3824 non

458 3863 636 3917 solum
674 3877 770 3931 per
801 3861 1025 3915 ﬂuvium
1058 3872 1109 3915 et
1149 3870 1368 3925 terram,
1400 3861 1493 3915 sed
1523 3862 1685 3916 etiam
1718 3879 1813 3932 per
1846 3879 2025 3917 aerem

457 3964 512 4006 ct
545 3969 693 4007 mare
722 3953 1008 4024 castigavit
1030 3954 1184 4019 illos;
1224 3962 1277 4007 et
1303 3951 1529 4008 fulmina
1553 3956 1767 4009 caelitus
1798 3954 1903 4010 illis
1926 3956 2028 4009 im-

461 4044 631 4109 misit,
667 4043 870 4098 docens
895 4043 1040 4112 quod
1068 4044 1182 4113 ipse
1211 4044 1283 4097 sit
1317 4044 1561 4097 omnium
1593 4054 1804 4100 creator
1828 4056 1882 4100 et
1914 4045 2023 4101 Do-

462 4138 661 4192 minus.
712 4136 865 4202 Quod
900 4145 953 4191 et
986 4136 1176 4191 beatus
1199 4134 1378 4192 Moses
1424 4136 1500 4190 illi
1547 4137 1723 4192 dixit:
1775 4157 1791 4187 ι
1831 4136 1901 4191 Ut
1931 4153 2028 4191 co—

464 4227 871 4296 gnoscas,quod
899 4225 1113 4280 Domini
1140 4227 1210 4280 sit
1243 4234 1472 4290 terra,et
1496 4238 1572 4291 tu,
1601 4236 1655 4279 et
1680 4228 1819 4281 servi
1847 4230 1987 4282 tuiq.
2010 4250 2028 4281 ι

1354 371 1839 433 THEODORETI
1878 368 2217 447 EPISQOPI
2259 366 2624 429 CYRENSIS

885 470 1345 555 “summa.
1386 479 1505 535 xx.
2001 482 2045 536 Α

3544 362 3675 439 248

2689 477 2885 531 ΕΡΩΤ.
2932 478 3016 530 K'.

2077 598 2145 649 El
2174 593 2285 659 (84)
2333 592 2481 647 ὅλον
2513 592 2580 646 τὸ
2620 590 2777 657 ὕδωρ
2809 594 2895 655 είς
2935 588 3079 656 αἷμα
3126 589 3486 657 μετεϐλήθη,
3524 604 3678 659 πως

2145 665 2445 731 ἐποίησαν
2509 666 2564 716 οἱ
2617 661 2883 714 ἑπαοιδοὶ
2951 660 3073 713 τῶν
3123 661 3459 729 Αἰγυπτίων
3521 658 3677 723 ταῖς

2147 735 2540 804 φαρμακείαις
2567 731 2768 787 αὐτῶν
2800 732 3125 795 ὠσαύτως;

2163 828 2459 891 Ἐπέλαζεν
2513 827 2695 888 αὐτοῖς
2752 824 2847 878 καὶ
2880 824 2913 893 ἠ
2950 823 3323 887 θάλαττα,”τὸ
3376 823 3436 877 δὲ
3493 821 3677 875 πότι-

2084 936 2185 991 μον
2208 919 2317 990 (85)
2342 918 2485 988 ῦδωρ
2509 919 2588 980 είς
2616 913 2756 987 αἷμα
2787 915 3092 985 μετεϐλήθη
3128 915 3287 983 μόνον
3322 912 3456 983 (86).
3491 913 3679 967 Ἡδύ-

2082 1028 2239 1066 ναντο
2293 1012 2473 1064 τοίνυν
2533 1009 2900 1080 μετακομίσαι
2950 1007 3236 1061 θαλάττιον
3282 1006 3425 1077 ὕδωρ
3473 1007 3554 1068 είς
3587 1005 3678 1057 τὰ

2086 1103 2366 1171 βασίλεια,
2432 1103 2526 1154 xui.
2591 1100 2918 1169 μεταϐαλεῖν
2966 1100 3047 1161 είς
3100 1099 3198 1166 τὴν
3252 1098 3347 1150 τοῦ
3418 1098 3679 1167 αἵματος

2086 1195 2276 1266 χροιάν
2309 1194 2443 1257 (87).
2475 1192 2579 1245 Τοῦ
2597 1190 2733 1243 Θεοῦ
2767 1190 3010 1261 δηλονότι
3045 1187 3457 1259 συγχωροῦντος
3471 1188 3680 1249 αὐτοῖς

2087 1290 2329 1357 ἐνεργεῖν
2370 1287 2437 1339 δι’
2466 1286 2532 1349 ἃς
2586 1285 2888 1355 εἰρήκαμεν
2920 1282 3099 1345 αἰτίας
3149 1282 3281 1351 (88).
3349 1281 3683 1350 Ἐπισημή-

2090 1379 2282 1433 νασθαι
2329 1379 2511 1449 μέντοι
2562 1376 2655 1430 καὶ
2689 1375 2847 1427 τοῦτο
2885 1376 2982 1437 δεῖ,
3029 1375 3103 1437 ὠς
3138 1372 3264 1437 τοὺς
3299 1373 3396 1443 μὲν
3450 1370 3679 1442 βατρά-

2090 1491 2217 1544 χους
2250 1474 2313 1525 ὲκ
2345 1473 2451 1525 τῶν
2487 1471 2696 1525 ὑδάτων
2726 1470 2984 1540 ἐξήγαγε,
3025 1468 3152 1529 τοὺς
3200 1465 3257 1519 δὲ
3311 1468 3544 1528 σκνῖπας
3598 1465 3681 1515 ὲκ

2090 1562 2185 1615 τοῦ
2232 1560 2506 1632 χώματος,
2554 1560 2653 1630 τὴν
2685 1560 2739 1612 δὲ
2774 1560 3075 1627 κυνόμυιαν
3107 1555 3228 1610 ὅθεν
3256 1555 3541 1627 ἠθέλησεν,
3575 1555 3681 1607 ἵνα

2096 1654 2361 1725 μάθωσιν,
2389 1653 2463 1716 ὡς
2503 1653 2683 1723 ῥᾴδιον
2718 1647 2786 1722 ἧν
2813 1650 2891 1721 τῷ
2936 1650 3073 1720 Θεῷ,
3112 1648 3207 1702 καὶ
3247 1648 3369 1718 δίχα
3402 1646 3523 1717 γῆς,
3572 1647 3687 1700 καὶ

2094 1747 2216 1817 δίχα
2256 1746 2485 1809 ὑδάτων,
2531 1746 2874 1814 παραγαγεῖν
2922 1741 3035 1812 (89)
3077 1740 3112 1795 ἃ
3140 1741 3409 1811 βούλεται.
3460 1740 3683 1793 Τούτου

2031 1820 2072 1876 Β
2100 1841 2259 1909 χάριν
2287 1838 2380 1891 καὶ
2414 1837 2671 1909 προλέγει
2710 1837 2806 1899 τὰς
2836 1835 3125 1904 τιμωρίας,
3161 1834 3246 1886 ἵνα
3279 1835 3353 1903 μὴ
3404 1834 3511 1888 ἀπὸ
3537 1850 3689 1887 τανι-

2100 1933 2336 2002 τομάτου
2359 1931 2529 1984 ταῦτα
2580 1929 2896 1999 συμϐαίνειν
2929 1927 3262 1992 τοπάσωσιν,
3306 1927 3439 1980 ἀλλὰ
3471 1927 3685 1996 (γνῶσι

2102 2021 2396 2092 θεηλάτους
2420 2015 2558 2073 εἶναι
2584 2020 2817 2089 πληγάς.

2694 2138 2890 2192 ΕΡΩΤ.
2934 2139 3064 2191 KA'.

2106 2253 2167 2305 Τί
2210 2252 2432 2316 δήποτε
2462 2252 2702 2317 μέλλων
2729 2250 3033 2319 ἐπιφέρειν
3064 2251 3177 2315 τὴν
3222 2249 3487 2319 χάλαζαν
3516 2263 3682 2317 παρ-

2172 2322 2724 2403 ηγγύησε-νηαὺτοῖς
2770 2324 2857 2385 εἱς
2894 2320 3037 2387 τοὺς
3094 2321 3302 2386 οἴκους
3353 2321 3426 2373 τὰ
3477 2320 3683 2387 κτήνη

2172 2409 2538 2460 συναγαγειν
2554 2410 2572 2457 ;

2172 2485 2553 2555 Φιλάνθρωπος
2579 2484 2655 2537 ὢν
2680 2487 2707 2538 ὁ
2742 2485 3040 2553 Δεσπότης,
3091 2485 3227 2553 ἐλέῳ
3277 2485 3376 2548 τὰς
3406 2485 3691 2553 τιμωρίας

2104 2577 2444 2647 κεράννυσιν.
2483 2577 2692 2639 Ἀλλως
2718 2593 2779 2629 τε
2823 2578 2918 2630 καὶ
2954 2577 3072 2647 ᾔδει
3116 2576 3269 2638 τινὰς
3326 2575 3509 2641 ἀξίους
3556 2591 3690 2642 φει-

2104 2668 2227 2733 δοῦς
2256 2687 2269 2699 ·
2303 2668 2460 2722 τοῦτο
2487 2668 2614 2739 γὰρ,
2665 2670 2810 2740 καὶή
2861 2669 2984 2721 θεία
3019 2668 3261 2721 διδάσκει
3290 2667 3479 2738 Γραφή
3501 2682 3515 2696 θ
3549 2684 3567 2716 ι
3621 2666 3690 2718 '0

2108 2761 2438 2831 φοϐούμενος
2475 2761 2608 2831 γὰρ,
2647 2762 2801 2832 φησὶ,
2832 2762 2894 2814 τὸ
2931 2760 3083 2832 ῥῆμα
3135 2758 3338 2830 Κυρίου
3364 2758 3471 2811 τῶν
3520 2757 3694 2827 θερα-

2110 2855 2317 2907 πόντων
2344 2852 2563 2921 Φαραὼ,
2596 2853 2867 2922 συνήγαγε
2921 2852 2989 2904 τὰ
3021 2854 3191 2922 κτήνη
3227 2849 3394 2903 αὐτοῦ
3443 2850 3523 2911 είς
3553 2848 3693 2911 τοὺς

2108 2945 2317 3008 οἴκους·
2344 2946 2402 3007 ὃς
2434 2945 2490 2997 δὲ
2526 2945 2586 2997 οὐ
2638 2945 2906 3015 προσέσχε
2932 2947 2998 3013 τῇ
3048 2943 3258 3013 διανοίᾳ
3286 2944 3366 3005 εἰς
3404 2942 3465 2994 τὸ
3529 2941 3692 3010 ῥῆμα

2112 3036 2337 3106 Κυρίου,
2385 3034 2564 3104 ἀφῆκε
2594 3034 2665 3087 τὰ
2699 3036 2868 3104 κτήνη
2914 3036 2972 3087 ὲν
3018 3036 3130 3098 τοῖς
3173 3034 3398 3094 πεδίοις.
3439 3049 3457 3082 ι
3487 3031 3600 3102 Τὴν
3630 3029 3693 3083 δὲ

2115 3127 2355 3198 χάλαζαν
2397 3128 2489 3181 καὶ
2522 3129 2649 3191 τοὺς
2683 3128 2956 3197 σκηπτοὺς
2989 3128 3174 3189 αὐτοῖς
3214 3125 3527 3195 ἐπενήνοχε,
3572 3123 3694 3175 δει-

2117 3222 2267 3284 κνὺς,
2286 3221 2362 3283 ὡς
2388 3220 2548 3283 αὑτός
2579 3222 2693 3272 ὲστι
2721 3222 2827 3275 τῶν
2857 3220 3140 3289 στοιχείων
3172 3219 3428 3272 ἁπάντων
3480 3215 3693 3269 Δεσπό-

2116 3331 2233 3383 της.
2278 3313 2494 3384 Ἐπειδὴ
2511 3310 2735 3383 γὰρκαὶ
2764 3313 3074 3381 Αἰγύπτιοι,
3112 3313 3206 3376 κα).
3237 3310 3521 3380 Ἕλληνες,
3563 3309 3693 3362 ἐνό-

2123 3407 2275 3475 μιζον
2300 3408 2423 3469 τοὺς
2461 3407 2557 3476 μὲν
2584 3407 2889 3476 οὐρανίους,
2917 3407 3043 3468 τοὺς
3062 3406 3118 3458 δὲ
3152 3404 3450 3473 ἐπιγείους,
3476 3404 3602 3464 τοὺς
3635 3401 3699 3455 δὲ

2122 3499 2467 3568 ὑποχθονίους
2520 3493 2658 3551 εἶναι
2713 3497 2900 3559 θεούς·
2938 3495 3030 3548 καὶ
3079 3496 3205 3557 τοὺς
3253 3494 3351 3565 μὲν
3409 3492 3509 3561 τῆς
3564 3491 3697 3559 γῆς,

2122 3594 2246 3654 τοὺς
2270 3591 2326 3644 δὲ
2367 3594 2467 3659 τῆς
2491 3589 2765 3658 θαλάσσης
2792 3587 3076 3652 δεσπόζειν
3100 3603 3115 3617 ’
3152 3586 3244 3638 καὶ
3289 3584 3417 3664 τοὺς
3451 3582 3549 3645 μὲν
3584 3582 3700 3668 τῷν

2123 3683 2315 3753 όρέων,
2344 3685 2468 3747 τοὺς
2503 3683 2558 3735 δὲ
2600 3684 2708 3735 τῶν
2759 3681 2957 3734 πεδίων
2991 3680 3134 3749 ἔχειν
3159 3680 3259 3750 τὴν
3301 3674 3703 3744 ὲξουσίαν(διὸ

2125 3774 2218 3828 καὶ
2243 3777 2289 3827 οἱ
2312 3775 2473 3844 Σύροι
2505 3774 2613 3844 (90)
2635 3775 2840 3842 ἔλεγον,
2866 3772 2997 3836 Θεὸς
3028 3772 3201 3842 ὀρέων
3228 3773 3257 3823 ό
3285 3770 3417 3831 Θεὸς
3456 3766 3703 3837 Ἰσραὴλ,

2128 3869 2219 3920 καὶ
2247 3868 2307 3919 οὐ
2355 3867 2464 3937 (91)
2495 3866 2627 3930 Θεὸς
2661 3867 2943 3934 κοιλάδων)
2961 3883 2974 3894 ·
3003 3863 3320 3931 ἀναγκαίως
3364 3861 3503 3928 ἄγαν
3532 3860 3560 3911 ὁ
3589 3856 3706 3909 τῶν

2128 3959 2263 4011 ὅλων
2291 3958 2418 4021 Θεὸς
2441 3958 2500 4011 ού
2532 3958 2692 4028 μόνον
2725 3958 2927 4020 αὐτοὺς
2960 3957 3047 4009 διὰ
3077 3954 3171 4009 τοῦ
3199 3951 3446 4020 ποταμοῦ
3482 3951 3577 4003 καὶ
3600 3948 3707 4016 τῆς

2132 4051 2255 4119 γῆς,
2284 4050 2420 4103 ἀλλὰ
2444 4051 2538 4110 καὶ
2569 4049 2657 4103 διὰ
2684 4050 2779 4102 τοῦ
2808 4050 2970 4119 ἀέρος
2999 4049 3092 4101 κα)¹
3121 4046 3221 4116 τῆς
3247 4045 3521 4112 θαλάσσης
3542 4039 3709 4093 ἐπαξι-

2134 4142 2291 4194 δευσε
2313 4158 2326 4172 ’
2394 4144 2488 4194 καὶ
2531 4141 2819 4212 οὐρανόθεν
2851 4141 3036 4201 αὐτοῖς
3096 4138 3394 4207 κεραυνοὺς
3426 4130 3705 4202 ἐπαφῆκε,

2139 4233 2405 4287 διδάσκων
2468 4234 2545 4296 ὡς
2604 4233 2765 4295 αὐτός
2814 4233 2930 4284 ἐστι
2982 4231 3088 4283 τῶν
3142 4229 3281 4282 ὅλων
3332 4226 3559 4297 ποιητὴς
3607 4222 3710 4276 καὶ

465 4322 760 4402 Δεσπότης.
781 4321 951 4402 Totis?
1000 4321 1111 4402 γὰρ
1145 4320 1238 4402 καὶ
1268 4324 1296 4375 ὁ
1353 4320 1625 4393 μακάριος
1658 4324 1848 4393 εἴρηκε
1882 4326 2088 4397 Μωσῆς
2131 4330 2266 4400 πρὸς
2298 4330 2462 4384 αὐτόν
2488 4329 2599 4399 (92)
2619 4345 2632 4359 ο
2672 4348 2689 4380 ι
2717 4330 2832 4381 Ἵνα
2866 4326 3007 4397 γνῷς
3052 4327 3135 4378 ὅτι
3161 4323 3255 4377 τοῦ
3273 4320 3505 4402 νΚυρίου
3535 4319 3576 4388 ἠ
3607 4316 3706 4385 γῆ.

469 4394 562 4445 καὶ
594 4393 681 4454 σὺ,
711 4393 804 4444 καὶ
823 4393 870 4443 οἱ
911 4391 1240 4461 θεράποντές
1265 4407 1382 4444 σου.

1026 4500 1304 4557 INTER“.
1344 4500 1508 4556 XXII.

711 4617 823 4673 Cur
849 4618 1109 4688 interfecit
1146 4617 1490 4687 primogenita
1521 4617 1786 4688 ngyplt'?

545 4709 829 4781 Propterea
892 4711 1036 4781 quod
1080 4711 1333 4765 lsraelem
1364 4751 1379 4776 ,
1436 4712 1856 4780 primogenitum
1902 4710 2019 4776 Dei,

472 4802 683 4858 Pharao
712 4805 875 4861 uimis
909 4806 1059 4860 durae
1100 4803 1408 4873 subjecerat
1439 4805 1705 4858 servituti.
1736 4796 1863 4861 hoc'
1877 4805 2020 4859 enim

2066 4504 2111 4559 D
2715 4504 2907 4559 ΕΡΩΤ.
2964 4503 3071 4556 ΚΒ¹
3087 4502 3152 4554 ⁸⁸.

2170 4620 2330 4672 Διατί
2368 4616 2438 4671 τὰ
2474 4616 2594 4671 τῶν
2627 4617 2960 4685 Αἰγυπτίων
2984 4615 3188 4670 ἀνεῖλε
3213 4612 3649 4681 πρωτότοκαλθς

2220 4712 2440 4783 Ἐπειδὴ
2490 4711 2835 4781 πρωτόγονον
2867 4710 2997 4762 ὄντα
3052 4708 3146 4761 τοῦ
3188 4707 3322 4761 Θεοῦ
3359 4704 3453 4758 τὸν
3488 4703 3709 4798 Ἰσραὴλ

2139 4806 2277 4873 ἄγαν
2301 4804 2552 4876 σκληρῶς
2600 4805 2808 4866 ἐκεῖνος
2854 4800 3242 4869 ὲδουλαγώγει·
3277 4799 3432 4853 τοῦτο
3460 4798 3569 4869 γάρ
3611 4804 3711 4849 xit

551 4972 566 5008 ι
622 4942 792 4997 Exod.
846 4958 942 5007 vn,
975 4942 1067 5007 20,
1091 4941 1181 4994 29..
1260 4952 1287 4990 Ρ
1322 4940 1491 4996 Exod.
1528 4957 1602 5004 ιχ,
1650 4940 1742 5006 20,
1788 4941 1877 4994 “2‘1.
1953 4952 1979 4990 ιι
2015 4941 2182 4996 Exod.
2210 4960 2284 4997 Ix.
2317 4942 2406 5007 29,
2441 4943 2528 4995 50.

1354 5081 1586 5135 VARIA'J
1627 5079 2008 5135 LECTIONES
2044 5081 2133 5135 EX
2167 5082 2442 5136 CATENA
2488 5076 2834 5136 LIPSIENSI.

546 5226 590 5257 ⁸⁵
624 5222 864 5290 Qumstio
895 5221 965 5275 22
988 5221 1055 5291 ad
1082 5219 1252 5275 Exod.
1289 5232 1383 5284 xu,
1407 5219 1499 5285 29,
1536 5218 1777 5291 refertur
1807 5219 1859 5272 in
1886 5230 1991 5274 cat.
2021 5234 2075 5289 p.
2106 5222 2227 5276 690.
2271 5220 2513 5289 Sequens
2539 5237 2632 5291 qu.
2654 5220 2727 5274 25
2755 5226 2932 5274 exstat
2980 5218 3053 5273 ib.
3088 5232 3141 5287 p.
3174 5215 3298 5280 £398,
3330 5215 3396 5268 ad
3430 5212 3599 5268 Exod.
3627 5228 3711 5279 tu,

477 5295 568 5349 Ἡ.
644 5296 690 5327 ⁸⁸
720 5294 837 5349 Cat.
873 5308 927 5362 p.
963 5290 1087 5345 690.
1120 5291 1226 5343 τῶν
1260 5292 1384 5358 Δίγ.
1413 5290 1591 5343 ἀνεῖλε
1624 5290 1691 5343 τὰ
1723 5307 1901 5361 πρωτ.

1988 5398 2194 5454 NOTAE
2208 5436 2222 5451 .
3054 5428 3057 5429 ν

557 5521 668 5588 (84)
698 5522 789 5572 El.
818 5516 952 5572 Cod.
983 5525 1038 5570 et
1068 5514 1293 5588 Pic._zi.

555 5585 666 5658 (85)
692 5589 827 5644 Cod.
853 5598 908 5643 et
937 5588 1059 5658 Pic.
1081 5585 1365 5658 ποτάμιον.

554 5653 667 5730 (86)
700 5660 921 5730 Μόνον.
951 5657 1087 5730 (led.
1117 5653 1312 5730 et_Pic.
1350 5653 1489 5706 ὅλον.

564 5726 679 5800 (87)
707 5729 841 5800 Cod.
871 5738 925 5782 et
941 5727 1068 5800 ‘Pic.
1094 5726 1281 5800 χρόαν.

551 5794 900 5874 (88)Αιτίας.
929 5797 1063 5854 Cod.
1094 5794 1147 5852 et
1171 5796 1284 5852 Pic.
1318 5794 1522 5865 χρείας.

2229 5506 2340 5575 (89)
2371 5506 2505 5561 Cod.
2534 5516 2586 5560 et
2611 5504 2725 5575 Pic.
2758 5505 3048 5575 παράγειν.

2231 5522 2340 5575 (δυ)
2371 5522 2505 5561 LOU.
2534 5522 2586 5560 et
2613 5522 2725 5559 ne.
2758 5522 3048 5626 παὲαγειν.

2231 5578 2342 5655 es»
2377 5578 2604 5655 βράιει
2632 5574 2746 5655 ιξῖε·
2776 5578 2803 5628 δ
2830 5575 3022 5655 ςύρος·
3092 5642 3105 5655 .
3155 5642 3212 5655 ...

2228 5642 2342 5716 (91)
2370 5649 2470 5701 Οὐ.
2501 5647 2623 5700 Des.
2651 5646 2706 5699 in
2744 5646 2865 5701 cod.
2891 5642 2944 5698 et
2966 5642 3121 5716 apud
3155 5642 3266 5699 Pic.

2232 5708 2351 5789 (92)
2377 5716 2527 5785 Πρὸς
2558 5718 2761 5773 αὐτόν.
2792 5716 2917 5771 Des.
2952 5708 3141 5770 in'cod.
3176 5723 3229 5769 et
3257 5712 3397 5784 apud
3424 5708 3538 5767 Pio.
