3850 6534
524 279 632 340 933

595 387 760 443 Vnus.
801 390 857 442 5.
889 406 908 439 ι
953 387 1208 443 Miserere
1247 388 1372 451 mei,
1428 380 1673 453 Domine,
1723 389 1982 457 quoniam
2018 388 2103 440 in-
2132 404 2175 455 Α

520 484 714 537 ﬁrmus
739 498 881 536 sum.
917 501 935 534 ι
962 481 1283 552 Hujnsmodi
1307 498 1405 535 vox
1433 481 1806 551 peccatoribus
1823 479 2093 533 convenit.

519 574 657 630 Nam
715 574 1029 629 inﬁmitate
1083 576 1436 644 praecedente,
1494 580 1771 643 peceatum
1817 572 1998 624 vincit.
2039 570 2095 623 Si

520 669 667 723 enim
721 668 859 722 ratio
908 666 961 720 in
1011 668 1169 721 nobis
1216 678 1321 719 non
1354 664 1565 718 infirma
1590 662 1775 725 fuerit,
1806 662 2096 730 perturba-

520 764 701 815 tiones
735 772 1077 828 nequaquam
1113 758 1606 811 rutnultuabuntur.
1643 754 1698 807 Si
1734 754 1876 805 enim
1910 752 2094 823 auriga

522 852 734 907 validus
773 852 956 915 fuerit,
995 861 1048 905 et
1093 865 1263 920 equos
1299 851 1533 903 scienter
1576 846 1782 900 ﬂexerit
1824 855 1877 899 et
1910 846 2095 899 mode-

524 957 675 1000 ratus
717 945 899 1011 fuerit,
930 944 1166 997 insultus
1199 959 1305 997 non
1338 941 1612 995 habebunt
1649 940 1849 993 Iecutn.

596 1058 760 1112 Vens.
804 1058 857 1111 4.
914 1076 933 1107 ι
984 1056 1125 1109 Sana
1167 1073 1273 1120 me,
1310 1055 1554 1119 Domine,
1587 1058 1843 1122 quoniam
1872 1064 2095 1106 contur-

521 1150 643 1205 bata
667 1159 792 1203 sunt
810 1164 932 1203 ossa
953 1164 1092 1211 mea,
1115 1159 1167 1201 et
1185 1149 1364 1200 anima
1388 1162 1503 1199 mea
1525 1147 1739 1199 turbata
1761 1153 1843 1199 est
1863 1145 2036 1197 valde.
2071 1161 2089 1193 ι

521 1242 655 1298 Ossa
694 1244 743 1295 in
780 1242 880 1295 hoc
909 1242 1028 1295 loco
1065 1240 1509 1295 ratiocinationes
1551 1238 1803 1307 appellat.
1832 1226 2094 1300 Quoniam

520 1337 661 1388 enim
681 1351 805 1390 ossa
827 1335 1134 1388 densiorem
1156 1334 1643 1392 habentnaturam,
1675 1331 1861 1399 etipsa
1893 1342 2095 1395 corpus

520 1427 740 1493 ferunt;
793 1429 996 1496 tropice
1048 1426 1509 1486 ratiocinationes,
1563 1439 1658 1491 per
1708 1437 1843 1490 quas
1896 1420 2095 1474 animal

520 1519 797 1590 dirigitur,
833 1536 956 1573 ossa
995 1505 1347 1585 nuncupav‘it.
1388 1517 1478 1569 Ait
1505 1516 1691 1586 igitur,
1727 1516 1921 1568 horum
1955 1530 2090 1567 eon-

524 1612 763 1665 turbatio
817 1611 1095 1665 concussit
1129 1620 1181 1663 et
1225 1611 1518 1663 commovit
1555 1623 1661 1661 me.
1697 1605 1874 1672 Quare
1906 1620 2095 1675 precor

522 1713 581 1756 ut
638 1713 727 1757 tua
784 1702 1114 1771 benignitate
1168 1699 1449 1770 perfruar,
1503 1709 1559 1753 ιιι
1592 1710 1688 1769 per
1719 1699 1857 1752 hanc
1887 1712 2093 1751 conva-

530 1799 755 1850 lescam.

596 1932 614 1952 ⁶
635 1949 652 1980 ι
671 1927 736 1983 Ει
754 1939 831 1990 ιιι,
850 1928 1095 1990 Domine,
1113 1925 1428 1995 usquequo?
1446 1922 1633 1995 [Vens
1649 1920 1727 1993 5.]
1748 1921 2092 1984 Convertere,

525 2020 770 2085 Demine,
794 2022 941 2087 eripe
961 2022 1200 2071 animam
1221 2034 1415 2081 meam,
1442 2016 1649 2070 salvum
1672 2030 1757 2068 me
1776 2013 1858 2067 l‘ac
1877 2024 2093 2084 propter

520 2115 952 2169 misericordiam
1013 2123 1184 2166 tuam.
1232 2130 1250 2163 ι
1302 2108 1418 2163 Νοη
1454 2109 1585 2163 dicit
1630 2124 1916 2178 usquequo,
1945 2108 2093 2161 velut

520 2204 829 2273 increpans,
861 2196 1022 2273 642
1056 2203 1145 2255 scd
1176 2217 1298 2255 cum
1323 2199 1374 2252 in
1397 2199 1583 2254 dolore
1611 2200 1703 2263 sit,
1735 2200 2008 2263 obsecrat,
2035 2210 2093 2256 ut

520 2311 676 2365 opem
744 2309 970 2364 propere
1027 2293 1183 2347 ferat.
1239 2291 1517 2346 Concinne
1581 2300 1762 2344 autem
1815 2293 2085 2361 apposuit,

526 2407 546 2441 ‹
589 2389 810 2457 Propter
838 2386 1268 2441 misericordiam
1296 2393 1466 2437 tuam.
1498 2401 1517 2434 ι
1552 2381 1669 2435 Non
1690 2385 1859 2445 enim,
1892 2384 2086 2453 inquit,

522 2482 654 2535 mihi
703 2481 802 2550 ipsi
845 2479 1078 2543 conﬁdo,
1113 2494 1286 2547 neque
1330 2492 1462 2529 meae
1488 2476 1718 2545 justitiaa
1747 2487 1899 2530 tuum
1930 2476 2088 2530 auxi-

520 2575 651 2627 lium
688 2574 901 2628 ascribo
924 2591 938 2637 ;
962 2572 1057 2626 sed
1082 2572 1151 2624 oh
1176 2580 1320 2623 tuam
1346 2569 1777 2623 misericordiam
1804 2570 2086 2637 deprecor,

523 2678 581 2720 ut
614 2669 757 2720 illius
772 2680 995 2735 compos
1025 2666 1169 2717 liam.
1197 2663 1313 2717 Hoc
1330 2674 1533 2724 autem,
1567 2679 1585 2713 ι
1616 2671 1952 2728 convertere,
1980 2662 2088 2715 Do-

522 2760 685 2825 mine,
730 2778 746 2810 ι
786 2776 905 2827 pro,
956 2757 1172 2811 attende
1202 2756 1267 2808 ad
1297 2769 1405 2819 me,
1454 2754 1655 2824 posuit,
1686 2762 1740 2808 et
1781 2770 1849 2809 ne
1869 2764 2087 2810 avertas

519 2848 710 2905 faciem
763 2860 907 2903 tuam
945 2866 974 2923 a
1020 2864 1105 2902 me
1138 2865 1151 2900 :
1193 2847 1508 2916 metaphora
1557 2854 1735 2901 sumat
1767 2846 1835 2899 ab
1869 2846 1953 2900 his
1992 2846 2085 2914 qui

515 2941 940 3004 excandescunt,
977 2947 1031 2993 et
1060 2945 1385 2992 aversantur
1413 2949 1615 3005 eosque
1644 2936 1738 3003 qui
1760 2934 2086 3005 deliquerint

517 3032 715 3087 intueri
750 3032 960 3086 uolunt.

586 3204 751 3262 Vens.
784 3203 838 3258 6.
872 3223 890 3255 (
920 3203 1185 3269 Quoniam
1214 3218 1316 3257 non
1347 3210 1429 3256 est
1462 3200 1514 3256 in
1548 3209 1720 3253 morte
1752 3197 1841 3267 qui
1876 3212 2082 3252 memor

517 3300 589 3354 sit
641 3300 741 3361 tui,
780 3297 833 3351 iit
869 3297 1081 3350 inferno
1112 3303 1289 3348 autem
1340 3294 1464 3363 quis
1493 3292 1843 3346 eonlitebitur
1872 3290 2015 3344 tibi?
2058 3308 2076 3342 ι

518 3390 721 3445 Idcirco
758 3404 948 3459 precor
977 3399 1035 3442 ut
1065 3389 1119 3440 in
1151 3387 1402 3456 praesenti
1433 3384 1716 3440 curatione
1742 3383 1913 3448 fruar,
1938 3398 2081 3453 quo-

516 3484 661 3537 niam
717 3481 840 3535 novi
875 3496 990 3546 eos,
1044 3479 1138 3548 qui
1188 3480 1255 3531 ab
1286 3479 1391 3531 hac
1424 3481 1533 3531 vita
1568 3480 1922 3532 decesserunt
1956 3492 2079 3529 cum

514 3574 854 3639 vulneribus,
903 3573 1107 3625 nullam
1160 3571 1413 3640 deinceps
1447 3572 1771 3626 medicinam
1814 3584 2081 3624 consecu-

511 3680 691 3731 turos,
738 3683 860 3721 eum
912 3666 1094 3719 nullus
1146 3665 1381 3731 amplius
1431 3665 1501 3719 sit
1550 3663 1881 3733 pomitentize
1906 3664 2078 3718 locus.

511 3760 650 3830 [lloc
683 3759 844 3811 etiam
878 3757 1090 3827 egregie
1106 3756 1320 3810 divinus
1342 3753 1505 3810 David
1528 3755 1940 3827 philosophatus
1962 3763 2077 3809 est:

511 3868 687 3921 neque
730 3851 875 3905 enim
919 3849 971 3902 in
1010 3859 1179 3904 morte
1220 3859 1323 3913 est,
1356 3850 1450 3904 sed
1485 3850 1536 3903 in
1567 3850 1695 3913 vita,
1726 3847 1818 3919 qui
1850 3848 1940 3903 Dei
1971 3863 2082 3901 me-

510 3947 689 4000 minit.
731 3946 820 4001 Sic
865 3945 1317 4003 descendentibus
1351 3944 1406 3997 in
1447 3943 1717 3997 infernum
1743 3957 1919 4012 neque
1946 3956 2080 3995 con-

508 4039 676 4094 fessio
724 4051 828 4104 est,
883 4056 1062 4111 neque
1125 4038 1412 4095 correctio.
1468 4035 1567 4091 Hic
1609 4037 1753 4092 enim
1807 4035 1948 4089 Deus
1999 4036 2081 4089 vi—

511 4143 621 4185 tam
671 4140 724 4185 et
789 4134 1057 4186 actionem
1113 4130 1406 4195 conclusit,
1462 4129 1574 4183 illic
1627 4144 1758 4183 vero
1814 4128 2078 4181 factorum

512 4239 741 4277 examen
768 4242 781 4277 :
813 4233 865 4277 et
889 4224 994 4277 hoc
1026 4233 1228 4277 octava:
1244 4221 1545 4292 proprium,
1576 4220 1689 4290 jam
1717 4234 1822 4274 non
1846 4220 2081 4289 amplius

510 4326 732 4382 aempus
780 4315 845 4368 ad
891 4314 1356 4383 comparationem
1404 4313 1671 4367 bonorum
1720 4321 1773 4366 et
1811 4304 2077 4365 malorum

1516 276 2009 337 THEODORETI
2042 276 2389 337 EPISCOPI
2418 278 2785 337 CYRENSIS

3660 281 3756 345 9θεὶ

2280 384 2351 454 γ’.
2388 407 2406 438 ‹
2466 387 2721 456 Ἐλέησόν
2768 404 2855 457 με,
2925 386 3111 457 Κύριε,
3171 388 3251 441 ὅτι
3296 388 3533 459 ἀσθενής
3572 392 3703 459 εἰμι.
3737 401 3752 426 ³

2210 479 2585 548 Ἀρμόττουσα
2641 482 2756 542 τοῖς
2801 482 3184 549 ἡμαρτηκόσιν
3229 483 3263 551 ἠ
3319 483 3549 553 τοιαύτη
3594 486 3755 555 φωνή.

2209 569 2519 633 Ἀσθενείας
2572 570 2682 639 γάρ
2725 572 3059 642 ἡγουμένης,
3114 574 3146 643 ἡ
3198 572 3441 644 ἁμαρτία
3504 578 3653 644 νικᾷ.
3704 579 3757 629 Ei

2196 660 2304 730 γὰρ
2338 663 2412 731 μὴ
2459 662 2747 734 ἀσθενήσει
2769 666 2813 694 ¹⁰
2860 665 2922 716 τὸ
2967 665 3024 715 ἐν
3057 664 3191 734 ἡμῖν
3250 665 3493 733 λογικὸν,
3533 667 3595 719 οὗ
3643 686 3756 722 στα-

2198 750 2439 803 σιάσει¹¹
2472 752 2539 804 τὰ
2568 753 2717 821 πάθη
2742 768 2754 782 ’
2790 754 3104 824 ἐρρωμένου
3128 756 3235 824 γὰρ
3266 755 3360 808 τοῦ
3400 757 3643 825 ἡνιόχου,
3674 764 3758 810 καὶ

2200 845 2315 912 μετ’
2367 845 2678 915 ἐπιστήμης
2728 847 2855 908 τοὺς
2904 847 3101 909 ῖππους
3152 847 3247 901 καὶ
3293 849 3627 917 στρέφοντος
3676 853 3759 901 καί

2200 936 2492 1000 ἰθύνοντος,
2522 938 2624 990 οὐκ
2655 937 2766 1009 ἔχει
2806 939 2875 992 τὰ
2901 940 3255 1009 σκιρτήματα
3280 942 3472 1011 χώραν
3499 943 3567 994 ³³.

2263 1050 2326 1104 δ’.
2366 1066 2387 1102 ι
2438 1049 2620 1104 Ἰασαί
2680 1069 2767 1121 με,
2820 1051 3014 1123 Κύριε,
3060 1054 3140 1106 ὅτι
3184 1055 3463 1125 ἐταράχθη
3522 1055 3594 1109 τὰ
3639 1058 3757 1110 ὀστᾶ

2199 1158 2301 1209 μου
2328 1156 2341 1169 ·
2371 1140 2521 1211 καὶὴ
2552 1141 2697 1212 ψυχή
2735 1160 2834 1211 μου
2872 1143 3147 1214 ἐταράχθη
3207 1146 3437 1217 σφόδρα.
3510 1165 3531 1198 ι
3592 1147 3754 1202 Ὀστᾶ

2197 1235 2433 1290 ἐνταῦθα
2460 1237 2586 1291 τοὺς
2622 1237 2917 1307 λογισμοὺς
2962 1236 3262 1307 ὀνομάζει·
3308 1239 3507 1309 ἐπειδὴ
3558 1240 3667 1309 γάρ
3697 1242 3753 1292 τά

2194 1328 2329 1381 ὀστᾶ
2362 1329 2773 1399 στεγανωτέραν
2812 1328 2926 1398 ἔχει
2962 1328 3061 1399 τὴν
3091 1329 3271 1396 φύσιν,
3316 1330 3413 1383 καὶ
3444 1331 3594 1383 αὐτὰ
3616 1332 3753 1400 φέρει

2192 1420 2254 1473 τὸ
2283 1420 2463 1487 σῶμα,
2502 1420 2778 1491 τροπικῶς
2815 1420 2943 1483 τοὺς
2975 1420 3294 1491 λογισμοὺς,
3329 1421 3399 1476 δι’
3431 1415 3511 1477 ὧν
3534 1421 3597 1475 τὸ
3630 1422 3752 1487 ζῶον

2199 1512 2461 1575 ἰθύνεται,
2513 1514 2647 1566 ὀστᾶ
2695 1514 3164 1584 προσηγόρευσεν.
3208 1514 3270 1567 Ἡ
3315 1515 3552 1579 τούτων,
3612 1519 3751 1584 φησι,

2193 1605 2407 1674 ταραχὴ
2454 1604 2711 1673 ἐκλόνησε-Ξ
2772 1623 2861 1675 με,
2919 1608 3015 1658 καὶ
3081 1605 3334 1661 διέσεισε.
3400 1608 3610 1675 Διόπερ
3664 1612 3751 1675 τῆς

2197 1695 2295 1764 σῆς
2314 1697 2356 1726 ’³
2392 1696 2798 1767 φιλανθρωπίας
2822 1698 3131 1752 ἀπολαῦσαι
3170 1700 3499 1771 παρακαλῶ,
3556 1702 3641 1754 ἵνα
3675 1703 3750 1755 διὰ

2196 1782 2403 1854 ταύτης
2440 1785 2540 1856 τὴν
2578 1786 2723 1839 ἴασιν
2774 1780 3038 1857 δέξωμάι.

2273 1938 2292 1971 ι
2332 1920 2443 1974 Καὶ
2495 1924 2560 1974 σὺ
2612 1922 2786 1995 Κύριε
2833 1924 2934 1988 ἕως
2996 1925 3160 1992 πότε;
3219 1924 3329 1999 [ah]
3396 1927 3747 2003 Ἐπίστρεέᾷον

2180 2012 2404 2084 Κύριε,
2495 2014 2659 2087 ῥῦσαι
2740 2017 2839 2087 τὴν
2935 2017 3114 2088 ψυχήν
3198 2036 3335 2089 μου,
3432 2022 3612 2073 σῶσόν
3688 2039 3745 2089 με

2192 2106 2377 2160 ἕνεκεν
2433 2107 2525 2161 τοῦ
2593 2108 2775 2172 ἐλέους
2811 2124 2927 2165 σου.
2969 2130 2988 2162 ι
3033 2110 3125 2174 T6,
3174 2111 3286 2176 ἕως
3329 2114 3497 2177 πότε,
3542 2114 3638 2183 οὐχ
3680 2116 3743 2177 ὡς

2192 2197 2441 2265 ἐγκαλῶν
2502 2199 2670 2268 λέγει,
2736 2200 2850 2254 ἀλλ’
2906 2201 2980 2264 ὼς
3045 2205 3103 2255 ὲν
3150 2202 3363 2267 ὀδύναις
3399 2205 3499 2271 ὣν,
3562 2208 3741 2261 stin-

2192 2291 2353 2360 χῦναι
2434 2293 2747 2363 παρακαλεῖ
2809 2295 2908 2365 τὴν
2976 2295 3307 2365 βοήθειανίδ.
3382 2298 3740 2368 Ἀρμοδίως¹³

2190 2385 2247 2435 δὲ
2274 2384 2583 2457 προσέθηκε
2609 2386 2690 2450 τὸ,
2726 2405 2744 2437 ι
2783 2388 3009 2441 Ἕνεκεν
3035 2390 3129 2441 τοῦ
3168 2388 3355 2454 ἐλέους
3398 2408 3518 2444 σου.
3559 2404 3578 2443 ι

2190 2476 2297 2545 γὰρ
2316 2478 2558 2546 ἐμαυτῷ,
2595 2479 2750 2547 φησι,
2789 2479 2997 2549 θαρρῶ,
3018 2480 3139 2532 οὐδὲ
3160 2483 3226 2551 τῇ
3261 2481 3499 2551 ἐμαυτοῦ
3556 2483 3741 2536 δικαιο-

2192 2566 2328 2639 σύνῃ
2356 2568 2456 2639 τὴν
2482 2569 2578 2638 σὴν
2602 2570 2646 2599 ²⁶
2674 2570 3023 2640 ὲπιγράιρω¹⁷
3068 2571 3344 2642 βοήθειαν.
3375 2573 3515 2627 ἀλλὰ
3548 2574 3635 2628 διὰ
3661 2576 3739 2627 τὸν

2191 2659 2281 2712 σὸν
2305 2660 2450 2712 ἔλεον
2471 2660 2673 2731 ταύτης
2704 2662 2928 2713 ἱκετεύω
2956 2666 3158 2732 τυχεῖν.
3188 2664 3262 2716 Τὸ
3292 2664 3371 2730 δὲ,
3424 2684 3441 2717 ι
3492 2666 3734 2737 ἐπίστρεο

2186 2751 2308 2822 ψον,
2340 2753 2533 2823 Κύριε,
2568 2774 2586 2805 ι
2619 2755 2742 2807 ἀντὶ
2771 2753 2884 2818 τοῦ,
2928 2772 2946 2803 ι
2994 2756 3231 2825 πρόσχες
3286 2774 3400 2826 μοι,
3456 2777 3474 2809 ι
3541 2762 3631 2812 καὶ
3671 2761 3735 2828 μὴ

2186 2847 2536 2920 άποστρέψῃς
2560 2847 2621 2900 τὸ
2649 2848 2938 2918 πρόσωπόν
2980 2865 3076 2901 σου
3115 2850 3207 2902 ἀπ’
3234 2849 3370 2920 ἐμοῦ
3394 2867 3407 2879 ·
3462 2854 3528 2905 ὲκ
3582 2870 3735 2922 μετα-

2188 2940 2360 3010 φοράς
2399 2940 2506 2991 τῶν
2529 2941 2922 3011 ὀργιζομένων,
2958 2942 3052 2994 καὶ
3074 2944 3595 3016 ἀποστρεφομένων,
3650 2948 3735 2998 καὶ

2185 3034 2313 3097 τοὺς
2338 3035 2669 3097 ὲπταικότας
2701 3034 2803 3088 οὐκ
2832 3033 3128 3089 ἐθελόντων
3161 3036 3294 3107 ὁρᾷν
3312 3037 3376 3089 ³⁸.

2255 3221 2329 3280 ς’.
2374 3232 2393 3266 ι
2431 3214 2557 3267 ’Ότι
2603 3214 2704 3267 οὐκ
2755 3214 2901 3267 ἐστιν
2957 3215 3014 3267 ἐν
3069 3213 3147 3283 τῷ
3204 3214 3419 3286 θανάτῳ
3462 3215 3490 3267 6
3541 3233 3735 3285 μνημο-

2182 3307 2352 3360 νεύων
2412 3323 2504 3359 σου
2526 3322 2540 3335 ·
2571 3308 2629 3359 ὲν
2656 3306 2711 3359 δὲ
2736 3305 2811 3375 τῷ
2846 3306 2945 3378 ᾄδῃ
2975 3307 3057 3369 τίς
3086 3304 3534 3381 ἐξομολογήσεται
3562 3326 3674 3375 σοις
3711 3330 3726 3360 ι

2182 3403 2279 3454 Διὰ
2326 3405 2370 3434 ²⁹
2431 3401 2589 3455 τοῦτο
2646 3402 2745 3471 τῆς
2808 3400 3102 3472 θεραπείας
3165 3403 3258 3454 ἐπὶ
3322 3403 3417 3456 τοῦ
3478 3405 3731 3473 παρόντος

2182 3494 2490 3548 ἀπολαῦσαι
2531 3494 2858 3564 παρακαλῶ,
2911 3495 3099 3564 ἐπειδὴ
3142 3490 3280 3560 οἴδα,
3327 3496 3409 3548 ὂτι
3446 3501 3554 3559 τοῖς
3591 3498 3727 3548 τόνδε

2180 3587 2271 3639 τὸν
2323 3586 2433 3657 βίον
2472 3586 2673 3653 ἐξιοῦσι
2743 3565 2891 3657 μετέ
2938 3588 3289 3657 τραυμάτων,
3352 3584 3572 3657 οὖδεμία
3627 3590 3725 3641 λοι-

2182 3680 2283 3731 πὸν
2337 3678 2603 3748 θεραπεία
2641 3679 2955 3749 δοθήσεται,
2984 3680 3168 3733 οὐκέτι
3217 3680 3402 3751 χώραν
3434 3682 3533 3749 τῆς
3575 3699 3725 3750 μετα-

2181 3770 2330 3832 νοίας
2398 3768 2647 3839 ἐχούσης.
2722 3768 2868 3841 [Καὶ
2935 3769 3199 3825 κάλλιστα
3254 3772 3331 3841 τῷ
3402 3772 3530 3843 θείῳ
3577 3774 3723 3824 Δαϐιὸ

2182 3860 2338 3913 τοῦτο
2376 3859 2805 3930 πεφιλοσόφηται
2832 3878 2845 3889 ·
2908 3861 2970 3914 οὐ
3008 3863 3116 3933 γὰρ
3153 3865 3210 3916 ἐν
3240 3861 3479 3933 θανάτῳ,
3528 3864 3635 3916 ἀλλ’
3674 3866 3721 3915 ἐν

2183 3954 2294 4023 ζωῇ
2354 3954 2501 4005 ἐστιν
2569 3955 2596 4006 6
2654 3953 2748 4005 τοῦ
2810 3952 2944 4006 Θεοῦ
2997 3955 3366 4024 μεμνημένος.
3418 3957 3597 4019 Οὕτως
3635 3958 3719 4008 οὐκ

2182 4044 2327 4096 ἔστιν
2372 4047 2429 4096 ἐν
2478 4044 2577 4116 ᾅδῃ
2627 4048 2741 4107 τοῖς
2799 4045 3124 4099 ἀπελθοῦσιν
3191 4047 3582 4117 ἐξομολόγησις
3641 4054 3718 4101 καὶ

2180 4134 2485 4204 διόρθωσις.
2546 4133 2866 4187 Συνέκλεισε
2917 4136 3026 4205 γὰρ
3080 4138 3109 4189 6
3162 4136 3295 4200 Θεὸς
3351 4139 3581 4191 ἐνταῦθα
3635 4140 3715 4208 μὲν

2183 4222 2296 4293 βίον
2343 4224 2437 4276 καὶ
2486 4222 2710 4294 πρᾶξιν,
2762 4225 2880 4276 ἐκεῖ
2914 4224 2971 4276 δὲ
3028 4225 3125 4295 τὴν
3178 4227 3288 4279 τῶν
3340 4229 3713 4299 πεπραγμένων

2182 4311 2460 4377 ἐξέτασινο
2519 4313 2679 4381 καίγε
2738 4313 2869 4366 ἴδιον
2924 4313 3083 4368 τοῦτο
3136 4316 3237 4387 τῆς
3295 4318 3511 4389 ὀγδόης,
3546 4321 3600 4371 τὸ
3632 4336 3713 4389 μη-

504 4407 636 4461 ιόιιιί
676 4406 983 4459 hominibus
1004 4406 1058 4459 in
1082 4420 1145 4459 ea
1161 4405 1571 4459 exsistentibus.
1606 4403 1710 4458 Sed
1731 4418 1963 4473 quorum
1992 4419 2078 4459 se-

2193 4405 2300 4460 ιιέτι
2355 4404 2544 4476 καιρὸν
2604 4407 2683 4468 εὶς
2742 4408 3097 4479 παρασκευὴν
3150 4409 3401 4477 ἀγαθῶν,
3462 4412 3493 4483 ἦ
3558 4411 3712 4464 κακῶν

504 4501 664 4555 ~ntina
688 4500 811 4569 quis
831 4514 922 4567 per
938 4513 1100 4568 opera
1115 4497 1328 4567 jecerit,
1344 4497 1538 4551 horum
1568 4504 1728 4551 erunt
1744 4496 2071 4565 percipiendi

510 4589 767 4659 manipuli
795 4606 808 4641 :
833 4588 989 4657 cujus
1011 4588 1183 4658 gratia
1211 4586 1299 4639 hic
1322 4586 1693 4655 pwnitentiam
1718 4600 1877 4655 agere
1894 4586 2069 4654 jubet,

494 4683 705 4753 quippe
730 4696 852 4736 cum
887 4682 939 4733 in
965 4681 1213 4750 sepulcro
1228 4677 1497 4749 ejusmodi
1527 4678 1771 4733 studium
1805 4678 1951 4732 iners
1974 4677 2071 4741 sit,

496 4777 593 4831 .Ait
652 4776 819 4840 enim,
877 4774 1135 4845 quoniam
1186 4773 1505 4828 diuturnum
1563 4772 1694 4827 mihi
1740 4772 2072 4842 pmnitentia:

504 4881 718 4940 tempus
756 4867 957 4923 factum
989 4875 1110 4932 est,
1142 4877 1324 4921 metuo
1355 4882 1424 4921 ne
1454 4865 1889 4921 misericordiam
1920 4873 2069 4918 tuam

498 4961 797 5031 praeveniat
848 4977 1016 5024 mors,
1063 4961 1119 5014 in
1162 4958 1324 5032 653
1371 4974 1479 5029 qua
1532 4959 1893 5014 confessionis
1930 4957 2068 5011 nihil

494 5063 626 5118 est;
664 5068 834 5123 quare
884 5054 1311 5109 misericordiam
1341 5050 1633 5107 aceelerari
1671 5060 1816 5121 peto.
1864 5049 2067 5105 Deinde

498 5144 807 5198 auditorem
846 5143 1019 5209 docet,
1079 5153 1264 5198 nostra
1296 5142 1491 5197 debere
1523 5157 1647 5196 cum
1681 5140 1775 5195 Dei
1810 5139 2065 5194 humani-

2176 4498 2376 4553 διδόναι
2414 4501 2526 4559 τοῖς
2568 4499 2626 4549 ὲν
2677 4499 2813 4570 αὐτῇ
2858 4502 3189 4569 γινομένοις.
3253 4502 3395 4555 Ἀλλ’
3440 4497 3515 4557 ὧν
3553 4506 3611 4558 άν
3643 4519 3711 4563 τις

2178 4592 2356 4662 ἑαυτῷ
2384 4593 2757 4663 καταὸάληται
2818 4594 2906 4648 διὰ
2938 4595 3045 4649 τῶν
3081 4595 3257 4666 ἔργων
3309 4596 3381 4649 τά
3430 4599 3706 4667 σπέρματα,

2176 4683 2379 4737 τούτων
2436 4686 2818 4755 ἀντιπαρέχειν
2871 4687 2943 4738 τά
2986 4686 3300 4757 δράγματαο
3340 4680 3405 4740 οὗ
3451 4689 3601 4758 χάριν
3638 4690 3708 4739 ὲν-

2177 4776 2353 4830 ταῦθα
2412 4778 2653 4847 ἐνεργεῖν
2701 4778 2981 4848 νομοθετεῖ
3033 4778 3131 4849 τὴν
3192 4781 3506 4849 μετάνοιαν,
3556 4780 3624 4841 ὡς
3660 4781 3707 4830 ἐν

2176 4868 2255 4938 τῷ
2286 4867 2388 4941 ᾄδῃ
2414 4869 2513 4939 τῆς
2548 4869 2802 4939 τοιαύτης
2861 4870 3102 4940 σπουδῆς
3147 4871 3558 4941 άπρακτούσης,
3594 4870 3705 4939 Φησὶ

2174 4960 2305 5028 γάρ’
2349 4959 2568 5029 Ἐπειδὴ
2603 4959 2812 5030 μακρός
2849 4977 2939 5030 μοι
2985 4961 3210 5028 γέγονεν
3259 4963 3287 5014 ὀ
3313 4965 3413 5031 τῆς
3451 4963 3704 5032 μετανοίας

2173 5052 2384 5122 καιρὸς,
2426 5051 2638 5105 δέδοικα
2686 5052 2761 5123 μὴ
2802 5052 2986 5123 φθάσῃ
3016 5053 3108 5106 τὸν
3160 5054 3312 5123 παρὰ
3370 5055 3466 5106 σοῦ
3516 5053 3703 5106 ἑλεονό

2172 5142 2422 5207 θάνατος,
2440 5145 2496 5197 ὲν
2512 5136 2555 5211 ᾧ
2571 5143 2642 5196 τὰ
2663 5144 2763 5214 τῆς
2782 5145 3220 5214 ἑξομολογήσεως
3239 5146 3337 5197 οὐκ
3367 5146 3483 5199 ἔστι
3504 5163 3518 5178 ο
3541 5144 3700 5197 τούτου

1593 5292 1821 5353 ιἈιιιΑῖ.
1850 5297 2232 5355 LECTIONES
2266 5296 2352 5355 ET
2378 5288 2606 5356 Nom.

572 5463 615 5494 '°
634 5460 754 5516 cod.
780 5461 802 5514 1
840 5461 1155 5533 ἁσθενήσοι.
1181 5462 1302 5533 eod.
1388 5461 1621 5533 ἀσθενεῖ.

500 5531 627 5600 De8.
656 5532 799 5600 apud
821 5532 985 5587 Cord.
1020 5531 1071 5600 p.
1104 5532 1225 5586 108.
1299 5532 1346 5563 ’⁸
1377 5531 1518 5599 Σῆς.
1544 5534 1709 5586 Abest
1734 5548 1762 5585 a
1789 5533 1909 5586 eod.
1942 5532 1991 5585 1.

1705 5462 1747 5492 ’ί
1777 5465 1898 5517 cod.
1936 5463 1959 5533 l
2006 5460 2307 5533 στασιάζοι.
2331 5464 2453 5518 cod.
2483 5464 2519 5517 Ξ
2550 5463 2854 5526 στασιάζει.
2931 5466 2975 5495 ¹¹
3015 5463 3383 5533 Ἐῤῥωμένου
3415 5495 3486 5505 -
3507 5463 3696 5533 χώραν.

2099 5532 2145 5562 ²δ
2182 5531 2346 5585 Τὸο-
2378 5535 2492 5601 τὴν
2522 5534 2834 5602 βοήθειαν.
2894 5534 3017 5589 Des.
3068 5531 3207 5601 apud
3257 5535 3424 5589 Cord.

3599 5536 3697 5587 108.

464 5610 465 5613 ‘
501 5599 548 5632 "
586 5601 979 5676 ξΑρμοδζως-
992 5599 1094 5676 ἀπζ
1114 5601 1281 5671 ἐμοῦ.
1309 5600 1516 5676 Mutato
1545 5603 2042 5676 ordinejverborum
2071 5602 2084 5654 l

2224 5599 2478 5676 leguntur
2514 5599 2653 5674 apud
2685 5606 2919 5676 Gord.il.
2952 5622 3002 5660 c.
3078 5599 3123 5637 ’δ
3320 5599 3651 5670 σήν.Ἀὶ›θιιι
3674 5620 3699 5655 a

500 5669 625 5746 cod2
664 5667 735 5746 2._
797 5672 839 5704 ²⁴¹
860 5667 1207 5746 ﬁfty-ptigit).
1237 5673 1357 5746 cod.
1391 5682 1619 5741 uterque
1648 5681 1701 5726 et
1734 5673 1894 5746 μονα.
1932 5675 2084 5746 ἐπαγ

2193 5667 2312 5746 ιω(
2348 5675 2393 5705 ’⁸
2416 5677 2528 5746 γἘκ
2550 5667 2626 5716 ’--
2653 5674 2821 5744 ὁρᾶν.
2852 5675 2975 5733 Des.
3007 5676 3151 5746 apud
3168 5667 3332 5731 (Iord.
3371 5667 3408 5731 Ι.
3437 5694 3487 5732 c.
3546 5678 3585 5708 "
3616 5676 3698 5726 Διὰ

499 5766 568 5781 -ι
596 5739 885 5811 ἐχούσης.
915 5739 1039 5799 Hace
1067 5739 1181 5797 fere
1212 5743 1400 5798 eadem
1424 5739 1549 5800 sunt
1575 5758 1695 5798 eum
1731 5742 1799 5799 iis
1825 5759 1946 5813 quae
1974 5742 2084 5799 Cori

2193 5744 2389 5800 :xhibet
2414 5745 2450 5800 ι.
2481 5760 2529 5799 c.
