3850 6522
133 331 228 399 999

1521 319 1605 378 IN
1648 318 1851 377 PSAL.
1882 317 2013 377 VII.

3279 324 3383 388 910

134 452 312 510 μαχος,
346 434 415 486 ἐι·
435 433 625 502 χόλῳ,
653 431 679 484 ὁ
722 430 777 485 δὲ
805 429 1123 495 Θιοόοτίων,
1159 428 1229 483 ἐγ
1256 426 1441 498 θυμῷ,
1478 430 1506 481 ό
1534 428 1591 481 δέ
1632 446 1694 497 γε

1808 425 2021 495 quidem
2052 426 2106 478 in
2138 425 2614 491 bile,Theodotion
2642 428 2694 481 in
2720 428 2920 497 furore,
2940 429 3135 499 Aquila
3168 447 3295 488 vero
3331 438 3385 490 iu

144 528 383 593 Ἀκύλας,
416 526 488 579 ἐν
523 524 939 593 ἁνυπερθεσίςι
982 523 1324 595 ἡρμήνευσε.
1382 519 1701 589 Παρακαλεῐ

129 622 291 676 τοίνυν
310 619 400 673 τὸν
430 617 647 671 δίκαιον
668 614 864 686 κριτὴν
897 614 1099 687 μηκέτι
1138 612 1496 685 μακροθυμίᾳ
1515 652 1529 674 ,
1563 610 1700 664 ἀλλὰ

129 710 295 781 δικαία
320 710 678 780 χρησάμενον
710 706 898 777 ψήφῳ,
964 704 1066 775 τὴν
1106 703 1385 775 τιμωρίαν
1425 701 1698 755 ἐπιθεῖναι

130 805 224 864 τοῖς
260 798 532 852 ἀδικοῦσι.
559 798 636 850 Τὸ
664 796 798 867 γὰρ.
823 793 1145 863 ἀνάστηθι,
1176 793 1298 847 ἀντὶ
1334 792 1456 858 τοῦ,
1498 791 1699 863 μηκέτι

132 891 578 965 μακροθυμήσῃς,
601 888 813 943 τέθεικε
830 904 844 919 ο
866 886 1112 941 τοιοῦτόν
1143 888 1262 940 ἔστι
1281 887 1363 952 τὸ,
1389 905 1407 937 ι
1446 886 1699 957 Ἐξεγέρ-

129 988 255 1055 θητι,
311 982 399 1035 ἴνα
459 981 516 1033 τί
570 982 784 1044 ὕπνοῖς,
816 978 1013 1051 Κύριε,
1058 998 1077 1031 ι
1118 978 1345 1050 καὶγὰρ
1375 978 1495 1032 ἐκεῖ
1533 978 1699 1031 ὕπνον

129 1079 212 1150 τὴν
247 1074 638 1147 μακροθυμίαν
671 1073 924 1127 ἐκάλεσε.
961 1073 1091 1136 Καὶ,
1132 1088 1152 1123 ι
1208 1071 1466 1136 Ἀνάστα,
1500 1068 1697 1142 Κύριε,

131 1170 373 1241 βοήθησον
401 1168 565 1236 ἡμῖν.
612 1185 631 1217 ι
664 1167 724 1219 '0
755 1165 949 1234 καιρὸς
973 1164 1081 1235 γὰρ
1104 1163 1166 1217 ού
1193 1163 1239 1195 ⁸⁵
1260 1161 1696 1234 φιλανθρωπίας,

131 1260 245 1315 αλλὰ
277 1258 493 1320 δικαίας
550 1255 750 1328 ὀργῆς.
806 1254 1028 1317 Ἐπίθες
1097 1253 1283 1307 τοίνυν
1324 1254 1438 1317 τοῖς
1483 1252 1698 1323 ἐχθροῖς

133 1372 220 1424 μου
262 1354 321 1406 τὸ
374 1354 598 1423 πέρας,
661 1350 762 1422 τὴν
812 1350 998 1405 ἄδικον
1056 1348 1241 1404 αὐτῶν
1288 1348 1475 1419 ἔφοδον
1527 1366 1699 1403 κατα-

140 1445 351 1510 παύσας.

189 1546 248 1609 η’.
283 1557 300 1590 ι
336 1536 447 1592 Καὶ
473 1536 828 1608 ὲξεγέρθητι,
865 1535 1038 1608 Κύριε
1070 1536 1099 1588 ὁ
1124 1534 1258 1600 Θεός
1288 1552 1415 1606 μου,
1443 1536 1501 1588 ὲν
1525 1550 1699 1606 προσ-

131 1632 343 1703 τάγματι
379 1622 425 1696 ᾧ
464 1630 746 1684 ὲνετείλω.
791 1650 810 1683 ι
851 1631 924 1684 Σὺ
972 1631 1082 1700 γὰρ
1135 1628 1541 1700 ὲνομοθὲτησας
1583 1629 1699 1690 τοῖς

133 1724 482 1796 ἀδικουμένοις
512 1723 775 1794 ἀμύνειν.
819 1725 886 1777 Ὃ
920 1725 1104 1777 τοίνυν
1128 1724 1240 1787 τοῖς
1278 1721 1463 1786 ἄλλοις
1494 1721 1696 1775 ἐνετεί-

1800 514 2072 570 celeritate
2122 516 2461 588 interpretati
2502 525 2651 573 sunt.
2687 518 2950 574 Obsecrat
2988 520 3153 591 igitur
3176 523 3382 593 justum

1794 608 2062 679 judicem,
2113 625 2183 665 ne
2230 609 2468 680 amplius
2497 609 2928 681 longanimitate,
2965 617 3058 668 sed
3082 613 3233 684 justa
3263 633 3357 672 scn

1801 702 1970 757 tentia
2023 711 2208 767 utens,
2254 703 2321 757 iis
2343 702 2447 779 ,ιιιιὶ
2484 702 2742 773 injuriam
2779 703 3028 759 inferunt
3060 720 3278 775 pinnam
3311 708 3361 763 ir

1801 804 1975 865 roget.
2015 793 2258 866 Exsurge
2296 799 2469 862 enim,
2501 813 2603 868 pro
2631 797 2709 853 Ne
2742 799 2982 867 amplius
3015 799 3092 854 sis
3139 800 3389 872 longani-

1802 887 1925 950 mis,
1958 889 2159 958 posuit.
2195 889 2325 944 Tale
2350 899 2433 946 est
2460 891 2592 946 illud
2620 892 2783 946 etiam
2813 910 2827 948 ;
2865 911 2881 944 ι
2918 891 3187 964 Exsurge,
3215 908 3388 963 quare

1801 979 2105 1046 obdormis,
2141 981 2369 1039 Domine
2400 980 2415 1033 ἱ
2454 984 2476 1037 ?
2514 1002 2533 1037 ι
2564 982 2701 1038 Nam
2740 985 2811 1040 ibi
2841 1001 3094 1041 somnum
3136 986 3387 1057 longani-

1800 1072 2045 1128 mitatem
2065 1074 2377 1143 appellavit.
2412 1076 2477 1129 Et
2508 1094 2521 1131 :
2558 1095 2576 1128 ι
2612 1076 2880 1149 Exsurge,
2906 1078 3158 1147 Domine,
3186 1078 3384 1149 adjuva

1800 1180 1903 1221 nos
1922 1166 1970 1221 ιι.
2007 1185 2024 1217 ι
2056 1166 2296 1238 Tempus
2321 1169 2465 1223 enim
2488 1184 2595 1224 non
2618 1171 2967 1242 benignitatis
2986 1181 3087 1239 est,
3109 1173 3202 1228 sed
3227 1171 3389 1241 justas

1801 1257 1919 1312 ira.
1976 1257 2196 1328 impone
2231 1258 2399 1329 igitur
2450 1259 2688 1317 inimicis
2725 1262 2859 1318 meis
2894 1265 3080 1332 linem,
3117 1263 3383 1334 iniustum

1800 1364 1993 1406 eorum
2025 1350 2289 1421 impetum
2320 1366 2677 1424 compescens
2711 1369 2726 1407 :

1872 1534 2117 1608 Vens.:8.
2157 1556 2176 1590 ι
2215 1536 2281 1593 Ει
2310 1553 2564 1610 exsurge,
2601 1539 2829 1597 Domine
2876 1541 3019 1598 Deus
3039 1544 3134 1609 mi,
3171 1544 3223 1597 in
3258 1559 3389 1613 prte-

1801 1638 1960 1700 cepto
1993 1630 2139 1701 quod
2180 1632 2475 1688 mandasti.
2516 1651 2535 1684 ι
2572 1634 2587 1653 ⁴
2620 1632 2702 1690 Tu
2748 1633 2894 1690 enim
2923 1633 3136 1704 jussisti
3176 1644 3239 1690 ut
3291 1651 3386 1692 eos

1801 1728 2060 1777 tueamur
2094 1724 2191 1793 qui
2229 1724 2434 1794 injuria
2494 1725 2827 1781 aﬂiciuntur.
2861 1725 3017 1793 Quod
3051 1725 3219 1798 igitur
3261 1728 3381 1783 aliis

132 1816 194 1870 im
218 1788 400 1879 ποιεῖν,
434 1788 672 1888 δρᾶσον,
709 1810 753 1869 ὦ
783 1815 1057 1879 Δέσποτα,
1086 1815 1181 1867 καὶ
1210 1817 1312 1885 τῆς
1344 1813 1446 1884 σῆς
1478 1830 1568 1883 μοι
1601 1830 1697 1879 με-

1808 1813 1913 1869 iieri
1945 1788 2390 1885 praecepistiJIac
2421 1834 2588 1883 nunc,
2609 1834 2643 1872 ο
2668 1788 2913 1884 Domine,
2944 1788 3199 1890 tuamque
3227 1833 3382 1889 opem

135 1911 265 1973 τὰδος
291 1909 482 1980 ῥοπῆς.
523 1927 542 1961 ι
590 1909 705 1962 Καὶ
756 1906 1054 1977 συναγωγὴ
1083 1905 1232 1960 λαῶν
1289 1905 1565 1959 κυκλώσει
1610 1922 1692 1959 σε.

136 2004 224 2055 Καὶ
250 2000 384 2072 ὑπὲρ
421 1999 644 2071 ταύτης
681 2002 761 2065 είς
802 2000 934 2070 ὕψος
984 1998 1335 2071 ὲπίστρεψον.
1385 2014 1419 2052 ἰ
1478 1997 1697 2070 Ταύτης

137 2098 223 2163 γάρ
258 2109 345 2146 σου
376 2095 481 2163 τῆς
508 2091 776 2162 προνοίας
808 2089 1139 2161 δειχθείσης,
1172 2088 1414 2153 ἅπαντές
1457 2105 1540 2142 σοι
1570 2090 1697 2151 τοὺς

137 2187 307 2255 ὕμνους
335 2185 724 2264 προσοίσουσι,
759 2184 855 2237 καὶ
894 2183 1029 2236 Θεὸν
1057 2181 1286 2252 ὕψιστον
1318 2182 1695 2237 ἀποκαλέσου-

140 2296 206 2331 σιν
230 2279 291 2343 ⁸⁸,
317 2277 352 2332 ὃ.
378 2294 438 2330 τε
458 2276 525 2347 δὴ
556 2278 740 2331 πάντα
762 2275 1071 2346 ἐφορῶντα,
1105 2276 1200 2328 καὶ
1224 2276 1326 2347 τὴν
1356 2275 1516 2339 ἀξίαν
1540 2274 1697 2345 δίκην

137 2372 229 2431 τοῖς
256 2367 536 2422 ἀδικοῦσιν
601 2367 939 2421 ἐπιτιθέντα.
971 2366 1047 2419 Τὸ
1078 2366 1209 2437 γὰρ,
1246 2385 1264 2418 ι
1303 2368 1383 2430 είς
1414 2365 1546 2437 ὕψος
1582 2365 1701 2420 ἐπί-

142 2460 357 2532 στρεψον,
394 2482 414 2515 ι
446 2462 577 2516 ἀντὶ
608 2460 727 2527 τοῦ,
754 2459 981 2531 ὕψιστος
1014 2459 1091 2513 ὢν
1114 2459 1298 2530 φύσει,
1324 2460 1477 2531 παρὰ
1501 2460 1558 2512 δὲ
1585 2463 1698 2523 τοῖς

139 2555 321 2619 πολλοῖς
364 2557 763 2629 ἀγνοούμενος,
823 2555 1067 2628 δείχθητι
1118 2555 1258 2627 ὅπερ
1312 2556 1582 2626 ὑπάρχεις
1612 2555 1699 2607 διὰ

141 2647 222 2715 τῆς
246 2648 365 2721 περὶ
386 2650 522 2715 τοὺς
574 2650 978 2721 ἀδικουμένους
1007 2647 1364 2721 κηδεμονίας.
1402 2644 1535 2701 Εἶτα
1566 2664 1700 2718 προ-

142 2758 377 2811 φητικως·

202 2925 256 2979 θ’.
289 2943 307 2976 ι
338 2902 543 2997 Κύριος
579 2929 763 2996 κρινεῖ
805 2924 990 2989 λαούς.
1030 2943 1049 2975 ι
1092 2924 1168 2979 Οὐ
1217 2924 1328 2998 γὰρ
1388 2924 1553 2996 μόνον
1602 2924 1700 2995 τὴν

146 3017 259 3089 ἐμὴν
286 3017 433 3089 δίκην
462 3017 710 3081 δικάσει,
746 3018 886 3072 ἀλλὰ
910 3017 1006 3071 καὶ
1038 3018 1196 3091 πάσῃ
1245 3019 1313 3088 τῇ
1342 3017 1454 3071 τῶν
1490 3016 1702 3087 ἀνθρώ-

1800 1904 1934 1959 mihi
1980 1905 2283 1976 impertias.
2322 1926 2342 1959 ι
2375 1907 2441 1963 Ει
2472 1924 2756 1981 synagoga
2787 1909 3114 1979 populorum
3146 1909 3384 1966 circum-

1798 1996 1952 2053 dabit
2008 2008 2081 2053 te.
2132 1998 2199 2054 Et
2252 2009 2475 2070 propter
2525 2001 2670 2057 hanc
2703 2002 2755 2055 in
2788 2003 2957 2057 altum
3006 2003 3318 2073 regredere.
3360 2020 3380 2055 ι

1799 2090 2012 2147 Etenim
2069 2108 2197 2148 cum
2251 2093 2393 2149 hanc
2443 2102 2588 2149 tuam
2629 2094 3021 2164 providentiam
3057 2095 3383 2160 ostenderis,

1798 2196 1991 2238 omnes
2030 2182 2265 2255 hymnos
2319 2184 2547 2240 otl‘erent
2593 2185 2709 2250 tibi,
2747 2184 3026 2256 Deumque
3056 2186 3383 2241 altissimum

1799 2284 1855 2331 te
1886 2276 2301 2348 nuncupabuut,
2333 2287 2395 2332 ut
2422 2276 2586 2349 647
2614 2278 2797 2332 omnia
2826 2278 3270 2348 prospicientem,
3299 2279 3352 2334 di

1800 2383 2075 2439 gnamque
2127 2383 2343 2439 pinnam
2386 2368 2833 2439 delinquentibus
2864 2370 3218 2439 irrogantem.
3249 2369 3365 2425 Nan

1807 2479 1828 2512 ι
1863 2460 2150 2530 regredere
2191 2460 2247 2514 in
2287 2461 2481 2527 altum,
2515 2479 2533 2511 ι
2570 2459 2715 2515 idem
2739 2468 2822 2516 est
2846 2462 3015 2531 quod,
3039 2478 3164 2515 cum
3189 2471 3381 2516 natura

1801 2551 2107 2608 altissimus
2161 2552 2261 2618 sis,
2309 2552 2451 2623 apud
2504 2552 2708 2607 multos
2747 2568 2878 2607 vero
2916 2554 3253 2625 inCOguitus,
3292 2571 3356 2610 os

1803 2648 1964 2703 tende
1998 2648 2144 2718 quod
2175 2663 2256 2713 es,
2308 2664 2406 2718 per
2451 2640 2897 2713 sollicitudinem,
2930 2665 3093 2719 quam
3130 2651 3276 2707 circa
3304 2652 3386 2706 in-

1799 2735 1945 2807 juria
1980 2736 2204 2794 ati‘ectos
2236 2737 2427 2793 habes.
2462 2736 2668 2792 Deinde
2695 2737 3043 2794 vaticinantis
3076 2754 3229 2794 more
3258 2743 3383 2793 sub-

1799 2824 1981 2896 jungit
2009 2844 2023 2879 :

1876 2914 2042 2972 Vens.
2094 2916 2149 2973 9.
2205 2936 2222 2969 ι
2269 2918 2532 2978 Dominus
2587 2919 2854 2991 iudicabit
2910 2919 3162 2990 populos.
3204 2938 3224 2972 ι
3265 2917 3384 2974 Non

1804 3008 1983 3063 solum
2021 3024 2200 3065 meam
2234 3026 2461 3067 causam
2491 3014 2781 3085 judicabit.
2830 3028 3017 3067 verum
3056 3014 3220 3068 etiam
3264 3014 3389 3067 uni-

147 3124 241 3161 πων
268 3107 441 3177 φύσει.
480 3128 499 3160 ι
536 3110 746 3180 Κρῖνόν
777 3126 845 3180 με
871 3110 940 3173 ⁸⁸,
980 3108 1175 3180 Κύριε,
1204 3109 1349 3163 κατὰ
1378 3108 1477 3180 τὴν
1493 3109 1699 3162 δικαιο-

1808 3114 1977 3156 versa:
2013 3102 2297 3167 hominum
2333 3114 2561 3160 naturae.
2599 3125 2617 3159 ι
2657 3106 2850 3162 Judica
2881 3122 2990 3172 me,
3028 3104 3275 3171 Domine,
3302 3120 3389 3160 se-

150 3198 285 3272 σύνην
314 3218 434 3271 μου,
468 3201 572 3255 καὶ
609 3202 752 3255 κατὰ
782 3201 881 3271 τὴν
920 3201 1161 3255 ἀκακίαν
1210 3218 1315 3271 μου
1342 3202 1431 3253 ἐπ’
1472 3200 1617 3272 ὲμοί.
1677 3218 1696 3252 ι

151 3291 207 3341 03
227 3291 565 3362 δικαιοσύνην
591 3290 772 3361 ἑαυτῷ
800 3292 890 3344 διὰ
917 3292 1127 3344 τούτων
1149 3292 1260 3345 τῶν
1290 3292 1465 3360 λόγων
1488 3310 1554 3361 με
1565 3309 1705 3362 μαρ-

149 3381 351 3452 τύρηκεν
394 3385 425 3434 ὁ
490 3384 645 3446 θεῖος
673 3385 716 3415 ⁵⁷
769 3384 975 3438 Δαὸίδ·
1031 3386 1296 3439 τάναντία
1354 3384 1465 3456 γὰρ
1536 3384 1703 3439 αὑτοῦ

154 3470 347 3538 βοῶντος
404 3474 711 3544 ἀκούομεν,
772 3493 790 3525 ι
843 3475 962 3528 Ὀτι
1024 3473 1124 3545 τὴν
1187 3475 1420 3544 ἀνομίαν
1459 3493 1562 3546 μου
1592 3474 1705 3543 ἐγὼ

151 3563 385 3630 γινώσκω,
418 3569 518 3620 καὶ
557 3569 594 3636 ἡ
628 3567 875 3638 ἁμαρτία
922 3584 1025 3638 μου
1066 3566 1300 3621 ἐνώπιόν
1343 3568 1443 3639 μού
1477 3571 1591 3622 ἐστι
1616 3568 1706 3621 διὰ

155 3658 343 3722 παντός·
373 3675 393 3711 ι
429 3659 561 3713 καί·
601 3678 620 3710 ι
659 3655 826 3726 Εἷπα,
873 3660 1251 3733 Ἐξαγορεύσω
1282 3662 1402 3714 κατ’
1431 3662 1568 3732 ἐμοῦ
1602 3664 1701 3733 τὴν

152 3746 347 3817 ἀνομίαν
378 3766 481 3819 μου
518 3748 605 3820 τῷ
634 3750 826 3820 Κυρίῳ
866 3749 944 3781 ⁶⁸⁶
984 3769 1003 3802 ι
1046 3750 1186 3803 ἀλλὰ
1226 3750 1576 3821 δικαιοσύνην
1604 3752 1703 3823 τὴν

154 3841 200 3891 ὲν
227 3840 292 3910 τῷ
322 3842 676 3912 προκειμένῳ
702 3842 993 3914 πράγματι
1026 3842 1208 3909 λέγει’
1251 3842 1391 3896 Οὖτε
1432 3843 1563 3914 γὰρ.
1596 3860 1702 3913 φη-

154 3928 271 3995 al",
297 3930 382 3984 τὸν
425 3930 793 4002 ’Δσεσσαλὼμ
821 3932 1060 4004 ἠδίκηκά
1087 3950 1160 3999 τι,
1198 3931 1321 3986 οὕτε
1352 3932 1441 3987 τὸν
1492 3932 1701 4003 Ἀχιτό-

156 4021 252 4089 φιλ,
276 4021 391 4077 οὕτε
414 4025 546 4089 τοὺς
581 4022 722 4094 μετὰ
741 4022 948 4077 τούτων
976 4023 1097 4078 κατ’
1117 4023 1253 4094 ἐμοῦ
1281 4023 1700 4095 στρατεύοντας.

159 4113 287 4168 Κατὰ
310 4108 515 4189 ταύτην
539 4116 727 4175 τοίνυν
762 4116 863 4187 τὴν
899 4116 1274 4184 δικαιοσύνην,
1310 4117 1405 4169 καὶ
1433 4115 1533 4189 τὴν
1560 4117 1701 4171 ἀκα-

156 4204 255 4259 κίαν
282 4209 346 4275 ",
384 4209 653 4281 κριθῆναι
700 4208 1029 4279 παρακαλῶ,
1062 4210 1159 4262 καὶ
1190 4207 1265 4280 μὴ
1292 4209 1437 4264 κατὰ
1472 4210 1572 4273 τὰς
1600 4209 1698 4280 ἤδη

154 4301 259 4369 παρ’
288 4301 413 4372 ἐμοῦ
448 4302 833 4372 γεγενημένας
864 4299 1266 4371 πλημμελείας.
1296 4300 1477 4373 Αὐτὴν
1511 4301 1555 4333 ⁷¹
1578 4299 1699 4354 κατ’

156 4389 295 4462 αὐτὴν
312 4396 571 4466 κριθῆναι
599 4394 699 4464 τὴν
724 4393 1005 4463 παροῦσαν
1029 4392 1289 4446 ὑπόθεσιν
1317 4391 1570 4457 ἱκετεύω,
1605 4392 1700 4445 καὶ

159 4482 219 4553 μὴ
241 4485 426 4557 ἑτέρων
448 4486 554 4541 νῦν
608 4488 654 4519 ’³
684 4485 871 4540 δοῦναι
920 4485 1076 4548 δίκας
1102 4485 1541 4555 ἁμαρτημάτων.

216 4582 260 4629 ι’.
288 4595 305 4629 ι
346 4578 763 4648 Συντελεσθήτω
807 4577 871 4648 δὴ
917 4577 1156 4649 πονηρία
1186 4576 1556 4647 ἁμαρτωλῶν,
1601 4577 1700 4631 καὶ

159 4671 469 4737 κατιυθυνείς
502 4673 737 4726 δίκαιον.
782 4690 801 4722 ι
872 4671 1021 4724 Ἀντὶ
1047 4670 1164 4737 τοῦ,
1209 4670 1702 4736 συντεπσθήτω,

162 4759 603 4832 ἀλαρτισθήτωό
662 4764 959 4834 Σύμμαχος
1009 4763 1279 4819 τέθεικεν.
1343 4762 1404 4815 Et
1454 4762 1704 4831 ματαία,

164 4853 570 4926 φησὶ,,δειχθείη
619 4856 728 4909 τῶν
775 4856 948 4925 κακίᾳ
995 4853 1286 4917 συζώντων
1351 4852 1385 4923 ἠ
1440 4854 1703 4925 πονηρία,

164 4946 545 5021 σπουδαιότερον
576 4951 624 5003 οί
676 4949 777 5018 τῆς
804 4948 1009 5018 ἀρετῆς
1043 4946 1304 5017 τρόφιμοι
1341 4944 1441 5017 τὴν
1467 4962 1697 5015 προκει-

166 5036 305 5108 μένην
325 5041 552 5112 αύτῆς⁷³
600 5042 830 5111 πορείαν
873 5040 1213 5108 ποιήσονται.

222 5147 238 5178 ι
276 5130 499 5198 Ἐτὰζων
547 5134 777 5204 καρδίας
830 5132 929 5187 καὶ
979 5132 1212 5203 νεφροὺς
1267 5131 1296 5182 ὁ
1344 5129 1497 5187 Θεόςο
1527 5121 1693 5200 [ιαὀ]

1806 3191 2047 3247 cundum
2064 3192 2333 3262 justitiam
2370 3211 2570 3263 meam,
2594 3206 2650 3252 et
2680 3197 2984 3253 secundum
3015 3197 3385 3253 innocentiam

1807 3295 1985 3335 meam
2019 3297 2185 3352 super
2215 3299 2325 3338 me.
2368 3303 2386 3336 ι
2429 3286 2531 3339 Per
2577 3285 2692 3342 hac
2736 3288 2900 3342 verba
2951 3288 3171 3343 divinus
3220 3287 3387 3343 David

1807 3387 1915 3426 non
1949 3388 2103 3428 suam
2129 3384 2368 3430 ostentat
2387 3377 2657 3445 justitiam
2694 3396 2705 3431 :
2734 3380 3008 3434 contraria
3034 3379 3178 3435 cnim
3207 3379 3386 3452 ipsum

1806 3463 2080 3518 dicentem
2120 3466 2421 3522 audimus:
2462 3486 2480 3519 ι
2524 3467 2796 3535 Quoniam
2827 3471 3169 3542 iniquitatem
3208 3488 3385 3528 meam

1805 3570 1908 3627 ego
1937 3571 2234 3628 cognosco,
2288 3571 2338 3615 et
2380 3571 2663 3631 peccatum
2720 3580 2901 3619 meum
2944 3577 3133 3623 contra
3179 3584 3267 3625 me
3306 3581 3390 3625 est

1806 3665 2025 3720 semper
2056 3650 2097 3705 ι.
2138 3671 2157 3705 ι
2208 3654 2320 3708 Et:
2368 3674 2384 3706 ι
2423 3655 2583 3722 Dixi,
2636 3658 2937 3712 conﬁtebor
2985 3661 3249 3719 adversus
3300 3680 3389 3717 me

1806 3743 2154 3813 iniquitatem
2208 3762 2382 3802 meam
2431 3747 2664 3803 Domino
2689 3757 2751 3803 ⁸³.
2789 3768 2805 3800 ι
2868 3749 3070 3806 Verum
3115 3753 3385 3823 justitiam

1804 3836 1964 3902 dicit,
1998 3854 2122 3908 quae
2153 3838 2207 3894 in
2236 3855 2298 3895 re
2328 3842 2583 3911 praesenti
2612 3843 2810 3899 elucet.
2846 3843 2961 3900 Non
2993 3846 3160 3911 enim,
3186 3847 3385 3918 inquit,

1803 3928 2165 3984 Absalomum
2198 3932 2422 3995 oﬂ'eudi.
2462 3949 2562 3988 nec
2595 3934 3004 4005 Achitophelem
3027 3976 3043 4001 ,
3085 3952 3183 3994 nec
3224 3939 3344 3993 illos
3369 3981 3383 4003 ,

1805 4020 1901 4090 qui
1934 4037 2040 4077 una
2071 4038 2199 4078 cum
2253 4024 2389 4095 ipsis
2441 4027 2645 4083 bellum
2677 4040 2872 4098 gerunt
2905 4039 3099 4084 contra
3137 4046 3243 4085 me.
3292 4033 3387 4087 Se-

1805 4114 2045 4170 cundum
2099 4116 2241 4172 hanc
2272 4133 2407 4189 ergo
2434 4120 2709 4191 justitiam
2762 4128 2929 4191 atque
2974 4122 3382 4190 innocentiam,

1804 4216 1866 4262 ut
1898 4223 1986 4265 me
2017 4210 2233 4279 judices
2268 4228 2482 4282 precor,
2520 4223 2575 4269 et
2620 4230 2728 4269 non
2784 4217 3085 4271 secundum
3141 4229 3384 4287 peccata.

1802 4316 1926 4371 quae
1962 4317 1992 4356 a
2030 4317 2118 4357 me
2146 4314 2304 4358 antea
2337 4305 2633 4361 commissa
2669 4306 2893 4361 fuerunt
2921 4324 2933 4361 :
2966 4309 3059 4363 sed
3093 4308 3264 4379 ipsam
3291 4326 3387 4380 per

1803 4408 1863 4449 se
1896 4410 2012 4449 rem
2060 4406 2381 4466 praesentem
2434 4406 2495 4451 ut
2520 4398 2734 4467 judices
2782 4414 2902 4463 oro,
2943 4415 3120 4470 neque
3153 4402 3383 4457 aliorum

1736 4497 1778 4551 ι)
1808 4483 2139 4555 ﬂagitiorum
2174 4502 2204 4541 a
2239 4503 2325 4542 me
2353 4503 2498 4544 nunc
2546 4505 2763 4560 pmnam
2796 4491 3004 4559 exigas.

1875 4576 2042 4635 Vens.
2082 4580 2170 4634 10.
2212 4598 2231 4630 ι
2269 4579 2703 4636 Consummetur
2733 4582 2975 4650 nequitia
3011 4591 3382 4651 peccatorum,

1799 4680 1854 4726 et
1886 4670 2093 4742 diriges
2115 4672 2355 4741 justum.
2386 4690 2406 4724 ι
2436 4671 2542 4727 Pro
2572 4681 2985 4739 consummatur,
3022 4672 3386 4743 Symmachus

1802 4765 1987 4832 posuit
2018 4766 2352 4836 perﬁciatur.
2388 4764 2444 4819 Si
2477 4766 2632 4821 irrita
2670 4765 2837 4822 fuerit
2867 4765 3073 4820 reddita
3096 4808 3110 4829 ,
3165 4766 3341 4837 inquit
3367 4808 3381 4829 .

1802 4858 2046 4929 nequitia
2100 4857 2470 4928 eorum,-qui
2527 4859 2733 4912 malitia
2795 4873 3111 4921 assuevere.
3162 4859 3387 4914 virtutis

1805 4951 2011 5007 alumni
2038 4952 2340 5008 studiosius
2374 4950 2493 5021 ejus
2526 4953 2860 5020 propositum
2891 4950 2994 5006 iter
3033 4950 3252 5006 facient.

1878 5123 2046 5179 Vens.
2103 5126 2188 5179 ll.
2232 5145 2249 5176 ι
2294 5126 2560 5182 Scrutans
2612 5124 2775 5180 corda
2826 5135 2880 5180 et
2948 5142 3107 5181 renes
3153 5127 3317 5182 Deus.
3357 5146 3374 5178 ι

221 5244 234 5295 ί
275 5246 403 5308 Psal.
446 5267 597 5317 mu,
631 5251 722 5306 25.
803 5252 826 5291 ι
859 5249 1007 5306 Psal.
1034 5265 1117 5313 ιιι,
1147 5250 1199 5302 7.
1283 5242 1303 5285 ι
1342 5245 1489 5300 Psal.
1528 5262 1577 5308 ι,
1617 5244 1671 5297 '5.

1825 5240 1972 5298 Psal.
2016 5259 2165 5304 xxxi,

1192 5380 1428 5436 VARIIE
1471 5373 1857 5433 LECTIONES
1897 5376 1986 5432 ΕΤ
2026 5377 2261 5436 ΝΟΤΕ.

215 5496 253 5529 ⁸⁸
275 5499 332 5552 Ὀ
357 5531 424 5541 -
446 5502 535 5557 οὐ.
571 5498 692 5554 cod.
726 5506 976 5567 uterque,
1004 5496 1065 5549 οὐ
1106 5495 1296 5565 καιρὸς
1328 5492 1457 5561 γάρ.
1494 5490 1566 5544 Ita
1599 5506 1699 5614 aut]

220 5567 622 5614 ἐπικαλέσουσιν-
699 5569 745 5601 ⁸⁸
786 5573 885 5614 Ms-
912 5566 1035 5614 cmi.
1062 5567 1097 5614 2
1131 5582 1240 5614 um.
1267 5572 1327 5614 ut
1352 5565 1512 5614 habet
1535 5578 1598 5614 eo
1644 5603 1657 5614 .

1808 5507 1817 5542 ι
1851 5492 1975 5547 cod.
2010 5493 2153 5549 Flor.
2184 5504 2235 5550 et
2262 5494 2427 5549 Cord.
2451 5495 2487 5547 1.
2520 5510 2571 5550 c.

1810 5578 1864 5614 x.
1943 5566 1987 5598 ⁶⁷
2028 5566 2212 5614 Gelon.
2251 5565 2415 5614 Abest
2446 5580 2474 5614 ιι
2536 5580 2571 5614 (ξι

1644 5603 1657 5616 .
1708 5563 1864 5616 Alex.
1943 5566 1987 5598 °'
2028 5566 2212 5630 Θεῖος.
2250 5565 2415 5619 Abest
2446 5580 2474 5618 a
2536 5565 2656 5617 cod.
2694 5564 2746 5616 2.

167 5565 195 5619 ‘2
220 5567 623 5624 ἐπικαλέσουσιν.
699 5569 745 5601 ⁸⁸
784 5565 885 5623 Μελ
912 5566 1035 5620 cod.
1062 5567 1097 5619 2
1131 5582 1240 5634 μοι,
1267 5572 1327 5618 ut
1352 5565 1512 5617 habet
1535 5578 1598 5617 co

169 5639 346 5705 Κυρίῳ.
381 5641 497 5696 Des.
533 5639 674 5709 apud
724 5635 1137 5709 Cord.ip.‘125.

166 5708 423 5779 “ﬁliam.
452 5707 580 5767 Des.
605 5709 748 5779 apud
784 5707 1015 5779 ὕοι-(1.1.
1049 5721 1100 5759 c.

171 5774 279 5839 τοῖς.
311 5774 375 5834 ita
400 5797 611 5851 quoque
644 5774 787 5851 apud
822 5778 987 5833 Cord.
1020 5791 1074 5845 ιι.
1118 5774 1237 5829 126.

1244 5636 1286 5666 ⁸⁸
1316 5634 1491 5699 Φησι.
1552 5634 1719 5687 Abest
1755 5647 1783 5686 a
1818 5636 1943 5689 cod.
1983 5636 2036 5689 2.

1175 5706 1220 5735 ⁷¹
1286 5706 1433 5758 Νῦν.
1455 5702 1618 5757 Abest
1644 5719 1699 5758 at

1808 5746 1819 5756 .
1853 5707 1906 5761 2.
1985 5709 2031 5741 ⁷³
2060 5706 2279 5776 Αὐτῆς.
2316 5703 2545 5759 Ριιῑιιειιιι
2577 5705 2736 5758 let-tio
2763 5708 3053 5774 utriusque
3105 5705 3226 5757 cod.
3279 5704 3383 5757 αὖ·

2649 5496 2759 5569 "1A
2768 5492 3239 5569 ποκαλᾷσουοξιν.
3255 5494 3376 5569 cod:

2828 5565 2870 5593 ⁸⁸
2911 5564 3280 5625 ἰς’ἁναντιά-
3302 5564 3382 5627 τῷ

2155 5636 2201 5668 ⁷⁸
2231 5636 2531 5690 Ἀκακίαν.
2563 5634 2683 5688 cod.
2718 5634 2741 5687 1
2790 5634 3012 5688 κακίαν.
3101 5634 3144 5663 ⁷⁸
3176 5632 3382 5696 Αὐτὴν
