3850 6530
412 336 507 395 ςιιι

1381 323 1881 387 ’ΤΗΕΟΟΟΒΕΤΙ
1940 318 2279 381 EPISCOPI
2322 314 2698 376 CYRENSIS

3560 315 3661 377 912

413 449 628 503 Iustum
673 447 839 519 648
889 444 1219 515 adjutorium
1276 459 1454 498 meum
1509 460 1537 498 a
1578 443 1844 505 Domino,
1902 441 1993 511 qui

2127 437 2359 491 uxaia"
2408 437 2440 507 ἡ
2487 433 2711 505 βοήθειά
2761 449 2863 503 μου
2921 432 3076 503 παρὰ
3118 432 3212 486 τοῦ
3255 431 3389 487 Θεοῦ
3435 433 3526 487 τοῦ
3566 439 3663 487 σώ-

414 545 594 596 salvos
648 539 778 594 facit
842 549 1019 593 rectos
1064 538 1246 592 corde.
1297 555 1315 589 ι
1359 535 1524 591 Renes
1572 536 1658 591 hic
1702 536 1995 605 cOgitatio-

414 651 511 689 nes
561 633 814 703 appellat.
866 631 1133 698 Quoniam
1194 629 1339 684 enim
1408 629 1462 681 in
1517 628 1760 697 partibus
1825 626 1994 680 abdo-

415 726 550 781 mini
606 724 870 795 subjectis
918 723 1184 793 appetitus
1234 722 1476 776 excitant
1527 735 1703 785 renes,
1763 727 1818 774 et
1871 719 1997 773 hinc

417 818 676 886 deinceps
737 814 1193 885 concupiscentiae
1246 813 1602 885 cogitationes
1670 820 1993 871 moventur,

419 927 579 968 renes
608 917 625 935 '
657 910 866 980 tropice
906 908 1266 980 cogitationes
1303 905 1659 974 nuncupavit.
1694 902 1798 969 Qui
1834 903 1998 971 igitur

419 1004 667 1059 occultas
696 1003 951 1057 humana:
975 1000 1176 1054 mentis
1204 998 1565 1070 cogitationes
1597 995 1764 1060 novit,
1792 994 1996 1065 justam

422 1098 553 1153 tnihi
585 1110 742 1167 Opem
776 1094 986 1159 afferet,
1020 1103 1280 1162 tanquam
1310 1091 1508 1146 solitus
1540 1090 1643 1144 hoc
1681 1088 1881 1143 facere.
1914 1088 2000 1142 ln-

418 1190 561 1260 juria
590 1187 736 1243 enim
767 1184 973 1241 allectis
1003 1199 1216 1253 semper
1245 1192 1327 1238 est
1355 1182 1575 1236 vindex.
1610 1180 1748 1237 llinc
1774 1183 2002 1251 posthac

420 1288 475 1334 et
516 1278 736 1348 iniquos
783 1284 1043 1341 exterret,
1091 1276 1297 1346 justam
1346 1275 1642 1329 vindictam
1683 1275 1999 1340 ostendens,

423 1370 910 1441 Achitophelisque
943 1368 1225 1424 interitum
1256 1368 1517 1438 praedicit.

496 1611 663 1667 Vens.
700 1611 785 1665 12.
825 1629 842 1662 ι
878 1582 1022 1667 licus
1047 1610 1450 1681 justusjudex,
1480 1620 1534 1667 et
1562 1609 1746 1677 fortis,
1786 1620 1841 1666 et
1885 1612 2005 1666 lono

427 1705 684 1774 ganimis,
721 1716 775 1759 et
822 1703 913 1774 qui
966 1704 1101 1758 iram
1150 1718 1256 1758 non
1306 1704 1571 1773 protrahit
1616 1718 1710 1774 per
1759 1704 2005 1774 singulos

2097 531 2287 594 ζοντος
2330 530 2458 591 τοὺς
2498 526 2677 589 εὐθεῖς
2729 528 2794 596 τῇ
2848 525 3070 597 καρδίᾳ..
3107 544 3126 576 ι
3161 526 3437 596 Νεφροὺς
3481 528 3667 580 ὲνταῦο

2099 622 2167 675 θα
2186 621 2313 683 τοὺς
2347 620 2647 689 λογισμοὺς
2684 618 2963 687 ὀνομάζει.
3013 618 3235 691 Ἐπειδὴ
3284 620 3394 689 γὰρ
3420 619 3519 682 τὰς
3547 620 3670 671 ὑπο·

2098 713 2392 783 γαστρίους
2426 711 2638 782 ὀρέξεις
2680 710 2729 762 οἱ
2779 711 2972 780 νεφροὶ
3019 710 3403 781 διεγείρουσιν,
3434 709 3674 763 ἐντεῦθεν

2097 799 2154 851 δὲ
2176 798 2364 853 λοιπὸν
2388 797 2669 852 κινοῦνται
2697 798 2798 868 τῆς
2842 799 3144 869 ἐπιθυμίας
3187 802 3236 853 οί
3290 801 3565 871 λογισμοὶ,
3596 818 3676 853 νε-

2100 894 2275 961 φροὺς
2300 890 2581 962 τροπικῶς
2628 891 2756 955 τοὺς
2802 891 3102 962 λογισμοὺς
3135 894 3586 963 προσηγόρευσεν
3612 894 3675 945 ’⁸.

2111 985 2170 1036 '0
2198 983 2404 1049 τοίνυν,
2437 985 2595 1052 φησι,
2629 984 2758 1046 τοὺς
2793 986 3222 1055 κεκρυμμένους
3245 986 3346 1056 τῆς
3369 985 3614 1049 διανοίας
3636 986 3677 1015 ⁷⁸

2101 1072 2211 1126 τῶν
2262 1071 2572 1145 ἀνθρώπων
2596 1074 2641 1107 ⁷⁷
2696 1074 2995 1146 λογισμοὺς
3024 1077 3421 1147 ἐπιστάμενος,
3472 1077 3680 1131 δικαίαν

2106 1183 2198 1236 μοι
2222 1165 2454 1237 παρέξει
2505 1165 2786 1237 βοήθειαν,
2820 1168 2916 1221 ἇτε
2948 1168 3013 1241 δὴ
3058 1167 3219 1221 τοῦτο
3250 1170 3429 1221 ποιεῖν
3457 1167 3678 1231 είωθώς.

2103 1260 2228 1322 Τοῖς
2256 1259 2363 1328 γὰρ
2393 1259 2775 1329 ἀδικουμένοις
2818 1261 3125 1331 ὲπαμύνων
3171 1260 3426 1316 διατελεῖ.
3473 1261 3683 1316 Ἐντεῦ-

2104 1352 2196 1406 θεν
2226 1351 2411 1407 λοιπὸν
2437 1353 2531 1406 καὶ
2552 1352 2596 1384 ⁷⁸
2621 1352 2920 1406 δεδίττεται
2949 1354 3076 1418 τοὺς
3134 1355 3371 1425 πονηρίᾳ
3389 1354 3431 1388 τ’
3489 1355 3687 1419 συζῶν-

2105 1459 2224 1505 τας.
2260 1442 2357 1506 τὰς
2386 1442 2606 1506 δικαίας
2636 1444 2911 1514 τιμωρίας
2943 1444 3269 1509 ὕποδεικνύς
3289 1462 3301 1475 ’
3326 1448 3419 1499 καὶ
3450 1462 3685 1516 προαγο-

2107 1529 2256 1602 ρεύει
2283 1530 2328 1562 ⁸ο
2362 1530 2459 1584 τοῦ
2513 1532 2799 1602 Ἀχιτόφελ
2825 1534 2918 1587 τὸν
2944 1534 3189 1605 ὄλεθρον.

2180 1622 2270 1694 ιβ’.
2308 1642 2327 1676 ι
2389 1624 2446 1678 '0
2492 1624 2628 1687 Θεὸς
2680 1626 2878 1696 κριτὴς
2914 1626 3148 1691 δίκαιος.
3192 1629 3287 1682 καὶ
3324 1630 3572 1699 ἰσχυρὸς,
3607 1632 3691 1681 καὶ

2113 1715 2491 1786 μακρόθυμος,
2555 1714 2649 1769 καὶ⁵
2686 1715 2761 1786 μὴ
2812 1716 2983 1788 ὀργὴν
3024 1718 3247 1783 ὲπάγων
3276 1717 3401 1769 καθ’
3453 1719 3691 1786 ἑκάστην

427 1798 566 1852 dies.
603 1815 620 1847 ι
648 1795 817 1850 llahet
845 1810 977 1849 vero
1005 1804 1057 1849 et
1080 1794 1490 1863 benignitatem,
1517 1809 1613 1863 per
1640 1809 1805 1864 quam
1834 1794 2008 1848 homi-

2127 1807 2347 1878 jpépav.
2381 1826 2399 1857 ι
2446 1807 2601 1877 Ἔχει
2650 1807 2707 1859 δὲ
2756 1809 2854 1860 καὶ
2915 1807 3352 1878 φιλανθρωπίαν,
3389 1808 3457 1861 δι’
3490 1809 3561 1877 ἣν
3607 1810 3691 1860 ἐπὶ

430 1905 559 1943 num
608 1896 829 1958 peccata
862 1888 1069 1942 diutius
1114 1888 1328 1941 tolerat.
1370 1884 1662 1953 Quoniam,
1708 1887 2007 1956 siquando

428 1982 623 2036 viderit
655 1982 908 2035 homines
937 1996 1001 2033 ex
1035 1981 1137 2034 hac
1163 1994 1260 2032 sua
1290 1978 1545 2047 patientia
1589 1979 1721 2032 nihil
1754 1979 2008 2034 utilitatis

431 2075 708 2144 percipere
731 2114 745 2137 ,
790 2073 996 2126 interea
1028 2071 1192 2124 minis
1230 2079 1517 2140 pet-terret,
1551 2070 1844 2125 vindictam
1880 2085 2006 2140 pro-

425 2166 763 2222 crastinans.
804 2162 961 2230 Quod
1011 2163 1056 2217 si
1110 2162 1210 2216 hac
1260 2163 1426 2216 etiam
1477 2161 1729 2231 despecta
1782 2176 2010 2231 peccare

434 2263 679 2327 pergant,
732 2255 915 2309 statim
954 2255 1207 2308 ultimum
1239 2254 1565 2323 supplicium
1599 2254 1821 2307 adducit
1846 2254 2011 2321 justi-

434 2350 563 2402 tiam
597 2348 906 2402 continens.
946 2346 1070 2402 llaec
1098 2361 1194 2415 per
1221 2360 1284 2399 ea
1322 2360 1443 2415 qua:
1489 2351 1798 2414 sequuntur
1839 2344 2014 2398 mani-

431 2438 673 2497 festavit.

506 2530 674 2586 Vens.
713 2530 801 2591 15,
837 2528 923 2582 id.
983 2547 1001 2580 ι
1050 2528 1164 2583 Nisi
1203 2528 1453 2583 conversi
1494 2526 1731 2593 fueritis,
1776 2527 2011 2598 gladium

436 2640 598 2680 suum
626 2623 901 2677 vibrabit:
934 2636 1123 2676 arcum
1178 2636 1340 2676 suum
1396 2619 1656 2686 tetendit,
1710 2626 1766 2673 et
1804 2618 2018 2688 paravit

437 2715 614 2769 illum.
643 2716 711 2769 Et
748 2715 800 2769 iu
831 2729 897 2768 eo
931 2714 1143 2783 paravit
1189 2728 1322 2768 vasa
1369 2714 1586 2769 mortis.
1626 2732 1645 2764 ι
1699 2710 1823 2767 Haec
1868 2712 2014 2765 enim

436 2808 600 2863 verba
638 2822 746 2861 non
784 2807 1059 2871 vindictae,
1102 2806 1197 2861 sed
1234 2807 1684 2861 comminationis
1730 2816 1877 2861 sunt.
1930 2804 2018 2859 Vi-

437 2898 609 2951 brabit
639 2897 810 2962 enim,
838 2898 1036 2967 inquit,
1063 2913 1169 2952 non
1200 2898 1465 2967 impellet;
1492 2907 1546 2952 et
1566 2897 1783 2951 tetendit
1810 2913 2015 2959 arcum,

438 3006 568 3056 non,
603 2990 775 3044 emisit
799 2993 1053 3060 sagittam
1081 3007 1100 3045 :
1127 3000 1180 3045 et
1200 2990 1404 3045 docens
1424 2997 1619 3044 contra
1645 3004 1787 3059 quos
1811 2990 2022 3043 emittet

440 3084 689 3154 sagittas.
724 3083 908 3138 statim
944 3082 1197 3152 adjunxit
1228 3101 1241 3136 :
1280 3101 1299 3134 ι
1335 3083 1575 3154 Sagittas
1611 3098 1742 3138 suas
1776 3082 2019 3137 ardenti-

442 3176 544 3229 bus
591 3174 759 3246 649
809 3174 1008 3229 cﬂecit.
1051 3192 1068 3225 ι
1122 3173 1225 3240 Qui
1275 3175 1425 3229 enim
1474 3174 1685 3243 peccati
1736 3175 2018 3228 materiam
2047 3154 2090 3208 θ

441 3266 879 3320 combustihilem
913 3265 1292 3332 admiserunt,
1322 3274 1379 3321 et
1408 3265 1554 3337 ligna
1578 3304 1594 3331 ,
1626 3264 1946 3333 fenumque,
1969 3274 2023 3319 et

444 3358 703 3428 stipulam
735 3358 1167 3418 :ediiicaverunt,
1202 3364 1262 3412 ut
1288 3356 1365 3411 ait
1405 3356 1624 3411 divinus
1648 3355 1943 3437 Apostolus
1972 3364 2021 3421 ³,

447 3452 638 3522 ignitis
668 3452 881 3522 sagittis
918 3451 1069 3506 hisce
1096 3450 1459 3520 conligentur.

516 3662 682 3718 Vens.
719 3661 806 3717 l5.
834 3678 852 3711 ι
890 3660 1028 3716 Ecce
1071 3660 1326 3730 parturiit
1374 3657 1720 3729 iniustitiam.
1757 3675 1776 3709 ι
1802 3655 2025 3711 Achito-

445 3755 591 3825 phel,
625 3770 750 3808 cum
803 3753 1004 3807 malam
1036 3752 1183 3806 illam
1211 3752 1535 3807 sententiam
1560 3753 2020 3821 exprompsisset:

453 3867 471 3896 ι
509 3845 777 3915 Concepit
825 3844 1094 3908 dolorem,
1130 3853 1186 3897 et
1223 3845 1433 3913 peperit
1473 3842 1837 3912 iniquitatem.
1872 3862 1892 3895 ι
1948 3843 2020 3897 Ex

450 3934 655 3989 malitia
704 3934 852 3989 enim
897 3932 1105 3987 nullum
1155 3948 1441 3987 excessum
1495 3932 1797 3998 omittente,
1834 3944 2024 3988 contra

448 4035 680 4097 patrem,
706 4026 799 4095 qui
840 4025 1017 4095 ipsum
1044 4024 1193 4079 nulla
1229 4023 1483 4079 aﬂ‘eeerat
1517 4023 1734 4092 injuria,
1779 4024 2022 4095 iniquum

450 4123 681 4173 armavit
730 4118 922 4173 ﬁlium.

522 4212 687 4266 Vens.
721 4210 808 4274 16,
848 4212 932 4263 Π.
973 4229 989 4260 ι
1030 4211 1232 4263 Lacum
1275 4209 1524 4277 aperuit,
1559 4217 1613 4263 et
1641 4207 1827 4263 effodit
1855 4225 1976 4262 cum
2010 4228 2021 4262 :

451 4313 505 4361 ct
532 4304 733 4358 incidet
768 4305 821 4357 in
856 4303 1090 4368 foveam,
1121 4319 1285 4373 quam
1311 4304 1456 4360 fecit.
1490 4303 1848 4358 Couvertetur
1871 4304 2027 4357 dolor

426 4396 571 4473 ‘ejus
605 4395 659 4448 iu
693 4401 857 4463 caput
889 4394 1030 4463 ejus,
1072 4404 1124 4448 et
1160 4395 1212 4447 in
1250 4395 1507 4447 verticem
1558 4394 1731 4463 ipsius
1767 4395 2026 4463 iniquitas

2111 1900 2369 1953 πλεῖστον
2430 1900 2587 1971 φέρει
2634 1899 2743 1951 τῶν
2774 1899 3085 1970 ἀνθρώπων
3112 1900 3180 1952 τὰ
3213 1899 3689 1969 πλημμελήματα.

2124 1991 2280 2044 Ἐπεὶ
2312 1991 2495 2044 εἴποτε
2532 1990 2633 2043 ίδοι
2664 1992 2788 2055 τοὺς
2810 1989 3137 2061 ἀνθρώπους
3166 1990 3253 2043 διὰ
3276 1990 3485 2060 ταύτης
3514 1990 3694 2059 ὄνησιν

2108 2086 2171 2138 ού
2228 2084 2671 2157 καρπουμένους,
2727 2085 2865 2147 τέως
2900 2088 3024 2148 ταῖς
3076 2085 3333 2148 ἀπειλαῖς
3382 2087 3693 2156 ὲκφορεῐυ,

2110 2179 2209 2249 τὴν
2236 2179 2507 2249 τιμωρίαν
2537 2177 3001 2248 ἀναϐαλλόμενος.
3040 2179 3101 2231 Εί
3131 2178 3187 2231 δὲ
3222 2181 3316 2231 καὶ
3346 2180 3564 2247 ταύτης
3604 2198 3693 2232 κα-

2110 2272 2557 2342 ταφρονήσαντες
2597 2270 2940 2339 ὲπιμείναιεν
2962 2271 3379 2341 ἁμαρτάνοντες
3406 2272 3474 2337 ⁸¹,
3504 2271 3697 2324 αὒτίκι

2106 2362 2212 2433 τὴν
2254 2361 2633 2433 πανωλεθρίαν
2662 2362 2862 2430 ἐπάγει
2885 2361 2948 2414 τὺ
2987 2360 3200 2416 δίκαιον
3234 2362 3490 2433 ἔχουσαν.
3524 2362 3698 2415 Ταῦτα

2112 2451 2201 2505 διὰ
2229 2451 2339 2504 τῶν
2371 2453 2733 2523 ἐπαγομένων
2765 2452 3057 2523 ἐδήλωσεν.

2190 2541 2281 2609 ιγ’,
2321 2545 2403 2598 ιδ’.
2445 2563 2463 2595 ι
2526 2545 2653 2597 Ἐὰν
2704 2544 2779 2616 μὴ
2827 2545 3230 2616 ὲπιστραιρῆτε,
3272 2544 3372 2615 τὴν
3424 2545 3700 2616 ῥομφαίαν

2116 2638 2287 2692 αὑτοῦ
2318 2636 2606 2691 στιλϐώσει
2631 2655 2646 2669 θ
2674 2639 2736 2691 τὸ
2767 2638 2921 2704 τόξον
2950 2637 3120 2692 αὑτοῦ
3148 2639 3411 2701 ἐνέτεινε,
3445 2638 3546 2691 καὶ
3571 2640 3703 2709 ﬁmi-

2120 2746 2295 2799 μασεν
2325 2729 2479 2782 αύτό.
2505 2730 2618 2782 Καὶ
2640 2730 2695 2783 ὲν
2719 2730 2871 2800 αὐτῷ
2892 2730 3164 2800 ἡτοίμασε
3198 2731 3371 2801 σκεύη
3398 2730 3656 2783 θανάτου.
3681 2750 3696 2779 ι

2119 2820 2305 2874 Ταῦτα
2338 2822 2449 2889 γὰρ
2481 2821 2541 2873 οὐ
2585 2820 2879 2890 τιμωρίας,
2914 2821 3033 2873 ἀλλ’
3077 2820 3338 2889 ἀπειλῆς.
3382 2821 3703 2874 Στιλϐὠσει

2120 2914 2229 2985 γὰρ
2258 2911 2435 2979 εἶπεν,
2461 2916 2585 2978 οὐκ,
2609 2912 2841 2977 ἐπάξει·
2870 2913 2986 2978 καὶ,
3013 2911 3273 2965 ἐνέτεινε
3298 2911 3364 2965 τὸ
3381 2912 3592 2977 τόξον,
3624 2915 3701 2971 οἱ,

2120 3005 2188 3058 τὸ
2210 3004 2403 3070 βέλος
2433 3002 2634 3072 ἀφῆκε
2659 3020 2674 3034 θ
2702 3001 3104 3056 καὶδιδάσκων
3145 3002 3478 3055 κατὰ”τίνων
3510 3003 3706 3071 ἀιρήσει

2120 3098 2190 3151 τὰ
2222 3097 2373 3167 βέλη.
2423 3097 2586 3159 εὐθὺς
2621 3094 2930 3165 ὲπισυνῆψε
2956 3111 2970 3126 ·
3008 3112 3026 3147 ι
3076 3095 3159 3147 Τὰ
3199 3094 3333 3164 βέλη
3382 3094 3560 3149 αὐτοῦ
3605 3099 3706 3157 τοῖς

2122 3189 2439 3259 καιομένοις
2487 3187 2872 3259 ἐξειργάσατο.
2923 3207 2943 3240 ι
2981 3189 3046 3241 Οί
3093 3188 3347 3258 τὰριτὴν
3389 3186 3708 3259 εὖπρηττον

2122 3280 2221 3349 τῆς
2250 3280 2530 3352 ἁμαρτίας
2562 3280 2698 3352 ὓλην
2724 3280 3031 3352 δεξάμενοι,
3052 3283 3149 3335 καὶ
3173 3280 3330 3346 ξύλα,
3357 3283 3458 3335 καὶ
3489 3282 3703 3351 χόρτον.

2124 3374 2221 3426 καὶ
2280 3372 2536 3444 καλάμην
2612 3372 3113 3443 οἰκοδομήσαντες,
3259 3389 3430 3445 φησιν
3486 3375 3518 3426 ὁ
3574 3373 3709 3430 θεῖος

2135 3465 2485 3530 Ἀπόστολος,
2545 3465 2660 3528 τοίς
2714 3464 3016 3536 πυρφόροις
3060 3465 3275 3529 τούτοις
3342 3464 3706 3536 βληθήσονται

2128 3557 2362 3627 βέλεσιν.
3209 3572 3219 3581 ·

2200 3659 2283 3705 ιε’.
2317 3671 2335 3704 ι
2395 3650 2527 3704 Ἰδοὺ
2576 3650 2840 3720 ὠδίνησεν
2897 3651 3134 3705 ἀδικίαν.
3182 3669 3202 3703 ι
3276 3651 3336 3704 '0
3404 3652 3704 3721 ’Δχιτόφελ,

2126 3745 2224 3817 τὴν
2256 3746 2497 3815 πονηρὰν
2528 3743 2745 3815 ἐκείνην
2767 3744 3207 3815 είσηγησάμενος
3238 3742 3494 3814 γνώμην,
3537 3763 3557 3795 ι
3588 3746 3706 3796 Συν-

2127 3837 2285 3889 έλαόε
2348 3838 2540 3899 πόνον,
2598 3836 2692 3889 καὶ
2719 3836 2905 3889 ἔτεκεν
2953 3836 3209 3905 ἀνομίαν.
3248 3854 3266 3886 ι
3316 3835 3412 3888 Ἐκ
3443 3837 3703 3906 πονηρίας

2125 3928 2234 3996 γὰρ
2271 3927 2525 3997 οὐδεμίαν
2578 3927 3019 3997 καταλειπούσης
3070 3926 3401 3998 ὑπερϐολὴν,
3439 3929 3586 3982 κατά
3619 3929 3704 3981 τοῦ

2130 4020 2296 4088 μηδὲν
2329 4019 2654 4089 ἠδικηκότος
2681 4021 2889 4091 πατρὸς
2917 4019 3011 4073 τὸν
3043 4019 3365 4090 παράνομον
3390 4020 3701 4076 καθώπλισε

2127 4111 2317 4165 παῖδα.
2854 4178 2863 4179 7

2203 4209 2300 4267 ις’,
2334 4200 2418 4267 ιζ’.
2459 4220 2478 4252 ι
2533 4202 2753 4256 Λάκκον
2802 4201 3003 4269 ὤρυξε,
3042 4204 3138 4257 καὶ
3179 4204 3495 4273 ἀνέσκαψεν
3523 4204 3701 4266 αὑτὸν,

2128 4298 2225 4350 καὶ
2278 4296 2601 4366 ἐμπεσεῖται
2671 4297 2753 4358 είς
2789 4295 2983 4366 βόθρον
3051 4295 3111 4348 δν
3165 4298 3493 4367 είργάσατο.
3559 4297 3702 4349 Ἐπι·

2133 4390 2362 4459 στρέψει
2393 4390 2421 4441 ό
2478 4387 2638 4449 πόνος
2667 4388 2835 4440 αὑτοῦ
2862 4391 2940 4451 εἰς
2983 4387 3227 4458 κεφαλὴν
3266 4387 3457 4451 αὑτοῦ,
3492 4388 3591 4440 καί⁵
3621 4388 3703 4439 ἐπὶ

453 4487 572 4555 ejus
612 4485 921 4541 descendet.
958 4504 975 4536 ι
1017 4485 1279 4554 Propriis,
1315 4484 1511 4555 inquit,
1538 4485 2012 4569 comprehendetur

2130 4482 2373 4552 κορυφὴν
2402 4480 2569 4533 αὑτοῦ
2600 4482 2633 4550 ἡ
2660 4480 2842 4532 ἀδικία
2885 4479 3053 4532 αὑτοῦ
3083 4480 3484 4552 καταϐήσεται.
3523 4498 3542 4529 ι
3583 4479 3702 4539 Ταῖς

453 4578 666 4649 laqueis
690 4617 704 4641 ,
741 4578 1196 4647 propriorumque
1238 4577 1487 4631 laborum
1518 4577 1738 4646 praemia
1764 4579 2027 4649 accipiet:

455 4669 843 4739 illaqueabitur
892 4668 1124 4731 retibus,
1161 4684 1283 4737 quae
1333 4670 1399 4721 ad
1442 4668 1577 4721 alios
1621 4670 1918 4738 captandas
1953 4678 2031 4723 tc-

458 4761 648 4816 tendit.

526 4858 543 4875 '
585 4851 753 4908 Vens.
792 4853 876 4908 18.
917 4871 935 4904 ι
972 4851 1286 4907 Conlitehor
1328 4849 1561 4906 Domino
1599 4852 1898 4907 secundum
1932 4855 2025 4924 ju-

456 4947 662 5001 stitiam
696 4947 836 5017 ejus,
870 4956 923 5001 et
955 4947 1179 5016 psallam
1230 4945 1437 4998 nomini
1471 4944 1682 4997 Domini
1719 4945 2024 4999 altissimi.»

533 5156 561 5187 ιι
599 5147 616 5201 I
664 5145 793 5200 Cor.
837 5158 917 5208 ιιι,
960 5144 1043 5195 12.

2127 4575 2383 4639 οἰκείαις,
2410 4573 2577 4642 φησὶν
2634 4572 2906 4626 ἁλώσεται
2936 4573 3164 4642 πάγαις,
3218 4574 3313 4626 καὶ
3349 4574 3457 4625 τῶν
3490 4570 3701 4623 οἰκείων

2129 4666 2311 4719 πόνων
2354 4664 2426 4717 τὰ
2458 4665 2714 4735 ἐπίχειρα
2762 4664 3003 4731 δέξεται,
3054 4666 3149 4718 καὶ
3194 4660 3597 4735 θηρευθήσέται
3632 4663 3702 4715 δι-

2133 4759 2340 4824 κτύοις,
2372 4759 2408 4813 ἃ
2435 4761 2480 4791 ⁸³
2513 4758 2651 4831 πρὸς
2678 4760 2857 4827 ἄγραν
2886 4759 3092 4827 ἑτέρων
3126 4758 3382 4827 διέπηξεν
3404 4760 3468 4811 ⁸⁵.

2210 4857 2299 4921 ιη’.
2336 4869 2353 4900 ι
2396 4844 2895 4920 Ἑξομολογήσομαι
2914 4849 2992 4921 τῷ
3010 4849 3198 4920 Κυρίῳ
3217 4849 3359 4902 κατά
3385 4850 3486 4920 τὴν
3509 4849 3701 4903 δικαιο-

2140 4945 2307 5013 σύνην
2366 4942 2555 5006 αὐτοῦ,
2600 4941 2694 4994 καὶ
2740 4940 2896 5010 ψαλῶ
2927 4940 3006 5012 τῷ
3065 4941 3294 5012 ὀνόματι
3355 4944 3558 5014 Κυρίου
3614 4940 3699 4993 τοῦ

1555 5336 1790 5392 V'ARUE
1834 5336 2221 5394 LECTIONLS
2254 5336 2340 5391 ET
2386 5334 2627 5393 NOTAE.

524 5460 573 5493 τε
602 5456 1372 5532 qod.uterqueﬁmaiwgita
1413 5465 1473 5509 ut
1502 5455 1815 5532 adversum
1840 5451 2071 5532 praecctl.
2126 5450 2415 5532 reieraytur,
2467 5464 2626 5532 prout
2672 5458 2836 5532 etiam
2884 5460 2950 5532 in
3003 5461 3091 5516 ed.
3121 5459 3336 5532 Compl.
3376 5460 3567 5517 factum
3601 5467 3698 5532 est.

460 5542 597 5585 teste
619 5528 804 5584 Bosio.
881 5524 927 5559 ⁷³
978 5527 1499 5594 Προσηγόρευσεν.
1540 5525 1671 5578 Cod.
1697 5525 1733 5577 ἢ
1760 5524 2118 5577 ἀπεκάλεσεν.

460 5599 807 5649 ἀνθρώπων.
838 5598 1005 5649 Abest
1033 5612 1062 5649 a
1092 5599 1213 5649 cod.
1242 5599 1294 5649 1.
1376 5597 1421 5627 ⁷⁸
1448 5595 1577 5648 Καί.
1607 5595 1772 5648 Abest
1801 5610 1830 5647 a
1862 5594 1984 5649 cod.
2008 5592 2061 5644 2.

1567 5636 1577 5647 .
1607 5612 1772 5648 ἢυρὸῐ
1801 5612 1830 5647 8
1862 5612 1984 5648 COU.
2009 5612 2061 5644 Ζ.

458 5598 1005 5669 ἀνθρώπων.ᾼὶιρει
1033 5612 1062 5649 a
1092 5599 1213 5651 cod.
1242 5599 1294 5669 t.

2197 5523 2244 5552 ⁷⁸
2281 5522 2424 5588 Τοὺς
2452 5553 2523 5564 -—
2556 5525 2844 5594 διανοίας.
2881 5530 3001 5585 Des.
3040 5533 3091 5584 in
3134 5522 3438 5587 codfl’lor.
3512 5533 3551 5561 ⁷⁷
3590 5530 3700 5582 ῖὶὶιν

2141 5591 2507 5671 ’ζηρνηρίιις
2543 5596 2681 5651 Cod.
2738 5591 2817 5671 εξ
2842 5615 3028 5669 praem.
3080 5605 3166 5671 τῇ.
3233 5604 3433 5657 “Cod.
3474 5604 3492 5655 ι
3534 5616 3697 5668 προς-

462 5657 761 5753 ανγορεύειλ
816 5668 858 5753 ξ’
889 5666 1027 5753 Emi.
1060 5665 1288 5753 uletqué
1318 5677 1371 5721 et
1408 5666 1568 5721 ϐοτά.
1606 5680 1660 5735 p.
1696 5663 1812 5718 19.6.
1846 5664 2012 5734 ἐκφοεί

2167 5662 2211 5691 ⁸’
2257 5657 2740 5732 Ἀμάρέάνοντες,
2762 5657 2928 5724 Abcst
2952 5688 2981 5725 a
3033 5657 3154 5726 eo}:
3190 5674 3240 5727 ί.
3299 5674 3345 5707 ⁸⁸
3376 5676 3466 5727 Ἀ.
3492 5657 3622 5725 Cm}.
3657 5671 3697 5722 ι.

463 5757 492 5791 ο

500 5732 581 5802 ἴ;.’
643 5740 689 5772 ⁸³
722 5738 857 5795 Cod.
889 5737 924 5788 (Ξ
950 5732 1261 5807 διέπραξεν.
