3850 6520
133 312 227 379 933

1513 298 1596 359 IN
1637 296 1844 359 PSAL
1874 294 1980 353 ῘΧ.

3271 285 3379 349 934

188 426 256 483 ς’.
280 436 296 467 ι
339 407 468 467 Eius
494 412 605 485 γάρ
642 412 696 468 ἐν
717 410 763 445 ³⁸
784 410 983 484 καρδίᾳ
1008 409 1177 467 αὐτοῦ
1210 410 1318 465 ’ού
1344 409 1421 482 μὴ
1445 408 1691 464 σαλευθῶ

1868 401 2031 457 Vens.
2074 401 2127 455 6.
2179 418 2198 452 ι
2245 399 2395 455 Dixit
2422 400 2569 455 enim
2612 400 2667 454 in
2701 398 2866 453 corde
2898 413 3019 464 suo,
3052 413 3161 453 non
3192 416 3381 455 move-

126 514 215 568 an’i
247 506 434 577 γενεᾶς
475 506 556 569 είς
599 504 797 573 γενεάν
843 505 976 561 ἄνευ
1028 503 1227 559 κακοῦ.
1282 523 1300 556 ι
1337 502 1687 572 Σαφέστερον

125 603 257 655 τοῦτο
285 601 312 652 6
348 596 643 667 Σύμμαχος
668 596 1053 667 ήρμήνευσενο
1099 614 1118 647 ι
1159 595 1234 649 υύ
1277 594 1691 665 περιτραπήσο-

127 711 208 764 μαι
248 694 322 754 είς
365 689 560 757 γενεὰν
600 687 697 742 καὶ
741 688 959 757 γενεὰν,
1001 686 1128 741 οὔτε
1160 688 1361 757 ἔσομαι
1399 687 1457 739 ἐν
1502 684 1689 739 κακώ-

126 806 211 842 σει.
247 806 265 838 ι
299 785 405 837 Καὶ
432 783 612 854 ταύτῃ
643 781 909 852 κέχρηται
942 784 1007 852 τῇ
1047 781 1385 851 θρασύτητι·
1417 778 1512 831 καὶ
1541 778 1691 847 ήγεῖ-

122 902 197 938 ται
232 879 390 952 μηδὲν
432 876 611 930 δεινὸν
658 875 1069 946 ὑποστήσεσθαι
1116 873 1298 927 πάντα
1345 870 1546 943 μετιὼν
1590 871 1690 940 τῆς

126 975 292 1036 κακίας
322 971 388 1024 τὰ
416 969 559 1040 εἴδη.

180 1062 237 1129 ζ’.
280 1082 296 1114 ι
355 1056 429 1115 Οὗ
479 1062 626 1131 ἀρᾶς
663 1059 725 1113 τὸ
768 1060 948 1129 στόμα
998 1057 1163 1111 αὐτοῦ
1208 1055 1394 1126 γέμει,
1447 1056 1542 1108 καὶ¹
1586 1072 1680 1107 πι-

126 1158 278 1227 κρίας,
321 1156 412 1207 καὶ
455 1154 653 1207 δόλου·
709 1152 815 1206 ὑπὸ
840 1151 941 1221 τὴν
972 1149 1231 1219 γλῶσσαν
1275 1148 1445 1203 αὐτοῦ
1493 1148 1690 1212 κόπος,

126 1250 202 1303 καὶ
234 1246 404 1310 πόνος.
456 1261 475 1294 ι
512 1243 715 1306 Δόλους
746 1242 855 1312 γὰρ
882 1242 1101 1312 ρἀτει,
1139 1240 1235 1293 καὶ
1259 1237 1482 1310 τυρεύει
1522 1237 1691 1298 κακὰ,

126 1344 202 1394 καὶ
218 1340 318 1410 βίον
333 1339 442 1408 ἔχει
471 1336 575 1401 τὰς
603 1335 745 1390 κατά
768 1334 875 1387 τῶν
893 1335 1144 1404 πενήτων
1168 1330 1481 1393 ἐπιϐουλάς.
1504 1328 1575 1402 [⁸ο
1596 1329 1697 1382 K6-

130 1450 208 1497 τος
242 1432 490 1501 ἀνόνητος
535 1430 635 1481 καὶ
678 1427 841 1489 πόνος
874 1426 1148 1495 ἀκερδήςο
1186 1424 1312 1495 δίχα
1353 1422 1545 1476 τούτου
1595 1422 1694 1491 τήν

128 1523 343 1591 γλῶσσαν
384 1519 444 1571 οὐ
485 1519 637 1570 κινεί
665 1516 763 1569 καὶ
797 1514 1064 1585 σαλεύει.]

180 1614 240 1683 η’.
292 1631 308 1663 ι
359 1607 705 1679 Ἔγκάθηται
742 1608 799 1659 ἐν
831 1606 873 1638 ⁸⁸
912 1606 1105 1679 ἐνέδρᾳ
1145 1604 1284 1677 μετά
1324 1602 1598 1656 πλουσίων
1634 1601 1695 1653 ἐν

130 1704 475 1775 ἀποκρύφοις,
527 1703 628 1757 τοῦ
672 1703 717 1733 "
772 1701 1093 1754 ἀποκτεῖναι
1136 1697 1333 1752 ἀθῶον.
1394 1715 1412 1747 ι
1471 1696 1581 1749 Καὶ
1635 1695 1693 1748 ὲν

1795 496 1895 550 hor
1946 510 1973 548 a
2024 494 2379 564 generatione
2436 495 2490 546 in
2535 492 2943 560 generationem
2987 491 3105 547 sine
3154 493 3318 547 malo.
3358 512 3375 543 ι

1794 592 2139 646 Manifestius
2201 590 2349 644 hunc
2398 588 2583 643 locum
2637 587 3001 652 Symmachus
3046 590 3317 656 expressit
3367 606 3379 641 :

1802 704 1818 735 ι
1859 683 1974 738 Non
2015 692 2231 738 evertar
2282 683 2334 736 in
2380 681 2790 752 generationem
2846 689 2905 734 et
2950 681 3381 750 generationem,

1795 790 1971 845 neque
2005 776 2057 828 in
2100 772 2395 828 afﬂictione
2425 788 2541 828 ero.
2583 790 2602 823 ι
2641 774 2819 841 Atque
2848 771 2949 825 hac
2979 771 3209 825 audacia
3245 788 3381 826 usus

1796 872 1904 926 est,
1937 870 1991 917 et
2020 860 2228 933 cogitat
2256 877 2315 917 se
2362 860 2501 916 nihil
2532 861 2665 915 mali
2696 862 2713 881 '
2756 876 3048 930 passurum
3081 875 3227 925 esse,
3257 875 3382 915 cum

1794 970 1985 1010 omnes
2017 955 2239 1010 malitia:
2269 955 2482 1025 species
2512 953 2668 1024 quasi
2702 954 3053 1023 percurrerit.

1866 1047 2039 1104 Vens.
2083 1049 2131 1103 7.
2183 1067 2203 1100 ι
2241 1049 2414 1118 Cujus
2440 1064 2503 1103 os
2529 1048 2912 1102 maledictione
2944 1048 3161 1117 plenum
3193 1056 3295 1112 est,
3329 1057 3384 1102 et

1797 1142 2198 1205 amaritudine,
2223 1151 2279 1196 et
2301 1142 2429 1197 dolo
2460 1160 2473 1195 :
2506 1140 2611 1196 sub
2642 1142 2827 1211 lingua
2860 1141 2980 1210 ejus
3010 1142 3167 1195 labor
3196 1152 3300 1207 est,
3330 1152 3384 1196 et

1794 1232 1974 1287 dolor.
2010 1252 2030 1285 ι
2071 1234 2235 1289 Dolos
2284 1233 2432 1287 enim
2482 1234 2667 1297 struit,
2711 1242 2766 1286 et
2813 1235 3165 1287 machinatur
3214 1235 3379 1299 mala,

1798 1329 2077 1398 vitamque
2122 1328 2177 1383 in
2219 1328 2437 1382 insidiis
2483 1337 2673 1383 contra
2716 1343 2985 1398 pauperes
3018 1330 3149 1396 agit.
3184 1327 3386 1400 [Labor

1798 1420 2011 1476 inutilis
2042 1430 2098 1476 et
2129 1421 2376 1476 studium
2411 1421 2619 1476 fructus
2648 1437 2843 1491 expers
2876 1440 2889 1475 :
2923 1422 3083 1492 667
3117 1421 3385 1477 Praeterea

1794 1512 2037 1583 linguam
2063 1530 2162 1568 nec
2194 1523 2376 1568 movet
2404 1528 2505 1569 nec
2534 1512 2754 1584 σκευὴ]

1866 1604 2031 1660 Vens.
2076 1608 2129 1661 8.
2177 1623 2196 1657 ι
2247 1604 2409 1660 Sedet
2441 1606 2495 1660 in
2524 1605 2742 1661 insidiis
2763 1620 2893 1660 cum
2913 1606 3175 1662 divitibus
3209 1607 3262 1661 in
3293 1622 3387 1663 oc—

1796 1697 1981 1765 cultis,
2018 1707 2079 1753 ut
2112 1698 2407 1753 interficiat
2446 1698 2820 1753 innocentem.
2861 1717 2879 1750 »
2915 1697 2980 1753 Ει
3011 1699 3066 1753 in
3099 1699 3388 1753 conventi-

134 1796 379 1863 συλλόγοις
412 1794 492 1859 δὲ,
534 1794 635 1847 καὶ
667 1796 724 1847 ἐν
764 1791 1063 1863 συνεδρίοις
1107 1789 1439 1859 καθήμενος,
1472 1787 1694 1856 ἐνέδρας

1812 1794 1927 1857 bus,
1964 1799 2020 1846 et
2056 1793 2110 1845 in
2144 1791 2503 1847 consessibus
2532 1790 2754 1855 sedens,
2787 1791 3012 1846 insidias
3039 1793 3305 1861 quasdam
3335 1799 3389 1845 et

133 1890 254 1951 nvi;
287 1888 375 1940 καὶ
432 1886 696 1957 μηχανὰς
723 1887 837 1947 τοῖς
872 1882 1140 1945 ἀναιτίοις
1176 1883 1222 1913 ⁸³
1270 1878 1692 1943 κατασκευάζει.

135 1982 225 2051 [0i
274 1977 634 2041 πλουτοῦντες
678 1979 745 2047 τῇ
801 1975 1029 2046 ἀσεϐείᾳ
1095 1972 1392 2037 διαπαντὸς
1442 1975 1507 2042 τῇ
1539 1974 1699 2042 εἰρω-

135 2073 230 2143 uia
272 2069 437 2135 ζῶσιν
470 2086 485 2102 ο
524 2068 880 2140 ἐνεδρεύουσι
908 2067 1017 2138 γὰρ
1050 2067 1178 2130 τοὺς
1205 2067 1450 2128 ἀκάκους
1473 2083 1488 2098 ο
1521 2064 1700 2127 ἄλλως

132 2182 176 2216 τε
218 2164 302 2215 καὶ
343 2163 391 2214 οί
457 2160 721 2213 πλούσιοι
763 2156 1107 2230 ἐνεδρεύουσι
1143 2157 1273 2220 τοὺς
1318 2156 1577 2227 πένητας.
1641 2155 1698 2208 '0

134 2256 342 2317 ὄιὰϐολος
401 2252 720 2322 λεληθότως
789 2250 898 2322 γὰρ
963 2249 1056 2304 τὸν
1126 2248 1366 2320 Χριστὸν
1431 2248 1699 2317 ἐζήτησεν

136 2348 418 2400 ἀποκτεῖναι
445 2362 460 2377 ο
490 2344 680 2407 ἀθῶος
712 2343 820 2414 γὰρ
864 2343 989 2406 ταῖς
1038 2342 1199 2413 χερσὶ
1234 2340 1330 2395 καὶ
1362 2339 1603 2413 καθαρὸς
1631 2342 1699 2411 τῇ

138 2438 299 2510 καρδίᾳ
338 2437 498 2509 μόνος
524 2439 557 2490 6
599 2436 732 2498 Θεός
764 2436 831 2490 ⁸⁸.
867 2433 886 2505 ]

191 2532 246 2592 θ’,
274 2536 321 2583 ι’.
366 2547 387 2580 ι
432 2529 496 2582 Οί
527 2527 807 2597 ὀφθαλμοὶ
861 2524 1029 2579 αὑτοῦ
1064 2525 1145 2589 είς
1194 2524 1287 2578 τὸν
1324 2523 1530 2594 πένητα
1558 2524 1699 2577 ἀποοο

142 2623 398 2675 ϐλέπουσιν
426 2637 441 2651 ⁸
497 2620 784 2689 ὲνεδρεύει
815 2620 873 2671 ὲν
908 2617 1235 2689 ἀποκρύφῳ,
1271 2616 1347 2681 ὠς
1381 2615 1518 2670 λέων
1546 2618 1604 2669 ὲν
1632 2618 1699 2686 τῇ

146 2713 323 2782 μάνὸρᾳ
368 2710 542 2765 αὐτοῦ
577 2726 591 2741 ⁸
639 2708 917 2780 ἐνεδρεύει
962 2707 1058 2762 τοῦ
1110 2708 1357 2777 ἁρπάσαι
1409 2710 1626 2777 πτωχὸν
1655 2708 1699 2739 ⁵³

142 2808 185 2858 ὲν
200 2805 267 2875 τῷ
287 2803 512 2857 ἑλκύσαι
542 2803 744 2857 αὐτόν.
810 2802 899 2854 Ἐν
914 2804 981 2871 τῇ
1012 2801 1204 2869 παγίδι
1231 2799 1397 2855 αὑτοῦ
1429 2798 1702 2853 ταπεινώ-

146 2913 212 2949 σει
233 2896 407 2952 αὐτόν.
438 2913 457 2945 ι
501 2892 781 2963 Καθάπερ
812 2894 840 2945 6
863 2892 1003 2944 λέων
1032 2891 1158 2961 τῇδε
1196 2892 1421 2944 κάκεῖσε
1462 2891 1703 2961 μεταφέ-

147 3004 213 3056 ρει
234 2988 288 3039 τὸ
319 2987 472 3056 ὄμμα
500 2984 683 3055 θήραν
708 2983 982 3054 ἐπιζητῶν
1006 2998 1021 3012 ο
1040 2980 1210 3045 οὕτως
1240 2982 1286 3013 ⁸⁸
1313 2975 1467 3045 οὗτος
1488 2981 1703 3051 νύκτωρ

1799 1892 1944 1938 artes
1976 1882 2365 1938 innocentibus
2401 1889 2692 1953 prmparat.
2728 1881 2854 1955 [Qui
2885 1884 3165 1939 abundant
3198 1884 3390 1954 impie-

1801 1984 1930 2040 tate,
1962 1975 2016 2029 in
2040 1975 2477 2031 dissimulatione
2502 1975 2708 2028 vivunt.
2741 1975 2973 2030 Insidias
2994 1975 3139 2029 enim
3170 1984 3389 2029 struunt

1802 2069 2208 2124 innocentibus.
2255 2066 2490 2137 insuper
2535 2083 2755 2137 quoque
2797 2067 2990 2123 divites
3028 2069 3256 2123 insidias
3288 2084 3387 2138 pa-

1802 2168 1929 2213 rant
1961 2160 2315 2230 pauperibus.
2369 2160 2600 2215 Satanas
2644 2176 2865 2231 quoque
2907 2160 3188 2215 Christum
3243 2164 3384 2214 clam

1804 2251 2117 2307 interficere
2156 2253 2390 2307 studuit.
2430 2252 2701 2307 innocens
2732 2252 2877 2307 enim
2920 2253 3173 2309 manibus
3204 2262 3258 2307 et
3286 2268 3389 2324 pu-

1805 2358 1902 2398 rus
1934 2344 2107 2400 corde
2124 2354 2210 2400 est
2240 2345 2392 2401 solus
2422 2344 2616 2417 Deus.]

1879 2517 2042 2575 Vens.
2098 2519 2153 2581 9,
2194 2519 2281 2575 10.
2345 2540 2363 2573 ι
2408 2520 2565 2577 Oculi
2608 2520 2729 2592 ejus
2774 2523 2827 2577 in
2875 2539 3175 2594 pauperem
3211 2525 3390 2597 respi-

1802 2611 1979 2676 ciunt,
2030 2613 2325 2669 insidiatur
2372 2614 2426 2669 in
2464 2615 2813 2682 abscondito,
2858 2618 3014 2688 quasi
3058 2620 3143 2673 leo
3180 2619 3233 2674 in
3266 2636 3389 2691 spe-

1804 2704 1963 2758 lunca
2012 2718 2134 2759 sua.
2188 2702 2488 2760 lnsidiatur
2522 2716 2582 2761 ut
2610 2708 2785 2777 rapiat
2809 2724 3129 2780 pauperem,
3161 2711 3290 2766 dum
3317 2723 3393 2768 at-

1805 2796 1973 2851 trahit
2015 2812 2166 2852 eum.
2200 2796 2423 2868 Laqueo
2450 2813 2555 2854 suo
2584 2800 2893 2857 humiliabit
2935 2819 3081 2859 eum.
3124 2823 3143 2857 ›
3190 2803 3392 2871 ρυθιηει

1806 2889 2100 2944 admodum
2147 2890 2233 2944 leo
2269 2890 2375 2945 huc
2409 2899 2463 2944 et
2501 2890 2632 2947 illuc
2660 2892 2920 2949 transfert
2951 2896 3194 2962 oculum,
3227 2913 3393 2952 vena-

1805 3000 1919 3040 tum
1974 3002 2250 3055 quaerens,
2302 2986 2383 3043 sic
2429 2986 2533 3042 iste
2579 2986 2699 3041 dies
2742 2997 3038 3059 noctesque
3085 2991 3290 3060 rapina:
3338 3001 3391 3046 ct

144 3078 219 3128 καὶ
258 3078 367 3147 μεθ’
421 3076 648 3146 ἡμέραν
699 3074 958 3144 ἁρπαγῆς
998 3074 1091 3125 καὶ
1144 3071 1457 3137 πλεονεξίας
1503 3074 1702 3125 ἐπινοεῖ

1812 3078 2057 3133 avaritia:
2088 3088 2234 3133 artes
2261 3080 2559 3150 excogitat.
2588 3078 2695 3134 Sed
2728 3088 2908 3135 tamen
2946 3099 2965 3133 ι
3002 3082 3287 3137 inclinabit
3310 3098 3389 3147 se.

148 3171 354 3238 μηχανάς
382 3186 395 3199 ·
422 3168 547 3222 ἀλλ’
593 3168 743 3237 ὅμως
778 3184 797 3219 ι
836 3167 1003 3236 κύψει
1048 3164 1143 3220 καὶ
1183 3168 1449 3220 πεσεῖται.
1496 3183 1514 3217 ι
1567 3165 1703 3237 [Ὦς

145 3265 165 3313 6
203 3264 322 3315 λέων
370 3264 427 3315 ἐν
470 3259 559 3331 τῷ
614 3259 867 3331 σπηλαίῳ
940 3259 1031 3313 ἀεὶ
1075 3258 1349 3329 ἐνεδρεύει
1413 3260 1700 3329 ἁρπάσαι,

146 3350 263 3403 οὕτω
294 3351 385 3403 καὶ
411 3352 441 3404 6
467 3348 729 3413 διάϐολος
758 3351 815 3401 ἐν
859 3352 925 3419 τῇ
958 3349 1253 3417 συναγωγῇ
1285 3347 1395 3400 τῶν
1434 3346 1704 3402 Ἰουδαίων

148 3444 207 3506 ὡς
246 3445 298 3497 ὲν
330 3443 552 3515 μάνδρᾳ
576 3441 841 3512 ἐθήρευσε
864 3441 954 3493 τὶν
980 3440 1240 3511 Χριστὸν,
1276 3437 1509 3509 νομίσας
1542 3438 1705 3491 αὐτὸν

147 3536 270 3604 ιξιλδν
285 3536 580 3609 ἄνθρωπον
606 3530 745 3588 εἶναι
773 3532 867 3604 ".j
886 3551 904 3583 ι
929 3534 1020 3586 Ἐν
1041 3532 1118 3602 τῷ
1144 3532 1309 3586 αὐτὸν
1337 3529 1707 3601 κατακυριεῦ-

150 3645 222 3680 σαι
240 3628 336 3681 τῶν
355 3628 643 3699 πενήτων.
667 3646 685 3678 ι
710 3625 877 3678 Ὅταν
898 3624 1007 3695 γὰρ
1023 3625 1067 3656 ⁸⁸
1084 3624 1305 3678 πάντων
1324 3621 1702 3693 περιγένηται,

148 3719 318 3787 ήκιστα
347 3717 711 3788 διαφεύξεται
743 3717 786 3749 ⁸⁸
826 3713 922 3768 τοῦ
952 3714 1185 3768 θανάτου
1221 3714 1283 3767 τὸ
1316 3713 1493 3783 στόμα
1517 3728 1529 3741 ·
1570 3711 1707 3765 ἀλλά

148 3814 238 3874 τοῖς
267 3811 440 3874 ἄλλοις
469 3806 879 3879 παραπλησίως
932 3804 1012 3875 τῷ
1058 3804 1214 3873 τάφῳ
1239 3803 1702 3875 παραδοθήσεται.

153 3899 421 3971 [Ἐνόμισε
476 3899 583 3953 οὖν
631 3900 660 3951 6
713 3895 909 3968 ἐχθρὸς
958 3894 1053 3947 καὶ
1090 3894 1275 3947 αὐτῶν
1315 3892 1427 3946 τῶν
1477 3892 1709 3946 ἀποστό-

151 3992 237 4045 λων
266 3992 567 4063 κυριεύειν,
593 3988 731 4043 ἀλλά
772 3989 867 4041 καὶ
912 3986 1024 4065 τῶν
1076 3984 1375 4057 μαρτύρων
1402 3999 1416 4014 °
1458 3984 1585 4036 ὅταν
1614 3982 1708 4039 οὖν

152 4083 269 4147 ἔδοξε
306 4088 526 4139 πάντων
568 4081 997 4153 κεκρατηκέναι,
1026 4079 1148 4133 τότε
1184 4075 1493 4146 συντριϐεὶς
1523 4075 1706 4128 ἔπεσε·

151 4178 311 4249 τὸγὰρ
339 4180 526 4247 migret
566 4175 920 4248 συντριϐῆναι
937 4173 1188 4245 δηλοῦται
1209 4172 1278 4226 ⁷⁸.
1305 4168 1328 4243 ]

211 4276 287 4324 ια’.
331 4291 347 4321 ι
387 4268 527 4323 Εἷπε
557 4272 666 4339 γὰρ
696 4269 752 4320 ἐν
788 4266 985 4337 καρδίᾳ
1036 4264 1226 4329 αὑτοῦ,
1255 4260 1634 4332 Ἐπιλέλησται
1682 4260 1711 4312 6

152 4368 281 4434 Θεὸς,
303 4368 619 4437 ἀπέστρεψε
642 4366 703 4418 τὸ
728 4365 1021 4435 πρόσωπον
1057 4361 1224 4417 αὐτού
1250 4361 1345 4415 τοῦ
1381 4358 1456 4431 μὴ
1484 4358 1701 4429 βλέπειν

155 4462 219 4523 εἰς
261 4463 423 4524 τέλη..

154 4552 372 4622 πενήτων
413 4551 515 4606 τοῦ
572 4549 709 4604 Θεοῦ
764 4548 1185 4617 διαπράττεταιο
1250 4544 1444 4599 ἑαυτὸν
1484 4543 1711 4597 ἀπατῶν

156 4644 235 4697 καὶ
279 4650 385 4711 τοῖς
428 4644 632 4699 ἑαυτοῦ
670 4644 949 4714 λογισμοῖς
1000 4642 1076 4713 μή
1124 4635 1267 4695 εἶναι
1329 4638 1463 4692 Θεὸν
1517 4636 1713 4708 ἔφορον

156 4737 529 4809 διανοούμενος.
554 4733 688 4792 Eine
716 4735 848 4805 γοῦν
874 4736 933 4787 ἐν
961 4737 1027 4805 τῇ
1063 4733 1262 4805 καρδίᾳ
1279 4731 1470 4796 αὑτοῦ,
1500 4729 1714 4783 Ἐπιλέ-

160 4828 325 4897 λησται
348 4833 375 4884 6
406 4831 565 4894 Θεὸς,
593 4827 909 4899 ἀπέστρεψε
948 4827 1009 4880 τὸ
1044 4828 1338 4899 πρόσωπον
1386 4823 1579 4889 αὐτοῦ,
1616 4822 1715 4877 τοῦ

164 4918 227 4987 μή
252 4919 558 4972 ἐπιϐλέπειν
577 4920 655 4981 εἰς
687 4918 839 4981 τέλος
857 4914 952 4989 ⁷¹.]
978 4916 1148 4969 Kal."
1176 4916 1326 4970 οὐδὲν
1350 4916 1512 4970 αὐτὸν
1533 4912 1715 4986 ὀνήσει

164 5012 219 5062 τὰ
236 5011 463 5080 δυσσεϐῆ
484 5014 731 5083 ῥήματα,
766 5011 860 5064 καὶ
882 5011 931 5064 οξ
950 5010 1241 5081 ἀθεότητος
1259 5008 1509 5080 λογισμοί
1537 5023 1551 5038 ⁸
1580 5008 1716 5061 ἀλλά

165 5100 221 5151 δι’
248 5102 415 5156 αὐτῶν
444 5102 715 5171 γνώσεται
741 5102 851 5155 τῶν
880 5103 1225 5172 πραγμάτων
1250 5101 1318 5165 ⁷³,
1342 5101 1418 5164 ὡς
1453 5101 1625 5172 ἐφορᾷ
1649 5101 1718 5153 τὰ

168 5192 455 5263 ἀνθρώπεια
482 5194 593 5247 τῶν
615 5194 751 5248 ὅλων
781 5196 810 5248 6
845 5192 1129 5265 πρύτανις.
1184 5192 1278 5245 Ἐκ
1302 5192 1412 5245 τῶν
1444 5192 1717 5244 δυσσεϐὡν

1807 3179 1861 3224 et
1900 3172 2076 3225 cadet.
2114 3190 2132 3224 ι
2175 3170 2272 3243 [Ut
2308 3172 2394 3226 leo
2434 3172 2487 3226 in
2517 3180 2675 3227 antro
2704 3188 2805 3228 suo
2830 3188 3048 3244 semper
3077 3175 3388 3240 insidiatur,

1807 3272 1868 3316 ut
1903 3262 2098 3333 rapiat,
2141 3262 2217 3317 ita
2243 3278 2466 3333 quoque
2496 3264 2750 3320 diabolus
2781 3266 2835 3319 in
2869 3275 3141 3336 Synagoga
3171 3263 3389 3321 Judaao-

1806 3369 1929 3409 rum
1991 3363 2252 3425 tanquam
2302 3354 2357 3409 in
2410 3363 2570 3410 antro
2612 3354 2843 3411 insidias
2891 3356 3102 3425 paravit
3152 3354 3391 3420 Christo,

1805 3463 1931 3500 eum
1967 3447 2171 3500 nudum
2208 3460 2330 3502 esse
2355 3446 2631 3501 hominem
2662 3447 3037 3520 existimans.]
3073 3467 3091 3499 ι
3127 3450 3260 3504 Cum
3292 3450 3391 3503 do-

1806 3537 2052 3591 minatus
2091 3535 2257 3591 fuerit
2311 3536 2365 3591 in
2417 3552 2707 3607 pauperes.
2746 3557 2765 3592 ι
2800 3538 2939 3592 Cum
2964 3542 3108 3593 enim
3138 3539 3394 3595 omnibus

1809 3626 2062 3695 superior
2086 3624 2263 3681 factus
2286 3625 2471 3705 fuerit,
2508 3628 2734 3683 minime
2751 3636 2932 3684 tamen
2964 3629 3183 3701 effugiet
3206 3632 3395 3686 mortis

1808 3716 2022 3782 fauces,
2060 3719 2155 3772 sed
2193 3734 2347 3788 aeque
2382 3734 2445 3772 ac
2485 3720 2666 3774 caeteri
2708 3721 2961 3775 homines
3001 3722 3253 3789 sepulcro
3285 3730 3395 3777 tra-

1807 3809 1985 3863 detur.
2022 3808 2265 3881 [Putavit
2288 3810 2510 3880 quidem
2535 3811 2733 3876 hostis,
2756 3824 2817 3866 se
2841 3795 2894 3865 in
2921 3812 3065 3880 ipsos
3091 3814 3392 3881 apostolos,

1808 3902 1919 3955 imo
2001 3918 2224 3973 quoque
2298 3904 2350 3957 in
2426 3912 2716 3974 martyres,
2775 3918 2896 3959 esse
2960 3905 3391 3959 dominaturum.

1808 3993 1944 4048 Cum
1978 3993 2140 4063 igitur
2174 4009 2368 4049 omnes
2414 3996 2675 4049 subactos
2707 4010 2832 4050 esse
2860 3996 3222 4061 existimaret,
3266 4007 3395 4051 tunc

1810 4086 1927 4155 ipse
1960 4086 2233 4141 contritus
2260 4086 2461 4141 cecidit
2488 4103 2501 4140 :
2534 4086 2869 4142 attritionem
2899 4087 3040 4142 enim
3064 4104 3165 4143 vox
3194 4089 3283 4144 illa
3316 4092 3393 4144 iu-

1812 4177 2031 4231 rlinabit
2059 4194 2114 4232 se
2143 4178 2393 4250 iudicat.]

1884 4268 2052 4325 Vnns.
2090 4271 2179 4325 il.
2228 4287 2247 4322 ι
2296 4270 2604 4325 Dixitenim
2637 4272 2690 4325 in
2729 4271 2895 4328 corde
2930 4288 3052 4340 suo,
3083 4273 3286 4329 oblitus
3313 4285 3396 4329 est

1812 4362 2170 4434 668Deus,
2218 4364 2414 4418 avertit
2457 4363 2649 4420 faciem
2699 4381 2877 4431 suam,
2930 4382 2998 4421 ne
3034 4367 3212 4422 vident
3243 4369 3294 4423 in
3338 4369 3397 4423 ft—

460 4481 480 4513 ι
537 4460 557 4532 [
592 4458 779 4513 Ταῦτα
809 4457 867 4510 δὲ
902 4458 1082 4511 πάντα
1110 4456 1138 4507 6
1172 4453 1374 4523 ἀσεϐὴς
1425 4451 1570 4506 κατὰ
1606 4451 1702 4504 τῶι

1818 4470 1965 4510 nem.
2003 4474 2021 4507 ι
2060 4454 2210 4527 [llaec
2237 4458 2421 4511 omnia
2446 4469 2628 4511 autem
2664 4459 2866 4529 impius
2902 4469 3094 4514 contra
3132 4477 3396 4532 pauperes

1817 4548 1912 4602 Dei
1950 4548 2080 4615 agit,
2113 4564 2171 4604 sc
2204 4549 2380 4619 ipsum
2424 4550 2726 4621 decipiens,
2763 4566 2887 4605 cum
2936 4554 3076 4622 apud
3139 4569 3199 4608 se
3247 4555 3396 4625 cogi-

1814 4649 1917 4703 tat,
1953 4655 2059 4694 non
2092 4656 2216 4696 esse
2263 4639 2432 4695 Deum
2482 4641 2575 4713 qui
2620 4641 2895 4713 inspiciat.
2931 4643 3075 4699 Dicit
3112 4644 3296 4714 itaque
3340 4650 3394 4700 in

1815 4731 1982 4786 corde
2020 4746 2147 4797 suo,
2184 4732 2392 4787 oblitus
2423 4741 2508 4788 est
2541 4732 2707 4798 Deus,
2753 4738 2955 4790 avertit
2989 4735 3180 4790 faciem
3214 4751 3393 4800 suam,

1821 4841 1886 4879 ne
1919 4825 2175 4895 inspiciat
2204 4827 2255 4880 iu
2297 4826 2676 4899 perpetuum]
2721 4826 2907 4899 Neque
2938 4830 3082 4883 enim
3117 4829 3198 4883 vel
3228 4830 3394 4899 impia

1820 4917 1983 4971 verba
2018 4916 2098 4971 vel
2125 4918 2489 4987 cegitationes
2509 4919 2654 4988 quod
2673 4919 2816 4975 Deus
2832 4935 2940 4975 non
2972 4921 3065 4979 sit.
3094 4920 3393 4991 quidquam

1819 5008 2088 5078 iuvabunt
2132 5009 2335 5078 ipsum,
2389 5012 2485 5065 sed
2542 5025 2609 5064 ex
2671 5010 2833 5066 rebus
2890 5011 3027 5082 ipsis
3081 5023 3393 5083 cognoscet,

1825 5101 1994 5155 Deum
2032 5100 2280 5155 omnium
2331 5101 2617 5171 praesidem
2650 5116 2740 5157 res
2792 5102 3063 5158 humanas
3107 5104 3393 5173 inspicere.

1827 5191 1929 5246 Per
1972 5192 2134 5260 impia
2172 5192 2286 5246 haec
2316 5192 2480 5246 verba
2525 5192 2791 5261 propheta
2841 5194 3040 5248 mirum
3076 5194 3129 5248 in
3174 5194 3393 5251 modum

1227 5309 1466 5365 VARIIE
1508 5308 1895 5364 LECTIONES
1934 5309 2022 5364 ET
2058 5307 2295 5365 ΝΟΤᾸΞ.

225 5427 265 5501 ’ξ
299 5430 413 5483 Ἐν.
454 5430 662 5501 (Σοάηι
706 5431 855 5501 addit
900 5431 990 5501 τῇ.
1097 5432 1141 5459 ⁸⁸⁸
1168 5446 1197 5485 e
1236 5431 1363 5485 cod.
1394 5430 1430 5482 ει
1460 5430 1638 5500 suppl.

172 5492 207 5527 ³³
240 5497 551 5569 Ἀναιτίοις.
586 5500 717 5555 Cod.
758 5500 903 5569 Flor.
929 5492 1214 5561 ἐναντίοις.
1294 5501 1339 5531 ⁸⁵
1366 5501 1407 5554 Ε
1436 5492 1634 5555 cod-.3
1667 5516 1768 5569 sup

1734 5431 1785 5485 ,θ’
1829 5431 1950 5484 Ἐν.
1991 5430 2113 5484 Des.
2168 5429 2221 5483 in
2285 5429 2587 5483 codicibus.

1776 5501 1847 5569 pl.
1953 5500 1997 5532 ⁸⁵
2061 5499 2351 5568 Ἀρπὰσαι
2387 5498 2645 5569 πτωχόν.
2672 5496 3174 5569 Repe‘lituriucpd.
3211 5496 3312 5569 Qut
3336 5498 3389 5557 5,

2698 5427 2743 5458 ⁶²
2788 5428 2921 5481 Τοῦ.
2952 5427 3164 5481 Abesta
3189 5426 3311 5480 cod.
3342 5428 3394 5480 i.

168 5572 224 5641 nt.
242 5571 371 5635 apud
398 5568 558 5623 LXX.
620 5572 684 5641 7“
722 5568 932 5637 Οὗτος.
991 5570 1203 5641 (λωίζὲ
1248 5585 1436 5641 prtem.
1469 5570 1582 5624 καί.
1662 5572 1702 5602 ⁸⁷

1812 5570 1921 5624 cod.
1946 5570 1981 5623 2
2016 5566 2194 5641 suppl.
2220 5570 2265 5641 ε’
2293 5569 2439 5637 Γὰρ.
2473 5568 2637 5641 Ahest
2664 5582 2695 5621 a
2732 5566 2921 5641 cod.’5.
2986 5568 3043 5641 _'_’
3065 5566 3249 5641 Cod._l
3282 5566 3393 5617 δια-

169 5632 321 5709 φύγῂ.
375 5642 504 5709 (ἰού.
549 5642 583 5695 5
610 5632 980 5709 διαψεύξεται.
1057 5640 1101 5670 ’θ
1122 5640 1165 5694 Ε
1192 5632 1316 5695 cod.
1352 5640 1387 5693 2
1418 5655 1519 5709 sup

1524 5642 1616 5712 pl.
1672 5644 1713 5675 '“
1753 5642 1827 5712 Ex
1872 5641 1996 5712 cod.
2028 5638 2357 5712 3suppleta.
2428 5640 2481 5712 _“
2508 5638 2815 5712 Kal__-—_.2a_‘

2820 5654 2958 5706 γων.
2986 5636 3188 5692 Ilorum
3218 5636 3397 5690 locum

168 5702 213 5753 in
234 5702 408 5781 cans
429 5725 487 5764 ea
520 5702 962 5781 occupantfquze
1011 5710 1340 5767 Sirmondus
1374 5708 1439 5763 ad
1472 5702 1537 5765 .1:
1560 5710 1625 5763 12
1657 5728 1697 5767 ι’(

1812 5713 1862 5766 it.
1940 5711 1988 5742 ⁷³
2028 5702 2581 5779 Τῶν”πραγμάτωγ.
2615 5707 2749 5761 Cod.
2791 5702 3041 5777 l'przcm.
3080 5706 3188 5760 τῶν
3220 5709 3402 5778 mpe-

170 5786 259 5827 των
287 5780 393 5831 καί.
