3850 6528
503 397 605 464 939

1486 392 1978 456 THEODORETI
2016 390 2356 453 EPISCOPI
2380 390 2749 451 CYRENSIS

3639 387 3743 452 918

505 525 714 577 arcum,
757 520 1089 580 paraverunt
1119 510 1345 582 sagittas
1384 511 1437 564 in
1471 510 1746 581 pharetra,
1787 517 1847 563 ut
1872 507 2069 563 feriant

2180 503 2479 577 ἡτοίμασαν
2518 503 2646 574 βέλη
2680 504 2761 565 είς
2804 501 3101 573 φαρέτραν,
3147 498 3241 553 τοῦ
3273 497 3669 566 κατατοξεῦσαι
3693 501 3748 552 ἐν

506 601 561 653 in
592 601 829 654 obscuro
868 610 1044 655 rectos
1095 601 1280 655 corde.
1319 619 1338 653 ι
1381 598 1640 654 Nonnulli
1686 609 1741 654 et
1787 601 1901 654 haec
1946 614 2073 654 cum

506 708 670 763 supra
705 694 868 748 dictis
912 693 1163 748 versibus
1213 692 1618 762 conjuuxerunt
1652 709 1666 746 :
1698 692 1790 748 sed
1839 706 1902 746 ea
1953 707 2074 761 quae

505 794 815 854 sequuntur
850 784 953 840 hoc
985 799 1094 839 non
1140 787 1482 855 permittunt.
1537 784 1828 855 Subjungit
1868 783 2014 838 enim
2057 802 2069 837 :

582 878 744 931 Vens.
770 876 824 929 4.
848 894 868 927 ι
891 875 1159 942 Quoniam
1183 892 1305 946 quae
1325 875 1592 945 perfecisti
1611 876 2020 931 destruxerunt.
2048 892 2067 926 ι

508 965 643 1021 llinc
676 976 856 1021 autem
884 967 1146 1021 discimus
1171 967 1497 1037 Prophetam
1535 966 1871 1021 convertisse
1906 966 2074 1019 verba

508 1060 574 1113 ad
602 1060 767 1113 Deum
802 1058 1079 1128 colloquio
1105 1060 1268 1130 672
1303 1067 1569 1123 utentem,
1602 1058 2076 1133 docentemqueet

507 1167 667 1206 arcus
715 1163 767 1205 et
796 1151 977 1220 jacula
1005 1153 1244 1206 hostium
1274 1161 1463 1221 parata
1496 1166 1637 1217 esse,
1686 1161 1849 1221 atque
1881 1166 2073 1205 eorum

509 1259 738 1312 sc0pum
768 1260 889 1299 esse
920 1255 1002 1308 ut,
1030 1244 1199 1299 veluti
1232 1247 1285 1300 in
1314 1245 1566 1311 obscuro,
1597 1255 1652 1301 et
1679 1246 1732 1300 in
1762 1255 1921 1301 nocte
1951 1246 2076 1299 illu-

505 1338 584 1400 ni,
616 1336 902 1392 fraudibus
938 1346 993 1391 et
1024 1337 1239 1393 insidiis
1266 1348 1457 1393 contra
1490 1353 1591 1393 nos
1625 1347 1870 1393 utantur.
1907 1337 2068 1394 Clan-

504 1429 746 1485 destinas
798 1430 997 1500 quippe
1040 1430 1269 1484 insidias
1300 1438 1355 1484 et
1404 1431 1681 1495 occultas,
1731 1431 2075 1501 σκοτομήνην

505 1522 817 1593 appellavit.
860 1524 974 1579 lloc
1006 1531 1189 1578 autem
1221 1538 1420 1578 nomen
1468 1532 1683 1579 noctem
1714 1524 1843 1577 luna
1883 1537 2082 1583 caren-,

506 1622 613 1668 tem
650 1615 940 1683 signiﬁcat.
990 1613 1173 1669 Rectos
1206 1629 1337 1670 vero
1383 1615 1539 1668 corde
1589 1614 1912 1678 nominavit,
1963 1626 2074 1667 non

508 1720 775 1759 summam
810 1706 911 1760 sibi
942 1706 1199 1761 virtutem
1242 1706 1567 1762 vindicans:
1611 1707 1706 1762 sed
1748 1720 1870 1761 cum
1911 1705 2075 1759 sciret

507 1798 646 1852 nihil
676 1814 735 1854 se
771 1815 1011 1869 unquam
1046 1800 1224 1870 egisse
1274 1810 1333 1855 ut
1368 1799 1589 1855 Saulem
1624 1800 1940 1864 offenderet,
1976 1797 2074 1853 sed

2176 598 2490 666 σκοτομήνῃ
2518 596 2649 658 τοὺς
2682 594 2860 658 εὐθεῖς
2883 596 2949 665 τῇ
2972 592 3192 665 καρδίᾳ.
3211 592 3369 657 Τινὲς
3385 594 3431 625 ²²
3464 592 3564 646 καὶ
3581 592 3751 647 ταῦτα

2175 688 2419 757 συνῆψαν
2458 689 2572 750 τοῖς
2618 687 2932 757 εἰρημένοις
2960 686 3167 757 στίχοις
3182 684 3263 719 ³³·
3296 684 3433 739 ἀλλά
3458 684 3533 737 τὰ
3562 685 3751 753 ἐπιφε-
3778 706 3781 719 ι

2181 784 2386 855 ρόμενα
2411 781 2511 835 οὐκ
2535 782 2620 850 ἐᾷ,
2668 779 2897 847 Ἐπάγει
2919 777 3032 850 γάρ
3058 794 3072 808 ·

2243 876 2308 931 δ’.
2348 895 2367 926 ι
2409 875 2531 928 Ὀτι
2593 873 2631 927 ἃ
2677 874 2741 925 σὺ
2792 870 3128 943 κατηρτίσω,
3189 870 3348 924 αὐτοὶ
3402 868 3680 923 καθεῖλον.
3727 856 3775 923 »ί

2187 964 2470 1020 Ἐντεῦθεν
2504 964 2561 1019 δὲ
2586 962 2971 1034 διδασκόμεθα,
3001 962 3078 1025 ὡς
3111 960 3249 1032 πρὸς
3272 960 3365 1015 τὸν
3390 959 3533 1013 Θεδν
3562 959 3750 1031 ἔτρεψε

2172 1062 2300 1123 τοὺς
2333 1058 2580 1127 λόγουςό
2613 1057 2926 1127 προφήτης,
2985 1053 3225 1119 ἐντεύξει
3286 1053 3601 1125 χρώμενος,
3660 1053 3750 1106 καὶ

2173 1150 2442 1204 διδάσκων
2491 1149 2567 1212 ὠς
2594 1146 2835 1218 εὐτρεπῆ
2870 1145 2979 1199 τῶν
3015 1144 3312 1215 πολεμίων,
3364 1145 3463 1200 καὶ
3500 1143 3574 1197 τά
3603 1142 3747 1209 τόξα,

2174 1243 2269 1294 καὶ
2303 1240 2374 1294 τά
2421 1240 2573 1311 βέλη,
2625 1240 2721 1293 καὶ
2759 1237 2964 1301 σκοπὸς
2996 1238 3181 1301 αὐτοῖς
3210 1231 3323 1292 οἷον
3344 1239 3411 1292 ’ἐν
3438 1237 3751 1307 σκοτομήνη

2173 1333 2280 1386 τινὶ
2317 1333 2414 1385 καὶ
2436 1332 2684 1401 ἀσελήνῳ
2700 1330 2879 1394 νυκτὶ,
2910 1332 3025 1394 τοῖς
3039 1329 3219 1400 λόχοις
3239 1330 3335 1382 καὶ
3362 1331 3488 1391 ταῖς
3506 1328 3753 1400 ἐνέδραις

2172 1424 2481 1497 χρήσασθαι
2538 1421 2660 1476 καθ’
2708 1422 2888 1493 ἡμῶν.
2940 1422 3013 1475 Τὸ
3065 1421 3173 1493 γάρ
3212 1421 3257 1453 ⁸⁸
3305 1422 3406 1491 τῆς
3452 1419 3755 1490 ἐπιϐουλῆς

2173 1517 2430 1587 λαθραῖον
2482 1516 2579 1570 καὶ
2623 1513 3008 1586 κεκρυμμένον
3055 1512 3449 1583 σκοτομήνην
3493 1513 3751 1567 ἐκάλεσε*

2173 1606 2332 1660 τοῦτο
2363 1606 2421 1660 δὲ
2446 1605 2507 1659 τὸ
2536 1605 2705 1675 ὄνομα
2726 1603 2823 1675 τὴν
2844 1603 3106 1674 ἀσέληνον
3126 1602 3297 1658 νύκτα
3324 1604 3503 1675 δηλοῖ.
3543 1602 3755 1668 Εὐθεῖς

2173 1700 2230 1753 δὲ
2250 1698 2325 1769 τῇ
2355 1698 2571 1768 καρδίᾳ
2586 1698 2891 1769 ὠνόμασεν,
2920 1697 2983 1751 οὐ
3000 1698 3099 1768 τὴν
3114 1697 3290 1769 ἄκραν
3308 1696 3514 1769 ἀρετὴν
3533 1697 3702 1767 ἑαυτῇ
3714 1697 3754 1728 ⁸⁸

2179 1790 2471 1862 μαρτυρῶν
2496 1806 2511 1821 ·
2552 1789 2668 1843 ἀλλ’
2714 1787 2869 1852 εἰδὼς
2910 1788 2992 1841 ὅτι
3036 1787 3175 1859 πρὸς
3210 1786 3415 1858 βλάϐην
3441 1786 3548 1840 τοῦ
3588 1787 3756 1840 Ean-)1

508 1905 723 1944 summa
755 1891 1131 1946 benevolentia
1164 1892 1219 1946 in
1260 1893 1435 1962 ipsum
1473 1908 1687 1963 semper
1720 1907 1841 1947 esse
1889 1906 2071 1946 usum.

2180 1881 2326 1936 οὐδὲν
2371 1881 2668 1951 εἰργάσατο
2702 1879 2944 1946 πώποτε,
2983 1880 3097 1933 ἀλλ’
3129 1881 3313 1952 εὐνοίᾳ
3352 1879 3595 1952 πλείστῃ
3634 1878 3756 1949 περὶ

510 1986 529 2001 ‘
573 1999 591 2032 ι
624 1980 892 2045 Quoniam
922 1997 1044 2049 quae
1069 1992 1122 2036 lu
1147 1983 1446 2053 perfecisti,
1478 1984 1579 2053 ipsi
1610 1983 2022 2039 destruxerunt.
2051 2001 2070 2035 >

506 2074 627 2127 Νοιι
678 2077 855 2145 rapui,
894 2075 1089 2146 inquit,
1132 2093 1383 2147 regnum,
1432 2079 1523 2133 sed
1566 2093 1596 2131 a
1647 2086 1739 2131 tua
1771 2076 1944 2147 gratia
1989 2093 2077 2132 re-

506 2167 707 2234 gnandi
728 2167 1050 2223 electionem
1076 2156 1330 2238 suscepi:
1366 2170 1444 2224 illi
1468 2178 1651 2225 autem
1678 2170 1961 2225 destruere
1988 2184 2076 2225 me

506 2268 776 2313 conantur
806 2267 998 2314 contra
1036 2268 1182 2314 tuam
1210 2261 1537 2315 sententiam
1573 2260 1789 2315 armati.

584 2452 604 2485 ι
620 2432 806 2489 Justus
826 2442 1003 2488 autem
1022 2434 1151 2504 quid
1173 2433 1329 2489 fecit?
1346 2433 1533 2507 [Vens
1550 2433 1603 2499 ὅ,
1617 2433 1698 2507 6.]
1717 2434 1979 2491 Dominus
1994 2445 2078 2491 est

510 2525 561 2579 in
598 2526 796 2596 templo
813 2536 1000 2582 sancto
1022 2526 1423 2592 suo,Dominus
1444 2528 1496 2580 in
1518 2527 1657 2581 coelo
1678 2526 1863 2582 sedem
1884 2526 2070 2581 habet.

508 2616 660 2673 Oculi
686 2620 804 2690 cjus
821 2620 875 2673 in
899 2628 1094 2674 terram
1117 2620 1435 2690 respiciunt,
1458 2619 1727 2689 palpebra:
1755 2619 1875 2689 ejus
1896 2619 2075 2688 inqui-

508 2718 635 2763 runt
672 2711 727 2764 in
763 2710 899 2765 ﬁlios
924 2711 1225 2765 hominum.
1250 2711 1515 2766 Dominus
1541 2710 2072 2781 inquiritinjustum

506 2811 560 2857 et
581 2802 829 2872 impium.
865 2820 884 2853 ι
909 2801 989 2856 illi
1012 2802 1177 2873 igitur
1193 2818 1291 2858 sua
1314 2803 1759 2873 quidememalitia
1777 2808 1963 2858 contra
1986 2817 2074 2858 me

506 2904 759 2949 utuntur:
778 2904 831 2948 tu
850 2910 979 2950 vero
991 2894 1173 2964 justus
1185 2896 1371 2966 judex,
1390 2895 1634 2951 insidens
1668 2895 1981 2951 coelestibus
1998 2909 2075 2950 se-

506 2986 688 3054 dibus,
709 2995 761 3041 et
787 2988 860 3041 lui
884 2996 1235 3058 c0115pectum
1258 2988 1309 3041 in
1332 2996 1549 3042 terreno
1572 2988 1769 3056 templo
1787 2988 2070 3052 exhibens,

506 3079 733 3148 inspicis
755 3079 972 3149 quidem
999 3079 1308 3134 universam
1334 3087 1559 3143 terram,
1585 3078 1863 3134 suﬂiciunt
1891 3087 2071 3133 autem

507 3170 604 3224 tibi
642 3170 907 3225 duntaxat
937 3170 1222 3226 oculorum
1254 3170 1542 3241 palpebrae,
1589 3179 1649 3225 ut
1682 3171 1921 3225 humana
1953 3185 2073 3224 om-

2175 1973 2339 2029 αὐτόν
2384 1974 2731 2045 χρησάμενος
2776 1973 3096 2028 διετέλεσεν.
3148 1992 3167 2024 ι
3210 1972 3398 2026 Ὅτιά
3443 1974 3512 2026 σὺ
3552 1989 3755 2043 κατηρι-

2172 2068 2329 2134 τίσω,
2377 2067 2533 2120 αὐτοὶ
2587 2066 2856 2120 καθεῖλον.
2900 2084 2921 2119 ι
2973 2066 3084 2136 Οὐχ
3147 2065 3397 2135 ἦρπασα,
3446 2066 3613 2135 φησὶ,
3661 2066 3755 2137 τὴν

2175 2159 2452 2231 βασιλείαν
2471 2160 2548 2227 ’⁸,
2597 2158 2734 2212 ἀλλὰ
2771 2157 2871 2228 τὴν
2919 2158 3254 2228 χειροτονίαν
3320 2157 3474 2229 παρὰ
3520 2154 3627 2226 τῆς
3660 2157 3754 2226 σῆς

2172 2252 2395 2324 χάριτος
2411 2251 2703 2323 ἐδεξάμην.
2738 2251 2967 2305 Ἐκεῖνοι
2994 2251 3052 2304 δέ
3084 2268 3153 2322 με
3175 2248 3478 2305 καταλῦσαι
3511 2251 3752 2321 πειρῶν⁵

2174 2364 2264 2400 ται
2291 2344 2434 2401 κατά
2464 2344 2567 2415 τῆς
2604 2344 2704 2415 σῆς
2733 2343 3078 2415 ὁπλιξόμενοι
3103 2344 3308 2415 ψήφου.

2250 2456 2268 2489 ι
2311 2436 2370 2489 '0
2393 2436 2450 2489 δὲ
2469 2435 2679 2499 δίκαιος
2695 2434 2748 2488 τί
2780 2434 3041 2505 ἐποίησε;
3074 2434 3162 2507 [ε’,
3191 2434 3299 2508 qh}
3319 2435 3526 2507 Κύριος
3554 2436 3613 2488 ἐν
3646 2433 3752 2503 ναῷ

2176 2528 2317 2599 ἁγίῳ
2344 2525 2535 2592 αὑτοῦ,
2577 2524 2785 2593 Κύριος
2826 2525 2886 2578 ἐν
2917 2523 3141 2595 οὐρανῷ
3176 2527 3205 2579 6
3240 2525 3429 2598 θρόνος
3472 2525 3677 2579 αὐτοῦ’
3704 2525 3751 2576 οἰ

2174 2621 2445 2692 ὀφθαλμοὶ
2494 2619 2659 2672 αὐτοῦ
2694 2617 3055 2673 ἐπιϐλέπουσι
3098 2619 3199 2689 τὴν
3231 2618 3561 2690 οἰκουμένην
3581 2619 3652 2685 ⁸⁷,
3686 2618 3751 2670 τὰ

2175 2716 2418 2788 βλέφαρα
2464 2713 2629 2767 αὐτοῦ
2660 2712 2902 2779 ἐξετάζει
2945 2712 3071 2775 τοὺς
3111 2711 3261 2776 υἱοὺς
3290 2712 3399 2765 τῶν
3426 2710 3746 2782 ἀνθρώπων.

2174 2809 2380 2879 Κύριος
2436 2805 2679 2873 ἐξετάζει
2755 2805 2845 2858 τὸν
2897 2805 3131 2870 δίκαιον,
3197 2806 3294 2859 καὶ
3349 2805 3441 2859 τὸν
3490 2803 3687 2875 ἀσεϐῆ.
3724 2822 3741 2855 ι

2186 2902 2416 2954 Ἐκεῖνοι
2448 2900 2546 2969 μὲν
2588 2895 2683 2952 οὖν
2704 2901 2770 2970 τῇ
2804 2898 2925 2950 κατ’
2965 2895 3100 2968 ἐμοῦ
3147 2896 3446 2969 κέχρηνται
3474 2896 3745 2967 πονηρία“

2176 2994 2239 3047 σὺ
2296 2993 2353 3046 δὲ
2396 2992 2425 3044 6
2462 2991 2667 3054 δίκαιος
2724 2990 2917 3063 κριτὴς
2958 2989 3333 3060 ἐγκαθήμενος
3370 2993 3481 3053 τοῖς
3506 2989 3552 3020 ’⁸
3585 2990 3748 3059 06p:-

2175 3085 2315 3150 νίοις
2356 3084 2589 3151 θώκοις,
2634 3083 2728 3137 καὶ
2766 3084 2867 3155 τὴν
2910 3083 3174 3136 οἰκείαν²⁹
3216 3082 3546 3151 ἐπιφάνειαν
3585 3083 3646 3135 ἐν
3676 3080 3748 3151 τῷ

2175 3175 2287 3246 ναῷ
2330 3174 2406 3245 τῷ
2453 3175 2544 3227 ἐπὶ
2589 3177 2694 3245 γῆς
2745 3173 3090 3244 ποιούμενος,
3130 3173 3456 3237 ἐποπτεύεις
3505 3172 3604 3243 μὲν
3654 3172 3748 3243 τὴν

489 3259 599 3314 :nia
624 3275 841 3315 noscas.
859 3260 1015 3315 Nosti
1040 3276 1167 3315 vero
1189 3270 1375 3316 exacte
1398 3270 1449 3315 et
1465 3262 1739 3332 justorum
1767 3270 1820 3316 et
1843 3261 2073 3331 injusto-

2180 3268 2508 3338 οἰκουμένην
2533 3266 2773 3329 ἃπασαν,
2801 3267 2962 3337 ἀρκεῖ
2982 3266 3040 3319 δέ
3070 3283 3151 3319 σοι
3177 3266 3340 3335 μόνον
3361 3267 3407 3297 ³⁰
3438 3265 3547 3319 τῶν
3570 3264 3746 3335 ὀμμά-

506 3365 628 3405 rum
646 3353 911 3412 actiones,
936 3352 1165 3422 etdigna
1189 3353 1441 3423 operibus
1462 3354 1731 3423 rependis.
1764 3352 2068 3408 Sciendum

506 3454 589 3500 est
610 3460 792 3513 porro,
815 3454 869 3499 et
899 3445 1108 3512 oculos,
1132 3455 1186 3500 et
1207 3446 1509 3516 palpebras,
1534 3457 1587 3501 et
1609 3448 1786 3509 sedes,
1808 3456 1861 3502 et
1880 3454 2073 3502 caetera

508 3537 775 3606 ejusmodi
815 3548 1072 3608 tanquam
1105 3538 1172 3592 de
1208 3553 1265 3592 re
1284 3551 1543 3609 corporea
1566 3538 1697 3605 dici,
1727 3539 1795 3592 ab
1818 3538 2072 3593 humanis

507 3629 669 3701 673
698 3630 863 3685 rebus
896 3646 982 3686 res
1012 3628 1227 3684 divinas
1272 3630 1522 3687 homines
1558 3630 1858 3693 edocendo,
1895 3637 1950 3684 et
1990 3630 2072 3684 di-

506 3722 651 3775 vinis
686 3721 995 3777 actionibus
1025 3721 1389 3776 hulnanorum
1416 3721 1786 3776 membrorum
1831 3721 2070 3791 appella-

508 3815 683 3870 tiones
710 3814 1061 3884 imponendo.
1108 3833 1129 3867 ι
1160 3812 1262 3880 Qui
1296 3823 1476 3869 autem
1499 3814 1675 3884 diligit
1703 3814 2071 3884 iniquitatem,

396 3926 397 3931 ‘
507 3909 624 3964 odit
647 3909 883 3963 animam
920 3924 1095 3966 suam.
1136 3927 1154 3959 ι
1191 3907 1295 3975 Qui
1324 3909 1560 3963 animam
1588 3908 1784 3979 diligit,
1804 3907 2075 3977 iniquita-

510 4011 616 4053 tem
649 4000 763 4053 odit
792 4016 805 4051 :
843 3999 937 4068 qui
975 3999 1110 4054 bene
1145 4014 1271 4070 erga
1308 3998 1448 4053 hanc
1481 3997 1708 4053 aﬂ‘ectus
1743 4006 1847 4060 est,
1890 3996 2074 4066 perni-

509 4094 648 4147 ciem
677 4093 874 4146 anima:
896 4107 1009 4147 suae
1040 4092 1416 4158 machinatur;
1451 4100 1710 4162 provocat
1741 4090 1887 4146 enim
1936 4089 2077 4145 divi-

508 4201 633 4239 nam
667 4184 826 4247 iram,
858 4184 925 4239 de
949 4199 1053 4254 qua
1093 4184 1368 4253 propheta:
1403 4199 1582 4239 sermo
1607 4190 1812 4237 narrat.

2181 3377 2288 3414 των
2325 3359 2391 3412 τὰ
2426 3359 2689 3430 βλέφαρα,
2723 3359 2790 3411 τὰ
2836 3357 3153 3430 ἀνθρώπεια
3183 3359 3362 3413 πάντα
3392 3357 3741 3428 καταμαθεῖν.

2182 3450 2349 3505 Οἶσθα
2372 3452 2429 3505 δὲ
2453 3451 2700 3522 ἀκριϐῶς
2732 3452 2828 3505 καὶ
2864 3452 3065 3505 ἀδίκων
3102 3452 3197 3504 καὶ
3219 3452 3443 3505 δικαίων
3474 3451 3573 3514 τὰς
3609 3451 3744 3521 πρά-

2181 3545 2310 3612 ξεις,
2368 3546 2462 3598 καὶ
2506 3544 2858 3607 ταλαντεῦεις
2907 3548 3019 3608 τοῖς
3065 3544 3250 3616 ἔργοις
3290 3545 3387 3608 τὰς
3433 3544 3741 3607 ἀντιδόσεις.

2190 3637 2386 3691 ’ἰστέον
2440 3636 2519 3701 δὲ,
2561 3638 2643 3691 ὅτι
2695 3636 2787 3689 καὶ
2824 3636 3170 3707 ὀφθαλμοὺς,
3206 3635 3300 3690 καὶ
3340 3634 3605 3708 βλέφαρα,
3656 3634 3743 3687 καὶ

2178 3726 2418 3800 θρόνους,
2452 3727 2547 3781 καὶ
2582 3726 2751 3782 τᾶλλα
2782 3728 2882 3780 ὅσα
2929 3725 3181 3794 τοιαῦτα,
3218 3725 3677 3796 σωματικώτερον
3698 3724 3736 3755 ⁸*

2174 3818 2343 3888 λέγει,
2373 3819 2483 3873 ἀπὸ
2528 3820 2637 3872 τῶν
2691 3819 3044 3892 ἀνθρωπίνων
3088 3820 3436 3890 πραγμάτων
3485 3818 3610 3881 τοὺς
3652 3817 3737 3868 ἀνι

2176 3910 2429 3983 θρώπους
2485 3911 2555 3965 τὰ
2609 3912 2727 3966 θεῖα
2777 3912 3064 3978 διδάσκων,
3101 3912 3199 3965 καὶ
3229 3913 3349 3974 ταῖς
3397 3910 3571 3973 θείαις
3600 3911 3737 3977 hsp-

2177 4003 2355 4070 γείαις
2379 4005 2421 4036 ³³
2460 4003 2569 4057 τῶν
2598 4004 2954 4074 ἀνθρωπίνων
2994 4002 3200 4073 μορίων
3221 4003 3349 4065 στάς
3381 4002 3734 4073 προσηγορίιι

2177 4090 2366 4155 τιθείς.
2406 4110 2425 4143 ι
2468 4092 2527 4145 '0
2555 4093 2614 4146 δὲ
2646 4092 2877 4161 άγαπῶν
2906 4092 3002 4162 τὴν
3032 4092 3267 4157 ἀδικίαν,
3301 4096 3455 4162 μισεῖ
3484 4092 3581 4162 τὴν
3619 4092 3733 4144 ἐαυο

2177 4182 2272 4235 τοῦ
2306 4182 2506 4255 ψυχήν,
2560 4203 2579 4236 ι
2623 4183 2681 4236 Ὀ
2724 4183 2821 4254 τὴν
2877 4184 3054 4255 ψυχὴν
3116 4184 3369 4252 ἀγαπῶν,
3402 4184 3507 4254 τὴν
3543 4182 3732 4236 ἀδικίαν

510 4266 661 4347 μισεῖ
683 4277 818 4328 a“'6
850 4276 908 4330 δὲ
948 4276 1076 4346 περὶ
1114 4275 1327 4345 ἐκείνην
1399 4272 1457 4329 εὖ
1521 4276 1885 4346 διακείμενος,
1932 4271 2151 4344 ὄλεθρον
2183 4277 2248 4345 τῇ
2302 4276 2446 4347 ψυχῇ
2500 4276 2806 4347 μηχανᾶται
2846 4292 2861 4305 ο
2917 4276 3218 4329 ἐπισπᾶται
3286 4274 3395 4345 γὰρ
3451 4274 3552 4343 τὴν
3601 4273 3731 4327 θείαν

506 4365 696 4437 ὀργὴν,
726 4368 857 4439 περὶ
874 4360 941 4439 ἧς
960 4367 988 4418 6
1017 4368 1353 4438 προφητικὸς
1368 4367 1588 4434 διέξεισι
1616 4366 1792 4435 λόγος.

570 4464 744 4522 'Vsns.
795 4466 848 4519 7.
888 4484 906 4517 ‹
953 4464 1227 4531 Quoniam
1286 4465 1504 4535 depluet
1552 4480 1718 4535 super
1758 4474 2073 4535 peccatores

2246 4460 2313 4526 ζ’.
2349 4480 2367 4512 ι
2423 4460 2614 4514 "Oti."
2641 4460 2917 4532 ἐπιὸρέξει
2952 4460 3044 4512 ἐπὶ
3088 4458 3452 4529 ἁμαρτωλοὺς
3490 4456 3722 4525 παγίδας,

506 4550 754 4631 laqueos,
792 4559 934 4631 ignis
964 4568 1019 4615 et
1039 4559 1289 4628 sulphur,
1307 4568 1362 4613 et
1390 4560 1615 4628 spiritus
1635 4559 2019 4629 procellarum.
2042 4579 2061 4613 ι

506 4655 589 4709 Ab
615 4654 684 4709 iis
715 4659 856 4723 quae
876 4651 1129 4707 Sodomis
1155 4651 1268 4722 jam
1300 4653 1639 4715 acciderunt,
1674 4652 1843 4707 sumit
1866 4652 2073 4708 descri-

492 4748 750 4818 ptionem
779 4746 1205 4817 suppliciorum;
1264 4746 1461 4801 etenim
1510 4747 1565 4802 in
1611 4747 1732 4802 illas
1767 4746 1796 4786 ἀ
1826 4747 2073 4802 civitates

494 4842 721 4912 depluit
770 4840 1035 4896 Dominus
1087 4856 1117 4895 a
1154 4839 1387 4895 Domino
1427 4841 1627 4907 ignem,
1675 4848 1729 4895 et
1776 4839 2004 4908 sulphur
2046 4853 2077 4893 e

516 4936 678 4992 οωιο.
710 4935 836 4992 llaec
872 4935 1036 5007 igitur
1069 4944 1124 4990 et
1154 4935 1258 4990 hoc
1282 4934 1336 4989 in
1365 4934 1486 4989 loco
1525 4933 1765 4987 minatus
1816 4939 1921 4997 est,
1969 4945 2079 4985 non

510 5028 979 5085 1ithzecoumino
1013 5028 1362 5092 inducturus,
1403 5027 1623 5097 scd‘per
1673 5025 1789 5080 haec
1834 5023 2081 5093 omnige-

576 5230 609 5275 (ι
642 5232 781 5289 Gen.
802 5248 929 5299 xxx,
962 5232 1054 5286 24.

2176 4558 2287 4629 πῦρ
2316 4556 2412 4611 καὶ
2456 4555 2621 4618 θεῖον,
2654 4555 2750 4608 καὶ
2796 4553 3017 4625 πνεῦμα
3048 4553 3387 4621 καταιγίδος.
3427 4573 3449 4604 ι
3488 4551 3617 4605 Ὰπὺ
3636 4548 3727 4601 τῶν

2177 4654 2277 4724 ἤδη
2318 4653 2445 4723 περὶ
2495 4650 2565 4703 τά
2608 4648 2814 4720 Σόδομα
2873 4647 3173 4717 γινομένων
3197 4647 3241 4679 ³⁵
3287 4646 3614 4717 σχηματίζει
3646 4641 3726 4703 τὰς

2180 4745 2451 4816 τιμωρίας
2475 4760 2489 4772 ·
2527 4743 2620 4797 καὶ
2644 4741 2753 4812 γάρ
2784 4742 2864 4804 εἰς
2886 4740 2932 4772 ³⁸
2962 4740 3175 4803 ἐκείνας
3216 4740 3317 4802 τὰς
3344 4740 3533 4803 πόλεις
3565 4735 3726 4807 έὸρεξε

2185 4834 2393 4907 Κύριος
2427 4833 2577 4905 παρὰ
2600 4831 2806 4903 Κυρίου
2830 4829 2942 4902 πῦρ
2985 4830 3080 4885 καὶ
3114 4830 3256 4883 θεῖον
3280 4832 3344 4883 ὲκ
3368 4829 3466 4882 τοῦ
3495 4825 3726 4900 οὐρανοῦ.

2186 4929 2370 4983 Ταῦτα
2400 4927 2579 4981 τοίνυν
2620 4925 2900 4979 κάνταῦθα
2934 4924 3228 4994 ἠπείλησεν
3255 4941 3269 4955 ο
3300 4924 3401 4994 οὑχ
3430 4923 3509 4987 ὡς
3540 4923 3728 4981 πάπως

2186 5020 2359 5076 ταῦτα
2393 5019 2632 5086 ἐπάξων,
2675 5017 2814 5072 ἀλλά
2868 5017 2956 5072 διὰ
2988 5016 3193 5070 τούτων
3251 5014 3353 5079 τὰς
3405 5011 3729 5073 παντοδαπὰς

1589 5360 1823 5416 νΑιιιιλΕ
1864 5359 2247 5418 LECTIONES
2281 5358 2369 5416 ET
2403 5356 2632 5418 ΝΟΤᾹΖ.

581 5468 630 5501 υ
667 5463 859 5531 Τινὲς,
882 5482 938 5517 κ.
977 5462 1028 5517 λ.
1066 5457 1422 5517 Βεενίηοοά.
1453 5458 1585 5523 κει
1612 5457 1753 5526 apud
1780 5456 2073 5527 Cord.p.2t

581 5538 650 5571 ..Α
686 5537 827 5571 l‘nml
928 5535 974 5571 ιδ
1006 5534 1103 5571 nml
1159 5534 1193 5571 θ
1216 5541 1266 5571 nt
1310 5531 1343 5571 ῗι
1379 5528 1575 5571 Ean-3:3-
1655 5529 1700 5559 ³⁸
1742 5531 2066 5571 Darnis/nr

2230 5458 2275 5489 ’³
2298 5457 2554 5527 Στίχοις.
2586 5456 2754 5510 Abest
2776 5468 2802 5505 a
2827 5452 2947 5508 cod.
2981 5452 3037 5506 2.
3113 5451 3161 5483 “
3194 5449 3269 5503 Τὸ
3300 5447 3437 5517 γὰρ,
3468 5446 3591 5501 κ.λ.
3620 5441 3724 5495 Des.

2180 5529 2251 5571 "nl-
2277 5527 2331 5571 (Ξ-
2367 5528 2725 5571 -ιηιποτονίαν,
2804 5526 2847 5557 ³⁷
2881 5524 3113 5571 Ἔπιϐλ.
3150 5522 3267 5571 τὴν
3305 5522 3539 5571 οίκουα.
3563 5513 3674 5570 00d-
3698 5508 3725 5561 ἓ

509 5538 654 5610 apud
686 5524 855 5592 Cord.
928 5535 974 5575 ’-"
1006 5534 1127 5589 cod.
1159 5534 1194 5587 2
1216 5541 1269 5586 et
1310 5531 1343 5583 5
1379 5528 1577 5600 ἐαυτῷ.
1649 5524 1700 5559 ’¹⁶
1737 5524 2066 5609 Bucar-{lar

507 5620 564 5665 et
593 5610 627 5664 5
654 5610 733 5672 είς
759 5606 852 5661 τὸν
880 5605 1088 5677 πένητα
1120 5600 1537 5677 ἐπιϐλέπουσιν..
1578 5599 1655 5677 lla
1688 5598 1799 5677 fere
1825 5600 1874 5677 οί
1899 5599 1953 5651 0'
1992 5597 2073 5677 Vit

2180 5529 2253 5582 ιιι.
2277 5527 2333 5591 2,
2367 5524 2726 5599 χειροτονίαν.
2804 5526 2847 5557 ³⁷
2881 5524 3113 5577 Ἐπιϐλ.
3150 5524 3267 5589 τὴν
3305 5524 3539 5586 οἱκουμ.
3563 5524 3674 5570 cod.
3698 5524 3722 5561 2

2180 5598 2326 5677 ontl‘.
2374 5600 2491 5677 l._c.
2526 5607 2564 5652 t.
2592 5597 2631 5663 l,
2668 5613 2720 5667 p.
2755 5595 2881 5677 688.
2958 5595 3003 5625 ’⁸
3030 5591 3342 5677 Τιοῖςι-ροό.
3450 5582 3722 5677 praeut“.-

509 5681 556 5712 ²⁹
604 5670 859 5732 Οίκὲίαν.
883 5670 1016 5731 (εοεΙ.⁷
1043 5678 1064 5730 1
1112 5675 1283 5728 θείαν.
1362 5672 1407 5703 ³⁰
1427 5670 1560 5725 Cod.
1587 5670 1642 5723 2.
1676 5670 1770 5722 σοῦ

1806 5670 1967 5739 μόνα.
2044 5670 2085 5701 ³¹
2123 5670 2243 5725 cod.
2274 5668 2300 5722 1
2344 5678 2399 5724 et
2424 5671 2460 5721 2
2500 5668 2957 5738 σωματικώτερα.

3062 5665 3106 5696 ³¹
3140 5649 3532 5732 ”Ενεργείαίς.
3698 5649 3717 5700 ί

510 5725 1002 5818 et
1047 5725 1092 5777 3’
1121 5725 1457 5818 ίὸξζμισεῖ
1508 5740 1605 5777 "ac
1656 5742 1707 5778 in
1735 5725 1853 5790 pm'l,
1891 5741 1942 5792 4.
2022 5741 2066 5772 ³⁸

2180 5758 2238 5793 rt.
2264 5740 2432 5797 Abest
2473 5755 2502 5794 a
2556 5725 2717 5792 c'odd.
2759 5725 2978 5794 nostris.
3058 5734 3101 5767 ³⁵
3126 5733 3246 5789 cod.
3279 5725 3733 5798 Ε’γενενημένωνο.

510 5816 709 5884 ³⁸Ὲίς.
746 5816 869 5874 Des.
925 5818 980 5871 in
1032 5817 1153 5873 cod.
1193 5816 1246 5870 2.
