3850 6534
430 439 696 496 ΕΡΜΗΝ.
730 439 868 494 ΤΟΥ
893 437 970 492 ΙΒ⁹
998 438 1317 494 ΨΔΛΜΟΥ.

177 558 240 611 α’.
287 576 305 608 ι
355 556 453 618 El;
502 555 568 608 τὸ
621 553 793 620 τέλος,
842 552 1056 625 ψαλμδς
1109 553 1190 624 τῷ
1241 551 1426 608 Δαὸίδ.
1467 572 1488 606 ι
1549 554 1660 606 Καὶ

124 650 284 707 τοῦτον
311 649 390 711 είς
426 647 624 700 ἐαυτὸν
661 647 952 718 ἦνεγκενν⁸
981 647 1072 701 τὸν
1095 648 1314 718 ψαλμὸν
1335 648 1379 679 ⁷⁷
1411 649 1440 701 ὁ
1485 647 1660 718 μέγας

121 740 277 800 Δασὶδ,
302 739 362 793 οὐ
391 737 503 809 μὴν
539 738 647 792 ὑπὸ
683 738 780 794 τοῦ
810 739 984 794 Σαοὺλ
1016 739 1368 812 διωκόμενος,
1408 739 1524 794 ἀλλ’
1553 741 1661 794 ὑπὸ

119 831 196 886 τοῦ
219 829 574 901 ’Δόεσσαλὼμ
600 831 1026 903 πολεμούμενος.
1055 833 1139 887 Τὰ
1161 835 1260 904 μὲν
1280 833 1389 903 γὰρ
1410 833 1553 888 κατά
1568 832 1659 888 τὸν

120 923 267 978 Σαοὺλ
289 921 394 993 πρὸ
422 923 527 993 τῆς
557 923 838 996 ἁμαρτίας
885 919 976 996 ἦν,
1028 926 1124 978 καὶ
1174 925 1264 980 διὰ
1307 925 1470 980 τοῦτο
1521 927 1663 998 μετὰ

121 1014 290 1085 πολλῆς
318 1013 543 1082 ἐλέγετο
569 1015 886 1087 παρρησίας
903 1017 970 1071 ⁷⁸.
1003 1016 1083 1070 Τὰ
1129 1017 1187 1071 δέ
1236 1034 1301 1086 γε
1358 1018 1502 1072 κατά
1559 1019 1655 1073 τὸν

130 1105 458 1178 ’Δὸεσσαλὼμ
484 1108 628 1179 μετὰ
651 1109 750 1180 τὴν
770 1109 1068 1183 ἁμαρτίαψ
1099 1110 1188 1164 διὰ
1204 1112 1247 1144 ⁷³
1267 1111 1428 1164 τοῦτο
1454 1110 1658 1166 κλαυθ-

123 1201 203 1272 μὸς
257 1199 348 1253 καὶ
399 1200 715 1272 στεναγμὸς
766 1203 814 1234 ³ο
867 1205 981 1268 τοῖς
1049 1203 1229 1272 λόγοις
1295 1205 1654 1275 ἐγκέκραται.

125 1312 140 1342 ι
169 1292 293 1354 Ἕως
311 1291 467 1357 πότε,
499 1292 702 1362 Κύριε,
732 1292 968 1365 ἐπιλήσῃ
992 1311 1094 1363 μου
1125 1297 1206 1360 είς
1226 1295 1417 1362 τέλος;
1442 1316 1462 1348 ι
1479 1296 1589 1369 Τὴν
1609 1297 1654 1331 ⁸⁸

119 1384 349 1455 ἀναϐολὴν
399 1385 503 1456 τῆς
569 1385 823 1458 βοηθείας
910 1388 1335 1459 ἐπιλησμονὴν
1379 1391 1658 1461 προσηγό-

122 1495 252 1548 ρευσε
267 1477 326 1531 ⁸⁸.
359 1477 690 1549 Παρακαλεί
719 1479 775 1532 δέ
811 1479 886 1552 μὴ
946 1481 1028 1544 είς
1068 1480 1220 1544 τέλος
1251 1480 1612 1554 ἐπιλησθῆναι
1640 1500 1654 1516 ο

120 1569 327 1624 τουτέστι
363 1571 440 1643 μὴ
467 1571 758 1637 παντελῶς
791 1574 890 1644 τῆς
922 1573 1074 1637 θείας
1102 1574 1462 1645 γυμνωθῆναι
1517 1593 1656 1646 προ·

122 1664 260 1729 νοίας.
290 1685 308 1716 ι
353 1665 502 1728 Ἕως
540 1666 676 1720 πότε
719 1667 1090 1738 ἀποστρέφεις
1115 1668 1178 1721 τὸ
1230 1667 1522 1738 πρόσωπόν
1564 1685 1657 1722 σου

121 1756 194 1807 ἀπ’
213 1754 332 1824 ἐμοῦ
355 1773 370 1821 ;
408 1774 427 1809 ›
477 1754 578 1810 Ἐκ
611 1759 928 1829 μεταφορᾶς
948 1758 1056 1812 τῶν
1077 1758 1448 1832 ὀργιζομένων
1473 1761 1542 1824 ⁸³,
1565 1761 1660 1814 καὶ

123 1847 221 1910 τοὺς
239 1850 754 1918 προσκεκρουκότας
785 1852 917 1922 ὁρᾷν
947 1851 1008 1904 ού
1041 1850 1401 1923 βουλομένων,
1443 1851 1657 1906 τέθεικε

123 1941 243 1992 τουτὶ
264 1938 322 1992 τὸ
353 1941 540 2011 ῥητόν.
570 1941 666 1994 Διὸ
699 1942 816 2014 μετ’
849 1943 1007 2011 ὀλίγα
1037 1941 1208 2012 λέγει’
1253 1961 1271 1995 ι
1334 1943 1658 2013 Ἐπίϐλεψον

126 2030 190 2084 ἐπ’
213 2031 319 2101 ἐμὲ,
350 2033 442 2086 καὶ
465 2032 700 2103 ἐλέησόν
737 2051 828 2104 με,
869 2054 888 2088 ι
924 2033 1052 2087 οὕτε
1087 2037 1384 2106 πρόσωπον
1418 2036 1556 2090 νοῶν
1596 2037 1658 2090 τὸ

124 2123 393 2192 πρόσωπον,
429 2123 559 2178 οὔτε
607 2127 964 2198 ἀποστροφὴν
990 2130 1092 2198 τὴν
1121 2129 1478 2200 ἀποστροφήν
1501 2146 1515 2160 '
1542 2129 1659 2183 ἀλλ’

125 2218 206 2273 ἀπὸ
266 2220 368 2275 τῶν
458 2221 827 2294 ἀνθρωπίνων
902 2222 1065 2278 πάλιν
1154 2223 1484 2296 σχηματίζει
1568 2223 1662 2277 τὸν

125 2311 248 2379 λόγου
266 2312 327 2366 ⁸⁵.

177 2402 233 2473 β’.
263 2421 282 2456 t
315 2405 462 2469 Ἕως
513 2405 670 2472 τίνος
717 2407 957 2480 θήσομαι
1007 2407 1204 2480 βουλὰς
1253 2409 1310 2464 ἐν
1351 2408 1496 2481 ψυχῇ
1535 2426 1662 2481 μου,

127 2495 276 2558 ὀδύνας
305 2497 360 2548 ἐν
390 2496 600 2570 καρδίᾳ
663 2514 766 2570 μου
824 2498 1039 2570 ἡμέρας
1086 2499 1185 2552 καὶ
1213 2499 1440 2563 νυκτόςς
1485 2519 1504 2551 ›
1542 2498 1658 2553 Νύ-

130 2605 243 2662 κτωρ
263 2586 307 2620 ⁸⁸
328 2589 420 2642 καὶ
465 2591 599 2660 μεθ’
651 2591 866 2662 ἡμέραν
903 2592 1240 2663 τρυχόμενος
1272 2592 1520 2660 διατελῶ,
1567 2592 1664 2648 καὶ

131 2683 230 2744 τοὺς
265 2681 562 2753 λογισμοὺς
616 2684 866 2756 στρέφων
916 2703 975 2738 τε
1021 2686 1116 2739 καὶ
1167 2685 1480 2750 ἀνελίττων,
1533 2687 1664 2740 ποτὲ

135 2773 207 2840 μὲν
229 2774 635 2831 ἀπολαύσεσθαι
657 2777 705 2809 ⁸⁸
735 2777 1147 2850 φιλανθρωπίας
1191 2777 1398 2844 ἐλπίζω
1419 2780 1488 2846 ⁸⁷,
1532 2779 1664 2832 ποτέ

133 2867 174 2920 δὲ
197 2867 497 2938 ἀμφιϐάλλω
515 2870 570 2902 ⁸⁸
597 2871 646 2923 εί
673 2871 954 2943 τεύξομαιο
1009 2871 1199 2926 ἄλλοτε
1232 2872 1288 2926 δὲ
1327 2873 1664 2945 ἀπαγορεύω

137 2961 210 3025 τὰς
229 2963 593 3037 χρηστοτέρας
628 2963 874 3029 ἐλπίδας.

186 3050 244 3122 ‘{.
277 3071 294 3104 ι
336 3055 477 3118 Ἕως
541 3056 675 3110 πότε
707 3056 1056 3128 ὑψωθήσεται
1105 3059 1136 3112 ὁ
1169 3058 1362 3130 ἐχθρός
1411 3073 1514 3128 μου
1577 3057 1670 3111 ἐπ’

137 3145 238 3217 ὶμές
266 3165 282 3197 ι
313 3148 492 3204 Ταῦτα
556 3152 654 3204 καὶ
702 3150 842 3224 ἡμῖν.
889 3153 1150 3223 ἁρμόττει
1181 3152 1360 3222 λέγειν
1412 3151 1519 3206 ὑπὸ
1563 3151 1661 3205 τοῦ
1690 3172 1732 3232 c

142 3238 337 3293 διαϐόλου
366 3241 827 3314 πολεμουμένοις,
858 3244 953 3298 καὶ
989 3245 1086 3313 τὴν
1112 3244 1265 3299 θείαν
1302 3244 1392 3298 ἀεὶ
1438 3261 1662 3314 συμμα-

142 3329 233 3397 χίαν
265 3333 455 3388 καλεῖν.
520 3336 637 3388 Καὶ
679 3335 791 3407 γὰρ
833 3338 863 3390 ὁ
897 3335 1228 3400 θειότατος⁸⁹
1258 3335 1426 3390 Δαόὶδ
1474 3337 1665 3408 ἠνιᾶτο

145 3431 236 3486 me;
251 3425 538 3497 πολεμίους
561 3428 1056 3500 ἐπικρατεστέρους
1081 3427 1222 3499 ὁρῶν
1242 3427 1309 3483 '°.

189 3514 239 3569 δ’.
274 3535 292 3569 ι
333 3519 681 3590 Ἐπίόλεψον,
717 3520 1038 3575 είσάκουσόν
1096 3537 1219 3590 μου,
1252 3519 1429 3592 Κύριε
1457 3521 1486 3574 ὀ
1533 3519 1667 3586 Θεός

150 3623 239 3674 μου,
264 3607 483 3676 φώτισον
510 3612 642 3674 τοὺς
669 3609 980 3682 ὀφθαλμούς
1009 3627 1133 3680 μου,
1169 3609 1381 3681 μήποτε
1433 3609 1671 3663 ύπνώσω

149 3697 208 3760 εἰς
227 3697 450 3753 θάνατον.
496 3719 521 3752 ι
561 3699 639 3772 Τῇ
667 3701 822 3754 νυκτὶ
852 3700 963 3754 τῶν
986 3699 1282 3771 συμφορῶν
1331 3699 1666 3771 περιεχόμε-

149 3808 228 3852 νος,
249 3787 348 3846 οἷόν
369 3812 472 3848 τινι
531 3793 686 3865 ὕπνῳ
731 3797 798 3866 τῇ
849 3793 1057 3865 ἀθυμία
1117 3793 1444 3864 κατέχομαι.
1503 3794 1567 3846 El
1612 3793 1670 3846 δὲ

149 3883 296 3954 φανείη
323 3886 417 3955 τῆς
445 3886 555 3956 σῆς
579 3885 901 3956 ἐπικουρίας
928 3885 990 3939 τὸ
1032 3888 1170 3955 φῶς,
1228 3887 1325 3940 καὶ
1367 3885 1467 3956 τὴν
1498 3885 1670 3939 νύκτα

155 3977 349 4033 σκεδάσει
383 3979 492 4032 τῶν
531 3979 849 4049 συμφορῶν,
879 3979 977 4033 καὶ
998 3978 1092 4032 τὸν
1116 3978 1284 4032 ὕπνον
1331 3979 1531 4034 παύσει
1570 3981 1671 4049 τῆς

149 4069 356 4140 ἀθυμίας.
391 4075 453 4128 El
485 4074 550 4127 δὲ
574 4073 900 4138 ἀναϐάλλοις
924 4073 1024 4146 τὴν
1057 4073 1339 4146 βοήθειαν,
1395 4075 1542 4128 δέδια
1595 4075 1670 4146 μὴ

152 4171 207 4225 εἰς
235 4164 439 4221 θάνατον
459 4169 492 4222 ὁ
521 4166 691 4232 ὕπνος
717 4167 1025 4242 μεταπέσῃ,
1060 4168 1420 4240 ἰσχυροτέρας
1449 4168 1548 4239 τῆς
1579 4167 1673 4222 λύ-

151 4272 232 4331 πης
250 4261 538 4332 γενομένης
563 4259 674 4314 τῶν
716 4260 997 4332 λογισμῶν
1011 4261 1076 4316 θί.

200 4355 249 4402 ε’.
267 4369 282 4402 ι
303 4354 536 4425 Μήποτε
558 4353 727 4427 είπῃό
747 4353 940 4426 ἐχθρός
961 4355 1319 4425 μου,¹’1σχυσα
1341 4352 1474 4424 πρὸς
1488 4351 1668 4406 αὐτόν.

1691 1823 1736 1878 Β

1454 324 1537 384 IN
1578 325 1781 385 PSAL.
1821 325 1956 384 xu.
2009 401 2016 406 ,

1693 452 1738 504 Α

2045 377 2062 410 κ
3226 327 3331 391 946

2081 461 2243 531 677
2296 458 2566 516 INTERP.
2598 457 2870 515 PSALMl.
2900 458 3018 512 XII.

1837 572 2005 628 Vnus.
2058 573 2111 628 1.
2168 591 2187 624 ι
2233 573 2290 628 In
2334 575 2522 638 linem,
2560 573 2814 629 Psalmus
2858 572 3068 628 Davidi.
3119 591 3138 624 ι
3182 573 3338 628 Hunc

1768 679 1994 735 quoque
2015 669 2284 734 psalmum
2310 667 2377 720 de
2402 681 2461 721 se
2489 667 2608 736 ipso
2631 682 2860 736 magnus
2886 665 3054 720 David
3083 667 3332 735 protulit,

1767 773 1875 813 non
1917 757 2136 813 Saulem
2174 757 2410 828 fugiens,
2455 774 2644 813 verum
2700 759 2768 812 ab
2813 759 3108 814 Absalomo
3147 757 3289 813 bello
3321 765 3339 779 '

1766 852 1990 922 petitus.
2021 851 2098 906 Ea
2147 851 2292 906 enim
2327 866 2451 922 quae
2499 851 2568 905 ad
2618 849 2839 904 Saulem
2894 850 3157 916 attinent,
3211 857 3339 904 ante

1766 951 2051 1012 peccatum
2073 942 2404 1008 acciderant,
2449 951 2506 998 et
2539 941 2641 997 hac
2666 944 2732 998 de
2772 956 2935 997 causa
2969 956 3165 1011 magna
3210 955 3333 996 cum

1766 1033 1966 1089 liducia
2012 1033 2358 1090 dicebantur.
2406 1034 2481 1089 Ea
2534 1049 2664 1089 vero
2714 1049 2836 1104 quae
2874 1033 2942 1090 ad
2978 1033 3334 1089 Absalomum

1766 1130 2034 1193 spectant,
2075 1132 2196 1194 post
2235 1133 2516 1194 peceatum
2550 1125 2828 1189 exstitere,
2859 1133 2914 1179 et
2938 1133 3222 1194 propterea
3253 1123 3339 1178 lu-

1765 1224 1887 1269 ctus
1924 1221 1982 1268 et
2031 1214 2267 1284 gemitus
2317 1213 2594 1270 im—misIu-s
2637 1223 2720 1268 est
2761 1213 3335 1285 verbis.¢Usquequo,

1764 1303 2016 1372 Domine,
2039 1304 2382 1361 oblivisceris
2399 1305 2506 1361 mei
2534 1305 2588 1360 in
2614 1305 2814 1360 linem?
2842 1325 2861 1358 I
2887 1305 3342 1362 Procrastinatio—

1764 1411 1888 1451 nem
1926 1396 2117 1452 auxilii
2149 1396 2464 1451 oblivionem
2502 1396 2792 1467 appellavit
2823 1414 2837 1451 :
2873 1396 3124 1452 obsecrat
3154 1405 3338 1452 autem

1764 1504 1832 1544 ne
1865 1488 2226 1544 obliviscatur
2255 1489 2311 1544 in
2339 1489 2525 1554 linem,
2559 1490 2664 1544 hoc
2687 1500 2789 1555 est,
2817 1505 2886 1544 ne
2906 1491 3129 1544 omnino
3155 1489 3336 1544 divina

1764 1581 2101 1651 providentia
2131 1581 2483 1647 destituatur.
2519 1598 2537 1632 ι
2570 1579 2866 1651 Usquequo
2905 1581 3105 1636 avertis
3141 1580 3338 1635 faciem

1764 1683 1913 1730 tuam
1950 1689 1980 1729 a
2012 1675 2132 1730 me?
2172 1692 2191 1727 ι
2226 1673 2329 1728 Per
2366 1674 2740 1745 metaphoram
2779 1675 2848 1728 ah
2895 1674 2963 1729 iis
2995 1674 3088 1744 qui
3140 1690 3338 1730 excan-

1763 1763 2014 1830 descunt,
2043 1780 2245 1835 eosque
2275 1765 2370 1836 qui
2401 1765 2744 1820 offenderunt
2772 1764 2955 1819 videre
2999 1764 3211 1828 nolunt,
3244 1763 3338 1818 de-

1762 1867 2056 1927 sumptam,
2081 1857 2185 1913 hoc
2211 1857 2367 1913 dixit.
2389 1856 2514 1913 ideo
2547 1858 2706 1927 paulo
2734 1867 2857 1926 post
2879 1856 3010 1910 dicit
3039 1874 3056 1911 :
3089 1877 3107 1907 ι
3146 1855 3338 1925 Respi-

1763 1963 1826 2027 ce
1862 1947 1916 2003 in
1944 1963 2052 2014 me,
2077 1957 2132 2002 et
2156 1947 2416 2003 miserere
2458 1949 2585 2004 mei.
2626 1967 2644 1999 ι
2681 1946 2867 2020 Neque
2903 1947 3101 2002 faciem
3151 1957 3211 2002 ut
3255 1949 3338 2001 fa-

1760 2041 1898 2096 ciem
1935 2040 2208 2112 intelligit,
2240 2055 2419 2111 neque
2465 2042 2808 2095 aversionem
2845 2049 2904 2094 ut
2957 2040 3294 2095 aversionem
3319 2056 3350 2106 ;_

1761 2136 1855 2192 sed
1887 2136 1957 2190 ab
1988 2135 2246 2192 immanis
2274 2135 2443 2191 rebus
2483 2150 2676 2191 rursus
2711 2135 3012 2191 orationem
3047 2134 3267 2190 format.

1830 2407 1997 2462 Vens.
2048 2407 2104 2462 2.
2161 2426 2180 2459 ‹
2239 2404 2493 2472 Quandiu
2529 2421 2728 2476 ponam
2769 2403 2997 2460 consilia
3049 2404 3105 2459 in
3156 2405 3340 2459 anima

1762 2517 1902 2568 mea,
1936 2500 2182 2556 dolorem
2216 2500 2270 2554 in
2300 2499 2465 2555 corde
2495 2514 2614 2554 meo
2651 2514 2747 2569 per
2777 2497 2922 2553 diem
2953 2508 3007 2553 et
3032 2497 3288 2552 noctem?
3315 2518 3336 2550 ι

1761 2594 1968 2651 Noctes
1995 2594 2220 2664 diesque
2246 2608 2444 2658 vexor,
2499 2601 2553 2647 et
2605 2591 2966 2661 cogitationes
3007 2591 3228 2646 volvens
3275 2606 3339 2644 ac

1763 2689 2072 2754 revolvens,
2100 2687 2398 2757 aliquando
2438 2685 2658 2758 quidem
2693 2684 3084 2755 benignitatem
3109 2684 3340 2754 adipisci

1763 2797 1946 2850 spero,
1981 2779 2278 2850 aliquando
2314 2793 2448 2833 vero
2480 2777 2698 2846 ambigo
2748 2792 2815 2829 an
2852 2791 3079 2845 compos
3124 2772 3342 2830 futurus

1765 2874 1869 2930 sim
1900 2892 1914 2930 :
1944 2872 2222 2928 interdum
2267 2884 2399 2926 vero
2451 2869 2670 2941 penitus
2721 2869 2888 2939 678
2945 2868 3144 2938 abjicio
3191 2883 3340 2938 spem

1766 2966 2069 3022 meliorem.

1839 3057 2006 3113 Vens.
2038 3058 2096 3112 5.
2132 3075 2151 3110 ι
2195 3056 2496 3128 Usquequo
2525 3055 2852 3110 exaltabitnr
2885 3053 3144 3109 inimicus
3187 3067 3361 3106 meus.

1771 3168 1933 3222 super
1955 3152 2086 3207 me?
2125 3170 2144 3203 ι
2180 3150 2306 3206 llam
2334 3160 2388 3206 et
2424 3150 2581 3205 nobis
2607 3150 2697 3218 qui
2733 3165 2761 3202 a
2793 3148 3011 3204 diabolo
3059 3147 3202 3202 bello
3245 3161 3343 3216 pe-

1769 3246 1972 3310 timur,
2027 3244 2208 3300 dicere
2259 3244 2530 3304 convenit,
2588 3242 2937 3311 divinamque
2984 3255 3142 3310 opem
3198 3254 3343 3294 sem-

1766 3353 1864 3407 per
1891 3337 2207 3408 implorare.
2235 3335 2373 3391 Nam
2400 3347 2454 3392 ct
2482 3335 2701 3390 divinus
2740 3333 2908 3388 David
2944 3334 3130 3389 hostes
3152 3340 3344 3404 poten-

1770 3430 1936 3483 tiores
1963 3428 2150 3484 videns
2190 3428 2471 3483 maerebat.

1838 3519 2005 3576 Vens.
2043 3520 2098 3576 4.
2136 3541 2154 3573 ι
2192 3519 2446 3590 Respice,
2476 3528 2530 3574 et
2555 3518 2752 3574 exaudi
2798 3534 2905 3582 me,
2942 3517 3165 3573 Domine
3201 3517 3370 3573 Deus.

1769 3611 1846 3666 mi
1885 3629 1900 3666 :
1944 3610 2193 3666 illumina
2237 3611 2430 3666 oculos
2486 3624 2638 3664 meos
2665 3649 2681 3674 ,
2736 3623 2806 3663 ne
2856 3624 3096 3678 unquam
3145 3607 3344 3662 obdor-

1769 3703 1938 3758 miam
1964 3703 2020 3757 in
2051 3715 2250 3758 morte.
2292 3721 2310 3752 ι
2347 3700 2516 3757 Nocte
2543 3701 2918 3756 calamitatum
2951 3697 3343 3761 circumdatus,

1771 3799 1939 3855 veluti
1975 3799 2213 3868 quodam
2251 3810 2446 3852 somno
2467 3810 2704 3850 maerore
2727 3793 2992 3848 detineor.
3023 3791 3080 3845 Si
3105 3805 3234 3845 vero
3265 3790 3344 3844 tui

1773 3889 1965 3946 auxilii
2001 3889 2095 3944 lux
2131 3887 2417 3952 ell'ulserit,
2449 3896 2504 3940 et
2536 3885 2908 3940 calamitatum
2949 3891 3161 3936 noctem
3185 3880 3346 3934 dissi-

1778 3984 1970 4056 pabit,
2024 3989 2078 4038 et
2136 3980 2413 4036 maestitiae
2470 3994 2724 4034 somnum
2766 3976 3002 4032 sedabit.
3055 3972 3112 4029 Si
3167 3981 3347 4027 autem

1773 4091 1928 4146 opem
1959 4073 2200 4141 differas,
2243 4073 2407 4128 timeo
2433 4087 2503 4127 ne
2529 4073 2584 4126 in
2608 4078 2838 4126 mortem
2863 4084 3092 4125 somnus
3121 4066 3355 4132 incidat...

1775 4186 1896 4226 cum
1929 4167 2149 4224 tristitia
2178 4166 2452 4238 potentior
2480 4163 2914 4236 cogitationibus
2944 4161 3088 4218 facta
3121 4158 3306 4215 fuerit.

1846 4344 2011 4399 Vens.
2043 4345 2097 4400 5.
2129 4364 2146 4396 ‹
2188 4343 2265 4398 Ne
2295 4343 2518 4415 quando
2543 4341 2690 4397 dicat
2716 4338 2976 4399 inimicus
2997 4335 3345 4406 meus,Pra:-

150 4440 199 4495 Οἱ
226 4442 472 4510 θλίϐοντές
505 4463 575 4517 με
619 4445 1066 4516 ἀγαλλιάσονται,
1094 4446 1191 4501 ἐὰν
1224 4443 1490 4499 σαλευθῶ.
1531 4464 1553 4497 ι
1577 4445 1664 4515 Μή

1778 4437 1923 4493 valui
1953 4437 2216 4492 adversus
2231 4449 2380 4490 eum.
2406 4433 2511 4502 Qui
2537 4432 2806 4489 tribulant
2825 4447 2942 4500 .me,
2972 4428 3344 4493 exsultabant,

157 4548 207 4598 με
232 4539 325 4600 τοῖς
356 4515 677 4610 δυσμενέσιν
733 4539 1018 4609 ἀποφήνῃς
1069 4539 1362 4609 ἐπίχαρτον
1393 4554 1408 4571 ⁶
1454 4536 1664 4592 πάντων

1778 4533 1822 4586 si
1852 4544 2034 4586 metus
2065 4528 2241 4584 fuero.
2288 4546 2307 4579 ι
2339 4524 2419 4583 Ne
2450 4525 2688 4581 inimicis
2718 4525 3004 4580 ridiculum
3039 4537 3125 4577 me
3158 4528 3345 4575 osten-

155 4623 238 4694 γάρ
260 4644 337 4698 μοι
356 4633 458 4686 τῶν
489 4632 731 4703 ἀνιαρῶν
762 4631 1134 4702 ἁνιαρώτατον
1173 4633 1350 4685 τοῦτο.

210 4810 270 4867 ς’.
295 4824 312 4856 ε
357 4809 495 4879 Ἐγὼ
522 4810 578 4864 δὲ
606 4811 698 4864 ἐπὶ
716 4811 762 4843 ’³
791 4811 886 4881 τῷ.
912 4810 1052 4864 ἐλέει
1087 4829 1186 4865 σου
1212 4811 1439 4882 ἤλπισα.
1490 4828 1508 4861 ι
1565 4810 1677 4862 Καὶ

157 4890 360 4952 ἐντεῦθεν
386 4902 568 4972 δῆλον,
608 4903 684 4966 ὡς
719 4903 860 4973 μετὰ
911 4903 1010 4973 τὴν
1045 4904 1324 4974 ἁμαρτίαν
1364 4902 1552 4955 τοῦτον
1596 4901 1676 4954 εί-

162 4999 269 5056 ρηκε
292 4991 372 5046 τὸν
420 4996 656 5068 ψαλμόν.
712 4995 789 5048 Ού
819 4996 928 5068 γὰρ
971 4996 1308 5067 δικαιοσύνη,
1369 4995 1484 5049 ἀλλ’
1540 4994 1675 5064 ἐλέῳ

1777 4626 1896 4690 das,
1932 4624 2036 4679 hoc
2059 4622 2204 4678 enim
2236 4621 2374 4680 mihi
2400 4621 2648 4676 omnium
2684 4619 2929 4692 gravium
2960 4614 3349 4688 gravissimum

1778 4726 1882 4773 εει.

1854 4808 2017 4862 Vens.
2049 4808 2101 4863 6.
2146 4826 2178 4860 ι.
2202 4806 2315 4878 Ego
2344 4816 2523 4861 autem
2554 4806 2610 4860 in
2638 4802 3011 4859 misericordia
3043 4812 3136 4855 tua
3165 4817 3352 4870 spera-

1780 4901 1855 4953 vi.
1897 4919 1915 4952 ι
1946 4899 2015 4953 Et
2037 4899 2167 4953 hinc
2203 4898 2551 4955 manifestum
2595 4907 2678 4952 cst
2732 4911 2856 4951 eum
2899 4902 3021 4963 post
3064 4903 3348 4963 peccatum

1786 4992 1932 5047 hunc
1953 4990 2222 5061 psalmum
2255 4991 2480 5048 dixisse.
2523 4988 2812 5047 Noncnim
2849 4987 3097 5057 iustitiae,
3123 4985 3215 5040 sed
3262 4985 3354 5040 he-

1186 5216 1420 5276 VARLE
1460 5215 1844 5274 LECTIONES
1879 5218 1968 5278 ET
2019 5215 2250 5276 ΝΟΤΑΞ.

142 5361 157 5396 ⁸³
218 5365 523 5442 filium.
551 5372 676 5428 cod.
710 5372 938 5428 ὃεῖπεν.
1014 5374 1059 5407 ’⁸⁷
1091 5372 1208 5426 Τὸν
1242 5375 1510 5441 Ψαλμόν·
1545 5371 1664 5428 Des-

1799 5373 1920 5428 cod.
1957 5373 1980 5426 l
2025 5381 2079 5428 et
2114 5374 2168 5428 2.
2247 5371 2292 5404 ⁷⁸
2315 5373 2431 5428 Καὶ
2457 5373 2820 5442 παῤῥησίας.
2849 5371 2976 5429 Des.
3007 5369 3149 5442 apud
3188 5367 3351 5442 Cord.

394 5435 434 5475 ⁷⁵
462 5443 586 5498 Διά.
633 5445 758 5499 cod.
803 5446 827 5498 l
860 5459 1047 5512 prtem.
1082 5445 1198 5497 καί.
1228 5435 1408 5498 ὁοᾱ.ῖ⁷›
1434 5443 1520 5496 διά
1556 5461 1660 5496 τοι.

1779 5445 1799 5474 ⁰
1834 5443 1956 5497 cod.
1983 5443 2020 5496 2
2055 5453 2108 5498 et
2133 5444 2296 5499 Cord.
2334 5445 2372 5497 l.
2401 5460 2450 5498 c.
2487 5435 2796 5513 κλαυθμοὺς
2845 5445 2939 5497 καὶ
2990 5435 3352 5513 στεναγμούς.

168 5507 200 5582 ξ’
221 5505 330 5573 Τὸν.
352 5530 462 5567 κ.τ.
494 5515 546 5568 λ.
575 5513 631 5568 In
668 5515 789 5570 cod.
820 5505 968 5568 Flor.
992 5515 1100 5568 alia.
1129 5515 1322 5567 horum
1357 5514 1475 5568 loco
1507 5514 1783 5581 leguntur,
1811 5529 2006 5582 parum
2034 5514 2249 5569 diversa
2279 5515 2349 5568 ab
2383 5515 2494 5568 illis
2521 5529 2644 5582 quae
2664 5505 2859 5568 deinde
2891 5514 2958 5567 ad
2985 5529 3037 5567 v.
3062 5511 3098 5564 2
3121 5505 3357 5582 sequun-

171 5580 254 5656 ξξιτο
303 5582 489 5656 _"cod.
519 5586 554 5638 5
584 5585 1031 5656 ἐπιλησμοσύνην
1075 5584 1379 5656 ὠνόμασεν.
1426 5653 1437 5656 _
1475 5583 1520 5656 εξ
1563 5579 2003 5656 Ὀρτιζᾳὶένῳν.
2038 5585 2158 5639 cod.
2185 5585 2222 5638 2
2254 5579 2692 5656 ἀγωνιζομένων.
2789 5583 2838 5656 ‘f
2877 5579 3354 5656 Q'ﬁtsjﬁqror.

171 5638 270 5717 lies.
301 5649 346 5704 in
373 5655 486 5708 cod.
511 5656 564 5708 5.
639 5656 683 5686 ⁸⁵
717 5638 838 5709 coll.
865 5655 902 5707 2
940 5638 1158 5717 νύκτάς.

1263 5654 1311 5685 ⁸⁸
1340 5653 1461 5709 cod.
1492 5654 1528 5706 2
1559 5647 1664 5708 ἀπο

1779 5647 1997 5708 σασθαι.
2029 5656 2150 5710 cod.
2188 5656 2223 5709 5
2249 5647 2581 5708 ἀπολαῦσαι.
2655 5655 2701 5686 ⁸⁷
2732 5655 2853 5710 cod.
2892 5655 2927 5708 ξ).
2953 5665 3010 5710 ει
3035 5653 3069 5707 5
3095 5647 3353 5714 ἐλπίζων.

171 5708 557 5803 ἵηάμεοςεάλέῳ
590 5755 658 5803 -τ
696 5708 916 5803 cum
953 5724 1046 5803 δέ..
1083 5708 1216 5803 lies.
1257 5724 1310 5779 in
1343 5708 1464 5803 cod.
1504 5725 1558 5778 α.
1621 5725 1664 5803 ,ε

1778 5725 1850 5780 Μ.
1891 5725 1927 5777 2
1952 5708 2469 5803 0§io;.ﬁ_-°‘f_‘_Ta_ﬁra
2493 5755 2586 5803 -λ
2605 5708 2788 5803 opai.
2809 5708 2936 5782 llaec
2958 5708 3014 5780 in
3048 5711 3173 5781 cod.
3204 5708 3370 5775 Flor..

173 5785 431 5848 tribuuntur
462 5793 750 5853 Theodoro
778 5795 1041 5851 Antioch.
1107 5797 1147 5828 "
1179 5794 1505 5866 λογισμῶν.
1534 5795 1655 5852 cod.

1778 5785 2092 5866 ’.υμφορῶιμί
2146 5798 2191 5830 ⁰²
2220 5798 2371 5851 Ἐπί.
2407 5795 2529 5852 cod.
2554 5795 2590 5848 2
2618 5785 2696 5854 ὦ).
