3850 6530
435 351 531 417 M7

1451 351 1936 413 THEODORETI
1970 353 2310 415 EPISCOPI
2338 355 2705 416 CYBENSIS

3593 356 3693 421 948

447 467 700 541 nignitati
737 470 983 551 conlidit,
1013 485 1180 539 seque
1212 469 1264 522 in
1313 483 1375 523 ca
1404 483 1556 539 spem
1588 483 1806 523 omnem
1860 482 2019 537 repo-

2128 472 2346 540 Θαρῤεῖ,
2401 471 2495 525 καὶ
2535 470 2711 542 τούτῳ
2735 468 3051 524 πεποιθέναι
3109 470 3293 541 φησίν.
3327 487 3348 522 ι
3404 470 3701 537 ’Δγαλλιά-

450 563 628 619 suisse
674 563 853 619 dicit:
894 583 913 615 ι
969 562 1314 617 Exsultabit'
1346 576 1443 616 cor
1469 576 1649 615 meum
1695 560 1749 614 in
1794 559 2019 615 salutari

452 664 568 709 tuo.
630 675 650 706 ι
682 654 840 711 Nunc
870 655 1085 725 quidem
1121 670 1272 725 spem
1304 654 1358 707 in
1391 651 1769 706 misericordia
1808 651 2016 718 habeo;

450 748 645 803 salutis
674 764 803 803 vero
833 764 1059 819 compos
1085 747 1276 811 factus,
1304 756 1358 800 et
1387 761 1417 798 a
1442 759 1679 800 maerore
1720 743 2021 810 discedam,

380 822 381 825 η
451 848 661 895 etcum
691 841 842 895 omni
872 839 1041 895 animi
1085 837 1447 893 delectatione
1479 836 1714 907 hymnos
1755 836 2019 891 recitabo.

450 928 566 986 IIoc
584 931 727 987 enim
751 930 1066 1002 subjunxit:
1094 948 1113 982 ι
1136 928 1379 985 Cantabo
1398 928 1647 992 Domino,
1671 928 1763 998 qui
1780 929 1923 983 bona
1940 943 2023 983 re-

450 1024 642 1080 tribuit
658 1025 814 1090 mihi,
837 1034 891 1080 et
913 1024 1137 1096 psallam
1157 1024 1364 1079 nomini
1386 1022 1600 1078 Domini
1622 1023 1790 1094 679
1819 1022 2024 1078 altissi-

450 1117 550 1171 mi.
591 1136 609 1168 ›
661 1116 774 1172 Etsi
811 1117 955 1173 enim
991 1117 1432 1188 inexplicabilem
1459 1126 1610 1172 tuam
1641 1117 1835 1187 ignoro
1863 1126 2022 1170 natu-

451 1222 593 1270 ram,
625 1215 803 1263 tamen
834 1208 970 1263 mihi
993 1223 1192 1263 nomen
1216 1216 1368 1262 tuum
1399 1206 1596 1263 sulIicit
1623 1210 1690 1261 ad
1732 1208 2022 1263 colendum

452 1308 507 1350 et
533 1298 958 1365 decantandum,
1009 1315 1281 1370 omneque
1300 1300 1510 1370 justum
1552 1297 1815 1353 auxilium
1844 1306 2026 1367 postu-

451 1389 696 1446 landum.
721 1390 897 1447 Credo
920 1392 1063 1447 enim
1087 1408 1174 1447 me
1203 1399 1628 1447 consecuturum
1648 1405 1792 1456 esse,
1813 1389 2025 1446 etiamsi

451 1484 557 1541 hoc
582 1487 759 1542 solum
792 1488 1136 1545 invocavero.

870 1599 1144 1655 INTERP.
1176 1597 1430 1653 PSALMI
1456 1599 1595 1654 XIII.

525 1709 691 1767 Vens.
720 1712 774 1766 ί.
813 1731 831 1764 ι
858 1712 916 1768 In
948 1713 1138 1780 ﬁnem,
1168 1713 1418 1770 Psalmus
1448 1714 1661 1769 Davidi.
1690 1734 1708 1766 ι
1742 1714 1915 1769 Etiam
1941 1715 2027 1771 hic

2124 581 2279 616 σεται
2307 566 2339 633 ἠ
2367 563 2564 633 καρδία
2593 581 2694 633 μου
2726 565 2819 617 ἐπὶ
2850 564 2931 636 τῷ
2956 564 3209 635 σωτηρίῳ
3236 582 3352 618 σου.
3399 584 3420 616 ι
3460 562 3581 616 Νῦν
3605 563 3705 633 μὲν

2122 656 2222 721 τὰς
2251 656 2475 720 ἐλπίδας
2504 658 2585 719 είς
2614 657 2705 709 τὸν
2753 658 2902 711 ἔλεον
2957 658 3103 728 ἔχω’
3169 659 3266 727 τῆς
3306 657 3367 711 δὲ
3420 657 3707 727 σωτηρίας

2123 752 2463 815 ἀπολαύσας,
2499 752 2596 805 καὶ
2646 752 2747 822 τῆς
2792 751 3034 822 ἀθυμίας
3067 752 3573 823 ἀπαλλαγήσομαι,
3615 751 3709 801 καὶ

2128 844 2267 916 μετά
2325 843 2600 915 θυμηδίας
2644 843 2866 915 ἀπάσης
2914 843 3015 914 τὴν
3056 843 3329 913 ὑμνῳδίαν
3375 843 3705 910 ποιήσομαι.

2124 936 2298 992 Τοῦτο
2313 939 2422 1009 γὰρ
2459 939 2765 1008 ἐπήγαγεν·
2799 956 2817 989 ι
2857 936 3010 1008 ᾊσω
3040 937 3119 1007 τῷ
3145 936 3337 1008 Κυρίῳ
3365 935 3448 1004 τῷ
3475 936 3707 1003 εὐεργε-

2124 1030 2352 1101 τήσαντί
2405 1046 2496 1100 με,
2557 1029 2653 1083 καὶ
2694 1028 2852 1098 ψαλῶ
2902 1027 2981 1097 τῷ
3037 1027 3261 1099 ὀνόματι
3318 1026 3533 1095 Κυρίου
3613 1024 3704 1075 τοῦ

2126 1123 2433 1193 ὑψίστουη.
2466 1143 2485 1175 ι
2515 1122 2577 1176 Εἰ
2613 1123 2720 1194 γὰρ
2749 1122 2845 1175 καὶ
2872 1121 2970 1193 τὴν
2992 1120 3231 1194 ἄρρητον
3262 1120 3365 1173 οὐκ
3394 1117 3706 1186 ἐπίσταμαι

2127 1216 2312 1286 φύσιν,
2356 1215 2475 1269 ἀλλ’
2535 1211 2628 1269 οὖν
2675 1214 2891 1284 ἀπόχρη
2950 1229 3040 1283 μοι
3087 1212 3151 1264 τὸ
3187 1209 3360 1280 ὄνομὰ
3402 1225 3505 1262 σου
3524 1209 3612 1271 είς
3650 1208 3709 1260 τὸ

2128 1310 2459 1383 προσκυνεῖν
2487 1309 2580 1363 καὶ
2634 1309 2848 1378 ὑμνεῖν,
2906 1306 3000 1360 xa‘t
3020 1306 3205 1359 πᾶσαν
3241 1302 3463 1357 δικαίαν
3483 1304 3711 1355 ἐπικου-

2131 1403 2256 1475 ρίαν
2283 1405 2474 1458 αίτεῖν.
2537 1402 2783 1455 Πιστεύω
2828 1399 2938 1471 γὰρ
2982 1398 3058 1463 ὡς
3096 1396 3358 1469 τεύξομαι
3398 1396 3501 1450 καὶ
3546 1393 3711 1448 τοῦτο

2131 1494 2292 1563 μόνον
2319 1490 2501 1545 καλῶν
2513 1491 2579 1545 ³⁸.

2444 1603 2704 1658 EPMHN.
2748 1602 2886 1656 ΤΟΥ
2927 1601 3005 1656 II"
3045 1601 3369 1656 ΨΑΛΜΘΥ.

2204 1726 2276 1780 α’.
2318 1742 2335 1775 ι
2376 1724 2470 1788 Είς
2495 1723 2557 1776 τὸ
2586 1720 2758 1786 τέλος,
2781 1720 2996 1791 ψαλμὸς
3032 1719 3110 1790 τῷ
3138 1719 3318 1774 Δαϐίδ.
3352 1736 3371 1770 ι
3404 1718 3521 1771 Καὶ
3546 1708 3709 1776 οὗτος

448 1805 696 1873 psalmus
718 1807 774 1859 in
792 1808 952 1876 ﬁnem
985 1824 1085 1863 nos
1116 1808 1460 1871 transmittit,
1492 1807 1753 1878 quoniam
1785 1808 1854 1863 de
1876 1807 2021 1864 futu-

2130 1820 2278 1891 ἡμᾶς
2290 1819 2336 1851 9⁵
2351 1818 2379 1870 6
2398 1815 2611 1887 ψαλμὸς
2624 1816 2703 1878 είς
2722 1814 2781 1867 τὸ
2797 1816 2950 1878 τέλος
2965 1811 3345 1882 παραπέμπει,
3367 1808 3567 1878 ἐπειδὴ
3581 1810 3710 1876 περὶ

447 1900 527 1953 ris
556 1899 821 1969 praedicit.
871 1901 1271 1971 Argumentum
1304 1909 1487 1955 autem
1520 1909 1605 1956 est
1632 1902 1757 1956 hoc.
1818 1902 2028 1982 Senna:

447 1991 639 2047 cherib
678 1993 1029 2064 Assyriorum
1062 2010 1153 2050 rex
1180 1995 1473 2065 aliquando
1491 1992 1735 2049 Judaeam
1772 1994 1916 2050 bello
1940 1995 2027 2049 in-

447 2087 690 2154 festavit,
750 2090 1060 2160 multasque
1128 2091 1376 2147 civitates
1422 2091 1585 2161 cepit,
1648 2091 1748 2146 has
1804 2091 2024 2161 quidem

446 2181 721 2251 pactione,
757 2182 855 2237 has
881 2197 1012 2236 vero
1068 2183 1404 2238 obsidione:
1468 2198 1698 2253 sperans
1754 2200 1920 2254 porro
1973 2198 2027 2240 et

446 2269 823 2344 Hierosolyma
851 2274 1033 2343 potiri,
1068 2274 1218 2329 misit
1264 2273 1547 2344 llapsacen
1605 2274 1672 2328 ad
1708 2274 2020 2340 Ezechiam,

447 2363 541 2434 qui
575 2372 703 2417 tunc
732 2363 991 2434 temporis
1045 2361 1249 2419 Iudaeis
1308 2363 1631 2433 imperabat,
1690 2366 2025 2419 exsecratio-

447 2454 612 2509 nibus
644 2457 1101 2528 sermonibusque
1122 2457 1302 2528 impiis
1333 2467 1527 2513 contra
1556 2456 1727 2513 Deum
1757 2465 2021 2512 utentem.

453 2566 472 2598 ι
510 2547 680 2603 Dicite
709 2549 1091 2614 enim,aiebat,
1113 2550 1359 2605 Ezechiae
1385 2570 1398 2604 :
1430 2549 1509 2606 Ne
1540 2560 1591 2606 te
1619 2550 1859 2621 decipiat
1882 2551 2024 2607 Dens

448 2649 599 2702 tuus,
630 2639 718 2694 cui
747 2649 802 2694 tu
836 2641 951 2711 ipse
975 2643 1206 2697 conlidis
1261 2642 1380 2698 fore
1424 2653 1483 2698 ut
1512 2644 1708 2700 liberet
1762 2646 2023 2701 Hieroso-

449 2731 648 2799 lymam
683 2748 714 2787 e
746 2749 905 2789 manu
952 2750 1095 2789 mea.
1133 2735 1235 2791 Ubi
1262 2745 1346 2792 est
1398 2737 1536 2792 deus
1581 2737 1774 2793 Emath
1809 2748 1864 2794 et
1920 2740 2021 2793 Ar-

444 2821 715 2890 phad?et
756 2826 846 2878 ubi
902 2836 988 2881 est
1018 2828 1154 2884 deus
1211 2829 1450 2884 civitatis
1507 2830 1840 2901 Sepharim?
1891 2849 2022 2888 num

444 2922 740 2981 potuerunt
797 2916 1029 2971 liberare
1081 2935 1113 2974 e
1160 2935 1323 2974 manu
1400 2936 1519 2977 mea
1564 2965 1578 2987 ,
1644 2935 1701 2977 ut
1759 2923 2024 2981 Dominus

444 3001 870 3076 Hierosolymam
926 3024 957 3063 e
1008 3026 1172 3066 manu
1246 3026 1364 3065 mea
1412 3014 1606 3083 eripiat
1658 3012 1782 3069 i?»
1821 3014 2022 3071 Verum

446 3096 563 3151 hanc
590 3098 811 3169 quidem
847 3100 957 3155 ille.
990 3102 1255 3159 Ezechias
1290 3119 1420 3159 vero
1448 3122 1707 3177 magnum
1725 3109 1847 3178 ejus
1875 3125 2027 3165 exer.

2143 1909 2444 1981 μελλόντων
2466 1909 2514 1939 ’⁸
2542 1904 2929 1978 προαγορεύει.
2974 1904 3038 1957 Ἦ
3088 1904 3146 1957 δὲ
3192 1902 3451 1966 ὑπόθεσίς
3496 1897 3710 1953 ἑστιν⁹τ

2132 2000 2296 2073 αὕτη.
2341 2000 2771 2071 Ἐπεστρὰτεύσε
2800 1997 3177 2068 Σενναχηρεὶμ
3198 1996 3306 2049 τῶν
3344 1994 3661 2066 Ἀσσυρίων
3680 1995 3711 2046 ὁ

2134 2093 2396 2166 βασιλεὺς
2422 2095 2489 2163 τῇ
2546 2091 2773 2162 Ἰουδαίᾳ
2794 2090 2945 2155 ποτὲ,
2983 2090 3078 2142 καὶ
3102 2088 3304 2151 πολλὰς
3333 2087 3523 2149 πόλεις
3562 2079 3705 2149 εἷλε,

2124 2189 2223 2251 τὰς
2248 2186 2347 2257 μὲν
2368 2185 2651 2257 ὁμολογίᾳ,
2680 2184 2780 2248 τὰς
2800 2185 2855 2238 δὲ
2877 2182 3183 2254 πολιορκίᾳ.
3219 2181 3481 2243 Ἐλπίσας
3514 2179 3574 2233 δὲ
3614 2180 3707 2232 καὶ

2124 2279 2229 2350 τῆς
2269 2277 2630 2350 Ἰερουσαλὴμ
2668 2275 3047 2349 περιέσεσθαι,
3082 2274 3371 2329 ἀπέστειλε
3414 2274 3708 2344 Ῥαψάκην

2126 2371 2264 2442 πρὸς
2328 2369 2579 2434 Ἐζεκίαν
2619 2370 2665 2402 9⁸
2720 2369 2811 2422 τὸν
2865 2367 3172 2438 τηνικαῦτα
3218 2363 3530 2438 κρατοῦντα
3595 2364 3707 2417 τῶν

2137 2462 2408 2517 Ἰουδαίων
2425 2463 2492 2529 ⁹⁹,
2520 2460 2865 2532 βλασφήμοις
2900 2458 3042 2513 κατὰ
3070 2458 3164 2513 τοῦ
3193 2458 3329 2513 Θεοῦ
3366 2458 3462 2511 καὶ
3508 2458 3703 2510 δυσσε-

2125 2555 2245 2608 ϐέσι
2274 2554 2557 2626 χρώμενον
2582 2556 2597 2585 ί
2625 2554 2825 2623 λόγοις.
2852 2572 2871 2605 ι
2896 2553 3101 2607 Εἴπατε
3132 2552 3264 2625 γὰρ,
3292 2552 3505 2622 ἔλεγεν,
3545 2552 3701 2615 Ἐζε-

2125 2648 2239 2720 κίᾳ⁶
2278 2649 2369 2718 Μή
2405 2665 2465 2701 σε
2498 2648 2765 2703 ἀπατάτω
2794 2651 2823 2702 ὁ
2863 2648 3000 2712 Θεὸς
3036 2665 3153 2714 σου,
3196 2648 3281 2717 ἐφ’
3404 2647 3472 2699 σὺ
3504 2647 3699 2699 πέποι-

2126 2738 2227 2802 Θας
2253 2739 2342 2791 ἐπ’
2381 2739 2555 2809 αὐτῷ,
2585 2740 2667 2794 ὅτι
2700 2739 2923 2812 ῥύσεται
2955 2740 3054 2812 τὴν
3106 2740 3466 2812 Ἰερουσαλὴμ.
3497 2743 3564 2793 ἐκ
3590 2758 3702 2810 χει-

2128 2834 2219 2903 ρός
2245 2851 2370 2903 μου.
2414 2833 2524 2887 Ποῦ
2558 2835 2586 2887 6
2634 2833 2754 2898 Θεὸς
2787 2834 2958 2904 ἘμὰΘ
2991 2834 3087 2888 καὶ
3145 2834 3391 2906 Ἀρςράδ;
3431 2835 3546 2886 Καὶ
3597 2832 3699 2885 ποῖ.

2122 2925 2152 2976 6
2197 2924 2320 2987 Θεὸς
2377 2925 2480 2995 τῆς
2553 2925 2764 2989 πόλεως
2818 2925 3138 2997 Σεφαρείμ;
3223 2926 3298 2997 μὴ
3354 2924 3699 2995 ἠδυνήθησαν

2127 3016 2400 3088 ῥύσασθαι
2431 3020 2496 3071 ἐκ
2524 3018 2707 3090 χειρός
2730 3020 2751 3049 ²
2797 3035 2923 3090 μου,
2967 3019 3049 3072 ὅτι
3099 3017 3329 3089 ῥύσεται
3364 3016 3575 3088 Κύριος
3605 3017 3702 3086 τήν

2137 3109 2497 3182 Ἰερουσαλὴμ
2539 3112 2603 3164 ὲκ
2658 3112 2842 3182 χειρός
2899 3128 3037 3182 μου;
3087 3131 3105 3162 ›
3165 3110 3306 3164 Ἀλλ’
3340 3113 3552 3173 ἐκεῖνος
3603 3111 3700 3178 μὲν

412 3268 413 3271 η
446 3189 616 3243 citum
651 3199 706 3245 et
749 3192 976 3248 insanos
1009 3209 1295 3251 sermones
1329 3196 1657 3266 despiciens,
1694 3200 2021 3270 propriaque

2128 3201 2322 3256 ταῦτα.
2363 3202 2424 3256 '0
2477 3203 2534 3256 δὲ
2593 3203 2868 3269 Ἐζεκίας,
2915 3204 3011 3256 καὶ
3047 3203 3146 3273 τῆς
3202 3202 3469 3274 μεγίστης
3536 3201 3696 3254 αύτοῦ

450 3287 609 3336 utens
645 3281 868 3352 pietate,
893 3284 1136 3341 divinam
1166 3287 1479 3359 imploravit
1508 3304 1688 3361 opem,
1746 3302 1800 3348 et
1835 3294 2022 3349 statim

411 3446 416 3460 δ
447 3372 593 3429 hanc
622 3389 954 3432 consecutus
984 3388 1087 3434 est.
1112 3378 1248 3434 Nam
1273 3381 1642 3453 justusjudex
1671 3394 1726 3439 et
1755 3386 1901 3442 illius
1927 3389 2025 3441 im-

444 3466 707 3538 pietatem
734 3480 1074 3538 exsecratus,
1096 3482 1149 3527 et
1182 3473 1339 3530 istius
1378 3475 1635 3547 pietatem
1692 3479 1859 3555 680
1904 3496 2025 3535 am-

448 3554 663 3623 plexus,
693 3574 789 3627 per
820 3577 989 3616 unum
1026 3563 1277 3634 angelum
1307 3575 1526 3621 centum
1558 3554 1833 3640 octoginta
1862 3572 2025 3641 quin-

447 3664 556 3718 que
609 3650 773 3706 millia
802 3652 1149 3729 Assyriorum
1182 3658 1431 3727 perdidit,
1463 3660 1601 3716 alios
1659 3677 1789 3718 vero
1843 3663 1900 3719 in
1932 3665 2021 3720 l'u-

413 3755 416 3761 ‘
448 3756 572 3814 gam
602 3746 893 3810 convertit,
924 3755 1090 3817 atque
1120 3748 1456 3820 inopinatam
1490 3753 1721 3809 salutem
1780 3756 2022 3817 obsessis

412 3835 683 3903 praebuit
715 3855 729 3891 :
767 3855 785 3888 ι
821 3835 968 3892 Dixit
1006 3840 1273 3911 insipiens
1308 3844 1362 3898 in
1395 3845 1561 3900 corde
1611 3861 1712 3903 suo
1744 3865 1757 3900 :
1788 3846 1907 3907 Non
1940 3859 2025 3905 est

412 3924 612 3985 incus.
661 3949 679 3982 ι
718 3929 1016 3991 Exordium
1050 3935 1247 4004 psalmi
1299 3939 1648 3999 sermonibus
1704 3940 2022 3999 Sennacbe-

445 4021 533 4081 rib
556 4031 610 4078 et
654 4022 918 4094 Rapsacis
949 4026 1105 4081 valde
1159 4032 1430 4098 congruit.
1491 4030 1595 4103 [Illi
1648 4033 1817 4100 enim,
1863 4038 2021 4106 quasi

410 4112 593 4196 chus
629 4131 734 4171 non
782 4127 930 4173 esset
985 4119 1238 4183 defensor
1281 4120 1503 4188 Iuda-ae,
1564 4126 1850 4196 deceptum
1901 4143 2022 4183 esse

445 4206 668 4262 aiebant
698 4207 1007 4264 Ezechiam.
1045 4213 1214 4267 Erant
1253 4224 1434 4269 autem
1497 4232 1688 4271 eorum
1746 4220 1840 4289 qui
1898 4236 2017 4275 cum

446 4297 857 4356 Sennacheribo
887 4303 1215 4369 militabant,
1244 4306 1423 4361 studia
1441 4320 1718 4379 corrupta,
1756 4312 2019 4367 nimirum

442 4390 555 4446 vita
586 4406 651 4447 ac
687 4407 892 4459 mores,
926 4403 1078 4456 utne
1108 4398 1193 4452 vel
1230 4415 1399 4459 unum
1427 4401 1646 4471 quidem
1700 4403 1843 4458 inter
1898 4405 2018 4459 illos

445 4481 593 4539 Deus
624 4485 903 4555 reperiret,
934 4488 1029 4558 qui
1059 4489 1313 4546 virtutem
1356 4493 1577 4551 coleret.
1624 4494 1817 4551 Omnia
1874 4498 2016 4551 enim

448 4576 503 4631 in
538 4578 865 4646 pravitatem
904 4580 1332 4638 declinaverant.
1365 4585 1507 4652 Quid
1536 4589 1706 4643 vero?
1733 4587 1923 4645 Nonne
1948 4606 2016 4645 ex

444 4670 563 4740 ipso
590 4686 774 4727 rerum
806 4684 1004 4730 eventu
1031 4689 1365 4747 cognoscent
1390 4680 1487 4736 Dei
1546 4683 1870 4752 potentiam.
1921 4686 2013 4755 qui

396 4764 403 4785 ³
442 4764 742 4821 absumunt
770 4766 982 4838 plebem
1013 4770 1134 4840 ejus
1166 4772 1305 4828 sicut
1334 4790 1516 4835 escam
1543 4776 1721 4845 panis,
1751 4788 1805 4831 et
1853 4779 2018 4833 devo-

441 4858 610 4913 rant?
654 4859 797 4918 Sane
849 4856 1180 4933 cogrioscent
1228 4883 1419 4925 nunties
1474 4886 1538 4929 ex
1588 4870 1844 4939 operibus
1890 4888 2014 4926 eum

513 5064 529 5104 ι
574 5051 641 5109 IV
670 5055 801 5128 Reg.
838 5076 993 5126 xvm,
1024 5061 1093 5118 99
1123 5078 1272 5133 seqq.

2127 3294 2441 3367 στρατείας,
2479 3295 2703 3366 καὶτῆς
2745 3295 2853 3348 τῶν
2885 3296 3061 3363 λόγων
3102 3296 3304 3366 μανίας
3350 3295 3696 3367 καταίρῃ-νὴ-

2126 3407 2247 3453 σας,
2288 3392 2356 3460 τῇ
2394 3390 2575 3461 οἰκείᾳ
2605 3390 2889 3461 χρώμενος
2931 3390 3209 3461 εὐσεϐείᾳ.
3264 3389 3367 3461 τὴν
3408 3389 3566 3441 Θείαν
3602 3391 3695 3442 ἐπι

2130 3481 2435 3536 εκαλὲσατο
2466 3484 2808 3554 συμμαχίαν,
2859 3483 2955 3536 καὶ
2990 3482 3307 3552 παραυτίκα
3353 3482 3565 3551 ταύτης
3595 3483 3694 3535 ἀπ-

2125 3575 2380 3647 ήλαυσεν.
2398 3576 2457 3628 ’0
2478 3575 2588 3647 γὰρ
2604 3576 2817 3638 δίκαιος
2844 3575 3036 3646 κριτὴς
3054 3575 3310 3628 κάκείνου
3329 3573 3427 3645 τὴν
3450 3573 3697 3627 ἀσέϐειαν

2127 3667 2541 3738 βδελυξάμενος,
2579 3670 2672 3721 καὶ
2726 3668 2918 3721 τούτου
2952 3667 3051 3738 τὴν
3105 3667 3393 3720 εὐσέϐειαν
3437 3666 3694 3730 (imii-

2130 3778 2312 3833 μενος,
2352 3761 2420 3814 δι’
2454 3762 2571 3825 ἑνὸς
2621 3761 2856 3830 ἀγγέλου
2911 3761 3107 3814 ἑκατὸν
3164 3761 3501 3831 ὀγδοήκοντα
3540 3762 3692 3813 πέντε

2124 3855 2366 3928 χιλιάδας
2420 3856 2528 3908 τῶν
2593 3856 2892 3926 Ἀσσυρίων
2951 3856 3169 3909 ἀνεῖλεο
3224 3857 3350 3920 τοὺς
3403 3855 3460 3908 δὲ
3511 3856 3690 3918 ἄλλους

2124 3948 2351 4020 ἔτρεψεν
2374 3951 2456 4013 είς
2500 3950 2701 4022 φυγὴν,
2754 3950 2851 4003 καὶ
2900 3952 3014 4013 τοῖς
3071 3949 3559 4020 πολιορκουμένοις
3602 3949 3687 4019 τὴν

2124 4042 2426 4113 παράδοξον
2457 4044 2733 4113 σωτηρίαν
2767 4042 3082 4113 ὲπόρισεν³.
3140 4062 3158 4093 ι
3195 4037 3366 4095 Εἶπεν
3414 4043 3603 4113 ἄφρων
3636 4044 3685 4094 ἐν

2124 4138 2323 4217 καρδίᾳ
2354 4135 2543 4190 αὐτοῦ’
2576 4136 2690 4189 Ούκ
2741 4134 2858 4189 ἐστι
2906 4135 3060 4200 Θεός.
3106 4155 3124 4188 ›
3195 4135 3411 4207 Σφόδρα
3460 4137 3571 4200 τοῖς
3600 4134 3681 4187 τοῦ

2124 4231 2501 4301 Σενναχηρεὶμ
2521 4228 2736 4283 καὶτοῦ
2770 4228 3049 4298 Ῥαψὰκου
3078 4228 3261 4300 λόγοις
3292 4227 3580 4298 συμϐαίνει
3602 4226 3683 4279 τοῦ

2122 4319 2339 4391 ψαλμοῦ
2379 4320 2439 4373 τὸ
2471 4320 2778 4393 προοίμιον.
2811 4317 2875 4391 [⁸
2926 4320 3152 4373 Ἐκεῖνοι
3192 4320 3299 4391 γὰρ
3330 4319 3405 4382 ὡς
3435 4320 3512 4389 μὴ
3549 4318 3683 4378 tino;

2122 4413 2216 4469 τοῦ
2244 4412 2379 4466 Θεοῦ
2438 4413 2848 4485 προῖσταμένου
2902 4413 3002 4483 τῆς
3052 4412 3339 4478 Ἰουδαίας,
3386 4410 3682 4465 ἀπατᾶσθαι

2125 4506 2310 4575 ἔλεγον
2343 4508 2433 4559 τὸν
2475 4505 2742 4575 Ἐζεχίαν.
2773 4502 2885 4558 Ἤν
2926 4506 2985 4559 δὲ
3016 4507 3130 4569 τοῖς
3186 4506 3333 4575 ἀμφὶ
3365 4505 3461 4558 τὸν
3495 4505 3681 4569 Σεναγ-

2125 4600 2327 4671 χηρεὶμ
2360 4601 2454 4652 καὶ
2480 4597 2549 4654 τὰ
2592 4598 3004 4669 ἐπιτηδεύματα
3036 4598 3440 4670 διεφθαρμένα,
3472 4598 3630 4668 ἤγουν
3657 4598 3681 4647 ὁ

2127 4694 2240 4764 βίος
2273 4693 2368 4747 καὶ
2422 4694 2455 4763 ἡ
2507 4692 2776 4757 πολιτεία,
2811 4694 2888 4756 ὡς
2918 4692 3055 4762 μηδὲ
3099 4692 3192 4747 τὸν
3248 4692 3384 4745 Θεὸν
3427 4693 3604 4762 εὑρεῖν
3630 4691 3678 4740 ἐν

2125 4787 2311 4852 αὐτοῖς
2333 4785 2430 4837 ἕνα
2468 4785 2597 4853 γοῦν
2625 4784 2726 4853 τῆς
2774 4785 2978 4855 ἀρετῆς
3011 4782 3471 4853 ἐπιμελούμενον.
3512 4782 3677 4835 Πάντα

2126 4877 2234 4949 γὰρ
2290 4879 2371 4942 είς
2424 4877 2738 4947 φαυλότητα
2777 4876 3076 4944 ἐξέκλιναν.
3127 4876 3193 4928 Τί
3220 4876 3321 4945 65';
3363 4876 3479 4928 Οὐκ
3514 4873 3677 4945 ἔργοις

1577 5269 1809 5325 unus
1847 5238 2350 5331 LEGTIUNESET
2385 5274 2615 5332 norm.

511 5386 559 5418 ’³
589 5382 791 5439 Kul—
821 5384 1107 5507 uia-Zarat).
1153 5385 1275 5441 ﬂare
1320 5390 1537 5443 nonnisi
1582 5389 1633 5441 in
1677 5392 1868 5458 paucis
1901 5392 2054 5449 libris
2082 5396 2355 5451 veteribus
2393 5395 2680 5462 subjuncla
2721 5396 2963 5461 fuerunt,
3007 5407 3066 5451 ut
3094 5412 3124 5449 e
3168 5396 3383 5452 scholio
3411 5396 3668 5452 videmus.

511 5455 584 5507 10d
619 5456 673 5507 in
700 5456 827 5507 BdIl.
884 5456 1025 5507 tom.
1052 5456 1117 5507 ad
1142 5457 1291 5507 hunc
1315 5459 1493 5507 locum
1528 5461 1634 5507 τῶν
1659 5466 1716 5507 0'
1739 5463 2006 5507 allienlnm
2031 5475 2113 5507 ρει
2165 5466 2307 5507 Idam
2344 5468 2589 5507 colinlinn
2621 5468 2671 5507 in
2706 5470 2805 5507 onal
2873 5478 3062 5507 nnulrn
3097 5469 3131 5507 Χ
3160 5478 3332 5507 ovum
3392 5469 3477 5507 nhi
3509 5478 3668 5507 ιειιιινη

441 5455 584 5525 quod
619 5456 673 5508 in
700 5456 827 5510 edit.

914 5470 1025 5531 o_m.
1048 5456 1117 5531 ad
1142 5457 1494 5531 hunc_locum
1528 5461 1634 5531 τῶν
1659 5456 1716 5513 0'
1739 5463 2007 5531 adjectum
2031 5475 2132 5521 est.
2163 5466 2307 5521 Idem
2344 5456 2592 5521 scholion
2619 5468 2671 5521 in
2706 5470 2829 5522 cod.
2871 5456 3062 5522 nostro
3096 5469 3131 5522 ‘5
3160 5478 3358 5531 exstat,
3392 5469 3481 5521 ubi
3509 5478 3668 5519 tamen

442 5525 755 5609 υτοχεεῠὶε
785 5526 996 5609 ultimis
1015 5526 1146 5609 ante
1166 5530 1233 5609 ἐν·
1252 5529 1330 5609 re}
1357 5530 1655 5609 'Eﬁpaij.
1684 5525 1902 5602 legitur.
1930 5535 2021 5589 οὔτ

2131 5539 2218 5606 αρ’
2249 5536 2537 5609 Ὠριγένει.
2614 5539 2662 5571 9"
2694 5542 2764 5592 El
2798 5540 2908 5608 γὰρ
2945 5537 3224 5609 -καλῶν,
3256 5525 3381 5593 Des.
3409 5540 3461 5592 in
3483 5532 3669 5609 cod-2.

442 5600 489 5670 οι
527 5595 731 5670 Ἡμεῖς,
767 5597 1000 5670 Abesta
1047 5598 1169 5652 cod.
1215 5599 1265 5657 l.
1293 5595 1346 5652 ‘2.
1424 5595 1470 5631 9‘
1501 5595 1639 5669 Περὶ
1673 5595 2021 5670 μέῖλόιὲτων

2128 5595 2223 5662 rod.
2287 5595 2351 5670 ι’,
2381 5595 2437 5658 '9.
2475 5609 2545 5661 τὰ

2600 5600 2884 5677 μέλλονταξ
2994 5612 3040 5642 ⁸⁷
3084 5608 3309 5663 Ἐστίν.
3357 5610 3480 5661 cod.
3523 5600 3667 5677 iﬁll-

442 5668 488 5750 ξ’
523 5670 645 5750 cod.
679 5667 715 5721 2
752 5668 1062 5750 ,Ἰεζεκίανζ
1122 5670 1552 5750 ⁹⁹1Κρατρῦντα
1578 5667 1703 5750 etin}
1742 5676 2021 5733 Ἰουδαίωι

2128 5682 2231 5734 )es.
2276 5667 2479 5750 ἱηέού.
2515 5680 2566 5733 1.
2600 5667 2656 5733 In
2680 5684 2798 5735 cod.
2845 5683 2950 5750 leg.
2982 5681 3093 5733 τῶν
3135 5680 3407 5732 Ἰουδαίων
3441 5667 3665 5750 βασιλέα.

443 5738 463 5827 ἒ
493 5740 613 5827 Emi.
662 5738 966 5827 χρώμενος.
1044 5740 1214 5827 ’ncod.
1250 5741 1420 5827 2116:?
1454 5744 1672 5814 χειρῶν.
1752 5748 1771 5777 ³
1804 5750 1915 5803 Καὶ
1950 5782 2015 5792 -

2128 5752 2358 5821 ‘épw'er.
2422 5746 2545 5806 Haec
2590 5768 2687 5822 per
2737 5738 3123 5827 compendium
3166 5751 3385 5806 exhibet
3424 5738 3582 5805 codex
3616 5741 3664 5798 5.

439 5806 464 5841 ⁸
492 5806 719 5866 Garner.
762 5806 920 5866 Auct.
969 5811 1091 5884 ρ.ηὸ
1127 5827 1155 5866 c
1194 5812 1311 5867 cod.
1373 5806 1557 5870 Vaticf
1593 5818 1877 5891 supplevit.
