3850 6526
126 321 213 385 949

1426 323 1507 384 IN
1562 324 1763 383 PSAL.
1794 323 1963 383 XIII.

3212 328 3317 391 950

124 436 284 499 αὐτοῖς
319 428 465 488 οὗτοι
485 436 785 505 γνώσονται
833 436 933 506 τὴν
964 436 1060 489 τοῦ
1112 436 1250 489 Θεοῦ
1296 436 1550 507 δύναμιν,
1604 437 1653 489 ot

1754 436 1849 504 qui
1888 435 2150 490 adversus
2179 450 2283 491 eos.
2309 436 2572 492 dimicat:
2605 446 2659 491 et
2691 436 2816 492 inde
2844 438 3025 494 veniet
3051 439 3158 494 illis
3206 448 3317 496 tre-

121 532 197 583 τὸν
245 528 366 582 λαὸν
398 530 567 583 αὐτοῦ
618 530 734 584 ἀντὶ
774 530 941 601 ἄρτου
995 530 1340 594 δαπανῶντες
1380 532 1475 584 καὶ
1525 546 1654 584 κατ-

120 621 395 687 εσθίοντες;
441 622 558 675 Καὶ
608 622 806 686 πάντες
833 623 1191 693 γνωρίσουσιν
1228 625 1335 677 ἀπὸ
1370 623 1480 676 τῶν
1514 640 1654 694 πρα-

118 719 317 788 γμάτων
360 718 452 770 τὸν
493 719 833 788 πολεμοῦντα
875 720 1394 786 αὐτοῖςολκάκεῖθεν
1421 722 1450 773 6
1488 719 1653 789 φόϐος

118 807 271 869 αὐτοῖς
294 805 595 874 ἐλεύσεται,
614 808 734 862 ὅθεν
764 811 822 863 οὐ
852 811 1279 882 προσεδόκησαν.
1307 810 1419 864 Ποῦ
1442 810 1550 880 γὰρ
1585 811 1652 865 ἂν

117 896 341 965 ᾠήθησαν
374 895 457 948 ὅτι
501 895 614 949 ὑπὸ
666 897 899 967 ἀγγέλου
948 899 1441 970 ἀναιρεθήσονταις
1492 900 1575 953 ὅτι
1623 900 1653 952 6

115 982 222 1045 Θεὸς
241 982 450 1051 κήδεται
480 983 598 1037 τῶν
631 986 931 1053 Ἰουδαίων;
975 989 1071 1042 καὶ
1117 992 1166 1042 οί
1213 991 1653 1060 μυκτηρίσαντες

113 1072 193 1144 τὴν
230 1073 411 1145 βουλὴν
457 1076 556 1130 τοῦ
613 1079 831 1150 πτωχοῦ
879 1080 973 1133 καὶ
1031 1082 1457 1153 ταπεινόφρονος
1505 1083 1653 1147 Ἐζε-

116 1163 228 1227 κίου,
250 1163 361 1233 Θεῷ
384 1165 595 1235 μᾶλλον
626 1169 659 1240 ἢ
684 1170 867 1234 ὅπλοις
906 1170 1301 1244 Θαρῤήσαντος,
1344 1174 1649 1244 νοήσουσιν,

115 1258 179 1310 ὅτι
202 1257 226 1308 6
253 1256 438 1310 ἑαυτὸν
465 1258 566 1312 τοῦ
600 1261 733 1314 Θεοῦ
762 1264 1075 1333 ἀναρτήσας
1103 1262 1202 1335 τὴν
1233 1265 1308 1336 μὴ
1346 1265 1648 1336 καταισχύ-

115 1366 274 1405 νουσαν
322 1350 514 1405 ἐλπίδα
566 1353 856 1424 ἐκτήσατο.
908 1356 1004 1419 Τίς
1036 1356 1145 1425 γὰρ
1178 1357 1338 1421 ἄλλος
1383 1357 1416 1427 ἢ
1452 1360 1480 1411 6
1517 1358 1652 1422 Θεὸς

116 1441 328 1501 καὶτοὺς
356 1442 771 1514 ἀπομείναντας
815 1447 873 1499 ἐν
924 1449 989 1518 τῇ
1018 1446 1155 1501 Σιὼν
1200 1447 1385 1513 σώσει,
1421 1448 1517 1502 καὶ
1552 1447 1652 1513 τὰς

114 1532 194 1602 ἤδη
206 1534 733 1603 αίχμαλωτισθείσας
758 1538 928 1607 φυλὰς
952 1539 1301 1612 ἐπαναγάγῃ,
1315 1538 1457 1594 ὥστε
1472 1541 1652 1612 κοινὴν

116 1624 412 1697 εὐφροσύνην
449 1628 712 1696 γενέσθαι
773 1634 893 1695 ταῖς
926 1629 1133 1685 δώδεκα
1164 1634 1380 1701 φυλαῖς,
1416 1627 1493 1687 ὧν
1518 1631 1648 1704 ῥίζα

114 1718 187 1772 καὶ
210 1718 339 1789 ἀρχὴ
367 1720 397 1770 6
429 1721 787 1794 πατριάρχης
838 1722 1031 1777 Ἰακὼϐ
1056 1725 1447 1796 ἐχρημάτισεν,
1498 1728 1526 1780 6
1556 1728 1652 1781 καὶ

123 1808 306 1880 Ἰσραὴλ
332 1812 800 1881 μετονομασθείςς
828 1813 989 1867 Ὥστε
1014 1814 1108 1867 ἀπ’
1136 1814 1302 1868 αὑτοῦ
1327 1816 1423 1869 καὶ¹
1446 1815 1652 1879 ταύτας

123 1899 282 1954 Ἰακὼϐ
330 1902 427 1955 καὶ
480 1901 703 1975 Ἰσραὴλ
751 1905 1140 1975 ὀνομάζεσθαι.
1171 1907 1286 1961 Καὶ⁵
1326 1905 1502 1961 ταῦτα
1551 1908 1652 1979 μὲν

116 1998 211 2049 ὅσον
235 1995 364 2066 πρὸς
424 1998 703 2069 ἱστορίαν,
754 1999 855 2069 τὴν
899 1999 955 2052 δὲ
1008 2000 1300 2071 ἀναγωγὴν
1336 2001 1652 2072 ίσχνοτέραν

115 2087 485 2160 tissimi).st
543 2107 562 2140 ι
589 2089 977 2162 Διεφθάρησαν
1014 2092 1108 2145 καὶ
1151 2092 1549 2163 ὲϐδελύχθησαν
1596 2094 1653 2147 ὲν

115 2176 525 2247 ἐπιτηδεύμασιν,
576 2180 681 2233 οὐκ
745 2180 862 2234 ἔστι
927 2182 1099 2236 ποιῶν
1166 2184 1510 2254 χρηστότητα
1529 2185 1570 2238 ⁸.
1628 2202 1646 2233 ι

124 2269 421 2340 Ύποϐάθρα,
478 2272 644 2341 φησὶ,
681 2276 778 2327 καὶ
826 2275 952 2345 ῥίζα
1005 2275 1106 2345 τῆς
1157 2276 1413 2341 ἀσεϐείας
1469 2280 1503 2348 η
1555 2276 1651 2331 τοῦ

116 2364 202 2431 ῥίου
226 2364 508 2436 διαφθορά.
542 2367 645 2430 Et;
665 2368 962 2422 ἀκολασίαν
985 2369 1093 2441 γὰρ
1124 2371 1263 2440 σφᾶς
1312 2371 1511 2435 αὐτοὺς
1559 2374 1652 2426 καὶ

116 2456 313 2525 θηριώδη
354 2456 471 2526 βίον
507 2459 893 2525 ὲκδεδωκότες,
954 2462 1050 2515 τοῦ
1105 2462 1240 2516 Θεοῦ
1288 2463 1388 2535 τὴν
1433 2466 1653 2536 μνήμην

115 2548 190 2619 τῆς
231 2550 462 2615 διανοίας
524 2553 821 2619 ἐξέϐαλον
890 2554 1267 2625 ἠκολούθησαν
1314 2555 1372 2609 δὲ
1436 2558 1502 2627 τῇ
1557 2556 1651 2609 τοῦ

118 2644 375 2711 ἡγουμένου
434 2646 806 2718 παραπληξίᾳ
836 2648 931 2699 καὶ⁵
987 2649 1037 2699 οἱ
1095 2647 1347 2719 ὑπήκοοι.
1381 2646 1426 2720 [⁸
1447 2648 1512 2704 Ol
1553 2648 1652 2719 μὲν

117 2734 258 2803 πάντη
282 2734 342 2787 τὸ
368 2733 539 2789 Θεῖον
574 2737 970 2809 ἀρνησάμενοι,
1010 2740 1103 2792 καὶ
1153 2740 1290 2811 μηδὲ
1326 2741 1426 2813 τὴν
1477 2742 1652 2813 ἀρχὴν

118 2826 222 2882 εἶναι
247 2829 369 2885 Θεὸν
394 2830 842 2903 ἀποφηνάμενοι,
871 2833 1137 2888 ὑπόκενον
1158 2835 1216 2888 δὲ
1233 2831 1375 2889 εἶναι»
1390 2835 1650 2908 τοῦνομα,

118 2922 189 2973 καὶ
213 2923 339 2975 κατὰ
372 2923 660 2995 μηδεμιᾶς
687 2925 875 2988 οὐσίας
902 2926 1263 2997 ὑποκείμενον
1288 2930 1648 3000 τεταγμένον.

120 3017 167 3066 Οἱ
183 3015 247 3077 δὲ,
264 3014 383 3079 τοὺς
404 3016 481 3087 μὴ
505 3016 676 3081 ὄντας
701 3017 776 3079 ὡς
799 3017 958 3082 ὄντας
982 3018 1138 3084 θεοὺς
1155 3021 1648 3092 ἀναγορεύσαντες,

118 3111 189 3161 καὶ
211 3109 289 3163 τὸν
315 3111 472 3180 μόνον
497 3110 639 3164 ὄντα
659 3114 1050 3183 παρωσάμενοι
1073 3129 1087 3142 ο
1130 3114 1181 3166 οἱ
1209 3114 1264 3167 δὲ
1290 3112 1429 3168 εἶναι
1459 3115 1556 3186 μὲν
1575 3115 1652 3186 τῷ
1679 3150 1721 3211 C

120 3199 230 3269 λόγῳ
274 3201 743 3273 ὑποστησάμενοι,
792 3202 866 3275 μὴ
902 3204 1009 3276 μὴν
1052 3203 1109 3258 δὲ
1138 3209 1387 3276 προνοεῖν
1419 3207 1525 3260 τῶν
1560 3210 1653 3261 ἐπὶ

118 3291 216 3359 γῆς,
247 3294 373 3363 μηδὲ
403 3294 622 3366 ὲφορᾷν
654 3296 724 3348 τά
772 3295 1094 3367 ἀνθρώπινα
1139 3298 1647 3370 παραδεδειγμένοι.

129 3385 320 3455 ’Δθρόως
348 3388 410 3459 δὴ
439 3383 546 3441 οὖν
577 3388 629 3442 οἱ
659 3388 861 3452 πάντες
888 3391 969 3452 εἰς
1014 3390 1110 3442 ἕνα
1135 3390 1293 3459 λόγον
1323 3391 1652 3462 ἀρνησίθεον

122 3481 554 3552 περιετράπησαν,
593 3479 667 3552 μὴ
711 3477 857 3533 εἶναι
908 3481 1043 3535 Θεὸν
1076 3482 1479 3551 διανοηθέντες·
1531 3484 1653 3537 ἐπεὶ

120 3567 163 3620 δὲ
184 3570 245 3640 μὴ
266 3570 508 3641 ἐτόλμων
542 3570 631 3625 διὰ
668 3571 939 3641 στόματος
968 3570 1129 3624 τοῦτο
1178 3572 1408 3640 φάσκειν
1428 3588 1442 3602 ⁸
1490 3572 1652 3643 ἐνῆγε

121 3660 201 3732 γὰρ
222 3663 335 3726 τοὺς
367 3665 589 3726 πάντας
622 3664 689 3717 τὰ
722 3665 926 3732 φυσικά
978 3663 1278 3735 σπέρματα
1308 3666 1405 3718 καὶ
1446 3666 1497 3718 οἱ
1525 3666 1652 3736 περὶ

120 3751 191 3805 τοῦ
211 3753 329 3808 Θεοῦ
376 3755 609 3825 φυσικοὶ
646 3755 895 3825 λογισμοὶ
927 3756 1023 3808 ἐπὶ
1068 3754 1168 3826 τὴν
1197 3756 1497 3827 ὁμολογίαν
1551 3758 1652 3828 τῆς

122 3844 195 3897 τοῦ
217 3846 334 3899 Θεοῦ
380 3848 677 3915 γνώσεως·
729 3846 810 3901 διὸ
863 3847 1066 3918 χείλεσι
1104 3849 1201 3919 μὲν
1251 3849 1351 3902 οὐκ
1410 3850 1653 3919 ἐτόλμων

123 3938 377 4007 ἀρνεῖσθαι,
399 3940 526 3993 ἀλλ’
560 3940 759 3993 είδέναι
789 3938 1211 4011 προσεποιοῦντο
1248 3941 1307 3994 οὐ
1348 3944 1509 4007 μόνον
1533 3942 1651 4007 ἕνα,

123 4031 229 4085 ἀλλὰ
256 4035 345 4085 καὶ
383 4033 620 4105 μυρίους
652 4032 829 4096 Θεούς.
861 4033 940 4105 Τῇ
975 4050 1038 4101 γε
1076 4034 1184 4105 μὴν
1209 4034 1407 4104 καρδίᾳ
1428 4035 1655 4099 ἑαυτοὺς

124 4124 301 4178 ἔπειθον
328 4125 695 4195 ἀφραίνοντες
727 4124 938 4195 ἀληθῶς
975 4127 1068 4179 καὶ
1127 4126 1516 4197 μωραίνοντες,
1570 4128 1653 4180 ὃτι

126 4218 185 4285 μὴ
211 4216 340 4270 ἔστιν
383 4219 441 4270 ὲν
514 4216 593 4287 τῷ
643 4217 801 4271 παντὶ
834 4216 1000 4280 Θεός’
1054 4216 1275 4287 ἐλεγχος
1320 4217 1378 4269 δὲ
1430 4212 1500 4289 ἦν
1558 4217 1652 4271 τοῦ

124 4305 254 4358 ἀθέου
280 4307 449 4360 αὐτῶν
487 4305 755 4374 λογισμοῦ
800 4305 869 4359 τὰ
898 4306 987 4357 ὑπ’
1012 4307 1191 4361 αὐτῶν
1220 4306 1479 4376 δρώμενα
1499 4325 1513 4339 ·
1547 4307 1656 4361 ἀπὸ

125 4397 209 4467 γὰρ
250 4397 337 4451 τοῦ
386 4396 612 4470 καρποῦ
664 4398 726 4450 τὸ
766 4397 981 4469 δένδρον
1028 4397 1480 4467 ἐπιγινώσκεται.
1517 4399 1650 4453 Ὅτε

1756 538 1897 592 mor,
1931 526 2075 581 unde
2102 525 2347 581 futurum
2373 543 2480 582 non
2519 528 2832 583 credebant.
2862 530 2968 595 Qui
3017 531 3166 584 enim
3218 547 3317 585 su-

1753 617 1945 687 spicati
1971 624 2155 674 essent
2189 634 2248 675 se
2302 619 2371 674 ab
2399 621 2595 690 angelo
2623 634 2743 675 esse
2800 621 3148 689 perdendos?
3205 622 3316 677 Deo

1752 708 1896 762 enim
1926 718 2226 764 curaesunt
2273 708 2446 764 Judwi
2480 728 2493 763 :
2525 718 2578 764 et
2602 711 2696 780 qui
2753 710 3075 766 deridebant
3136 712 3317 766 consi-

1752 798 1885 854 lium
1919 800 2097 871 inopis
2128 816 2192 857 ac
2222 801 2565 858 modestede
2614 818 2673 858 se
2722 803 3009 859 sentientis
3066 803 3317 859 Ezechias

1751 890 1808 945 in
1840 890 1953 947 Deo
1981 895 2154 962 magis
2182 909 2345 964 quam
2376 896 2430 949 in
2463 894 2811 965 armisspem
2841 911 2996 951 suam
3034 897 3313 952 collocan-

1751 983 1842 1047 tis,
1875 983 2175 1053 intelligent
2217 1000 2343 1040 eum
2366 987 2459 1056 qui
2491 986 2656 1041 unius
2686 986 2780 1041 Dei
2807 988 3060 1058 przesidio
3088 1003 3147 1044 se
3166 1003 3319 1044 com-

1752 1073 1939 1139 mittit,
1969 1074 2173 1131 habere
2200 1091 2350 1145 spem
2380 1091 2501 1147 quae
2530 1093 2636 1131 non
2670 1077 2976 1134 confundit.
3011 1080 3144 1145 Quis
3166 1082 3313 1135 enim

1751 1173 1946 1234 praeter
1972 1165 2143 1221 Deum
2171 1177 2225 1222 et
2248 1183 2344 1223 eos
2379 1170 2471 1238 qui
2501 1170 2554 1223 in
2571 1167 2736 1224 Sione
2760 1170 3073 1239 manebant,
3106 1172 3319 1227 salvare

1749 1265 1936 1326 posset
1960 1265 2013 1313 et
2049 1269 2365 1315 convertere
2395 1262 2763 1330 captivitatem
2791 1262 3029 1317 tribuum
3059 1280 3181 1333 qum
3205 1264 3318 1334 jam

1750 1356 1907 1402 erant
1953 1350 2009 1403 in
2039 1351 2355 1407 servitutem
2412 1354 2664 1417 redactae,
2701 1362 2762 1408 ut
2815 1364 2960 1410 esset
3011 1356 3319 1411 communis

1750 1439 1934 1495 laetitia
1984 1440 2270 1497 duodecim
2314 1442 2583 1507 tribubus,
2622 1460 2853 1513 quarum
2896 1446 3050 1500 radix
3092 1456 3144 1502 et
3168 1448 3319 1518 prin-

1752 1545 1878 1601 ces
1909 1530 2215 1602 patriarcha
2244 1530 2413 1589 Jacol)
2440 1535 2744 1603 appellatus
2777 1547 2880 1600 est,
2918 1537 3080 1608 681
3122 1538 3216 1607 qui
3265 1549 3321 1592 et

1750 1622 1917 1678 Israel
1938 1633 2022 1680 est
2052 1624 2489 1693 cognominatus,
2523 1627 2596 1680 ita
2649 1637 2704 1681 ut
2732 1628 2801 1683 ab
2852 1643 2916 1683 eo
2982 1631 3112 1698 ipsae
3145 1630 3319 1686 tribus

1753 1712 1923 1769 Jacob
1954 1722 2007 1770 et
2039 1714 2207 1770 lsrael
2238 1731 2435 1771 nomen
2468 1716 2797 1786 acceperint.
2849 1715 2915 1771 Et
2942 1717 3046 1773 ista
3098 1718 3317 1787 quidem

1682 1803 1729 1863 Β
1753 1816 1999 1876 spectant
2025 1807 2307 1862 historiam
2336 1826 2350 1863 ι
2383 1808 2792 1881 intelligentiam
2828 1826 2957 1866 vero
2983 1811 3318 1867 subtiliorem

1754 1897 2189 1970 investigemus.]
2254 1918 2272 1951 ι
2309 1899 2567 1971 Corrupti
2622 1912 2769 1970 sunt,
2823 1913 2878 1958 et
2927 1903 3319 1959 abominabiles

1754 1990 1881 2046 facti
1911 1992 2116 2047 suntin
2151 1992 2349 2047 studiis
2393 1992 2530 2057 suis,
2587 2010 2695 2049 non
2748 2003 2832 2050 est
2887 1996 2980 2064 qui
3021 1995 3185 2051 faciat
3226 1997 3321 2050 bo-

1753 2099 1906 2139 num.
1948 2104 1966 2137 ι
2000 2084 2470 2152 Fundamentum,
2504 2088 2700 2157 inquit,
2738 2099 2792 2143 et
2819 2089 2975 2143 radix
3004 2090 3318 2160 impietatis,

1755 2178 1879 2233 vitae
1893 2180 2203 2248 corruptela
2232 2190 2336 2235 est.
2355 2180 2490 2235 Cum
2522 2181 2667 2236 enim
2684 2197 2745 2237 se
2774 2184 2920 2251 ipsos
2952 2182 3321 2252 intemperan-

1752 2270 1843 2324 tiae
1870 2279 2033 2340 atque
2064 2269 2252 2325 ferina:
2271 2272 2396 2326 vitae
2417 2271 2774 2337 addixissent,
2808 2278 2827 2297 '
2870 2273 2965 2329 Dei
2999 2276 3317 2329 memoriam

1754 2381 1823 2421 ex
1861 2367 2044 2422 animo
2083 2383 2185 2423 suo
2212 2369 2527 2439 ejecernnt:
2561 2370 2765 2425 subditi
2794 2380 2974 2426 autem
3027 2372 3185 2428 ducis
3234 2375 3318 2427 in-

1754 2459 1966 2514 saniam
2000 2460 2171 2515 secuti
2198 2471 2345 2515 sunt.
2373 2459 2651 2532 [Nonnulli
2682 2463 2901 2532 quidem
2938 2463 3107 2519 Deum
3165 2467 3320 2534 plano

1754 2560 1974 2621 negant,
2016 2568 2116 2607 nec
2153 2552 2321 2607 ullum
2364 2552 2484 2623 ejus
2509 2558 2635 2610 esse
2657 2554 2947 2626 imperium
2981 2557 3158 2625 palam
3190 2574 3320 2627 pro-

1753 2642 1994 2707 fitentur,
2025 2644 2213 2713 sicque
2248 2660 2448 2699 vanum
2491 2645 2595 2701 hoc
2624 2662 2746 2703 esse
2768 2662 2987 2715 nomen,
3026 2665 3125 2705 nec
3159 2650 3319 2705 talem

1755 2749 1995 2804 unquam
2055 2736 2417 2791 substantiam
2473 2737 2646 2794 fuisse
2701 2748 2967 2795 statuunt.
3019 2742 3124 2796 Alii
3191 2757 3323 2796 vero

1753 2827 1887 2881 deos
1913 2828 2207 2891 vocarunt',
2234 2828 2329 2897 qui
2353 2842 2461 2881 non
2494 2839 2655 2895 sunt;
2688 2844 2813 2884 eum
2846 2838 3026 2885 autem
3058 2832 3151 2901 qui
3173 2833 3321 2887 solus

1753 2928 1858 2985 est,
1890 2920 2219 2988 rejeceruut.
2249 2920 2355 2975 Alii
2379 2920 2617 2992 denique
2668 2923 2851 2979 verbis
2912 2924 3131 2993 quidem
3184 2940 3318 2995 sup—

1752 3021 2054 3083 posuerunt
2118 3014 2286 3070 Deum
2372 3016 2673 3083 exsistere;
2738 3033 2861 3073 eum
2923 3029 3104 3075 autem
3164 3027 3322 3076 tet-rte

1754 3105 1920 3176 hujus
1949 3121 2250 3177 eorumque
2278 3122 2399 3177 quae
2432 3110 2497 3163 ad
2532 3110 2781 3165 homines
2811 3114 3101 3180 pertinent,
3130 3128 3319 3167 curam

1756 3214 1867 3252 non
1902 3212 2112 3268 gerere,
2147 3199 2401 3256 evincere
2428 3201 2735 3257 voluerunt.
2776 3202 2841 3257 lli
2890 3218 3079 3259 omnes
3133 3204 3321 3274 itaque

1754 3290 1811 3345 in
1842 3291 2093 3346 eumdem
2132 3293 2388 3348 atheismi
2421 3309 2663 3349 errorem
2700 3296 2939 3364 prolapsi
2967 3306 3115 3361 sunt,
3147 3297 3317 3352 Deum

1756 3396 1865 3437 non
1922 3398 2045 3438 esse
2107 3392 2381 3455 putantes.
2442 3384 2579 3452 Quia
2628 3395 2809 3443 autem
2866 3403 2973 3443 non
3031 3389 3151 3444 ausi
3193 3398 3335 3444 sunt

1756 3489 1849 3530 ore
1886 3489 1988 3530 suo
2034 3476 2137 3531 hoc
2194 3477 2439 3547 proﬁteri
2486 3477 2696 3550 (omnes
2749 3480 2891 3534 enim
2956 3482 3077 3536 illos
3114 3491 3322 3537 natura:

1755 3568 1975 3638 quidam
2012 3568 2302 3624 instinctus
2345 3580 2398 3623 et
2427 3572 2699 3626 naturales
2723 3573 3167 3629 ratiocinationes
3225 3591 3320 3629 ur-

1755 3660 1971 3729 gebant,
2000 3668 2062 3715 ut
2086 3661 2449 3731 cognitionem
2467 3663 2532 3716 de
2548 3662 2659 3718 Deo
2678 3664 2841 3734 682
2867 3665 3276 3733 confiterentur)
3306 3689 3317 3721 :

1756 3752 1878 3805 ideo
1908 3752 2065 3806 labiis
2088 3752 2308 3822 quidem
2344 3768 2451 3807 non
2482 3754 2600 3808 ausi
2649 3765 2777 3809 sunt
2824 3755 2993 3811 Deum
3029 3758 3319 3829 abnegare,

1756 3847 1852 3901 sed
1896 3861 1955 3901 se
1983 3846 2125 3901 scire
2162 3845 2515 3912 simularunt,
2540 3861 2649 3902 non
2700 3864 2866 3901 unum
2921 3850 3012 3903 sed
3066 3851 3322 3914 ἰηηιιιιιρτ-

1756 3950 1847 3990 ros
1875 3950 1995 3990 esse
2028 3936 2179 3990 deos.
2230 3935 2428 3990 Animo
2476 3937 2659 4006 itaque
2715 3952 2814 3992 suo
2880 3938 2957 4001 hi,
3004 3954 3143 4008 quos
3199 3956 3349 3995 vere.

1758 4035 1999 4082 amentes
2047 4037 2101 4082 et
2151 4028 2421 4097 insipidos
2475 4012 2715 4095 dixeFis,
2774 4044 3090 4097 persuasum
3151 4030 3320 4085 habe-

1758 4121 1889 4174 bant
1940 4120 2099 4191 plane
2124 4136 2231 4175 non
2259 4136 2381 4176 esse
2434 4122 2624 4175 Deum.
2688 4121 2955 4178 Atheismi
2995 4135 3177 4179 autem
3227 4141 3349 4179 eos.

1758 4212 1931 4268 fuisse
1967 4227 2112 4278 reos,
2148 4213 2365 4283 patebat
2388 4228 2452 4268 ex
2472 4213 2729 4284 operibus
2780 4229 2967 4269 eorum
3030 4217 3083 4285 (e
3116 4216 3339 4279 fructu,

1759 4305 1901 4360 enim
1933 4305 2271 4373 dignoscitur
2308 4306 2514 4374 arbor),
2548 4313 2662 4360 tum
2690 4321 2752 4359 ex
2779 4306 3109 4371 actionibus,
3152 4317 3324 4363 tumo

1759 4408 1873 4453 toto
1917 4398 2129 4452 vivendi
2171 4413 2389 4467 genere.
2416 4397 2608 4452 Totam
2643 4399 3072 4454 enimanimam
3130 4404 3325 4470 depra-

124 4490 272 4543 τοίνυν
320 4493 439 4555 ταῖς
506 4490 773 4560 πράξεσιν
824 4492 1017 4554 αὑταῖς
1056 4492 1152 4544 καὶ
1196 4491 1275 4561 τῷ
1329 4491 1505 4563 λοιπῷ
1556 4494 1653 4566 βίῳ

1762 4496 1976 4552 varunt,
2007 4497 2063 4542 et
2099 4487 2216 4556 ipso
2248 4502 2469 4557 quoque
2518 4490 3147 4563 corporetradiderttnt
3199 4510 3323 4547 sese

128 4585 276 4637 πᾶσαν
305 4586 483 4639 αὐτῶν
523 4583 623 4654 τὴν
656 4583 835 4654 ψυχὴν
866 4584 1181 4655 διέφθειραν
1224 4584 1373 4653 αὐτῷ
1406 4584 1645 4655 σώματι,

127 4676 190 4738 εἰς
234 4678 402 4730 πᾶσαν
482 4676 826 4746 ἐκδεδομένοι
880 4676 1107 4746 φθορὰν,
1163 4676 1239 4739 ὡς
1286 4677 1381 4730 καὶ
1419 4677 1656 4749 ἄρρενας
1689 4660 1708 4684 ⁸

129 4766 316 4839 ἄρρεσιν
338 4768 749 4839 ἐπιμαίνεσθαι,
773 4769 866 4822 καὶ
882 4768 1084 4832 πάσαις
1106 4767 1546 4840 ἀθεμιτουργίαις
1562 4771 1658 4823 καὶ

129 4860 512 4931 ἀρρητοποιῖαις
543 4860 930 4931 καταφθείρειν
955 4860 1182 4924 ἑαυτούς
1202 4877 1215 4889 ·
1251 4860 1572 4931 βδελυκτούς
1600 4880 1659 4915 τε

136 4943 322 5005 εἷναιδι*
359 4955 520 5009 αὑτά⁸
548 4953 668 5018 πῶς
688 4954 789 5006 οῦκ
820 4955 886 5005 ἂν
914 4954 1054 5005 εἰσιν
1093 4952 1371 5023 πρόδηλοι,
1419 4953 1502 5005 ὅτι
1555 4953 1662 5006 κᾶν

135 5043 324 5113 μυρίους
367 5046 788 5117 ὲπιγράφωνται
838 5044 992 5108 Θεοὺς
1043 5043 1120 5114 τῷ
1164 5043 1336 5115 λόγῳ·
1375 5043 1478 5097 κᾶν
1506 5045 1661 5101 αὐτοὶ

1760 4582 2115 4653 corruptioni,
2158 4582 2230 4636 ita
2264 4590 2325 4636 ut
2365 4600 2545 4639 mares
2574 4600 2794 4655 quoque
2823 4601 2950 4655 erga
3003 4602 3182 4641 mares
3240 4588 3325 4640 in-

1762 4689 1897 4729 sano
1919 4688 2103 4728 amore
2143 4676 2451 4729 exarserint
2485 4685 2539 4730 et
2569 4676 2800 4731 nefando
2829 4678 3023 4747 quovis
3081 4676 3329 4734 facinore

1761 4785 1818 4824 se
1848 4770 2157 4839 polluerint,
2201 4772 2389 4847 sicque
2423 4772 2824 4833 abominabiles
2859 4788 2917 4827 se
2972 4772 3325 4828 reddiderint.

1759 4862 1949 4917 Nonne
1990 4863 2171 4932 itaque
2202 4865 2338 4919 satis
2370 4873 2732 4933 apertumest
2761 4879 2874 4928 eos,
2912 4864 3040 4920 licet
3070 4865 3323 4919 innume-

1759 4969 1851 5007 ros
1879 4954 2009 5008 deos
2050 4954 2230 5009 verbis
2264 4955 2574 5017 statuerint,
2610 4969 2778 5024 seque
2812 4954 2981 5010 Deum
3011 4956 3104 5025 qui
3138 4956 3323 5009 omnia

1761 5046 2092 5111 moderatur,
2136 5045 2275 5101 scire
2303 5055 2360 5105 et
2383 5045 2651 5112 confiteri,
2694 5062 2787 5101 ore
2816 5045 3045 5117 professi
3102 5047 3325 5113 fuerint,

1216 5203 1447 5267 VARI/1‘3
1486 5201 1865 5260 LECTIONES
1903 5205 1991 5260 ET
2028 5203 2256 5267 NOTAE,

122 5327 127 5341 ’
174 5348 208 5422 ξ
230 5347 344 5422 Post
366 5350 704 5422 χρηστότητα
740 5348 941 5422 omissa
971 5357 1099 5422 sunt
1142 5347 1312 5422 verba
1345 5357 1545 5422 textus,
1587 5348 1646 5401 οὐ

1754 5366 1858 5401 στιν
1896 5348 2001 5410 ἕως
2026 5350 2164 5422 ἑνός.
2358 5358 2417 5402 ιιι
2460 5348 2512 5400 in
2535 5342 2898 5422 βοείῃ-[ἰοὺς.
2931 5343 3248 5422 nuntioque
3278 5343 3335 5397 in

137 5416 241 5489 edit.
268 5416 466 5489 Corn-pl.
501 5416 717 5474 desunt.

822 5423 841 5448 ⁸
876 5417 998 5471 llaec
1039 5419 1091 5471 in
1124 5418 1243 5471 cod.
1282 5419 1316 5471 5
1354 5420 1583 5488 August.
1620 5435 1653 5487 p

1754 5432 1895 5472 mtur
1940 5430 2064 5487 post
2110 5419 2386 5485 ἐξέϐαλον,
2438 5418 2657 5471 omissis
2693 5416 2797 5468 illis
2837 5413 3230 5488 ἠκολούθησαν.

139 5487 350 5560 ὑπήκοοι,
374 5482 491 5560 qua:
516 5501 695 5544 tamen
726 5490 844 5542 loco
879 5504 979 5560 suo
1011 5488 1212 5542 moveri
1239 5504 1355 5560 non
1384 5482 1694 5560 potuerunt.
1724 5488 1894 5543 Totus
1924 5482 2026 5544 iste
2058 5482 2210 5545 locus
2239 5489 2484 5560 ejusdem
2505 5496 2594 5560 _est
2632 5484 2939 5560 argumenti
2967 5499 3090 5537 cum
3112 5482 3334 5537 Eusebii

140 5558 192 5609 ad
215 5562 317 5629 φίλι.
338 5558 737 5615 commentario
768 5558 910 5629 apud
942 5558 1107 5629 (Jortl.

1142 5574 1195 5626 p.
1227 5558 1355 5621 245,
1384 5554 1435 5612 et
1465 5558 1655 5616 Montf.
1690 5562 1742 5613 in
1773 5561 1906 5614 Coll.
1943 5576 2080 5614 nova
2104 5560 2205 5615 PP.
2235 5554 2283 5613 ιζ
2307 5559 2344 5621 Ι,
2380 5574 2432 5626 p.
2459 5558 2527 5609 46
2559 5554 2951 5626 seq._lJterqu_e
2981 5560 3333 5626 autemnon-

141 5628 226 5682 nisi
247 5645 404 5698 pauca
425 5632 690 5692 exhibuit,
720 5622 858 5698 quae,
888 5629 931 5682 si
960 5622 1175 5707 Eusebii
1198 5627 1325 5689 sint,
1350 5630 1574 5699 egregie.
1594 5646 1655 5684 ex
1683 5630 1786 5684 hoc
1815 5630 2000 5685 codice
2030 5641 2212 5707 nostro
2244 5622 2662 5707 locupletatum".
2689 5623 2887 5707 Nostro
2916 5622 3334 5707 haece-indicare

142 5693 626 5775 nou—dubitavimus,
658 5693 769 5754 tum
795 5698 1165 5775 quiadiccndi
1197 5715 1366 5775 genus
1384 5693 1510 5775 ἰιυῇ
1559 5710 1839 5775 repugnat,
1886 5702 2159 5775 tnm‘qnia
2192 5693 2460 5775 iuncod—ice
2499 5712 2602 5749 non
2621 5694 2932 5775 ascriptum
2964 5701 3049 5749 est
3072 5693 3331 5775 Eucaﬁiou

146 5768 313 5838 ὁμοίως
346 5772 702 5845 Θεοδωρὴτου,
734 5782 787 5826 ιιι
814 5764 933 5827 illis
975 5771 1025 5824 in
1065 5764 1211 5824 locis
1237 5769 1354 5831 ﬁeri
1380 5764 1645 5831 observas

1754 5787 1819 5839 ιδ,
1856 5772 1945 5827 ubi
1979 5764 2170 5827 Noster
2202 5766 2414 5845 aliquid
2449 5782 2570 5823 cum
2619 5768 2723 5822 isto
2750 5779 3039 5821 commune
3080 5764 3269 5822 habet.
