3850 6538
504 356 604 418 951

1517 354 2005 415 THEODORETI
2030 354 2368 416 EPISCOPI
2401 356 2767 418 CYRENSIS

3638 354 3739 411 932‘!

506 480 686 522 tamen
720 466 774 519 in
805 464 990 527 corde,
1024 465 1127 518 hoc
1169 474 1273 526 est,
1316 464 1370 517 in
1422 465 1695 519 intellectu
1758 481 1857 519 suo
1912 467 2068 534 plane

2205 466 2372 520 ίδέναι
2394 468 2487 519 καὶ
2514 466 2798 536 ὁμολογεῖν
2826 466 2918 519 τὸν
2946 466 3039 519 ἐπὶ
3072 467 3289 520 πάντων
3308 465 3444 518 Θεὸν
3480 464 3601 524 τοῖς
3639 463 3747 531 χεί-

509 572 618 611 non
657 554 913 609 habuisse
949 568 1130 608 veram
1159 553 1225 609 de
1260 553 1370 609 Deo
1402 555 1677 609 notionem
1702 554 1725 606 ?
1752 554 1899 608 Talis
1918 554 2068 608 scili-

508 648 635 704 licet
663 644 766 699 fuit
798 642 1077 698 hominum
1109 654 1234 697 ante
1254 644 1548 698 Salvatoris
1578 643 1747 697 nostri
1780 643 2069 696 adventum

511 736 772 793 conditio.
815 732 1022 789 Stultus
1053 742 1231 787 autem
1273 734 1553 789 verissime
1582 741 1633 787 et
1658 734 1811 802 juxta
1842 732 1919 786 rei
1974 746 2073 783 na-

512 840 690 884 turam
723 834 967 891 vocatur,
1000 825 1092 895 qui
1129 823 1293 878 Deum
1320 834 1498 894 negat.
1535 823 1593 878 Si
1624 824 1767 879 enim
1795 822 2076 893 sapientiae

514 922 732 978 initium
765 928 845 973 est
872 919 1031 972 timor
1061 916 1177 981 Dei,
1213 916 1376 970 Deum
1414 933 1520 971 non
1552 917 1745 971 timere
1804 916 1915 969 imo
1947 915 2073 969 des-

514 1014 699 1084 picere
736 1008 1044 1080 oppositum
1080 1006 1361 1075 sapientia:
1390 1008 1482 1075 sit,
1515 1023 1739 1063 necesse
1765 1005 1899 1079 est.]

588 1188 753 1242 Vens.
787 1187 842 1253 2,
875 1189 984 1241 3.·‹
1014 1185 1277 1240 Dominus
1312 1185 1378 1240 de
1402 1185 1541 1241 coelo
1594 1185 1871 1255 prospexit
1917 1200 2081 1255 super

518 1284 657 1339 iilios
689 1282 994 1345 hominum,
1032 1289 1091 1335 ut
1118 1280 1299 1335 videat
1325 1296 1453 1334 num
1504 1280 1576 1336 sit
1618 1280 1924 1350 intelligens
1990 1286 2084 1332 aut

515 1376 802 1444 requirens
832 1372 1024 1428 Deum.
1056 1372 1257 1427 Omnes
1281 1372 1715 1436 declinaverunt,
1746 1371 1911 1426 simul
1962 1371 2085 1424 inn-

516 1466 640 1521 tiles
675 1465 801 1519 facti
838 1474 985 1530 sunt,
1019 1480 1124 1517 non
1152 1472 1236 1518 est
1269 1464 1363 1533 qui
1390 1463 1555 1517 faciat
1585 1463 1810 1526 bonum,
1841 1477 1949 1515 non
2002 1469 2087 1517 est

519 1572 695 1627 usque
725 1557 789 1610 ad
823 1572 1014 1611 unum.
1053 1574 1070 1607 ι
1103 1556 1229 1611 Illos
1273 1556 1436 1627 683
1468 1556 1684 1623 quidem
1737 1557 1851 1609 haec
1883 1564 1938 1609 et
1992 1553 2087 1607 fa-

522 1649 732 1703 cientes
760 1657 814 1701 et
837 1648 1080 1701 dicentes
1135 1662 1241 1700 non
1299 1646 1543 1715 despexit
1602 1647 1694 1715 qui
1733 1646 1785 1699 in
1858 1645 2087 1701 excelsis

524 1741 757 1804 habitat,
786 1748 841 1795 et
893 1739 1119 1793 humilia
1161 1739 1420 1809 respicit:
1455 1754 1643 1793 verum
1670 1746 1916 1793 exactam
1947 1753 2090 1807 quaa-

2170 558 2287 610 λεσι
2318 558 2580 627 φάσκοιεν
2600 574 2615 589 '
2644 557 2760 611 ἀλλ’
2776 559 2834 610 ἐν
2857 562 2921 629 τῇ
2948 558 3149 629 καρδίᾳ
3181 556 3415 619 ἑαυτῶν,
3464 556 3751 608 τουτέστιν

2172 653 2233 703 ἐν
2262 653 2325 720 τῇ
2353 650 2585 721 διανοίᾳ,
2612 650 2734 703 οὐδὲ
2765 650 2863 719 μία
2886 667 2971 713 τις
3000 649 3209 721 ἀληθὴς
3236 651 3364 720 περὶ
3392 645 3546 701 Θεοῦ
3582 646 3754 716 ὑπῆρ-

2173 758 2269 809 χεν
2302 739 2513 806 ἕννοιας
2549 740 2803 804 Τοιοῦτος
2838 742 2937 811 μὲν
2968 737 3063 795 οὖν
3112 741 3378 809 ἐτύγχανε
3417 741 3540 801 πᾶς
3582 739 3613 789 ὁ
3656 739 3756 807 πρὸ

2174 836 2273 903 τῆς
2310 833 2402 886 τοῦ
2432 835 2682 903 Σωτῆρος
2713 835 2870 904 ἡμῶν
2890 834 3196 903 παρουσίας
3222 834 3394 901 βίοςτ.
3423 832 3679 898 Ἀξςρων
3703 830 3755 881 δὲ

2176 926 2518 995 ἀληθέστατα
2554 926 2651 979 καὶ
2691 926 3048 995 φυσικώτατα
3100 928 3127 980 ὁ
3170 925 3508 996 ἀρνησίθεος
3546 923 3758 987 ὠνόμα-

2180 1037 2323 1072 σται.
2362 1019 2425 1071 Εί
2457 1018 2566 1088 γὰρ
2599 1019 2791 1087 σοφίας
2822 1019 2964 1087 ἀρχὴ
3000 1018 3165 1087 φόϐος
3201 1018 3361 1080 Θεοῦ,
3399 1015 3625 1083 ἀφοῦία
3675 1017 3759 1067 καὶ

2179 1110 2436 1180 ἀθέτησις
2469 1110 2779 1163 τούναντίον
2803 1110 2868 1162 ἂν
2904 1112 3112 1178 γένοιτο
3135 1112 3236 1181 τῆς
3272 1111 3476 1179 σοφίας
3494 1107 3543 1160 ⁸.
3575 1107 3595 1179 ]

2254 1200 2318 1267 β’,
2347 1198 2416 1268 γ’.
2459 1219 2477 1251 ‹
2514 1199 2717 1270 Κύριος
2740 1201 2804 1253 ὲκ
2834 1199 2931 1253 τοῦ
2959 1200 3189 1273 οὐρανοῦ
3218 1200 3485 1268 διέκυψεν
3516 1200 3616 1251 ἐπὶ
3644 1202 3761 1260 τοὺς

2183 1293 2334 1354 υἱοὺς
2392 1292 2500 1345 τῶν
2539 1291 2867 1360 ἀνθρώπων,
2913 1292 3008 1344 τοῦ
3043 1292 3172 1344 ἰδεῖν
3221 1293 3270 1344 εί
3311 1291 3430 1343 ἔστι
3474 1288 3704 1350 συνιὼν,
3732 1291 3760 1359 ἦ

2184 1383 2427 1453 ἐκζητῶν
2452 1384 2543 1436 τὸν
2562 1382 2714 1437 Θεὸν.
2743 1383 2953 1446 Πάντες
2987 1382 3285 1448 ἐξέκλιναν,
3344 1380 3468 1449 ἅμα
3528 1378 3763 1449 ἠχρειώο

2186 1476 2379 1545 θησαν,
2414 1477 2514 1528 οὐκ
2561 1475 2676 1529 ἐστι
2707 1476 2876 1528 ποιῶν
2902 1475 3266 1546 χρηστότητα,
3302 1476 3401 1526 οὐκ
3436 1473 3603 1526 ἔστιν
3667 1472 3765 1532 ἓως

2187 1568 2303 1631 ἑνός
2325 1568 2369 1621 ⁸.
2412 1585 2429 1618 ι
2474 1566 2727 1621 Ἐκείνων
2760 1567 2942 1637 μέντοι
2970 1565 3197 1619 τοιαῦτα
3241 1565 3338 1618 καὶ
3378 1563 3655 1636 δρώντων
3680 1564 3766 1615 καὶ

2188 1659 2472 1728 λεγόντων,
2504 1660 2563 1712 οὐ
2601 1660 2867 1730 περιεῖδεν
2912 1661 2940 1712 ὁ
2986 1660 3043 1711 ὲν
3064 1658 3291 1728 ὑψηλοῖς
3320 1655 3610 1711 κατοικῶν
3630 1696 3643 1715 ,
3678 1657 3766 1707 καὶ

2190 1751 2262 1803 τὰ
2318 1750 2550 1805 ταπεινὰ
2619 1748 2866 1820 ὲφορῶνο
2920 1747 3037 1803 ἀλλ’
3097 1748 3344 1811 ἐξέτασιν
3404 1744 3625 1816 ἀκριϐῆ
3681 1747 3767 1796 καὶ

526 1835 759 1890 stionem
808 1834 1049 1902 ipsarum
1114 1833 1275 1887 etiam
1340 1832 1729 1903 cogitationum
1776 1832 2085 1898 instituens,

2200 1841 2361 1895 ιὺτῶν
2374 1841 2483 1894 τῶν
2493 1841 2767 1911 λογισμῶν
2788 1839 3172 1911 ποιησάμενος,
3192 1834 3329 1890 εἶδεν
3354 1837 3616 1898 ἅπαντας
3637 1840 3768 1889 κατὰ

528 1941 721 1981 omnes
751 1925 884 1979 vidit
914 1925 1101 1979 eadem
1134 1925 1337 1993 pariter
1370 1924 1645 1993 impietate
1694 1931 1750 1978 et
1804 1924 2090 1993 iniquitate

524 2019 651 2072 vitae
681 2018 947 2071 detentos.
982 2016 1170 2071 Simile
1196 2025 1281 2071 est
1303 2017 1407 2071 hoc
1434 2018 1638 2082 verbis,
1673 2033 1795 2087 qua:
1822 2017 1889 2071 ad
1922 2017 2093 2071 Abra-

531 2111 751 2164 hamnm
783 2108 1004 2164 fuerunt
1032 2110 1176 2163 dicta
1215 2126 1230 2164 :
1304 2129 1323 2161 ‹
1368 2108 1587 2165 Clamor
1628 2111 1989 2166 Sodomorum
2038 2120 2095 2165 et

529 2199 845 2255 Gomorrhze
878 2199 1268 2269 multiplicatus
1300 2211 1384 2256 est
1410 2215 1594 2255 coram
1641 2216 1748 2267 me,
1785 2211 1839 2257 et
1875 2211 2094 2271 peccata

529 2306 719 2347 eorum
748 2290 905 2346 valde
936 2305 1129 2361 magna
1178 2300 1305 2346 sunt
1346 2310 1361 2346 :
1402 2292 1751 2358 descendam,
1817 2302 1871 2348 et
1906 2293 2096 2347 videbo

531 2399 662 2437 num
691 2383 993 2437 secundum
1043 2382 1339 2438 clamorem
1385 2385 1479 2455 qui
1517 2385 1665 2439 venit
1685 2387 1753 2439 ad
1812 2401 1920 2451 me,
1967 2400 2097 2440 con-

532 2484 875 2531 summantur
905 2475 955 2529 ιί.
990 2494 1009 2526 ι

605 2567 771 2623 Vens.
804 2569 859 2635 4,
894 2568 949 2623 5.
984 2587 1003 2619 ι
1033 2566 1225 2622 Nonne
1255 2576 1585 2637 cognoscent
1608 2582 1816 2633 omnes,
1848 2569 1939 2636 qui
1967 2585 2098 2640 ope-

538 2671 727 2715 rantur
759 2660 1121 2731 iniquitatem,
1153 2661 1245 2732 qui
1273 2661 1539 2716 devorant
1562 2661 1771 2729 plebem
1816 2677 1992 2717 meam
2025 2663 2101 2717 si-

536 2764 629 2808 cut
657 2768 840 2808 escam
871 2753 1071 2823 panis?
1100 2753 1393 2808 Dominum
1421 2769 1527 2808 non
1562 2754 1974 2809 invocaverunt.
2022 2755 2100 2809 lbi

534 2847 943 2915 trepidaverunt
968 2846 1182 2908 timore.
1209 2847 1301 2900 ubi
1332 2861 1439 2901 non
1481 2856 1597 2902 erat
1646 2847 1829 2901 timor.
1870 2866 1889 2898 ι
1951 2848 2101 2913 Quo-

538 2940 683 2994 niam
718 2940 991 3003 noluistis,
1022 2940 1219 3008 inquit,
1264 2956 1359 2995 vos
1385 2940 1478 3009 qui
1509 2940 1803 3002 devoratis,
1859 2940 1963 2994 hoc
2007 2955 2101 2994 co-

538 3047 819 3102 gnoscere,
868 3048 933 3087 ex
974 3033 1095 3102 ipso
1151 3048 1330 3087 rerum
1375 3039 1571 3087 eventu
1624 3033 1880 3102 populum
1922 3048 2101 3088 meum

537 3140 642 3179 non
668 3123 828 3178 facile
859 3124 980 3202 capi
1005 3139 1034 3178 a
1058 3124 1212 3178 vobis
1226 3138 1385 3193 posse
1408 3123 1630 3179 discetis
1666 3142 1680 3177 :
1709 3140 1884 3194 neque
1910 3140 2103 3195 quem-

537 3216 833 3271 admodum
864 3230 1059 3285 panem
1090 3217 1181 3285 qui
1208 3216 1534 3281 comeditur,
1572 3217 1751 3286 ipsum
1775 3216 2107 3271 devorabitis

538 3305 935 3375 providentiam
967 3320 1144 3359 meam
1189 3315 1619 3360 contemnentes.
1677 3306 1792 3361 Hoc
1837 3307 1982 3361 enim
2027 3316 2112 3361 est

540 3397 689 3467 quod
723 3397 896 3452 dicit:
937 3415 955 3448 ι
993 3396 1163 3451 Deum
1189 3412 1298 3451 non
1323 3397 1732 3451 invocaverunt.
1765 3416 1783 3447 ι
1817 3399 2109 3467 Propterea

539 3507 658 3556 vos,
690 3492 783 3560 qui
815 3492 1073 3547 audacter
1104 3492 1387 3561 loquimini
1423 3501 1477 3546 et
1498 3492 1763 3547 neminem
1784 3492 2011 3557 timetis,
2050 3495 2112 3547 ti-

541 3582 681 3636 mori
698 3591 751 3635 et
768 3583 962 3638 terrori
991 3582 1373 3648 succumbetis,
1405 3593 1457 3637 et
1482 3583 1534 3636 in
1556 3583 1734 3652 fugam
1753 3585 2111 3639 convertemi-

540 3675 620 3737 ni,
665 3674 882 3730 nemine
912 3689 1009 3730 vos
1037 3684 1339 3729 exterrente
1363 3691 1426 3729 ac
1453 3686 1828 3746 persequente.
1844 3677 1982 3731 Nam
2010 3678 2112 3732 hoc

539 3766 688 3821 istud
711 3767 1081 3822 demonstrat:
1110 3766 1311 3838 684(
1346 3767 1418 3822 lbi
1456 3768 1863 3838 trepidaverunt
1892 3770 2105 3836 timore,

542 3860 634 3913 ubi
654 3876 760 3913 non
791 3868 908 3914 erat
945 3862 1127 3913 timor.
1164 3878 1182 3909 ι
1222 3860 1551 3915 llludautem
1586 3878 1599 3914 :
1638 3879 1657 3911 ‹
1693 3859 1882 3916 Nonne
1910 3878 2112 3933 cogno-

543 3958 698 4003 scent
729 3965 917 4005 omnes
935 3951 1024 4020 qui
1051 3951 1715 4020 operanturiniqnitatem,
1745 3971 1763 4003 ι
1790 3956 2112 4021 pronuntia-

545 4041 689 4096 tione
718 4042 1082 4111 adjuvandum
1114 4040 1365 4097 est.'lloc
1388 4058 1534 4108 vero,
1556 4062 1573 4093 ‹
1614 4041 1874 4099 Dominus
1900 4045 1967 4100 de
1996 4062 2111 4101 ca:-

542 4135 597 4188 lo
622 4135 899 4203 prospexit
919 4150 1079 4204 super
1104 4135 1244 4190 ﬁlios
1270 4135 1572 4198 hominum,
1599 4144 1659 4189 ut
1686 4136 1860 4190 videat
1888 4154 2016 4192 num
2045 4140 2116 4194 sit

548 4222 875 4292 intelligens,
911 4232 1005 4277 aut
1050 4225 1333 4294 requirens
1371 4223 1565 4291 Deum,
1603 4245 1620 4277 ι
1668 4225 1905 4283 humano
1964 4245 2114 4284 more

549 4315 723 4381 (iunxit,
760 4317 1053 4372 ostendens
1081 4333 1112 4372 e
1141 4317 1281 4373 ccele
1305 4318 1546 4386 Assyriis
1573 4334 1785 4387 ptenam
1811 4320 2110 4376 immissam

547 4404 740 4461 fuisse.
758 4406 911 4461 Patet
938 4408 1083 4461 enim
1106 4408 1303 4477 ubique
1326 4406 1695 4463 universitatis
1712 4408 1876 4464 Deum
1894 4412 2105 4480 adesse,

623 4542 653 4582 ι
679 4540 815 4598 Gen.
844 4559 1001 4608 xvm,
1040 4544 1131 4608 20,
1176 4543 1265 4598 2L

2189 1933 2444 1987 ταὺτὸν¹⁰
2484 1936 2552 2003 τῇ
2584 1931 2870 2002 δυσσεϐείᾳ
2930 1932 3025 1984 καὶ
3055 1932 3120 2000 τῇ
3160 1928 3257 1982 τοῦ
3280 1928 3395 1998 βίον
3442 1928 3766 1998 παρανομίᾳ

2190 2025 2610 2095 κατεχομένους.
2665 2023 2848 2076 Ἔοικε
2874 2021 3031 2074 τοῦτο
3056 2024 3171 2083 τοῖς
3192 2020 3330 2090 πρὸς
3368 2020 3461 2072 τὸν
3514 2018 3767 2088 Ἀϐραὰμ

2192 2118 2520 2189 εἰρημένοιςο
2551 2134 2569 2166 ε
2598 2114 2826 2186 Κρανγὴ
2852 2113 3100 2183 Σοδόμων
3126 2113 3219 2166 καὶ
3240 2112 3529 2181 Γομόρρας
3556 2108 3766 2177 πεττλὴ-

2195 2215 2383 2267 θυνται
2414 2211 2552 2283 πρός
2595 2226 2682 2281 με,
2730 2210 2824 2262 καὶ
2876 2209 2932 2260 αἱ
2978 2205 3247 2278 ἁμαρτίαι
3298 2204 3481 2258 αὐτῶν
3535 2201 3768 2273 μεγάλαι

2197 2309 2402 2378 σφόδρα
2422 2322 2438 2338 ⁸
2480 2304 2725 2367 καταϐὰς
2749 2298 2842 2357 οὖν
2871 2303 3073 2373 ὄψομαι
3099 2303 3147 2354 εί
3182 2300 3323 2354 κατὰ
3373 2299 3471 2368 τὴν
3518 2300 3766 2367 κραυγὴν

2196 2401 2378 2456 αὐτῶν
2408 2400 2507 2471 τὴν
2531 2398 2838 2470 ἐρχομένην
2867 2397 3003 2467 πρός
3033 2412 3099 2466 με
3131 2392 3512 2446 συντελοῦνται
3536 2393 3601 2443 ¹¹.
3634 2410 3653 2442 ι

2266 2569 2307 2623 δ’
2318 2571 2418 2633 ,ε’.
2482 2588 2500 2620 ι
2531 2569 2665 2638 Οὐχὶ
2712 2567 3009 2637 γνώσονται
3057 2565 3258 2627 πάντες
3310 2564 3356 2615 οἱ
3406 2559 3763 2633 ἐργαζόμενοι

2197 2661 2295 2734 τὴν
2325 2662 2579 2730 ἀνομίαν,
2621 2662 2669 2713 ot
2701 2659 3028 2721 ἑσθίοντεςη
3061 2657 3153 2710 τὸν
3179 2655 3309 2709 λαόν
3340 2672 3440 2724 μου
3471 2656 3531 2706 ὲν
3554 2654 3599 2683 ⁸³
3628 2650 3761 2721 βρώ-

2202 2773 2285 2808 σει
2333 2756 2534 2825 άρτου;
2585 2753 2690 2805 Τὸν
2741 2751 2945 2823 Κύριον
2995 2751 3096 2803 οὐκ
3143 2746 3567 2802 ἐπεκαλέσαντο.
3628 2744 3763 2796 Ἐκεῖ

2202 2847 2507 2902 ὲδειλίασαν
2537 2846 2707 2916 φόϐῳ,
2741 2838 2801 2898 οὗ
2843 2844 2943 2896 οὐκ
2977 2838 3044 2913 ἦν
3083 2841 3334 2910 (9660:“.
3377 2857 3396 2890 ι
3461 2839 3580 2891 Οὐκ
3606 2836 3762 2905 ἡδον-

2201 2941 2425 3011 λήθητε,
2467 2938 2650 3008 φησιν,
2687 2937 2739 2990 οἱ
2782 2933 3217 2996 κατεσθίοντεςη
3270 2931 3504 2985 συνιδεῖν
3554 2928 3759 2981 τόδε¹⁶·

2202 3030 2268 3083 δι’
2302 3029 2530 3098 αὐτῆς¹⁷
2563 3023 2715 3081 οὖν¹⁸
2758 3024 3072 3095 μαθήσεσθε
3121 3023 3232 3076 τῶν
3279 3021 3625 3092 πραγμάτων
3674 3018 3764 3085 τῆς

2130 3151 2173 3210 C
2206 3122 2423 3192 πείρας,
2454 3120 2530 3182 ὡς
2558 3119 2658 3173 οὐκ
2688 3118 2841 3171 ἔσται
2864 3119 2905 3150 ¹⁹
2940 3118 3067 3186 ὑμῖν
3096 3115 3367 3176 εὐάλωτος
3401 3116 3431 3167 ὁ
3458 3112 3594 3182 ἐμὸς
3625 3110 3761 3171 λαὸς,

2208 3214 2329 3267 οὐδὲ
2382 3211 2634 3278 καθάπερ
2684 3210 2848 3279 ἄρτον
2895 3209 3017 3261 τινὰ
3070 3206 3386 3275 ἐσθιόμενον
3438 3204 3761 3270 δαπανήσετε

2209 3307 2391 3367 αὐτὸν,
2419 3305 2518 3374 τῆς
2543 3305 2683 3374 ὲμῆς
2712 3299 3055 3371 προμηθείας
3088 3296 3576 3369 καταφρονοῦντες.
3608 3292 3767 3346 Τοῦτο

2210 3399 2320 3469 γάρ
2348 3397 2531 3464 λέγει·
2572 3412 2590 3446 ι
2624 3393 2727 3447 Τὸν
2754 3391 2961 3464 Κύριον
2985 3391 3086 3444 οὐκ
3122 3389 3543 3443 ἐπεκαλέσαντο.
3581 3403 3599 3435 ι
3643 3378 3762 3435 05”

2211 3491 2392 3563 χάριν,
2417 3493 2466 3543 οἱ
2493 3487 2664 3551 ἁδεῶς
2698 3485 3084 3556 φθεγγόμενοι,
3119 3485 3217 3537 καὶ
3246 3481 3451 3553 μηδένα
3478 3478 3764 3549 δειμαίνονο

2210 3600 2323 3649 τες,
2359 3582 2512 3651 φόὸῳ
2558 3580 2653 3633 καὶ
2698 3577 2873 3648 δειλίᾳ
2906 3573 3308 3645 περιπεσεῖσθε,
3351 3572 3449 3625 καὶ
3493 3571 3573 3632 εἰς
3605 3566 3764 3637 φυγὴν

2209 3672 2583 3745 τραπήσεσθε,
2637 3668 2863 3742 μηδενὸς
2908 3668 3016 3721 τῶν
3064 3666 3366 3737 ἀνθρώπων
3410 3660 3760 3730 δεδιττομένου

2211 3785 2272 3820 τε
2324 3768 2418 3819 mi.
2471 3766 2777 3826 διώκοντος.
2831 3762 2999 3817 Τοῦτο
3044 3761 3152 3831 γάρ
3198 3759 3398 3828 δηλοῖἰ
3446 3757 3540 3809 τό·
3598 3753 3763 3805 «Ἐκεῖ

2213 3860 2515 3914 ἐδειλίασαν
2546 3860 2715 3930 φόϐῳ,
2737 3851 2798 3911 οὗ
2824 3859 2925 3912 οὒκ
2953 3852 3020 3926 ἦν
3051 3853 3231 3922 φόϐος.
3262 3871 3280 3903 ι
3316 3850 3392 3903 Τὸ
3424 3849 3538 3901 δέ²¹
3557 3864 3570 3877 ⁸
3607 3865 3624 3897 ί
3642 3846 3758 3911 Οἶδκῖ
3848 3902 3850 3907 .

2214 3951 2511 4020 γνώσονται
2564 3952 2766 4014 πάντες
2819 3953 2868 4003 οἱ
2917 3946 3273 4015 ἐργαζόμενοι
3322 3942 3421 4011 τὴν
3468 3938 3706 4007 ἀνομίαν,
3740 3955 3755 3986 ι

2214 4045 2336 4098 καθ’
2366 4044 2711 4115 ὑπόκρισιν²³
2752 4040 3145 4110 ἀναγνωστέον.
3201 4036 3274 4089 Τὸ
3306 4034 3395 4086 δέ’
3435 4051 3453 4084 ι
3491 4033 3550 4085 '0
3582 4030 3759 4100 Κύριος

2214 4139 2278 4189 ὲκ
2304 4136 2398 4188 τοῦ
2435 4136 2669 4207 οὐρανοῦ
2702 4134 2954 4203 διέκυψεν
2986 4131 3078 4184 ἐπὶ
3102 4129 3228 4191 τοὺς
3258 4128 3409 4189 υἱοὺς
3441 4125 3548 4177 τῶν
3576 4120 3759 4190 ἀνθρώ-

2214 4229 2419 4292 πωννδ,
2467 4226 2559 4282 τοῦ
2613 4228 2738 4279 ἰδεῖν
2791 4227 2842 4278 εἰ
2896 4226 3011 4277 ἐστι
3076 4219 3272 4274 συνιὼν
3317 4219 3351 4286 ἢ
3403 4214 3639 4285 ἐκζητῶν
3682 4210 3759 4262 τὸν

2214 4321 2427 4383 Θεὸν²⁸,
2460 4339 2478 4372 ι
2531 4318 2881 4391 ἀνθρωπίνως
2919 4313 3255 4385 ἐσχημάτισε
3278 4348 3294 4373 ,
3341 4308 3559 4369 δεικνὺς
3581 4304 3648 4365 ὡς
3682 4302 3758 4353 05-

2217 4414 2441 4486 ρανόθεν
2467 4411 2774 4482 Ἀσσυρίοις
2811 4410 2912 4479 τὴν
2938 4406 3208 4477 τιμωρίαν
3236 4399 3577 4470 κατέπεμψε.
3618 4393 3757 4464 Δῆλον

1648 4692 1878 4747 VARIAS
1918 4692 2294 4748 LECTIONES
2329 4691 2418 4747 ET
2456 4689 2687 4747 NOTAE.

621 4830 642 4904 τ
675 4827 1090 4904 ΒίοςΞ-Ειιδεὺίο
1114 4831 1328 4904 quidem
1359 4842 1464 4894 est,
1486 4844 1545 4887 nt
1569 4844 1741 4888 totum
1777 4834 2054 4887 hominum
2085 4849 2255 4903 genus
2282 4833 2424 4888 dicat
2449 4833 2560 4902 βίον
2593 4831 2725 4904 (viil.
2757 4831 2949 4887 Montl‘.
2981 4831 3217 4886 Prmlim.
3246 4829 3313 4883 ad
3349 4834 3389 4879 t.
3418 4825 3437 4879 1
3470 4823 3755 4904 (Ξοῐιιηοτιε

548 4899 653 4953 PP.
686 4915 744 4976 p._
776 4899 889 4969 58},
916 4915 1016 4976 nec
1044 4894 1250 4976 abfhoc
1277 4905 1395 4958 loco
1434 4906 1645 4976 alienus
1670 4914 1753 4976 est
1777 4905 1876 4957 iste
1917 4894 2253 4976 signiﬁcatus
2280 4923 2291 4957 :
2323 4894 2518 4976 nollem
2578 4894 2759 4976 tamen
2805 4919 2869 4976 ex
2921 4904 3026 4976 hoc
3090 4908 3412 4976 argumento
3447 4894 3756 4976 conclpderg

554 4963 700 5043 pune
732 4963 1181 5043 locu:m_Eusebio
1229 4988 1349 5028 esse
1400 4975 1809 5035 vindicandum,
1844 4963 1996 5027 cum"
2019 4978 2133 5028 haec
2176 4975 2551 5043 interpretatio
2588 4973 2679 5026 vix
2721 4974 2880 5027 cadat
2933 4973 2986 5026 in
3040 4963 3203 5043 verba
3234 4971 3341 5043 ista
3374 4966 3578 5043 guttai?)
3616 4963 3757 5042 λοξπιῖθ

554 5039 673 5110 βίῳ,
704 5040 903 5112 quaajn
934 5038 1192 5112 hoc_ipso
1227 5043 1346 5098 loco
1376 5044 1535 5097 obvia
1590 5054 1739 5100 sunt.
1814 5045 1835 5075 ⁸
1858 5044 1912 5096 ln
1949 5044 2151 5097 Catena
2182 5038 2364 5098 nostra
2418 5055 2720 5112 sequuntur
2761 5059 2883 5112 quae
2927 5041 3070 5111 apud
3106 5040 3268 5112 Cord.
3295 5054 3353 5112 p._
3378 5038 3760 5112 2£§,__pr0§im0

553 5108 673 5181 post
702 5108 960 5181 hwcploco
992 5126 1020 5163 e
1044 5108 1273 5181 Didymo
1302 5114 1460 5166 allata
1495 5122 1641 5169 sunt.
1678 5116 1878 5168 Eorum
1911 5124 2088 5166 tamen
2108 5130 2173 5166 ne
2195 5115 2414 5168 minima
2442 5108 2657 5181 quidem
2686 5108 2811 5181 pars
2840 5108 3018 5167 exstat
3044 5113 3181 5179 apud
3215 5109 3379 5181 Cord.

3458 5110 3478 5139 ⁹
3509 5107 3617 5161 11οο
3641 5104 3755 5159 loco,

555 5169 613 5254 ut
648 5178 701 5254 in
738 5178 1050 5254 cod.__Alex_.
1084 5169 1291 5254 etEdit.
1330 5185 1452 5236 Ald.
1484 5200 1546 5237 ac
1570 5185 1813 5254 Compl.,_
1833 5184 2033 5237 omissa
2075 5193 2201 5237 sunt
2223 5200 2343 5250 quae
2377 5186 2430 5237 in
2461 5169 2589 5238 eod.
2618 5169 2786 5239 Va'tic.
2814 5169 3133 5254 sequuntur,
3174 5180 3460 5254 Idpoe—
3487 5169 3749 5254 ὀφθαλεξῶν

553 5247 767 5324 αὐτῶν,
788 5247 990 5317 quibus
1025 5251 1330 5306 inserendis
1360 5242 1727 5308 occasioncm‘
1752 5242 1899 5308 dctlit
1936 5255 2085 5308 locus
2110 5255 2163 5306 in
2204 5242 2375 5322 Epist.
2427 5256 2493 5307 ad
2542 5254 2699 5306 ltom.
2746 5270 2832 5324 ιιι,
2856 5242 3058 5324 13-18.
3087 5242 3751 5324 ln_lleitaploautemnllicc

558 5333 667 5371 non
694 5317 865 5393 fuisse
892 5328 1124 5393 testatur
1148 5323 1397 5393 scholion
1429 5325 1573 5392 quod
1606 5325 1658 5377 in
1696 5324 1824 5377 edit.
1864 5324 2021 5376 Rom.
2065 5325 2130 5377 ad
2174 5324 2225 5378 h.
2251 5317 2295 5377 'l.
2331 5324 2546 5393 legitur.
2596 5324 2753 5377 Conl'.
2791 5323 3017 5378 Hieron.
3050 5323 3104 5375 in
3153 5320 3312 5374 Praef.
3340 5322 3407 5372 all
3440 5319 3478 5370 l.
3507 5317 3754 5393 “itioni-

1145 5391 1187 5422 ¹⁰
1216 5395 1338 5447 cod.
1373 5391 1559 5446 ταντό.

894 5458 938 5490 ³¹
969 5461 1093 5515 cod.
1127 5462 1179 5525 1,
1214 5463 1249 5514 2
1287 5464 1687 5526 κατεσθίοντες.

560 5396 731 5442 ment.
760 5388 814 5443 in
846 5388 1063 5443 Isaiam.

757 5459 782 5471 ς,

560 5460 649 5511 ἵνα
678 5460 814 5527 γνῶ.

1666 5396 1704 5425 ¹¹
1732 5393 2096 5448 Συντελοῦντ

2218 5377 2346 5447 cod.
2372 5377 2410 5446 tu
2434 5393 2600 5456 addit,
2638 5410 2759 5461 quae
2802 5395 2838 5448 l.
2873 5377 2937 5447 7c.
2974 5411 3025 5446 v.
3074 5392 3136 5444 9.1
3179 5400 3503 5461 sequuntur,
3536 5388 3581 5437 εἰ
3608 5382 3656 5434 δὲ
3678 5377 3753 5461 μὴ.

1765 5465 1817 5496 ’λλ
1851 5465 1971 5517 Ἐν.
2008 5463 2176 5517 Abest
2205 5480 2234 5517 a
2257 5465 2378 5517 cod.
2421 5464 2472 5517 5.

2553 5465 2598 5494 ιι
2632 5458 2714 5519 οὗ
2739 5495 2808 5504 _.
2834 5464 3039 5533 φόόος.
3095 5462 3265 5515 Abest
3299 5460 3583 5533 quidem}
3629 5458 3751 5533 εςιξιτ

564 5517 730 5583 Hebr".
762 5529 900 5603 psal.
932 5546 1044 5597 xrv,
1077 5534 1143 5603 5,
1168 5517 1525 5588 ’γεριοιιιιιειη
1570 5552 1599 5588 a
1630 5517 1773 5591 LXX
1804 5535 2186 5603 interpretibus
2225 5534 2524 5603 suppletum
2568 5543 2652 5587 est
2681 5517 2710 5588 ξ)
2749 5517 2869 5589 loco
2903 5517 3179 5603 parallelo.
3212 5517 3490 5603 psai._L_|rI,
3515 5526 3566 5580 6.
3596 5521 3672 5603 ﬂ”
3702 5517 3751 5603 (ξι

567 5602 1009 5674 κατεσθίοντες.
1042 5602 1234 5674 _cod._3
1267 5604 1500 5669 οἴκοθεν,
1534 5620 1629 5674 pro
1661 5604 1893 5659 οἰκόθεν.
1947 5600 2014 5635 ἰθ
2051 5606 2096 5656 γι

2200 5646 2210 5659 .
2237 5600 2396 5657 codd.
2427 5615 2535 5658 tres
2568 5604 2798 5668 August.
2835 5600 3056 5674 ct’tnnts
3087 5602 3232 5656 Flor.
3261 5602 3322 5674 τὸ
3352 5600 3491 5674 ῥέον,

567 5669 601 5720 ὅ
630 5670 831 5724 αὐτῶν.
909 5673 953 5705 ⁸⁸
987 5668 1129 5727 Οὗν.
1170 5672 1339 5729 Abest
1368 5676 1436 5727 ab
1468 5668 1721 5729 omnibus
1760 5676 1921 5730 codd.
1966 5674 2190 5728 nostris.

566 5739 611 5769 "
646 5742 766 5815 eod.
873 5743 1194 5815 r:apa_6n).oi.
1271 5747 1315 5775 "
1343 5744 1417 5797 Τὸ
1450 5745 1538 5809 δὲ,
1564 5763 1617 5798 κ.
1644 5763 1693 5798 τ.
1727 5745 1777 5799 λ.
1805 5744 1927 5799 [hec
1959 5746 2024 5799 ad
2062 5760 2092 5794 v

2203 5745 2491 5813 pertinent.
2567 5744 2612 5774 ’³
2646 5744 2811 5802 Cord.
2847 5761 2901 5815 ι).
2926 5744 3033 5799 244
3064 5743 3180 5797 κατ’
3203 5740 3491 5813 ἐρώτησιν.

3594 5593 3633 5623 ¹⁷
3650 5587 3747 5643 cod.

2836 5655 2883 5706 ίδ
2921 5655 3190 5727 Οὗίιλοιι.
3256 5671 3309 5731 1,
3354 5670 3390 5722 Ξ).
3431 5666 3631 5721 addunt
3679 5655 3746 5722 δή·

2847 5761 2881 5782 n
2926 5744 3033 5782 0).”
3064 5740 3490 5782 vnr'imiit‘nnm-
3562 5735 3604 5765 ⁸³
3642 5721 3751 5782 ἐπὶ

2267 5675 2309 5706 ¹⁹
2344 5675 2465 5728 cod.
2514 5674 2547 5727 5
2605 5673 2741 5728 ἔστι.

573 5809 989 5879 -ἀγθρώπωτᾶ
1020 5809 1143 5870 Des.
1179 5815 1235 5869 in
1262 5816 1384 5870 cod.
1414 5817 1462 5869 1.
1530 5819 1574 5849 ²⁶
1606 5818 1763 5870 Ἦ-
1799 5817 1962 5872 θεὸν.
2010 5817 2096 5870 De:

2200 5809 2217 5869 ί
2242 5815 2401 5871 codd.
2427 5816 2648 5871 nostris.
