3850 6534
502 338 608 402 955

1494 336 1982 401 THEODORETI
2015 328 2357 394 EPISCOPI
2425 333 2793 394 CYRENSIS
3628 340 3711 403 956

502 452 719 519 qualem
753 452 896 506 hunc
916 465 1039 506 esse
1089 450 1364 515 convenit,
1397 457 1450 503 et
1488 450 1689 519 quibus
1738 449 1935 505 studiis
1984 447 2060 501 uti

2175 446 2425 518 ιδρεύειν,
2472 448 2566 500 καὶ
2594 446 2652 499 ἐν
2688 448 2754 516 τῇ
2806 444 2960 498 πόλει
3008 443 3271 514 βιοτεύειν
3302 447 3372 515 τῇ
3408 448 3515 516 aii;
3560 448 3720 503 ὁποῖον

503 559 604 611 par
661 553 745 598 est
766 544 789 597 ?
810 545 941 597 Nam
972 541 1373 597 tabernaculum
1407 542 1500 596 Dei
1532 543 1789 610 templum
1812 540 2066 611 appellat,

506 643 736 688 montem
779 651 911 689 vero
941 644 1179 689 sanctum
1214 634 1667 705 Hierosolymam.
1694 632 1830 688 Cum
1865 633 1947 688 sic
1987 633 2071 686 in-

504 737 857 797 terrogasset,
895 727 1305 797 responsionem
1342 726 1597 796 subjicit:

576 905 741 961 Vens.
770 905 824 959 2.
857 925 875 957 ι
911 905 1013 972 Qui
1049 903 1354 974 ingreditur
1379 903 1499 959 sine
1530 901 1768 968 macula,
1790 909 1846 957 et
1871 916 2069 971 opera-

503 1009 594 1053 tur
630 998 924 1069 justitiam.
960 1018 979 1050 ι
1036 997 1279 1066 Oportet,
1314 998 1332 1018 ‘
1360 994 1554 1065 inquit,
1610 994 1769 1049 talem
1800 1009 1923 1048 esse
1984 1008 2072 1048 cx-

499 1099 705 1162 pertem
743 1091 979 1152 malitize.
1005 1098 1059 1144 et
1088 1092 1156 1142 ab
1180 1088 1331 1142 omni
1359 1089 1786 1158 reprehensione
1808 1087 2063 1150 liberum,

502 1196 829 1251 omnemque
862 1180 1118 1234 virtutem
1152 1178 1397 1234 studiose
1424 1179 1750 1234 consectari.
1784 1177 2069 1233 Justitiam

499 1273 644 1326 enim
680 1271 767 1324 hic
792 1270 1084 1341 perfectam
1116 1271 1372 1325 virtutem
1426 1272 1690 1337 nominat,
1729 1271 1888 1341 cujus
1945 1286 2069 1341 spe-

501 1365 615 1420 cies
642 1364 833 1419 sedulo
864 1371 1171 1419 enumerat.

569 1454 732 1510 Vens.
768 1454 822 1508 5.
860 1472 878 1505 ‹
917 1453 1020 1520 Qui
1053 1454 1299 1524 loquitur
1338 1453 1622 1507 veritatem
1673 1454 1727 1507 in
1755 1453 1918 1508 corde
1942 1468 2065 1519 suo,

496 1546 591 1617 qui
614 1562 725 1601 non
779 1546 914 1602 fovit
942 1547 1130 1602 dolum
1164 1548 1220 1601 in
1256 1546 1441 1617 lingua
1473 1562 1595 1607 sua,
1643 1561 1745 1601 nec
1774 1545 1902 1602 fecit
1941 1562 2068 1616 pro-

497 1640 646 1694 ximo
678 1655 778 1694 suo
811 1640 1037 1693 malum.
1077 1658 1096 1690 ι
1129 1637 1265 1692 Nam
1317 1654 1424 1692 non
1476 1646 1685 1692 tantum
1736 1639 1974 1709 linguam
2034 1653 2065 1693 a
2114 1692 2117 1695 .

498 1732 782 1787 mendacio
810 1747 1001 1802 puram
1027 1732 1229 1786 habere
1251 1731 1404 1785 illum
1429 1740 1662 1800 oportet,
1696 1747 1882 1786 verum
1900 1730 2063 1785 etiam

498 1832 736 1878 mentem
767 1842 779 1878 :
810 1799 847 1878 ᾇ
876 1824 1000 1879 dolo
1034 1833 1214 1879 autem
1247 1833 1300 1879 et
1329 1799 1520 1879 fraude
1566 1822 1782 1892 penitus
1826 1823 2062 1876 alienum
2094 1799 2138 1853 Β

496 1930 638 1979 esse,
673 1924 732 1969 ut
770 1916 889 1985 ipse
949 1916 1159 1969 nullum
1218 1915 1481 1970 damnum
1541 1915 1788 1983 proximo
1844 1912 2062 1969 inferat.

496 2005 801 2061 Admodum
828 2015 1194 2077 congruenter
1224 2021 1351 2061 vero
1381 2005 1563 2061 cordis
1617 2004 1851 2074 primum
1914 2019 2066 2058 men-

498 2097 699 2151 tionem
733 2095 885 2161 l‘ecit,
916 2096 1113 2152 deinde
1159 2098 1377 2167 linguae,
1409 2104 1464 2151 et
1510 2095 1726 2150 tandem
1782 2095 2012 2150 actionis
2047 2114 2060 2151 :

497 2204 634 2259 opus
658 2188 801 2244 enim
828 2190 1081 2259 praecedit
1104 2205 1307 2255 sermo,
1330 2203 1642 2246 sermonem
1673 2197 1854 2244 autem
1886 2204 2062 2244 mens.

502 2298 521 2331 ι
559 2279 627 2334 Et
648 2280 1000 2350 0pprohriutn
1059 2296 1167 2334 non
1208 2280 1415 2350 accepit
1471 2280 1733 2335 adversus
1786 2280 2067 2350 proximos

497 2386 648 2427 suos.
688 2392 707 2425 ι
753 2372 810 2427 Si
854 2388 985 2427 vero
1043 2373 1209 2443 aliqui
1256 2374 1311 2428 in
1363 2373 1725 2428 calamitatem
1772 2372 2064 2443 quamdam

496 2463 807 2529 inciderint,
837 2465 1066 2520 irridere
1108 2474 1161 2519 et
1192 2465 1457 2520 insultare
1480 2480 1589 2520 non
1622 2465 1778 2520 decet
1810 2483 1823 2518 :
1878 2480 2064 2520 verum

495 2556 678 2625 potius
708 2557 983 2612 maestitia:
1018 2557 1339 2626 participem
1385 2572 1526 2623 esse,
1586 2556 1894 2612 secundum
1923 2558 2069 2628 Apo-

494 2649 619 2705 stoli
644 2649 814 2720 legem
845 2661 905 2714 ιιι,
938 2664 1061 2719 quae
1087 2649 1241 2719 jubet
1264 2649 1449 2720 lugere
1477 2665 1601 2704 cum
1626 2650 1958 2720 lugentibus.

567 2740 732 2798 Vsus.
764 2743 819 2796 4.
861 2760 880 2794 ι
925 2742 1005 2796 Ad
1037 2742 1268 2796 nihilum
1312 2742 1567 2798 redactus
1611 2752 1695 2798 est
1741 2743 1794 2797 in
1834 2758 2065 2814 conspe-

494 2844 583 2890 ctu
621 2836 741 2905 ejus
773 2835 1068 2906 malignus.
1104 2853 1122 2886 ι
1162 2834 1367 2905 Siquis
1416 2850 1545 2890 vero
1577 2836 1819 2906 iniquam
1843 2837 2067 2907 elegerit

492 2927 681 2991 vitam,
724 2927 871 2983 hunc
901 2927 1274 2983 miserrimum
1334 2942 1581 2993 censeas,
1627 2929 1753 2984 licet
1808 2928 2064 2983 secundis

495 3018 674 3073 ventis
728 3018 961 3082 feratur,
1021 3033 1291 3073 summam
1349 3019 1558 3075 habens
1624 3021 2060 3090 prosperitatem.

495 3111 766 3177 Quoniam
798 3110 945 3164 enim
968 3111 1261 3180 opprobria
1293 3110 1502 3180 rejecit,
1536 3112 1700 3182 687
1736 3112 1931 3167 merito
1960 3113 2066 3167 hoc

493 3203 765 3273 apposuit,
796 3202 1061 3257 bonorum
1096 3201 1345 3257 virorum
1378 3212 1433 3257 et
1468 3205 1737 3258 malorum
1770 3204 2064 3260 discrimen

495 3299 702 3353 docens
735 3314 750 3350 :
786 3313 805 3347 ι
842 3294 1119 3350 Timentes
1143 3304 1327 3349 autem
1380 3293 1671 3349 Dominum
1718 3296 2004 3366 gloriﬁcat.
2038 3315 2057 3347 ι

495 3388 651 3442 l’ium
689 3394 871 3441 autem
902 3393 987 3440 est
1010 3399 1105 3440 eos
1134 3384 1444 3453 observare,
1476 3394 1639 3455 atque
1665 3385 1815 3440 omni
1838 3400 2065 3439 venera-

496 3484 645 3537 tione
674 3489 726 3534 et
749 3479 957 3534 honore
990 3477 1185 3549 dignos
1224 3486 1417 3548 putare
1442 3478 1537 3548 qui
1572 3493 1665 3533 res
1692 3477 1909 3533 divinas
1952 3478 2065 3548 plu-

497 3575 623 3630 rimi
673 3575 898 3629 faciunt.

571 3687 590 3719 ι
621 3667 725 3733 Qui
758 3667 908 3736 jurat
934 3667 1189 3737 proximo
1218 3706 1233 3729 ,
1276 3677 1330 3719 et
1363 3681 1470 3721 non
1492 3664 1715 3734 decipit.
1756 3663 1946 3737 [νειιε.
1971 3664 2060 3736 5.]

494 3758 600 3826 Qui
621 3759 908 3829 pecuniam
933 3773 1087 3813 suam
1114 3773 1225 3812 non
1251 3757 1401 3812 dedit
1431 3756 1496 3811 ad
1529 3772 1773 3823 usuram,
1799 3766 1854 3812 et
1874 3773 2066 3813 mune-

496 3868 557 3907 ra
595 3863 790 3907 contra
828 3851 1146 3907 innocentes
1189 3866 1294 3906 non
1338 3849 1568 3919 accepit.
1604 3868 1621 3900 ι
1674 3847 2062 3919 Jusjurandum

496 3945 711 4015 quidem
745 3945 943 3999 veritas
976 3944 1296 4009 conlirmet,
1327 3951 1383 3997 et
1418 3957 1550 4013 opes
1577 3940 1802 3996 avaritia
1840 3958 1947 3997 non
1983 3943 2066 3997 in-

493 4041 719 4109 quinet:
759 4037 919 4093 fenus
948 4047 1129 4092 autem
1166 4035 1330 4105 hujus
1367 4042 1452 4089 est
1490 4034 1721 4103 species.
1750 4032 1855 4100 Qui
1883 4042 2064 4090 autem

487 4131 699 4201 judicat
722 4171 738 4196 ,
772 4144 1000 4184 munera
1046 4143 1156 4182 non
1197 4126 1458 4197 accipiat,
1491 4135 1546 4181 et
1583 4140 1775 4196 puram
1806 4141 1837 4180 a
1869 4140 2063 4180 mune-

493 4220 646 4273 ribus
673 4219 998 4274 sententiam
1028 4217 1292 4289 proferat.
1324 4217 1461 4272 Nam
1490 4232 1775 4271 munerum
1820 4217 2065 4287 acceptio

489 4311 761 4381 justitiam
793 4310 1112 4380 corrumpit.
1150 4328 1168 4361 ι
1198 4309 1302 4376 Qui
1334 4308 1465 4364 facit
1497 4309 1613 4363 haec
1637 4351 1652 4375 ,
1686 4325 1797 4363 non
1826 4308 2067 4363 movebi-

494 4414 585 4459 tur
622 4404 677 4458 in
706 4412 990 4458 atternum.
1031 4421 1051 4454 ι
1104 4401 1282 4473 Hujus
1317 4413 1497 4457 autem
1537 4402 1752 4457 virtutis
1781 4401 2065 4471 praemium

2172 533 2311 593 εἶναι
2343 539 2532 591 τοῦτον
2563 537 2864 609 προσήκεις
2906 537 3083 600 ποίοις
3111 538 3510 608 ἐπιτηδεύμασι
3548 555 3725 611 κεχρη.

2174 630 2368 700 μένον;
2421 629 2712 698 Σκήνωμα
2755 630 2863 700 γὰρ
2905 628 2997 681 τὸν
3038 628 3133 682 τοῦ
3167 627 3299 681 Θεοῦ
3340 632 3723 700 προσαγορεύει

2170 722 2324 775 ναόν·
2356 721 2493 789 ὄρος
2522 721 2580 775 δὲ
2612 722 2806 790 ἅγιον,
2837 720 2937 792 τὴν
2969 720 3343 793 Ἰερουσαλήμ.
3394 720 3554 775 υῦτω
3582 726 3729 779 πυθό-

2173 830 2332 883 μενος
2359 813 2574 883 δέχεται
2598 813 2697 885 τὴν
2720 813 3012 884 ἀπόκρισιν
3032 830 3046 845 ’

2242 904 2306 976 β’.
2353 926 2372 958 ι
2406 906 2779 977 Πορευόμενος
2825 908 3076 978 ἄμωμος,
3118 909 3213 961 καὶ
3255 907 3623 979 ἐργαζόμενος
3658 911 3725 964 διο

2170 996 2483 1070 καιοσύνην.
2515 1017 2536 1051 )
2568 1000 2681 1066 Δεῖ,
2708 1000 2860 1069 φησὶ,
2886 1000 2978 1053 τὸν
3005 1000 3245 1054 τοιοῦτον
3272 999 3620 1072 ἀπηλλάχθαι
3641 1020 3726 1055 και

2169 1090 2313 1155 κίας,
2361 1092 2455 1145 καὶ
2490 1090 2685 1162 μώμου
2714 1092 2915 1154 παντὸς
2943 1092 3223 1164 ἐλεύθερον
3270 1090 3437 1158 εἶναι,
3480 1094 3653 1148 πᾶσαν
3677 1096 3724 1149 δὲ

2168 1182 2369 1252 ἀρετὴν
2415 1182 2692 1252 ἐπιμελῶς
2728 1183 2990 1253 μετιέναι.
3043 1184 3154 1255 Τὴν
3205 1184 3315 1256 γάρ
3341 1184 3726 1254 δικαιοσύνην

2169 1273 2402 1329 ἐνταῦθα
2433 1275 2535 1347 τὴν
2562 1274 2776 1330 τελείαν
2806 1277 3011 1349 ἀρετὴν
3041 1278 3328 1349 ὀνομάζει·
3382 1278 3582 1349 ἀμέλει
3615 1281 3725 1333 ταύ-

2166 1384 2265 1439 της
2290 1368 2359 1421 τά
2385 1369 2499 1439 εῐδη
2532 1369 2774 1436 διέξεισι.

2236 1468 2305 1528 γ’.
2371 1480 2390 1513 ι
2435 1460 2628 1515 Λαλῶν
2659 1459 2919 1531 ἀλήθειαν
2954 1463 3013 1515 ἐν
3057 1461 3253 1534 καρδία
3292 1462 3472 1516 αὐτοῦ
3498 1478 3513 1493 ·
3561 1463 3617 1526 ὃς
3643 1464 3726 1519 οὒκ

2167 1552 2425 1606 ἐδόλωσεν
2475 1554 2535 1606 ἐν
2583 1553 2805 1626 γλώσσῃ
2851 1552 3039 1616 αὑτοῦ,
3090 1553 3183 1607 καὶ
3241 1554 3341 1608 οὐκ
3391 1556 3619 1626 ἐποίησε
3662 1558 3728 1625 τῷ

2167 1643 2395 1715 πλησίον
2426 1642 2589 1697 αὐτοῦ
2633 1643 2803 1698 κακόν
2821 1643 2885 1700 ⁸³.
2930 1664 2950 1696 ι
3006 1644 3129 1715 Χρὴ
3161 1644 3270 1716 γὰρ
3314 1646 3487 1699 αὑτὸν
3522 1645 3727 1716 ψεύδους

2170 1736 2267 1806 μὲν
2298 1734 2589 1806 ἐλευθέραν
2622 1735 2766 1805 ἔχειν
2819 1736 2892 1806 μὴ
2930 1736 3087 1806 μόνον
3139 1736 3238 1807 τὴν
3293 1737 3573 1804 γλῶτταν,
3611 1738 3726 1792 am

2167 1830 2263 1881 καὶ
2290 1829 2461 1900 αὐτὴν
2489 1826 2587 1899 τὴν
2615 1829 2855 1882 διάνοιαν
2877 1845 2890 1859 ο
2943 1829 3097 1882 δόλου
3125 1829 3183 1881 δὲ
3216 1831 3307 1883 καὶ
3339 1831 3579 1900 διπλόης
3606 1849 3724 1883 παν-

2165 1920 2337 1983 τελῶς
2369 1920 2715 1991 ἀπηλλάχθαι
2741 1937 2754 1950 ·
2791 1920 2928 1974 ὥστε
2959 1921 3228 1992 μηδεμίαν
3257 1923 3388 1993 παρ’
3420 1924 3585 1976 αὐτοῦ
3615 1924 3722 1993 βλά-

2167 2012 2267 2083 ϐην
2295 2014 2374 2075 εἰς
2402 2012 2493 2065 τὸν
2524 2012 2692 2076 πέλας
2723 2018 2939 2084 χωρεῖν.
2977 2014 3138 2067 Μάλα
3167 2015 3226 2067 δὲ
3256 2014 3577 2079 ἀκολούθως
3607 2033 3722 2085 καρ-

2164 2102 2283 2167 δίας
2317 2104 2694 2174 ἐμνημόνευσε
2740 2104 2978 2176 πρῶτον,
3026 2101 3142 2159 εἶτα
3174 2106 3447 2179 γλώττης,
3498 2108 3591 2160 καὶ⁵
3618 2108 3720 2161 τότε

2166 2195 2264 2264 τῆς
2292 2194 2544 2265 πράξεως
2572 2210 2585 2224 ⁸
2636 2194 2798 2265 ἔργου
2828 2195 2938 2265 γὰρ
2965 2196 3182 2265 ἡγεῖται
3215 2196 3397 2263 λόγος,
3444 2196 3602 2264 λόγου
3628 2197 3677 2249 δὲ
3701 2200 3724 2249 ὁ

2166 2286 2311 2349 νοῦς.
2356 2305 2374 2337 ι
2408 2286 2515 2339 Καὶ¹
2538 2286 2838 2357 ὀνειδισμὸν
2858 2288 2956 2341 οὐκ
2985 2288 3175 2342 ἔλαϐεν
3200 2290 3291 2341 ἐπὶ
3312 2292 3432 2353 τοῖς
3450 2290 3497 2321 ⁸³
3523 2290 3722 2358 ἔγγιστα

2167 2376 2356 2431 αὑτοῦ.
2390 2397 2408 2429 ι
2454 2378 2516 2431 Εἰ
2547 2379 2604 2431 δὲ
2635 2379 2730 2432 καί
2756 2396 2862 2432 τινι
2900 2383 3158 2451 συμφορᾷ
3193 2399 3336 2444 τινες
3366 2382 3721 2452 περιπέσοιεν,

2166 2470 2549 2540 ἐπικερτομεῖν
2596 2471 2655 2523 ού
2700 2471 2782 2523 δεῖ
2838 2472 2933 2525 καὶ
2965 2473 3342 2539 ἐπεμϐαίνειν,
3375 2474 3520 2526 ἀλλά
3548 2475 3721 2544 μᾶλλον

2167 2563 2443 2616 κοινωνεῖν
2470 2563 2571 2631 τῆς
2599 2562 2857 2633 ἀθυμίας,
2884 2562 3026 2617 κατὰ
3043 2563 3134 2616 τὸν
3159 2565 3529 2619 ἁποστολικὸν
3557 2566 3719 2636 νόμον,

2166 2654 2258 2707 τὸν
2284 2655 2684 2726 παρεγγυῶντα
2717 2656 2927 2709 κλαίειν
2965 2660 3102 2726 μετά
3138 2657 3463 2713 κλαιόντων.

2234 2747 2298 2801 δ’.
2363 2766 2382 2799 ‹
2423 2747 2809 2812 Ἐξουδένωται
2864 2748 3095 2802 ἐνώπιον
3142 2750 3305 2804 αὐτοῦ
3354 2752 3534 2815 πᾶς⁶⁸
3579 2770 3719 2821 πονη-

2170 2840 2480 2911 ρευόμενος.
2514 2859 2532 2891 ι
2580 2842 2643 2893 Εἰ
2670 2840 2726 2894 δέ
2756 2858 2842 2904 τις
2857 2841 2902 2872 ⁸⁵
2934 2842 3026 2896 τὸν
3055 2842 3370 2914 παράνομον
3394 2846 3573 2898 ἕλοιτο
3605 2844 3717 2915 βίον,

2164 2933 2352 2986 τοῦτον
2386 2931 2624 3004 ἡγείσθω
2653 2933 2983 3003 τρισάθλιον,
3032 2936 3135 2987 κᾶν
3177 2934 3237 2999 ἐξ
3279 2915 3721 3008 ούρίων’φέρηται

2164 3025 2263 3097 τὴν
2304 3026 2480 3097 ἄκραν
2526 3024 2666 3096 ἔχων
2696 3026 3018 3096 εὐημερίαν.
3068 3027 3283 3096 Ἐπειδὴ
3312 3030 3425 3099 γὰρ
3460 3030 3521 3081 τὸ
3558 3030 3720 3082 ὀνειδί-

2167 3117 2279 3180 ζειν
2303 3117 2576 3183 ἐξέϐαλεν,
2603 3118 2828 3180 εἰκότως
2845 3120 2890 3150 ⁸⁵
2910 3117 3067 3171 τοῦτο
3090 3120 3504 3190 προστέθεικεν,
3526 3122 3720 3189 ἀγαθῶν

2166 3212 2382 3282 ἀνδρῶν
2414 3213 2509 3265 καὶ
2541 3213 2728 3266 κακῶν
2772 3213 3037 3267 διδάσκων
3080 3215 3349 3287 διαφοράν
3372 3231 3387 3248 ο
3449 3237 3469 3269 ε
3503 3218 3635 3281 Τοὺς
3673 3218 3719 3271 δὲ

2168 3304 2543 3375 φοϐουμένους
2570 3304 2662 3357 τὸν
2707 3304 2915 3375 Κύριον
2958 3306 3191 3373 δοξάζει.
3226 3328 3244 3360 ι
3294 3308 3635 3374 Ἀπαντας⁶⁷
3670 3309 3718 3362 δὲ

2165 3398 2292 3459 τοὺς
2317 3397 2446 3465 περὶ
2475 3395 2669 3449 πολλοῦ
2702 3396 2769 3449 τὰ
2800 3397 2917 3449 θεῖα
2946 3398 3306 3467 ποιουμένους
3345 3399 3531 3453 σέϐειν
3573 3401 3715 3464 ὅσιον,

2168 3488 2263 3541 καὶ
2292 3488 2473 3558 πάσης
2501 3488 2686 3553 ἀξιοῦν
2716 3488 2899 3552 αἰδοῦς
2933 3491 3027 3542 καὶ
3053 3489 3245 3561 τιμῆς.

2243 3684 2263 3716 ί
2297 3662 2356 3717 '0
2385 3664 2600 3734 ὀμνύων
2636 3664 2715 3735 τῷ
2754 3665 2982 3734 πλησίον
3026 3667 3215 3732 αὐτοῦ,
3252 3667 3348 3720 καὶ
3375 3669 3481 3723 οὐκ
3514 3668 3713 3722 ἀθετῶν.

2168 3756 2278 3828 [ε’.]
2316 3757 2390 3809 Τὸ
2420 3755 2685 3829 ἀργύριον
2714 3757 2880 3811 αὑτοῦ
2910 3758 3009 3811 οὐκ
3051 3757 3251 3811 ἔδωκεν
3288 3759 3383 3813 ἐπὶ
3419 3761 3596 3831 τόκῳ,
3639 3762 3714 3813 καὶ

2165 3845 2314 3915 δῶρα
2359 3848 2445 3897 ἐπ’
2489 3845 2724 3917 άθρὼοις
2757 3848 2858 3900 οὐκ
2888 3848 3071 3901 ἔλαϐε.
3107 3867 3126 3900 ι
3178 3850 3318 3914 Τοὺς
3351 3850 3453 3921 μὲν
3482 3852 3711 3921 ὄρκουςή

2166 3939 2390 4009 ἀλήθεια
2419 3938 2736 4009 βεϐαιούτω,
2763 3941 2856 3993 καὶ
2877 3940 2975 4012 τὴν
3002 3942 3264 4013 εὐπορίαν
3292 3944 3326 4014 ἡ
3355 3943 3631 4009 πλεονεξία
3653 3946 3713 4014 μὴ

2170 4029 2445 4098 μολυνέτω
2460 4029 2527 4083 ⁸⁸⁸.
2578 4024 2732 4094 Εἶδος
2762 4031 2821 4083 δὲ
2846 4030 3051 4103 ταύτης
3077 4034 3105 4085 ὀ
3150 4034 3332 4098 τόκος.
3374 4037 3710 4109 Ἀδωρότατος

2165 4118 2223 4171 δὲ
2252 4119 2394 4173 έστω
2419 4120 2675 4186 δικάζων,
2711 4122 2806 4175 καὶ
2834 4123 3079 4194 καθαράν
3109 4123 3297 4194 δώρων
3326 4126 3605 4199 ἐκφερέτω
3632 4127 3710 4196 τὴν

2166 4211 2362 4283 ψῆφον.
2396 4214 2462 4266 Ἦ
2490 4214 2598 4283 γὰρ
2628 4214 2921 4286 δωροδοκία
2949 4215 3250 4288 διαφθείρει
3278 4218 3339 4271 τὸ
3366 4219 3590 4275 δίκαιον.
3623 4240 3639 4272 (
3663 4220 3707 4272 Ὀ

2166 4306 2336 4359 ποιῶν
2366 4306 2541 4360 ταῦτα
2569 4307 2631 4360 ού
2659 4306 3052 4377 σαλευθήσεται
3079 4311 3158 4373 είς
3189 4309 3281 4364 τὸν
3315 4311 3508 4367 αἰῶνα.
3540 4332 3558 4365 ι
3589 4312 3708 4365 Τιιύ⁴

2165 4414 2265 4468 της
2305 4398 2363 4452 δὲ
2408 4394 2569 4453 ἆθλον
2617 4400 2718 4469 τῆς
2766 4402 2965 4472 ἀρετῆς
3000 4402 3061 4455 τὸ
3104 4401 3207 4472 τῆς
3239 4402 3394 4469 θείας
3422 4405 3707 4477 ἐπικουρίας

493 4505 597 4562 est,
621 4494 803 4551 divina
829 4510 931 4565 ope
954 4495 1213 4551 continue
1238 4494 1471 4565 perfrui,
1504 4502 1560 4549 et
1586 4495 1642 4549 in
1681 4494 1867 4549 multis
1904 4493 2061 4549 bonis

2175 4490 2429 4560 διηνεκῶς
2479 4491 2797 4557 ἀπολαύειν,
2850 4492 2946 4546 καὶ
2996 4493 3057 4545 ὲν
3102 4492 3321 4558 πολλοῖς
3358 4495 3582 4563 ἀγαθοῖς
3612 4496 3705 4548 δια-

494 4588 733 4660 degere,
773 4597 828 4643 et
878 4597 1138 4642 aeternam
1184 4587 1352 4641 vitam
1389 4595 1730 4656 exspectare.
1783 4586 1909 4640 Haec
1954 4600 2064 4640 non

2165 4584 2346 4653 μένειν
2366 4583 2434 4650 ⁸³,
2481 4586 2576 4637 καὶ
2604 4583 2703 4655 τὴν
2740 4582 2959 4639 αἰώνιον
2991 4586 3322 4657 προσμένειν
3350 4588 3516 4658 ζωήν.
3551 4584 3702 4641 Ταῦτα

493 4682 680 4737 minus
723 4680 882 4736 nobis
934 4695 1097 4751 quam
1156 4680 1396 4751 antiquis
1437 4688 1763 4749 congruunt.
1794 4678 2061 4744 Quoniam

2175 4678 2259 4747 ιύχ
2287 4671 2449 4748 ἦττον
2479 4677 2611 4747 ἡμῖν
2642 4677 2675 4748 ἢ
2710 4680 2823 4740 τοῖς
2852 4677 3021 4733 πάλαι
3047 4678 3309 4749 ἁρμόττει
3333 4695 3349 4710 ⁸
3379 4679 3566 4751 ἐπειδὴ
3592 4679 3701 4749 πρὸς

490 4781 689 4843 praeter
734 4772 1018 4843 antiquam
1064 4772 1239 4843 legem
1280 4775 1445 4829 etiam
1487 4787 1680 4829 novam
1732 4770 2061 4842 accepimus,

490 4876 546 4920 et
573 4865 767 4936 majori
800 4866 974 4937 gratia
1003 4864 1156 4934 potiti
1189 4881 1400 4921 sumus.

856 4962 893 4997 “
918 4978 1188 5033 INTERP.
1231 4977 1483 5033 PSALMI
1518 4978 1637 5034 xv.

563 5067 730 5125 Vens.
769 5071 821 5123 l.
869 5089 887 5121 ι
919 5068 1088 5124 Tituli
1117 5068 1402 5137 inscriptio
1442 5086 1455 5121 :
1494 5070 1747 5125 Psalmus
1782 5067 1994 5123 Davidi.
2035 5087 2051 5119 ι

491 5162 593 5217 Hic
630 5161 844 5217 Domini
889 5172 1124 5216 mortem
1170 5171 1226 5216 et
1274 5162 1730 5218 resurrectionem
1776 5160 2056 5232 praedicit,

564 5292 603 5322 ιι
643 5281 800 5337 Rom.
837 5295 936 5346 xu,
972 5280 1059 5335 15.

2160 4772 2227 4840 τῇ
2274 4770 2478 4841 παλαιᾷ
2526 4770 2621 4823 καὶ
2668 4769 2767 4841 τὴν
2827 4770 3021 4841 καινὴν
3053 4770 3379 4841 νομοθεσίαν
3410 4770 3699 4843 δεδέγμεθα,

2162 4860 2257 4914 καὶ
2293 4861 2541 4932 μείζονος
2570 4862 2791 4931 χάριτος
2822 4863 3223 4933 τετυχήκαμεν.

2496 4976 2759 5031 ΕΡΜΗΝ.
2802 4975 2942 5031 ΤΟΥ
2980 4976 3060 5031 lE'
3091 4979 3425 5035 ΨΑΛΜΟΥ.’

2230 5075 2298 5122 α’.
2345 5086 2363 5118 ‹
2409 5068 2812 5139 Στηλογραφία,
2865 5068 2943 5141 τῷ
2992 5069 3171 5124 Δαϐίδ.
3220 5091 3237 5122 ι
3301 5073 3561 5126 Ἐνταῦθα
3602 5089 3702 5138 πρη-

2167 5162 2420 5232 αγορεύει
2453 5159 2545 5213 τοῦ
2577 5160 2845 5215 Δεσπότου
2878 5161 2941 5215 τὸ
2972 5160 3139 5225 πάθος
3170 5162 3265 5216 καὶ
3297 5163 3395 5234 τὴν
3423 5164 3702 5218 ἀνάστασιν.

1604 5402 1835 5459 νΑιιιιεΕ
1881 5400 2265 5458 LECTIONES
2299 5399 2387 5456 ET
2428 5398 2661 5456 NOTAE.

562 5502 609 5536 “
638 5501 746 5558 Καὶ
782 5532 852 5542 -—
879 5502 1089 5556 κακόν.
1127 5499 1252 5556 Des.
1280 5498 1334 5555 in
1365 5499 1487 5555 cod.
1515 5498 1569 5552 5.

1665 5496 1711 5528 "
1739 5495 1891 5561 Τοῖς.
1924 5494 2045 5551 cod.
2077 5496 2111 5548 5
2134 5494 2279 5555 τούς.

2375 5493 2421 5525 ⁸⁵
2456 5494 2602 5558 Πᾶς.
2634 5493 2799 5547 Abest
2832 5506 2862 5545 a
2897 5493 3018 5546 cod.
3058 5491 3080 5544 l
3125 5500 3179 5545 et
3202 5492 3258 5545 2.
3354 5490 3400 5523 ⁸⁸
3432 5492 3497 5545 Et
3524 5490 3585 5543 δέ
3608 5506 3692 5550 τις,

494 5594 544 5629 κ.
579 5592 632 5629 τ.
671 5574 723 5627 λ.
767 5572 883 5627 Alia
935 5574 1131 5627 horum
1176 5572 1299 5625 loco
1338 5578 1553 5625 exstant
1582 5567 1636 5620 in
1677 5566 1802 5623 cod.
1847 5560 1890 5621 ’3
1927 5566 2061 5621 ascri

2212 5564 2391 5619 Nostri
2432 5573 2486 5617 et
2534 5563 2754 5618 Eusebii
2797 5562 3049 5634 nomine.
3077 5560 3189 5634 ln_c_.
3232 5561 3497 5634 Ἐνταῦθα
3531 5560 3698 5612 ὲπὶὲνὶ

495 5645 808 5715 πράγματι,
832 5662 885 5697 κ.
922 5643 973 5699 λ.
1009 5644 1209 5715 Eadem
1239 5649 1368 5696 sunt
1397 5656 1520 5695 cum
1562 5639 1668 5692 illis
1698 5652 1819 5715 qua}
1849 5632 2144 5715 essta‘u‘t‘in
2176 5635 2736 5715 Eusebiiﬁonuuent.
2780 5634 2845 5715 ad
2883 5633 3091 5715 ili-Ini"
3127 5632 3315 5687 Montf.
3341 5633 3557 5715 Collec‘t.
3588 5644 3694 5715 nova

496 5713 716 5771 Patrum
742 5756 757 5779 ,
798 5724 833 5768 t.
858 5715 898 5777 Ι,
931 5730 983 5782 p.
1014 5713 1104 5768 5i.
1143 5713 1347 5782 Desunt
1380 5719 1559 5782 autem
1591 5724 1693 5782 apti

1768 5707 1931 5761 Cord.
2000 5707 2045 5738 “

2175 5707 2351 5770 εότως.
2393 5706 2552 5759 Αὺιιεῐ
2576 5720 2605 5758 a
2631 5704 2752 5758 cod.
2794 5702 2848 5757 9.
2924 5701 2967 5734 ⁵⁷
2994 5703 3313 5769 Ἃπαντας.
3346 5721 3400 5755 κ.
3431 5720 3479 5755 τ.
3515 5703 3559 5754 λ.
3600 5699 3694 5770 Haec

500 5768 787 5843 Theudoro
816 5768 1126 5841 tribuuntur
1148 5784 1288 5854 apud
1310 5780 1473 5837 (Iord.
1502 5796 1552 5849 ιι.
1580 5768 1704 5833 260.
1766 5780 1808 5811 ⁸⁸
1827 5779 2061 5833 Μολυνέ

2188 5768 2371 5833 cod—2
2392 5775 2669 5829 κωλυέτω.
2732 5772 3273 5843 ³⁹Καί-διαμένει.
3303 5772 3423 5829 Des.
3458 5773 3509 5827 in
3529 5771 3633 5827 cod.
3653 5768 3692 5821 5.
