3850 6530
136 321 233 383 957
1384 337 1388 340 ’
1496 324 1577 384 ΙΝ
1632 325 1689 384 ΡΞ

1792 329 1832 388 ᾖ..
1892 329 2013 390 XV.
3265 340 3371 404 958

134 432 220 488 καὶ
261 428 370 484 τῶν
415 432 501 495 είς
552 435 716 488 αὐτὸν
761 438 1204 490 πεπιστευκότων
1252 435 1353 506 τὴν
1403 435 1689 507 σωτηρίαν.

1803 452 2099 508 eorumque
2117 440 2210 508 qui
2239 440 2293 493 in
2323 440 2475 494 illum
2497 443 2851 500 crediderunt
2871 445 3125 505 salutem.
3150 449 3371 506 Colum-

132 523 280 594 Δηλοῐ
298 522 355 574 δὲ
382 524 419 592 ἡ
448 524 739 598 ἐπιγραφὴ
767 526 907 597 πρὸς
929 528 1006 596 τῷ
1027 527 1242 598 θανάτῳ
1268 527 1363 580 καὶ
1391 527 1490 596 τὴν
1517 527 1695 596 νίκην.

131 615 288 687 Στήλη
332 614 447 687 γὰρ
481 616 548 669 οὗ
604 618 796 688 τάφοις
837 619 1143 673 ἐπιτίθεται
1183 619 1384 690 μόνοις,
1429 618 1568 672 ἀλλὰ
1607 619 1700 672 καὶ

86 730 90 736 ·
127 709 336 762 νικῶσιν
364 708 684 775 ἀνίσταται,
716 712 812 765 καὶ
841 713 1148 782 γράμματα
1175 711 1385 782 δέχεται
1411 711 1513 780 τὴν
1542 710 1700 781 νίκην

125 801 239 864 τοὺς
275 799 625 868 ἀγνοοῦντας
659 803 998 858 διδάσκοντα.
1050 802 1221 857 Τοῦτο
1260 801 1553 873 τοιγαροῦν
1597 820 1698 873 ση-

130 893 355 964 μαίνεικ
381 894 418 962 ἡ
447 893 560 963 τῆς
592 895 997 966 στηλογραφίας
1029 895 1334 966 ἐπιγραφή.

194 1069 477 1134 «Φύλαξόν
525 1089 626 1142 με,
674 1071 870 1146 Κύριε,
902 1074 986 1128 ὅτι
1033 1073 1126 1126 ἐπὶ
1179 1075 1264 1129 σοὶ
1310 1074 1532 1146 ἤλπισα.
1577 1074 1693 1147 [β’.]

125 1159 254 1217 Sim.
278 1161 356 1232 τῷ
385 1162 622 1234 Κυρίῳ,
670 1163 874 1236 Κύριός
906 1183 1008 1236 μου
1040 1160 1091 1219 εῑ
1129 1165 1216 1220 σύ.
1262 1185 1282 1218 ι
1340 1166 1436 1219 Ἐκ
1479 1165 1696 1235 προσὼ-

125 1256 267 1308 που⁸⁸
317 1253 416 1308 τοῦ
462 1255 730 1328 Σωτῆρος
777 1258 992 1329 εἴρηται
1031 1260 1060 1311 ὁ
1088 1257 1336 1328 ψαλμός·
1385 1259 1600 1330 εἴρηται
1638 1259 1696 1313 δὲ

124 1347 246 1401 κατὰ
271 1346 334 1398 τὸ
374 1345 740 1418 ἀνθρώπειον
755 1345 802 1381 ⁸⁸
821 1366 835 1381 ο
872 1348 1063 1422 ὥσπερ
1090 1348 1157 1404 αὖ
1170 1351 1216 1383 ⁸³
1252 1351 1478 1406 τοιαῦτα
1526 1351 1697 1406 πολλὰ

124 1439 205 1492 καὶ
227 1439 283 1491 ἐν
303 1439 419 1501 τοῖς
448 1438 635 1510 ἱεροῖς
661 1439 1014 1509 Εύατγελίοις
1043 1442 1369 1514 εὑρίσκομεν
1400 1458 1416 1474 ο
1459 1441 1696 1498 τοιοῦτόν

122 1533 221 1583 ἐστι
248 1529 337 1582 καὶ
362 1529 426 1584 τό
446 1546 463 1560 ·
509 1549 533 1584 c
564 1531 773 1603 Πάτερ,
799 1534 848 1586 εἰ
887 1533 1130 1601 δυνατὸν,
1165 1535 1485 1606 παρελθέτω
1505 1534 1568 1589 τὺ
1595 1551 1694 1588 πο-

123 1623 285 1692 τήριον
314 1620 477 1675 τοῦτο
503 1624 612 1676 ἀπ’
639 1625 773 1694 ἐμοῦ
792 1641 807 1656 ο
845 1624 986 1697 πλὴν
1012 1627 1108 1697 οὐχ
1137 1627 1213 1691 ὡς
1245 1627 1356 1696 ἐγὼ
1386 1626 1545 1694 θέλω,
1580 1628 1694 1683 ἀλλ’

122 1714 184 1776 ὡς
217 1714 298 1766 σύ.
325 1733 346 1765 ι
381 1713 500 1766 Καί
521 1730 540 1745 ο
582 1733 601 1766 ι
631 1715 1006 1786 Πορεύομαι⁸⁸
1033 1719 1168 1790 πρὸς
1200 1718 1291 1772 τὸν
1333 1719 1550 1790 Πατέρα
1592 1737 1692 1789 μου

1802 542 1885 582 nae
1901 539 2086 582 autem
2115 530 2400 600 inscriptio
2419 542 2619 602 praeter
2642 545 2870 592 mortem
2898 539 3180 595 victoriam
3205 542 3368 598 etiam

1799 618 2158 676 demonstrat.
2180 619 2449 676 Columna
2484 624 2628 678 enim
2668 641 2777 680 non
2808 629 3074 697 sepulcris
3103 631 3236 685 solis
3267 632 3370 685 im-

1798 709 2056 778 ponitur,
2090 725 2279 796 verum
2321 713 2672 772 vincentibus
2701 717 2866 772 etiam
2911 720 3176 789 erigitur,
3225 722 3370 777 litte—

1799 817 1999 872 rasque
2060 803 2359 874 insculptas
2411 807 2636 878 recipit,
2688 825 2810 879 qua:
2844 812 3149 868 nescientes
3197 815 3370 868 victo-

1797 894 1934 949 riam
1953 895 2169 952 docent.
2185 895 2299 952 Hoc
2323 899 2505 970 itaque
2519 899 2801 971 inscriptio
2813 903 3184 976 στηλογραφία
3204 906 3371 978 signi-

1796 984 1941 1042 ﬁcat.

1871 1095 1890 1128 ι
1928 1077 2202 1133 Conserva
2237 1095 2341 1144 me,
2378 1081 2640 1151 Domine,
2671 1086 2926 1156 quoniam
2961 1089 3174 1158 speravi
3207 1090 3263 1144 in
3295 1099 3366 1145 te.

1800 1164 1987 1237 [νεκε.
2019 1165 2102 1238 2.]
2139 1167 2260 1223 Dixi
2298 1170 2468 1242 688
2509 1172 2782 1230 Domino:
2827 1175 3092 1234 Dominus
3120 1195 3272 1236 meus
3306 1197 3369 1238 es

1798 1264 1874 1309 tu.
1907 1275 1927 1306 ι
1970 1254 2048 1310 Ex
2078 1271 2306 1326 persona
2340 1258 2640 1318 Salvatoris
2666 1263 2846 1320 dictus
2878 1276 2961 1321 est
2995 1267 3081 1322 hic
3101 1268 3366 1337 psalmus,

1796 1341 1892 1397 sed
1930 1345 2234 1398 secundum
2275 1344 2569 1402 humanam
2601 1349 2727 1419 ejus
2751 1361 2998 1406 naturam
3031 1371 3045 1407 :
3087 1354 3229 1409 sicut
3260 1354 3365 1408 alia

1796 1433 1965 1487 multa
1993 1441 2047 1489 et
2075 1433 2132 1487 in
2161 1434 2332 1489 sacris
2354 1435 2663 1508 Evangeliis
2695 1440 3030 1496 invenimus.
3061 1442 3127 1496 Et
3153 1443 3256 1498 tale
3285 1453 3369 1498 est

1796 1527 1928 1583 illud
1963 1547 1977 1582 :
2026 1547 2045 1580 ι
2082 1528 2243 1584 Pater
2263 1569 2279 1595 ,
2306 1530 2353 1584 si
2398 1532 2517 1586 fieri
2549 1541 2760 1602 potest,
2793 1545 3032 1590 transeat
3053 1551 3082 1590 a
3113 1551 3200 1590 me
3225 1537 3363 1590 calix

1795 1618 1900 1674 iste
1943 1637 1957 1672 :
2006 1632 2382 1675 verumtamen
2421 1637 2532 1676 non
2569 1631 2629 1677 ut
2658 1637 2758 1693 ego
2785 1623 2906 1678 volo
2925 1665 2940 1690 ,
2977 1625 3069 1680 sed
3095 1635 3153 1680 ut
3182 1635 3237 1680 tu
3263 1635 3311 1682 η.
3341 1645 3361 1678 ι

1796 1711 1864 1767 Et
1903 1727 1918 1764 :
1961 1729 1981 1763 ι
2011 1709 2162 1767 Vado
2201 1712 2267 1766 ad
2306 1713 2522 1768 Patrem
2559 1729 2738 1770 meum
2769 1725 2825 1770 et
2847 1715 3062 1772 Patrem
3098 1727 3364 1783 vestrum,

124 1805 203 1858 καὶ
229 1803 447 1875 Πατέρα
477 1804 666 1876 ὑμῶν,
704 1781 798 1860 καὶ
840 1781 974 1862 ὀεόν
1010 1781 1112 1878 μου
1151 1781 1255 1862 καὶ
1293 1809 1425 1862 Θεὸν
1456 1781 1629 1880 ὑμῶν.
1663 1828 1683 1860 ι

1797 1803 1968 1860 Deum
2009 1821 2191 1860 meum
2232 1809 2298 1861 et'
2326 1806 2498 1862 Deum
2545 1818 2790 1864 vestrum
2827 1819 2868 1862 °.
2901 1828 2923 1861 ›
2963 1810 3166 1866 Eodem
3206 1811 3367 1866 modo

124 1896 285 1958 θῦτως
307 1895 656 1966 εὑρίσκομεν
689 1898 848 1952 αὐτὸν
879 1899 1171 1970 εὐχόμενον
1203 1901 1465 1970 συνεχῶς,
1498 1901 1593 1955 καὶ
1620 1901 1688 1956 τὰ

124 1987 296 2056 γόνατα
319 1986 684 2057 κάμπτοντα.
711 1989 836 2044 Ὀτι
865 1990 922 2044 δὲ
966 1993 1066 2060 τῆς
1095 1990 1442 2064 ἀνθρωπίνης
1475 1992 1690 2062 φύσεως

124 2076 288 2143 ταῦτα,
316 2079 414 2131 καὶ
440 2080 508 2132 οὐ
539 2081 646 2150 τῆς
670 2082 950 2146 ἀνενδεοῦς
1001 2083 1276 2155 θεότητος,
1307 2087 1336 2139 ὁ
1363 2086 1689 2151 Ἀπόστολος

124 2171 334 2224 διδίσκει
361 2174 586 2241 σαφῶς.
610 2175 776 2244 Λέγει
795 2176 852 2229 δὲ
874 2177 1046 2241 οὕτως
1066 2180 1124 2231 ὲν
1144 2181 1212 2250 τῇ
1238 2178 1376 2249 πρὸς
1407 2179 1689 2251 Ἐϐραίους

127 2261 415 2334 Ἐπιστολῇ·
452 2283 473 2316 ι
523 2267 631 2328 ⁸ος
667 2267 724 2319 ὲν
751 2269 872 2331 ταῖς
899 2268 1138 2340 ἡμέραις
1161 2269 1260 2340 τῆς
1291 2269 1492 2341 σαρκὸς
1524 2269 1686 2325 αὐτοῦ

122 2352 307 2424 δεήσεις
331 2371 392 2406 τε
439 2355 542 2408 καὶ
593 2357 931 2428 ἱκετηρίας¹⁵²Ι
958 2359 1093 2429 πρὸς
1123 2359 1214 2413 τὸν
1250 2359 1548 2431 δυνάμενον
1582 2359 1689 2414 σώ-

125 2448 217 2513 ζειν
238 2446 394 2499 αὑτὸν
429 2449 500 2500 ὲκ
557 2447 792 2502 θανάτου
847 2449 987 2518 μετὰ
1034 2451 1280 2523 κραυγῆς
1334 2453 1559 2525 ἰσχυρᾶς
1595 2453 1689 2507 καὶ

124 2535 345 2606 δακρύων
365 2539 791 2609 προσενεγκὼν,
819 2541 912 2594 καὶ
937 2542 1310 2607 εἰσακουσθεὶς
1339 2544 1446 2598 ἀπὸ
1471 2545 1570 2614 τῆς
1596 2545 1688 2598 εὑ-

129 2628 314 2692 λαὸείας
333 2646 349 2660 ·
398 2630 618 2702 καίπερ
649 2632 776 2696 Υἱὸς
813 2631 908 2697 ὢν,
943 2633 1145 2704 ἔμαθεν
1179 2635 1272 2705 ἀφ’
1297 2628 1370 2690 ὧν
1398 2635 1565 2690 ἔπαθε
1590 2638 1688 2708 τὴν

129 2717 362 2788 ὑπακοὴν,
396 2720 495 2774 καὶ
526 2721 843 2787 τελειωθεὶς
878 2725 1092 2792 ἐγένετο
1125 2725 1260 2778 πᾶσι
1295 2726 1410 2788 τοῖς
1451 2725 1690 2780 ὑπακού-

130 2826 254 2862 ονσιν
287 2809 435 2881 αύτῷ
478 2811 664 2877 αἴτιος
705 2814 980 2886 σωτηρίας
1021 2816 1263 2870 αἰωνίου.
1297 2834 1316 2868 ι
1372 2816 1687 2890 Ἐτελειὼοη

128 2899 174 2950 δὲ
196 2900 282 2970 οὐχ
309 2899 339 2951 ὀ
361 2902 473 2973 πρὸ
501 2903 622 2956 τῶν
653 2906 862 2959 αἰώνων
894 2905 1096 2968 τέλειος
1130 2906 1262 2970 Θεὸς
1289 2908 1482 2977 Λόγος,
1513 2910 1628 2963 ἀλλ’
1651 2913 1684 2981 ἡ

130 2990 204 3045 τοῦ
229 2993 406 3047 δούλου
440 2997 662 3068 μορφὴ,
698 2997 934 3070 ἀπαθὴς,
975 2999 1071 3052 καὶ
1103 2999 1398 3070 ἄφθαρτος,
1435 3001 1529 3056 καὶ
1555 3002 1690 3056 ἀθά-

130 3102 258 3149 νατος
283 3088 585 3159 γενομένη.
634 3088 820 3144 Ταῦτα
862 3090 1040 3145 τοίνυν
1089 3090 1191 3162 ἔφη
1237 3092 1557 3164 δεδρακέναι
1597 3094 1688 3147 τὸν

129 3175 304 3245 Κύριον
344 3177 400 3229 ὲν
447 3179 583 3241 ταῖς
615 3178 850 3249 ἡμέραις
889 3179 992 3248 τῆς
1031 3181 1252 3251 σαρκὸς,
1295 3182 1458 3252 ἡνίκα
1497 3181 1688 3252 θνητὸν

132 3263 223 3340 εἶχε
241 3269 295 3326 τὸ
318 3269 501 3340 σῶμα.
538 3271 840 3342 Τοιγαροῦν
865 3271 1180 3342 ἀνθρώπινα
1201 3272 1369 3327 ταῦτα
1391 3273 1605 3328 ἅπαντα
1617 3275 1686 3341 ³⁸,

134 3358 207 3416 καὶ
241 3358 296 3410 ού
346 3359 724 3432 θεοπρεπῆδτ.
771 3360 928 3415 Οῦτω
973 3362 1155 3416 τοίνυν
1201 3364 1295 3417 καὶ
1341 3365 1398 3417 ὲν
1430 3363 1566 3435 τῷδε
1608 3364 1686 3436 τῷ

135 3449 302 3522 ιξαλμῷ
331 3453 476 3505 αίτεί
520 3453 887 3524 φυλαχθῆναι,
924 3457 1019 3510 καὶ
1058 3457 1150 3526 ὑφ’
1192 3455 1387 3511 ἑαυτοῦ
1423 3458 1687 3526 φυλάττε-

135 3557 223 3597 ται.
254 3543 399 3595 Δίτεί
430 3543 543 3615 μὲν
570 3545 679 3616 γὰρ
707 3544 782 3608 ὡς
812 3544 1097 3617 ἅνθρωπος
1129 3563 1144 3578 ⁸
1187 3547 1370 3602 δίδωσι
1396 3547 1452 3601 δὲ
1478 3547 1576 3620 τὴν
1605 3548 1686 3602 αἴ-

135 3648 262 3700 τησιν
305 3633 380 3697 ὡς
431 3635 577 3699 Θεός
613 3653 628 3666 ο
694 3638 1038 3704 εὐδοκοῦντος
1112 3640 1352 3710 δηλονότι
1416 3644 1509 3697 κα)⁵
1559 3660 1685 3696 συν-

135 3724 385 3793 εργοῦντος
401 3727 448 3758 ⁵⁸
482 3727 589 3780 τοῦ
617 3730 817 3788 οίκείου
849 3732 1082 3803 Πατρός.
1113 3733 1186 3785 Τὸ
1199 3733 1243 3766 ⁵⁸
1273 3732 1331 3786 δέ
1361 3750 1425 3802 γε
1444 3751 1459 3765 ·
1499 3753 1518 3786 ι
1540 3731 1684 3788 Εἷπα

136 3815 197 3885 τῷ
210 3818 402 3891 Κυρίῳ,
425 3821 643 3894 Κύριός
673 3841 775 3890 μου
798 3819 850 3876 εἷ
875 3824 959 3878 σύ·
993 3844 1010 3878 ι
1035 3823 1177 3879 ἔοικε
1198 3826 1293 3897 τῷο
1323 3846 1340 3878 ι
1369 3827 1682 3898 Πορεύομαι

136 3910 245 3979 πρὸς
268 3911 351 3965 τὸν
379 3913 524 3968 Θεόν
552 3933 654 3985 μου
699 3917 794 3969 καὶ
836 3916 971 3970 Θεὸν
1006 3916 1179 3988 ὑμῶν.
1212 3937 1231 3970 ι
1261 3947 1327 3959 —-
1361 3937 1381 3970 ι
1422 3918 1542 3972 ’Ότι
1573 3919 1681 3972 τῶν

137 4001 320 4068 ἀγαθῶν
349 4023 451 4075 μου
478 4008 548 4060 οὐ
579 4007 768 4079 χρείαν
796 4009 958 4081 ἔχεις.
989 4029 1008 4062 ι
1051 4011 1331 4081 Ἀνενδεὴς
1361 4009 1471 4082 γὰρ
1505 4011 1682 4082 ὗπάρ“

137 4095 296 4163 χειςθθ,
326 4099 423 4152 καὶ
448 4100 558 4169 τῆς
583 4100 928 4172 ἀνθρωπίνης
953 4101 1300 4172 δικαιοσύνης
1327 4102 1386 4155 ού
1417 4101 1641 4173 χρῄζεις
1661 4121 1677 4135 θ

138 4184 230 4236 ἀλλ’
249 4189 323 4242 ὅτι
352 4189 416 4244 ἄν
433 4207 528 4254 τις
554 4190 758 4259 ἀγαθὸν
782 4177 992 4263 δράσοι,
1023 4193 1187 4256 αὐτὸς
1209 4192 1480 4247 ὀνίναται·
1515 4192 1598 4246 σοὶ
1623 4193 1680 4247 δὲ

139 4273 298 4344 κέρδος
330 4278 641 4341 ἐντεῦθεν⁶¹
677 4280 849 4347 οὐδέν.
885 4281 1056 4335 Τοῦτο
1087 4281 1143 4336 δὲ
1171 4283 1200 4336 ὁ
1231 4281 1525 4354 Σύμμαχος
1559 4283 1678 4336 ἑτέ-

142 4382 230 4434 ρως
254 4371 596 4444 ἡρμήνευσεν
624 4389 639 4404 ⁸
696 4391 716 4426 r
745 4373 989 4442 Ἀγαθόν
1026 4391 1130 4443 μοι
1171 4375 1283 4429 οὐκ
1326 4374 1498 4428 ἐστιν
1528 4373 1677 4429 ἄνευ

1796 1895 1974 1966 ipsum
2013 1897 2318 1967 reperimus
2347 1899 2693 1955 continenter
2730 1901 3142 1971 deprecantem,
3180 1912 3236 1960 et
3274 1919 3367 1974 ge-

1797 2001 1905 2042 nua
1938 1985 2266 2044 ﬂectentem.
2300 1988 2562 2046 Humana:
2601 2000 2781 2046 autem
2813 2003 3020 2048 natura:
3059 1994 3176 2050 haec
3214 2010 3364 2060 esse,

1797 2091 1896 2131 nec
1924 2075 1991 2130 ad
2023 2077 2362 2132 divinitatem
2386 2118 2401 2144 ,
2430 2095 2552 2148 qua:
2579 2079 2724 2134 nulla
2752 2095 2811 2134 re
2842 2080 3066 2150 indiget,
3097 2092 3362 2150 spectare,

1795 2171 2093 2240 Apostolus
2120 2181 2306 2245 aperte
2328 2171 2508 2226 docet.
2542 2171 2681 2228 Dicit
2706 2181 2884 2227 autem
2919 2173 3000 2228 sic
3030 2172 3086 2227 in
3124 2172 3365 2243 Epistula

1794 2263 1861 2317 ad
1903 2260 2206 2318 Hebraeos:
2253 2281 2272 2314 ‹
2299 2261 2403 2329 Qui
2451 2265 2504 2318 in
2548 2265 2744 2319 diebus
2781 2265 2965 2319 carnis
3019 2281 3130 2320 sua:
3177 2280 3365 2335 preces

1795 2351 2326 2421 supplicationesque
2353 2351 2418 2405 ad
2447 2365 2569 2406 eum
2612 2353 2704 2422 qui
2756 2360 2940 2422 posset
2973 2351 3122 2405 illum
3154 2351 3362 2404 salvum

1795 2443 1972 2500 facere
2004 2460 2034 2498 a
2072 2453 2246 2500 morte
2272 2483 2288 2507 ,
2329 2459 2456 2499 cum
2510 2444 2751 2499 clamore
2790 2443 2970 2499 valido
3013 2453 3067 2499 et
3107 2443 3363 2514 lacrymis

1795 2532 2044 2599 offerens,
2080 2533 2367 2588 exauditus
2403 2540 2485 2588 cst
2521 2548 2620 2603 pro
2647 2549 2745 2589 sua
2773 2534 3096 2589 reverentia.
3136 2532 3202 2588 Et
3237 2533 3363 2603 qui-

1795 2628 1914 2681 dem
1944 2641 2068 2680 cum
2101 2633 2245 2680 esset
2271 2625 2442 2681 Filius
2461 2627 2579 2687 Dei,
2607 2625 2796 2681 didicit
2825 2641 2890 2680 ex
2925 2627 2991 2681 iis
3014 2642 3134 2696 quae
3169 2641 3365 2695 passus

1794 2725 1878 2771 est
1905 2717 2304 2782 obedientiam,
2333 2729 2387 2772 et
2417 2726 2824 2772 consummatus
2859 2715 3033 2771 factus
3073 2725 3156 2771 est
3185 2719 3365 2771 omni-

1794 2805 1900 2860 bus
1943 2806 2448 2876 obtemperantibus
2484 2805 2561 2860 illi
2583 2821 2746 2862 causa
2786 2807 2978 2862 salutis
3012 2817 3223 2860 aeternae
3251 2816 3301 2860 ι».
3339 2826 3357 2856 ι

1794 2896 2211 2952 Consummatus
2232 2905 2314 2951 est
2340 2905 2542 2960 autem,
2571 2912 2677 2952 non
2708 2897 2848 2951 Deus
2879 2896 3110 2952 Verbum
3140 2897 3231 2966 qui
3262 2913 3362 2950 an-

1795 2997 1848 3046 te
1879 2989 2080 3045 saecula
2119 2989 2389 3060 perfectus
2418 2999 2567 3055 erat,
2597 3005 2785 3045 verum
2831 2988 3002 3044 forma
3041 2991 3220 3056 servi,
3257 2991 3361 3043 im-

1793 3081 2054 3151 patibilis,
2081 3081 2412 3152 incorrupta,
2442 3090 2496 3136 et
2526 3082 2848 3138 immortalis
2875 3083 3082 3137 ell‘ecta.
3113 3080 3237 3136 llaec
3265 3081 3363 3151 igi-

1792 3183 1879 3228 tur
1917 3175 1992 3230 ait
2029 3173 2276 3229 ell'ecisse
2311 3174 2597 3228 Dominum
2648 3175 2701 3228 in
2752 3174 2944 3229 diebus
2987 3174 3198 3238 carnis,
3230 3177 3361 3228 'cum

1789 3268 2019 3322 mortale
2067 3267 2258 3322 habuit
2299 3281 2516 3336 corpus.
2560 3266 2809 3321 Humana
2853 3266 3034 3336 itaque
3074 3273 3205 3321 sunt
3246 3267 3362 3320 haec

1787 3359 1967 3414 omnia
1993 3399 2007 3424 ,
2059 3374 2160 3414 nec
2199 3357 2309 3414 Deo
2343 3358 2739 3415 convenientia.
2783 3357 2874 3414 Sic
2910 3373 3040 3428 ergo
3079 3367 3134 3413 et
3166 3359 3221 3412 in
3257 3359 3362 3413 hoc

1786 3452 1996 3522 psalmo
2027 3461 2084 3506 ut
2109 3460 2460 3506 conservetur
2486 3452 2746 3522 postulat,
2779 3463 2832 3507 et
2868 3468 2897 3506 a
2925 3454 3107 3522 seipso
3135 3467 3362 3507 conser-

1787 3553 1966 3598 vatur.
1991 3543 2234 3598 Postulat
2258 3543 2403 3597 enim
2436 3551 2496 3597 ut
2519 3543 2704 3610 homo,
2733 3543 3045 3614 petitionem
3078 3560 3205 3599 vero
3230 3559 3363 3598 cou-

1785 3635 1928 3690 cedit
1964 3644 2024 3689 ut
2067 3634 2252 3702 Deus,
2309 3644 2669 3690 concurrente
2699 3635 2947 3690 videlicet
2995 3636 3135 3689 bona
3183 3634 3361 3688 Patris

1782 3727 2057 3782 voluntate
2072 3734 2125 3782 et
2147 3725 2514 3796 opera.689
2534 3726 2666 3781 Illud
2683 3737 2863 3781 autem
2884 3745 2899 3782 :
2923 3726 3076 3780 «Dixi
3098 3727 3356 3780 Domino:

1784 3819 2046 3876 Dominus
2081 3835 2236 3876 meus
2265 3835 2324 3874 es
2355 3832 2412 3873 tu
2435 3858 2450 3885 ,
2486 3839 2504 3871 ι
2537 3819 2613 3873 illi
2645 3818 2791 3874 dicto
2814 3860 2829 3886 ,
2862 3838 2880 3870 ι
2916 3817 3064 3873 Vado
3093 3818 3358 3873 ad-Deum

1785 3925 1964 3964 meum
2008 3918 2063 3963 et
2100 3908 2270 3964 Deum
2310 3917 2552 3964 vestrum
2574 3905 2681 3973 tt,»
2729 3908 2997 3977 congruit.
3046 3926 3064 3957 ι
3092 3906 3360 3970 Quoniam

1782 4000 1940 4055 bonis
1967 4000 2104 4055 meis
2134 4015 2243 4054 non
2265 4000 2500 4070 indiges.
2534 4019 2555 4054 ι
2581 4000 2718 4054 Nam
2752 3999 3008 4055 omnibus
3040 3999 3199 4053 bonis
3233 4017 3359 4054 cum

1781 4095 1985 4161 allluas,
2008 4097 2248 4151 humana
2274 4100 2293 4117 '
2329 4096 2544 4166 justitia
2569 4111 2680 4151 non
2713 4096 2942 4166 indiges.
2977 4094 3174 4151 Verum
3198 4096 3358 4166 quid-

1779 4189 1907 4260 quid
1943 4189 2144 4244 bonum
2176 4189 2373 4260 aliquis
2399 4189 2626 4256 fecerit,
2654 4191 2770 4260 ipse
2801 4189 3060 4259 juvatur,
3103 4191 3199 4244 tibi
3233 4205 3360 4243 vero

1779 4279 1988 4336 nullum
2043 4280 2172 4336 hinc
2212 4281 2639 4336 emolumentum
2688 4280 2957 4350 provenit.
3012 4278 3126 4334 Hoc
3179 4290 3360 4335 autem

1781 4374 2142 4446 Symmachus
2166 4374 2320 4429 aliter
2340 4374 2726 4444 interpretatus
2746 4384 2830 4431 est
2849 4392 2862 4428 :
2888 4373 3094 4428 Bonum
3114 4376 3242 4429 mihi
3259 4392 3361 4429 non

139 4472 250 4514 σου.
271 4462 438 4529 Πᾶσα,
467 4463 630 4536 φησι,
658 4463 766 4518 τῶν
812 4462 1032 4534 ἀγαθῶν
1070 4467 1104 4536 ἠ
1138 4465 1284 4536 φορά
1327 4465 1417 4519 διὰ
1450 4466 1551 4535 τῆς
1577 4467 1678 4536 σῆς

1792 4475 1857 4521 est
1886 4467 2000 4521 sine
2024 4477 2092 4521 te.
2122 4464 2314 4522 Omnis
2336 4507 2351 4531 ,
2381 4468 2560 4538 inquit
2581 4510 2595 4535 ,
2625 4467 2895 4522 bonorum
2925 4467 3259 4522 abundantia
3291 4469 3360 4521 θ’)

143 4548 340 4622 ὑπάρχει
371 4572 463 4626 μοι
493 4556 739 4627 χάριτος.
776 4555 1084 4626 Ἀμφότερα
1112 4555 1170 4608 δὲ
1197 4556 1368 4611 ταῦτα
1385 4556 1429 4586 ⁶²
1458 4555 1560 4625 τῆς
1585 4558 1678 4611 εύ-

144 4640 324 4706 σεδείας
347 4644 551 4717 ἔχεται.
581 4646 692 4700 Καὶ
723 4647 886 4717 ἡμεῖς
910 4645 1018 4716 γὰρ
1045 4646 1193 4718 παρά
1219 4645 1314 4698 τοῦ
1345 4646 1480 4700 Θεοῦ
1497 4647 1542 4679 ⁸³
1569 4647 1677 4700 τῶν

145 4731 327 4795 ᾲγαθῶν
347 4737 715 4808 ἀπολαύομεν,
745 4737 840 4790 καὶ
868 4737 1030 4800 αὐτὸς
1055 4737 1154 4808 τῆς
1177 4737 1452 4809 ἡμετέρας
1478 4736 1678 4793 δικαιο-

145 4827 344 4892 πραγίας
363 4831 421 4882 οὐ
455 4830 646 4902 χρῄζει
664 4847 679 4862 ·
705 4830 866 4901 χάριν
894 4828 1077 4896 μέντοι
1101 4830 1200 4900 τῆς
1232 4831 1506 4902 ἡμετέρας
1535 4831 1678 4901 dupe-

142 4912 266 4980 λείας
284 4921 486 4994 ταύτην
509 4923 810 4995 νομοθετεῖ.

1786 4571 1936 4614 tuam
1964 4558 2192 4631 gratiam
2225 4559 2356 4614 mihi
2392 4561 2552 4615 inest.
2602 4561 2844 4632 Utraque
2873 4570 3054 4615 autem
3087 4561 3339 4630 expositi.

1785 4650 1930 4715 pium
1969 4650 2131 4704 habet
2169 4665 2412 4706 sensum.
2443 4649 2578 4704 Nam
2618 4661 2672 4706 et
2707 4667 2808 4706 nos
2839 4667 2868 4705 a
2899 4649 3010 4705 Deo
3042 4650 3186 4704 bona
3219 4651 3326 4704 reci

1782 4740 1990 4810 pimus,
2035 4750 2089 4795 et
2130 4741 2247 4810 ipse
2294 4744 2500 4798 nostris
2526 4743 2692 4811 justis
2741 4742 2995 4813 operibus
3039 4757 3145 4796 non
3193 4750 3307 4812 eget
3347 4789 3351 4794 .

1787 4844 2002 4902 propter
2057 4843 2297 4888 nostram
2348 4851 2474 4890 vero
2522 4836 2812 4892 utilitatem
2865 4837 3006 4891 hanc
3050 4836 3270 4906 legem,
3298 4843 3358 4890 ut

1787 4924 1921 4980 bene
1955 4925 2241 4992 faciamus,
2276 4929 2580 4987 constituit.

199 5068 418 5132 lMatth.
447 5093 599 5145 xxvx,
630 5078 720 5135 39.
801 5086 826 5115 °
856 5079 1013 5136 Joan.
1045 5096 1112 5134 xx
1136 5121 1151 5148 ,
1189 5081 1273 5136 l7.
1319 5092 1347 5132 ι)
1375 5079 1539 5137 Hebr.
1574 5096 1637 5148 v,
1682 5081 1797 5138 7-9.
1840 5093 1866 5131 τι
1894 5080 2053 5138 Joau.
2089 5098 2155 5135 xx
2183 5123 2197 5147 ,
2227 5083 2314 5136 l7.

1191 5258 1426 5316 VARIIE
1468 5259 1860 5315 LEC'I‘IONES
1902 5261 1985 5314 ET
2023 5260 2249 5317 ΝΟΤᾹΞ.

214 5397 251 5475 '_'
273 5402 560 5475 ξημαίνει.
593 5405 715 5459 cod.
746 5405 770 5457 l
805 5406 917 5475 e712
942 5404 1145 5459 addunt
1177 5405 1395 5475 μᾶλλον.
1469 5404 1510 5436 ⁸⁸
1543 5405 1645 5459 Ἐκ
1675 5417 1755 5475 πρ

1757 5405 2025 5470 οσώπου,
2049 5423 2103 5459 κ.
2137 5403 2189 5458 λ.
2233 5403 2315 5457 Ah
2348 5403 2434 5457 his
2470 5403 2650 5457 verbis
2680 5400 3217 5472 incipitiQomment.
3273 5397 3338 5450 ad

151 5478 192 5545 γε·
220 5466 262 5531 l,
292 5466 482 5533 in'cod.
509 5475 543 5529 5
570 5476 807 5544 aseripto
838 5473 1023 5530 Nostri
1062 5466 1215 5545 aeque
1256 5491 1320 5545 a_c
1349 5475 1566 5529 Eusebii
1593 5483 1646 5530 et
1681 5466 1880 5530 A'sterii
1913 5466 2153 5541 nomine,
2193 5475 2295 5529 etsi
2332 5481 2482 5545 totus
2511 5473 2613 5529 iste
2639 5466 2808 5545 locus'
2833 5471 2899 5526 ad
2931 5469 3182 5545 Nostrum
3219 5480 3343 5545 per-

335 5613 367 5632 ο
387 5546 432 5632 ξ’
470 5545 594 5632 cod.
624 5547 660 5599 9.
683 5537 1052 5632 ἔνυθιρώπινον.
1077 5616 1093 5632 ι
1112 5537 1194 5632 [⁵³
1219 5541 1325 5600 Αὖ.
1357 5547 1524 5632 Alite-st
1558 5562 1689 5632 anet]

1792 5548 1864 5632 24‘
1937 5546 1983 5576 at
2014 5537 2366 5632 Πορεύομιξι.
2413 5543 2542 5626 Rec.
2572 5544 2732 5632 lectis
2772 5543 3014 5632 [κείρει
3040 5537 3334 5618 ἀναραενω,

212 5610 314 5682 W1.-
335 5613 369 5666 9*
396 5616 622 5677 ἱκεσίας.
681 5618 728 5648 ⁵⁸
747 5610 1038 5671 "Azan-ta.
1064 5615 1230 5671 Abest
1251 5631 1280 5668 a
1304 5616 1426 5668 cod.
1453 5617 1506 5669 1.
1581 5619 1625 5649 ⁵⁷
1655 5619 1689 5666 ’Ἱ

1805 5610 2281 5682 δὲ-θεοῖὶρεπῆ,
2309 5615 2431 5669 Des.
2465 5616 2517 5667 iu
2548 5615 2668 5669 cod.
2698 5615 2751 5667 5.
2808 5613 2854 5644 ⁵⁸
2876 5610 3336 5682 Συνεργοῦῖζος.

151 5675 250 5756 (ἱρά.
274 5679 305 5732 9.
330 5675 758 5756 εὐεργετοῦντος.
837 5688 881 5718 ⁵³
918 5686 992 5739 Τὸ
1032 5687 1098 5739 δέ
1128 5704 1221 5756 γε..
1245 5686 1414 5740 Abest
1444 5703 1474 5740 a
1503 5687 1624 5740 cod.
1659 5689 1707 5742 1.

155 5742 335 5808 Abesta
368 5742 478 5812 διὶόῖ
521 5757 570 5813 1.
615 5758 684 5840 ff
711 5742 933 5814 Ταῦτα.
969 5742 1148 5814 Abest.
1177 5774 1207 5813 a
1237 5756 1394 5845 codd.
1435 5757 1659 5814 nostris.

1804 5756 1971 5814 Θεοῦ.
2002 5742 2120 5815 cod.
2153 5757 2176 5811 1
2217 5742 2363 5814 addit
2401 5742 2508 5810 τῶν
2540 5755 2694 5811 ὅλων.
2784 5829 2796 5841 Α

1786 5689 1832 5718 θ’
1863 5688 1984 5757 cod.
2020 5687 2070 5751 Ι,
2102 5677 2138 5738 9.
2181 5677 2464 5757 ὑπάρχων.
2495 5685 2702 5757 omisso
2733 5683 2844 5739 καί.
2920 5677 3331 5757 ⁶¹.⁹Εντεῢθεν.

2871 5838 2920 5864 ,ιι
2955 5827 3034 5866 .li'u
