3850 6526
127 339 213 404 961
1451 331 1532 389 IN
1567 331 1772 391 PSAL.
1814 332 1937 393 XV.
3236 334 3341 396 962

125 451 345 507 θάνατον.
380 439 534 495 Οὕτω
566 438 667 509 γὰρ
696 437 788 490 καὶ
822 436 880 489 ἐν
916 439 1027 498 τοῖς
1072 436 1233 506 ἱεροῖς
1253 436 1299 467 κε
1337 436 1521 503 ἔλεγεν
1558 437 1645 488 Εὑ-

1823 438 1903 491 lix
1947 438 2047 492 iste
2085 446 2131 490 ι.
2165 456 2183 487 ι
2212 435 2478 508 )_[Quasi
2536 435 2777 505 apertius
2821 436 3066 493 diceret:
3109 440 3177 494 Et
3208 458 3343 497 mea:

124 538 403 609 αγγελίοιςο
455 553 475 585 ι
517 533 717 601 Πάτερ,
758 530 806 581 εί
853 530 1097 591 δυνατὸν,
1150 529 1468 600 παρελθέτω
1499 528 1644 583 τοῦτ(

1822 527 2029 583 cclesite
2052 568 2066 591 ,
2096 543 2218 597 quae
2256 538 2341 581 est
2374 527 2662 582 haereditas
2693 542 2812 581 mea
2832 567 2846 593 ,
2877 543 3007 597 pars
3040 540 3124 585 est
3155 530 3342 586 Domi-

121 633 170 687 τὸ
193 629 435 698 ποτήριον
450 624 499 657 ⁸⁸
529 624 625 678 ἀπ’
652 620 809 692 ἐμοῦ.
850 639 869 672 ι
914 620 1151 692 [ὨσεὶδεΙ
1184 620 1516 690 σαφέστερον
1551 619 1641 673 ἕλει

1860 640 1902 687 ι,
1944 622 2036 691 qui
2066 621 2231 677 etiam
2266 620 2453 675 calicis
2488 621 2616 682 mei.
2655 622 2756 676 hoc
2793 629 2878 676 cst
2909 624 3100 678 mortis
3123 666 3138 689 ,
3175 640 3304 694 pars
3326 668 3341 691 ,
3371 641 3380 698 ί

255 685 357 773 ιιᾶι
383 717 484 786 τῆς
512 716 650 785 ἐμῆς
682 685 1032 782 ζΕκκλησίας,
1062 712 1185 782 ἥτις
1214 685 1363 764 ἐστὶν
1397 685 1436 783 η’
1466 712 1641 781 κληρο

1857 685 1990 769 emet
2020 713 2196 768 factus
2224 711 2371 785 est.]
2407 732 2425 764 ι
2459 712 2538 767 Τιι
2566 728 2655 777 es,
2684 713 2778 783 qui
2824 708 3080 770 restitues
3118 685 3377 772 δεδι-θῶ]

121 813 259 885 νομία
306 828 427 881 μου,
466 807 626 879 μερίς
656 807 802 859 ἐστιν
833 808 861 859 6
894 804 1100 875 Κύριος
1129 820 1143 834 °
1196 806 1224 860 6
1268 804 1429 867 αὐτὸς
1476 805 1533 857 δὲ
1566 804 1641 856 κα

1823 817 1923 859 tem
1964 821 2142 860 meam
2184 806 2342 862 mihi.
2388 826 2406 859 ι
2446 805 2563 861 Non
2622 807 2765 862 dixit
2807 825 2821 862 :
2878 809 2973 878 qui
3028 810 3162 875 das,
3212 812 3343 877 sed,

119 908 194 960 τοῦ
216 902 465 973 ποτηρίου
499 916 626 970 μου,
655 898 898 951 τουτέστι
928 897 1023 949 τοῦ
1058 896 1287 951 θανάτου
1321 897 1480 967 μερὶς
1508 911 1639 964 γεγε

1824 897 1909 963 lui
1942 898 2198 953 restitues
2222 899 2594 954 haereditatem
2623 900 3146 969 meam.»Quoniam
3175 904 3344 973 enim,

119 997 316 1067 νημένος
341 998 367 1047 6
389 990 611 1063 αὐτός]
648 1009 665 1043 ι
694 991 766 1045 Σὺ
789 984 839 1043 εἴ
867 991 896 1043 ὁ
919 990 1306 1045 ἀποκαθιστῶν
1332 990 1430 1061 τὴν
1458 989 1639 1060 κληρο-

1829 1006 1889 1043 ,ιιι
1926 992 2161 1060 primum
2193 992 2446 1047 conditus
2476 991 2579 1046 fuit
2606 992 2791 1056 homo,
2822 996 3068 1050 omnium
3106 1007 3349 1067 potesta-

119 1090 282 1159 νομίαν
314 1105 412 1158 μου
447 1086 597 1157 ἐμοί.
635 1104 655 1137 ι
706 1085 819 1138 Οὐκ
850 1080 1024 1137 εἶπεν·
1056 1086 1085 1137 6
1112 1084 1311 1149 διδοὺς,
1361 1084 1499 1148 ἀλλ’,
1537 1102 1555 1135 ι
1599 1083 1639 1136 ’ί

1830 1097 1873 1135 m
1902 1082 2150 1151 accepit,
2186 1090 2239 1136 et
2265 1092 2523 1136 aeternam
2558 1082 2750 1137 habuit
2777 1083 2943 1138 vitam
2962 1127 2977 1151 ,
3005 1097 3129 1155 post
3158 1084 3350 1156 pecca-

120 1177 465 1235 ἁποκαθιστῶν
496 1178 603 1247 τὴν
616 1176 661 1207 ⁸³
690 1175 1053 1247 κληρονομίαν
1086 1192 1211 1246 μου.
1243 1194 1261 1227 ι
1304 1176 1522 1246 Ἐπειδὴ
1551 1175 1640 1246 γὰε

1834 1190 1883 1227 ιιι
1933 1183 2114 1228 autem
2163 1174 2413 1244 utrisque
2455 1173 2658 1229 excidit
2712 1172 2991 1245 (imperio
3037 1178 3248 1233 scilicet
3296 1190 3350 1235 et

122 1274 251 1335 εὐθὺς
293 1268 721 1340 δημιουργηθεὶς
765 1270 794 1321 ὁ
847 1267 1152 1339 ἄνθρωπος,
1198 1268 1455 1322 ἁπάντων
1499 1267 1642 1320 ἔλαϐε

1828 1268 1911 1338 ta)
1939 1308 1953 1333 ,
1995 1269 2259 1323 Dominus
2289 1278 2347 1323 ut
2381 1270 2548 1323 homo
2584 1286 2683 1339 pro
2717 1271 2956 1326 humana
2989 1283 3185 1329 natura
3218 1291 3348 1346 pre-

122 1366 200 1434 τὴν
221 1361 478 1427 ἐξουσίαν,
501 1360 603 1414 καί
625 1359 770 1433 ζωὴν
798 1356 944 1431 εἶχεν
966 1359 1231 1414 ἀθάνατον
1258 1376 1272 1390 ·
1318 1359 1458 1430 μετὰ
1485 1359 1543 1412 δὲ
1565 1359 1642 1431 τηε

1836 1376 1863 1415 s
1902 1360 2115 1425 l‘undit,
2151 1361 2441 1431 pristinam
2470 1363 2638 1416 vitam
2688 1373 2742 1417 et
2779 1363 3072 1433 imperium
3101 1375 3160 1422 ut
3199 1382 3352 1424 recu-

124 1455 394 1528 παράϐασιν
420 1453 755 1524 ἀμφοτέρων
782 1452 1029 1519 ἐξέπεσε,
1064 1454 1159 1504 καὶ
1186 1452 1284 1519 τῆς
1323 1452 1640 1513 δεσποτείας

748 1469 755 1499 ν
782 1452 1029 1519 ἐξέπεσε,
1064 1454 1159 1504 καὶ
1186 1452 1284 1519 τῆς
1323 1452 1662 1515 δεσποτείας,
1774 1461 1929 1521 peret
1957 1452 2268 1521 postulans.

123 1551 198 1602 καὶ
219 1549 307 1615 τῆς
342 1544 530 1615 ζωῆςο
579 1544 934 1616 ἀνθρωπίνως
982 1547 1010 1598 ὁ
1057 1544 1335 1614 Δεσπότης
1382 1543 1523 1615 ὑπὲρ
1560 1544 1661 1614 τῆς
1701 1542 2050 1616 ἀνθρωπείας
2106 1544 2151 1576 ⁸⁷
2218 1544 2434 1613 φύσεως
2470 1547 2706 1599 ποιεῖται
2750 1547 2849 1619 τὴν
2896 1548 3136 1616 αἴτησιν,
3186 1551 3353 1617 ἀξιῶν

124 1638 373 1697 ἀπολαϐεῖν
401 1636 501 1708 τὴν
530 1640 807 1708 προτέραν
846 1636 994 1707 ζωήν
1025 1653 1087 1688 τε
1114 1637 1211 1690 καὶ
1245 1635 1586 1690 δεσποτείαν.

178 1743 239 1801 ς’.
280 1753 299 1787 ι
342 1733 562 1803 Σχοινία
597 1732 838 1787 ἐπέπεσέ
868 1731 917 1763 ⁸⁸
965 1749 1054 1803 μοι
1093 1732 1153 1785 ἐν
1198 1734 1311 1794 τοῖς
1354 1732 1666 1803 κρατίστοις

1838 1728 2004 1785 Vens.
2051 1728 2104 1783 6.
2163 1748 2182 1781 ι
2216 1728 2394 1784 Funes
2430 1729 2747 1784 ceciderunt
2796 1731 2932 1785 mihi
2980 1732 3033 1786 in
3074 1734 3350 1804 praeclaris

131 1843 235 1899 μου·
263 1826 351 1881 καὶ
374 1826 483 1896 γὰρ
505 1826 541 1896 ἡ
573 1825 912 1897 κληρονομία
947 1842 1049 1895 μου
1075 1826 1342 1896 κρατίστη
1370 1825 1458 1895 μοί
1480 1826 1615 1881 ἐστι.
1641 1843 1651 1875 ι

1828 1822 1940 1887 eis,
1976 1822 2176 1877 etenim
2222 1822 2515 1877 haereditas
2553 1838 2672 1877 mea
2717 1823 2977 1893 praeclara
3020 1836 3106 1881 est
3138 1828 3292 1882 mihi.
3328 1847 3348 1881 ι

126 1922 306 1990 Ταύτης
331 1919 542 1982 ἕνεκεν,
581 1917 741 1987 φησὶ,
772 1922 871 1990 τῆς
904 1918 1290 1989 κληρονομίας,
1320 1916 1421 1981 τὰς
1461 1919 1640 1987 παρού

1833 1909 2022 1979 Hujus,
2051 1910 2251 1981 inquit,
2284 1911 2614 1967 hmreditatis
2640 1928 2803 1968 causa
2826 1953 2843 1981 ,
2880 1925 3177 1983 przesentes
3205 1917 3353 1972 insi-

127 2030 203 2077 σας
226 2011 477 2082 ἐδεξάμην
510 2010 814 2075 ἐπιϐουλάς
832 2027 846 2041 ·
873 2012 1081 2081 σχοινία
1111 2009 1221 2081 γὰρ
1249 2009 1347 2073 τὰς
1377 2010 1647 2063 ὲπιϐουλὸυ

1830 2021 1889 2059 as
1920 2005 2200 2074 amplexus
2227 2021 2371 2059 sum.
2412 2003 2592 2059 Funes
2628 2005 2772 2059 enim
2804 2006 3035 2062 insidias
3072 2009 3344 2065 nominat.

126 2104 340 2175 ὀνομάζει
359 2120 373 2134 ·
405 2102 591 2167 οὕτως
619 2103 715 2157 καὶ
742 2105 801 2157 ἐν
830 2103 1003 2173 ἑτέρῳ
1026 2102 1176 2171 λέγει
1200 2101 1421 2173 ψαλμῷ
1459 2121 1475 2153 ι
1512 2103 1646 2171 Σχοιι

1834 2097 2031 2150 militer
2072 2105 2125 2151 et
2180 2097 2234 2150 in
2273 2097 2379 2151 alio
2418 2096 2629 2167 psalmo
2664 2099 2740 2153 ait
2775 2116 2787 2151 :
2838 2117 2858 2150 ι
2895 2098 3077 2155 Funcs
3104 2110 3354 2170 peccato-

127 2201 194 2253 νὶα
218 2196 551 2269 ἁμαρτωλῶν
579 2195 1031 2267 περιεπλάκησάν
1077 2212 1188 2265 μοι,
1234 2194 1327 2248 καὶ
1363 2193 1457 2246 τοῦ
1501 2194 1647 2263 νόμοι

1834 2204 1891 2242 ιιι
1928 2188 2162 2258 amplexi
2200 2197 2326 2243 sunt
2360 2204 2481 2255 me,
2513 2198 2566 2242 et
2599 2189 2734 2258 legis
2766 2199 2871 2244 tua?
2910 2207 3019 2245 non
3055 2208 3175 2246 sum
3217 2195 3354 2250 obli-

128 2310 201 2346 σου
238 2292 329 2343 οὐκ
376 2288 755 2360 ἐπελαθόμην.
811 2305 830 2339 ι
881 2288 1045 2356 Λέγει
1090 2286 1293 2351 τοίνυν,
1330 2286 1413 2339 ὅτι
1452 2285 1648 2357 Ταύτης

1833 2295 1861 2334 s
1883 2289 1932 2333 γ.
1962 2297 1981 2331 ι
2016 2279 2156 2334 Dicit
2183 2279 2369 2348 igitur,
2406 2279 2638 2349 Propter
2667 2280 2807 2335 hanc
2835 2281 3000 2351 692
3031 2285 3351 2353 praeclaram

126 2387 255 2439 {vexa
276 2383 371 2454 τῆς
412 2382 724 2453 κρατίστης
756 2380 1142 2455 κληρονομίας,
1182 2379 1279 2432 καὶ
1307 2378 1408 2449 τῆς
1436 2377 1546 2431 τῶν
1574 2381 1641 2433 ἀν

1835 2370 2165 2435 ereditatem,
2201 2382 2366 2442 atque
2398 2373 2468 2428 ob
2500 2373 2787 2428 hominum
2815 2374 3045 2429 salutem
3068 2416 3083 2441 ,
3116 2392 3355 2446 prasen-

129 2477 322 2549 θρὼπων
367 2476 537 2549 χάριν
587 2475 881 2546 σωτηρίας,
916 2473 1014 2537 τὰς
1052 2471 1332 2544 παρούσας
1377 2471 1649 2531 ἐπιϐουλὰς

916 2473 1014 2537 τὰς
1052 2471 1332 2544 παρούσας
1377 2471 1670 2535 ἐπιϐουλὰς
1769 2472 1853 2518 tes
1884 2462 2114 2519 insidias
2147 2464 2413 2520 sustineo.

128 2570 365 2641 ὑπομένω.
1842 2636 1886 2641 __
2220 2640 2229 2641 ί
2282 2628 2292 2639 _

182 2636 235 2729 ξ’.
274 2683 291 2715 ι
335 2662 641 2733 Εὑλογήσω
673 2664 764 2714 τὸν
806 2658 1011 2731 Κύριον
1050 2659 1142 2712 τὸν
1176 2658 1530 2712 συνετίσαντά
1565 2674 1667 2728 με’

1842 2636 2008 2695 Vsas.
2046 2641 2097 2695 7.
2149 2658 2169 2692 ι
2211 2636 2531 2697 Benedicam
2588 2642 2821 2701 Domino
2854 2647 2949 2717 qui
2993 2649 3184 2705 tribuit
3216 2652 3350 2708 mihi

130 2760 191 2810 ἔτι
211 2758 257 2810 δὲ
282 2757 367 2809 καὶ
389 2729 496 2820 ἕως
536 2729 728 2815 νυκτὸς
759 2729 1088 2807 ἐπαίδευσαν
1121 2770 1187 2823 με
1209 2753 1258 2805 οἱ
1280 2752 1467 2823 νεφροί
1494 2768 1619 2821 μου.
1644 2769 1650 2803 ι

1835 2731 2096 2786 tellectum
2120 2771 2134 2796 ,
2175 2732 2400 2803 insuper
2438 2743 2495 2788 et
2540 2752 2712 2806 usque
2754 2738 2821 2791 ad
2870 2749 3082 2794 noctem
3122 2745 3355 2815 castiga-

142 2849 250 2902 Ἀλλ’
278 2850 319 2881 ⁸³³
344 2850 494 2919 ὅμως
537 2848 582 2879 ⁹⁰
617 2845 722 2900 ὑπὸ
749 2844 844 2899 τοῦ
896 2845 1101 2914 Κυρίου
1150 2842 1530 2913 σοφιζόμενος,
1576 2842 1662 2896 καί

1844 2830 1903 2875 ιιι
1927 2838 2013 2878 me
2040 2839 2198 2878 renes
2230 2824 2356 2878 mei.
2400 2843 2420 2877 ‹
2456 2824 2846 2882 Verumtamen
2886 2844 2917 2883 a
2956 2828 3189 2887 Domino
3224 2835 3355 2889 edo-

129 2940 333 3009 ἀρίστοις
362 2937 655 3009 χρώμενος
675 2936 977 3004 λογισμοῖς,
1005 2935 1105 3005 τῆς
1129 2933 1224 2986 τοῦ
1247 2932 1455 2996 πάθους
1478 2932 1649 2986 νυκτὸ.

1837 2929 1918 2977 us,
1947 2925 2000 2968 et
2025 2916 2248 2983 optimis
2273 2918 2698 2986 cogitationibus
2732 2931 3060 2985 usus,nocte
3084 2926 3357 2992 passionis

134 3007 435 3101 περιέσομαι.
490 3007 705 3084 Νύκτα
749 3027 857 3097 γὰρ
908 3026 1133 3080 ἐκάλεσε
1177 3024 1240 3079 τὸ
1282 3024 1520 3095 ζοφῶδες
1562 3025 1654 3079 τῶι

1832 3008 2026 3078 ιρει-ἱοι·
2055 3024 2169 3062 ero.
2212 3007 2427 3064 Noctem
2457 3011 2628 3077 enim,
2654 3016 3017 3070 tentationum
3044 3019 3352 3075 obscurita-

134 3090 431 3193 πείρασμῶν.
470 3121 689 3192 Μηδεὶς
716 3090 773 3173 δέ
802 3090 1144 3190 ἀνάρμοστον
1177 3090 1419 3190 ἡγείσθω
1450 3120 1512 3171 τὸ
1545 3135 1654 3170 συν·

1832 3117 1881 3154 m
1921 3100 2229 3170 appellavit.
2271 3100 2441 3158 Nemo
2480 3112 2659 3158 autem
2698 3107 2801 3160 hoc
2836 3107 3137 3163 absurdum
3169 3121 3352 3179 putet,

136 3213 363 3277 ετίζεσθαι
413 3213 567 3266 κατὰ
600 3214 704 3283 τὴν
739 3210 1084 3282 ἀνθρωπείαν
1131 3211 1293 3280 φύσιν
1334 3211 1427 3264 τὸν
1467 3209 1656 3263 Δεσπό-

1835 3193 2051 3246 iristum
2089 3193 2377 3247 Dominum
2417 3196 2714 3250 secundum
2756 3197 3052 3252 humanam
3104 3212 3355 3257 naturam

136 3323 211 3375 την
233 3307 270 3337 ⁸⁸
300 3306 565 3377 Χριστὸν,
599 3304 814 3359 ἀκούων
847 3303 940 3357 τοῦ
974 3305 1260 3358 θεσπεσίου
1288 3305 1472 3358 Λουκᾶ
1492 3304 1656 3372 λέγον·

1838 3284 2019 3351 udiri,
2063 3300 2187 3339 cum
2238 3286 2425 3340 audiat
2472 3288 2715 3341 divinum
2772 3288 2974 3344 Lucam
3026 3292 3294 3349 dicentem
3339 3314 3354 3349 :

138 3415 232 3462 τος·
264 3418 281 3451 ι
327 3400 542 3469 Ἰησοῦς
571 3399 630 3451 δέ
659 3398 966 3470 προέκοπτε
997 3399 1161 3469 σοφίᾳ
1191 3399 1284 3453 καὶ
1310 3398 1494 3469 χάριτι
1525 3396 1658 3468 παρέ

1839 3376 1983 3432 Iesus
2008 3377 2324 3441 proﬁciebat
2342 3378 2629 3447 sapientia,
2657 3388 2709 3434 et
2735 3383 2907 3451 gratia
2932 3383 3074 3452 apud
3101 3384 3271 3439 Deum
3305 3397 3359 3442 et

138 3492 228 3564 Θεῷ
265 3494 350 3547 καὶ
395 3492 735 3564 ἀνθρώποις.
791 3510 811 3545 ι
869 3492 1182 3547 Ἀκουσὰτω
1223 3491 1280 3545 δὲ
1314 3491 1479 3546 αὐτοῦ
1514 3492 1658 3546 πάλιι

1834 3474 2027 3528 nnines
2069 3483 2114 3528 ι.
2145 3494 2163 3527 ι
2200 3474 2264 3529 Et
2292 3489 2487 3529 rursus
2520 3474 2707 3529 audiat
2741 3476 2992 3529 eumdem
3030 3476 3298 3533 dicentem
3329 3492 3354 3520 ι

139 3580 364 3649 λὲγοντος,
394 3582 479 3635 ὅτι
520 3581 860 3636 δειλιάσαντα
894 3580 1044 3653 παρὰ
1081 3581 1144 3635 τὸ
1173 3582 1361 3647 πάθος,
1398 3583 1491 3636 καὶ
1522 3581 1659 3654 ίδρώ

1835 3565 2031 3635 igelum
2076 3566 2125 3620 ei
2156 3565 2505 3635 apparuisse,
2550 3564 2641 3634 qui
2670 3580 2793 3619 eum
2830 3566 3068 3622 instante
3098 3570 3355 3639 passione

143 3688 276 3725 σαντα
307 3672 586 3744 θρόμϐους
634 3673 889 3745 αἵματος,
947 3674 1180 3742 ἄγγελος
1225 3673 1537 3744 προσελθὼν
1580 3675 1663 3728 ὑπ·

1838 3659 2134 3729 epidantem
2178 3670 2231 3713 et
2260 3655 2440 3728 guttas
2475 3659 2759 3728 sanguinis
2800 3659 3090 3715 sudantem
3139 3661 3358 3729 confor-

143 3766 390 3838 εστήριξεν
410 3768 481 3823 ⁸⁸.
511 3767 577 3820 El.
592 3766 647 3819 δὲ
669 3766 971 3836 ἁγγελικῆς
989 3766 1180 3837 ἐδεήθη
1205 3767 1397 3838 ῥοπῆς,
1420 3768 1508 3819 ἵνα
1527 3767 1663 3837 δείξῖ

1836 3752 1933 3803 vit.
1968 3750 2022 3804 Si
2057 3758 2235 3803 autem
2264 3749 2440 3815 angeli
2469 3749 2675 3802 auxilio
2716 3748 3034 3817 indigebat,
3072 3757 3131 3803 ut
3173 3762 3356 3805 osten-

142 3857 217 3925 τὴν
241 3856 385 3925 φύσιν
416 3858 527 3928 τῆς
556 3855 650 3910 τοῦ
691 3856 878 3910 δούλου
914 3858 1128 3929 μορφῆς
1147 3873 1162 3889 ο
1194 3856 1374 3929 πολλῷ
1411 3857 1662 3929 δήπουθει

1838 3850 1930 3896 :ret
1963 3850 2212 3895 naturam
2252 3838 2445 3893 forma:
2471 3840 2651 3903 servi,
2679 3839 2851 3893 multo
2882 3839 3056 3908 magis
3084 3856 3115 3893 a
3158 3841 3358 3896 divini-

143 3950 266 4020 παρὰ
292 3950 385 4021 τῆς
431 3949 759 4020 ἐνοικούσης
806 3950 1059 4021 θεότητος
1092 3951 1393 4021 ἐσοφίζετο.
1433 3950 1663 4022 Ἀνθρω·

1839 3943 1924 3998 te,
1951 3950 2074 4003 qua:
2116 3933 2169 3987 in
2216 3933 2333 4001 ipso
2367 3931 2681 3996 habitabat,
2715 3932 3027 3986 docebatur.
3062 3931 3196 3987 Nam
3231 3950 3353 3989 cum

146 4057 222 4102 πος
245 4040 342 4112 γὰρ
372 4040 446 4094 ὢν
479 4042 581 4094 καὶ⁸
621 4039 775 4105 Θεὸς,
808 4041 1090 4111 ἐσοφίζετο
1137 4040 1236 4112 μὲν
1264 4039 1340 4104 ὡς
1368 4038 1666 4110 ἄνθρωπος,

1834 4034 1925 4080 εει
1951 4027 2113 4079 homo
2140 4034 2193 4078 et
2229 4024 2399 4088 Deus,
2433 4024 2804 4079 instruebatur
2826 4025 3044 4095 quidem
3084 4035 3143 4079 ut
3166 4025 3354 4094 homo,

143 4132 266 4203 πηγὴ
290 4133 343 4185 δὲ
375 4133 577 4203 σοφίας
609 4128 678 4204 ἦν
710 4132 786 4197 ὡς
826 4132 978 4197 Θεός.

1699 4161 1709 4172 .
1780 4118 1905 4174 fons
1933 4134 2062 4173 vero
2088 4118 2368 4187 sapientiae
2398 4125 2515 4173 erat
2538 4127 2598 4172 ut
2631 4117 2790 4173 Deus.

196 4230 344 4294 ἠ’-ια’.
399 4244 418 4278 ι
489 4224 848 4296 Προωρώμην
897 4225 989 4278 τδν
1030 4224 1236 4297 Κύριον
1296 4224 1531 4279 ἐνώπιόν
1577 4242 1678 4295 μου

1852 4210 2188 4266 Vsns.8-H.
2224 4230 2242 4263 ι
2268 4210 2626 4267 Providebam
2662 4210 2955 4264 Dominum
2983 4210 3035 4264 in
3067 4224 3355 4281 conspectu

144 4312 411 4381 διαπαντὸς,
435 4318 523 4370 ὅτι
554 4318 619 4367 ἐκ
643 4314 833 4382 δεξιῶν
858 4314 959 4384 μού
987 4316 1133 4368 ἐστιν
1170 4315 1255 4368 ἵνα
1293 4314 1367 4385 μὴ
1413 4312 1664 4367 σαλευθῶ.

1840 4320 1905 4361 eo
1923 4319 2156 4374 semper,
2183 4302 2438 4373 quoniam
2464 4318 2495 4356 a
2518 4302 2725 4357 dextris
2746 4310 2831 4357 est
2856 4302 2988 4356 mihi
3018 4318 3086 4357 ne
3115 4318 3356 4358 commo—

146 4404 224 4458 Διὰ
248 4406 391 4460 τοῦτο
422 4405 709 4477 εὐφράνθη
748 4406 781 4475 ἡ
807 4405 1004 4476 καρδία
1039 4421 1160 4473 μου,
1186 4404 1281 4457 καὶ
1310 4403 1666 4474 ὴγαλλιάσατι

1836 4417 1930 4455 :ar.
1954 4402 1972 4420 ‘
2000 4398 2229 4469 Propter
2250 4401 2354 4454 hoc
2381 4399 2618 4453 laetatum
2640 4406 2721 4452 est
2741 4413 2836 4453 cor
2858 4412 3059 4461 meum,
3090 4409 3141 4452 et
3170 4399 3356 4453 exsul-

146 4496 172 4564 ή
197 4496 393 4563 γλῶσσά
423 4499 473 4532 ⁸³
516 4516 616 4568 μου
642 4514 655 4527 ·
705 4497 788 4549 ἔτι
819 4496 877 4549 δὲ
913 4496 1005 4549 καὶ
1033 4497 1066 4565 ἡ
1094 4495 1230 4567 σάρξ
1268 4512 1370 4566 μου
1404 4513 1666 4566 κατασκη-

1838 4493 1921 4547 ,vit
1952 4492 2134 4561 lingua
2170 4506 2289 4545 mea
2325 4508 2338 4543 :
2371 4490 2594 4560 insuper
2636 4498 2691 4545 et
2728 4504 2857 4545 caro
2893 4506 3013 4544 mea
3054 4490 3358 4559 requiescet

147 4588 280 4643 νὼσει
301 4591 380 4644 ἐπ’
409 4591 612 4646 ἐλπίδι.
646 4590 769 4645 Ὅτι
802 4590 901 4643 οὐκ
933 4582 1344 4658 ἐγκαταλείψεὶς
1374 4587 1473 4658 τὴν
1498 4589 1667 4659 ψυχήι

1835 4606 1839 4637 ι
1868 4600 1980 4654 spe.
2006 4584 2276 4649 Quoniam
2306 4597 2415 4638 non
2443 4581 2787 4652 derelinques
2816 4581 3053 4636 animam
3092 4596 3268 4636 meam
3302 4583 3355 4637 in

150 4699 231 4751 μου
248 4687 318 4748 εἰς
346 4686 473 4757 ᾅδου
508 4686 578 4750 ³⁵,
610 4684 733 4738 οὐδὲ
763 4683 954 4747 δώσεις
980 4683 1075 4735 τὸν
1103 4682 1249 4737 ὅσιόν
1277 4700 1370 4735 σου
1409 4680 1534 4734 ἰδεῖν
1564 4679 1670 4734 δια-

1837 4676 2027 4742 ιίοηιο,
2054 4690 2230 4745 neque
2259 4674 2531 4729 concedes
2565 4683 2816 4727 sanctum
2840 4681 2994 4726 tuum
3024 4672 3208 4726 videre
3230 4687 3357 4726 cor-

150 4777 341 4848 φθοράν.
402 4777 741 4848 Ἐγνώρισάς
795 4760 883 4848 μοι
941 4777 1094 4839 ὁδοὺς
1138 4775 1312 4846 ζωῆς’
1367 4772 1670 4845 πληρώσεις

1838 4769 2113 4839 Iptionem.
2156 4765 2324 4821 Notas
2358 4766 2490 4820 mihi
2527 4764 2700 4820 fecisti
2746 4765 2863 4819 vias
2898 4765 3055 4829 vitae,
3105 4762 3358 4833 implebis

154 4886 207 4937 με
246 4872 594 4943 εὐφροσύνης,
631 4870 769 4941 μετὰ
796 4870 890 4924 τοῦ
937 4869 1230 4942 προσώπου
1270 4884 1399 4922 σου·
1450 4866 1674 4940 τερπνό-

1839 4880 1877 4917 ιυ
1901 4862 2085 4917 ltetitia
2123 4876 2247 4915 cum
2278 4862 2427 4914 vultu
2464 4867 2559 4913 tuo
2580 4898 2596 4919 ,
2630 4856 3022 4913 delectationes
3056 4856 3110 4911 in
3137 4854 3359 4911 dextera

155 4977 233 5030 της
263 4963 304 4995 π
332 4965 386 5017 ἐν
412 4967 482 5035 τῇ
509 4962 660 5034 δεξιᾷ
687 4980 780 5016 σου
809 4964 890 5026 εἰς
943 4962 1116 5025 τέλος.
1157 4980 1176 5015 ι
1209 4960 1393 5014 Ταῦτα
1431 4958 1675 5031 περιττδν

1841 4972 1882 5010 1a
1910 4965 2042 5011 sunt
2066 4955 2121 5008 in
2149 4961 2492 5024 perpetuum.
2521 4970 2540 5002 ι
2588 4949 2714 5005 Haec
2736 4965 3128 5019 supervacuum
3152 4958 3236 5005 est
3260 4966 3361 5006 nos

152 5053 274 5120 ἡμᾶς
321 5056 666 5127 ἑρμηνεύειν,
716 5056 814 5109 τοῦ
869 5055 1157 5109 θεσπεσίου
1208 5055 1443 5126 Πέτρου,
1500 5052 1596 5105 τοῦ
1633 5051 1672 5083 ⁹¹

1844 5049 2103 5118 :planare,
2129 5062 2255 5101 cum
2280 5045 2439 5100 divus
2464 5043 2658 5098 Petrus
2682 5041 2845 5113 693
2876 5044 3067 5096 borum
3090 5042 3217 5095 olim
3242 5057 3364 5095 ver-

155 5146 230 5198 κα“ι
251 5146 339 5219 τὴν
370 5150 520 5221 παρὰ
554 5148 649 5203 τοῦ
694 5148 927 5220 Πατρδς,
953 5148 1045 5201 καὶ
1072 5148 1171 5218 τὴν
1210 5147 1361 5219 παρὰ
1387 5144 1480 5199 τοῦ
1526 5143 1675 5209 Υίοῦ,

1843 5156 1983 5196 )rum
2011 5136 2515 5207 interpretationem
2534 5134 2755 5200 dixerit,
2787 5142 3011 5204 accepta
3038 5148 3069 5188 a
3096 5133 3274 5199 Patre,
3312 5142 3363 5188 et

211 5271 234 5297 ι
257 5257 432 5317 Matth.
463 5276 611 5324 xxvr,
652 5260 742 5316 39.
782 5268 811 5308 1
840 5258 986 5314 Psal.
1020 5274 1208 5324 cxvm,
1238 5259 1328 5313 61.
1407 5268 1430 5295 ι
1461 5257 1597 5311 Luc.
1631 5270 1706 5317 ιι,

922 5259 986 5313 al.
1020 5274 1208 5324 cxvm,
1238 5259 1328 5313 6!.
1407 5268 1430 5295 ι
1461 5257 1597 5311 Luc.
1631 5270 1706 5317 ιι,
1749 5253 1837 5308 52.
1920 5264 1944 5293 ο
1982 5251 2115 5306 Luc.
2151 5265 2269 5303 xxn
2294 5288 2309 5312 ,
2339 5247 2442 5301 45.

1202 5369 1439 5424 VARI/13
1482 5367 1867 5424 LECTIONES
1902 5366 1990 5420 ET
2031 5363 2262 5420 NOTAE.

142 5438 247 5530 '__”
281 5461 487 5529 Ἰεροῖς.
526 5464 649 5519 cod.
695 5464 730 5517 9.
760 5463 943 5526 θείοις.
1042 5464 1089 5495 ⁸⁵
1117 5462 1427 5530 Ποτήριον.
1464 5463 1586 5518 cod.
1631 5462 1662 5514 5

1845 5469 1855 5512 ι
1885 5459 2079 5530 τοῦτοκ
2164 5460 2208 5530 δέ
2243 5459 2281 5511 Ε
2318 5458 2441 5513 cod.
2492 5458 2629 5530 Aug.
2656 5457 2699 5530 _5
2735 5452 3153 5530 suppl._Ea_dem
3204 5450 3365 5530 habet

160 5526 317 5602 itontf,
340 5524 386 5587 ᾖ,
416 5524 468 5601 ρ’,
507 5533 594 5588 55.
686 5536 732 5567 ⁸⁸
761 5533 883 5602 Τὴν
904 5524 1090 5600 ’κλημ
1113 5524 1411 5601 μουῘῡεε.
1439 5534 1497 5586 in
1522 5533 1643 5586 cod.
1669 5533 1680 5602 ,ξ

1842 5531 1871 5561 ⁸⁷
1902 5531 2023 5602 cod.
2056 5529 2091 5582 2
2118 5529 2507 5602 ἀνθρωπίνηςρ
2554 5527 2782 5602 Α⁸⁸ῃ1ὶςξα
2809 5526 2983 5602 lectio
3018 5524 3088 5602 b.-
3104 5524 3140 5577 Ι.
3171 5532 3254 5602 est
3277 5524 3362 5602 ἐν-

159 5597 348 5673 έπεσαν.
417 5593 465 5673 3’
498 5605 654 5659 Ἀλλ’
680 5593 839 5673 ὅμωξ
859 5633 931 5644 -
959 5593 1319 5672 πέἱράσμῶν.
1340 5602 1464 5658 Des.
1488 5604 1629 5672 apud
1652 5601 1679 5657 (

1847 5601 2040 5673 p.216.
2150 5593 2436 5673 ίθίξθοιιιιιςς⁷
2464 5600 2585 5654 ροιΙ.
2618 5599 2668 5661 1,
2694 5597 2729 5650 2
2757 5597 2961 5673 addunt
2997 5594 3110 5673 καί.
3191 5593 3237 5673 ’.ί
3262 5594 3364 5673 ρε-

158 5672 382 5745 (manu.
405 5672 616 5745 Abest'a
634 5662 756 5729 cod.
778 5662 835 5728 2'.
912 5675 958 5707 ⁹¹
988 5662 1113 5745 co'd.
1142 5662 1250 5727 fet
1275 5673 1311 5725 2
1340 5662 1678 5745 ὑπεστῆρισε

1849 5662 2155 5745 ’ᾲΓέῷοήσαε
2188 5662 2438 5745 Ιιξιοὶίγ.
2471 5686 2661 5745 omnes
2685 5666 2890 5745 reliqui
2921 5666 3018 5719 int.
3055 5662 3226 5745 Graeci
3262 5662 3364 5716 ha-

164 5737 273 5794 bent
295 5736 427 5816 66ﬁa.
500 5744 549 5777 "
579 5747 700 5799 cod.
728 5746 764 5798 2
799 5752 853 5799 et
880 5746 914 5798 5
943 5744 1095 5816 ᾅδην,
1121 5744 1430 5816 quaz_et_iam
1475 5736 1566 5816 est
1587 5744 1684 5798 lect

1842 5743 1895 5816 d_.
1930 5740 2107 5816 Vatic.
2148 5744 2203 5816 b._
2232 5744 2318 5816 l.__
2346 5742 2391 5772 ³³³
2414 5740 2534 5797 cod.
2578 5738 2754 5795 Vatic.
2780 5736 2943 5794 habet
2980 5736 3362 5808 τερπνότητεςι

164 5823 300 5877 (luam
323 5813 437 5869 lect.
469 5824 688 5874 secutus
716 5825 800 5873 est
836 5812 1053 5873 Carafa'.
1138 5812 1207 5846 ’³⁸
1231 5813 1345 5872 Τοῦ
1376 5814 1684 5891 τ-ϐεξαμέ

1002 5812 1053 5873 α’.
1138 5812 1207 5846 ’³⁸
1231 5813 1345 5872 Τοῦ
1376 5813 1829 5891 τ-δεξαμένου,
1864 5813 1989 5869 Des.
2032 5814 2084 5870 in
2107 5814 2229 5871 cod.
2262 5812 2407 5869 Flor.
2495 5819 2522 5828 "
