3850 6532
535 348 643 413 963

1526 332 2011 400 THEODORETI
2051 328 2397 394 EPISCOPI
2437 326 2811 389 CYRENSIS
3655 328 3742 393 ρει

535 475 569 514 a
594 456 760 522 Filio,
803 463 857 511 et
894 471 924 510 a
969 453 1175 525 Spiritu
1210 460 1402 509 sancto
1436 452 1790 507 revelatione.
1831 447 1935 503 llic
1960 445 2108 502 enim

2213 444 2308 496 καὶ
2358 441 2457 512 τὴν
2516 438 2669 511 παρά
2719 438 2813 493 τοῦ
2868 438 3026 507 ἀγίου
3077 436 3402 507 Πνεύματος
3454 435 3745 508 ἀποκάλυψιν

534 566 663 606 cum
695 550 835 604 inter
865 546 1083 602 Judzeos
1121 545 1544 600 concionaretur
1570 585 1586 610 ,
1622 544 1731 597 hoc
1778 543 1832 595 in
1875 540 2114 595 medium

534 643 773 698 adducto
809 639 1121 695 testimonio
1141 678 1155 701 ,
1187 639 1259 691 ita
1287 638 1429 692 dixit
1458 655 1471 690 :
1516 654 1534 687 ι
1566 635 1680 688 Viri
1706 633 1920 697 fratres,
1953 632 2117 687 liceat

490 735 495 757 ⁷
535 752 659 791 cum
692 734 889 790 ﬁducia
915 735 1095 789 dicere
1117 733 1183 787 ad
1207 746 1309 786 vos
1331 732 1398 785 de
1429 729 1738 800 patriarcha
1766 726 1955 788 David,
1978 738 2116 797 quo-

536 830 683 885 niam
724 826 1017 883 deiunctus
1046 833 1131 880 est
1153 863 1169 889 ,
1201 832 1257 879 et
1290 823 1539 893 sepultus
1565 830 1683 883 cst,
1718 829 1774 875 et
1800 818 2112 888 sepulcrum

535 922 657 992 ejus
682 928 766 975 cst
794 918 936 989 apud
974 932 1075 971 nos
1106 930 1280 986 usque
1314 915 1370 968 in
1415 914 1737 967 hodiernum
1778 911 1943 965 diem.
1975 908 2113 965 Pro-

535 1016 699 1084 pheta
731 1012 898 1084 igitur
927 1026 1053 1065 cum
1080 1020 1259 1072 esset,
1291 1014 1348 1062 et.
1375 1006 1540 1061 sciret
1588 1004 1733 1075 quod
1755 1003 2114 1075 jurejurando

532 1108 771 1176 jurasset
807 1105 881 1158 illi
924 1103 1101 1168 Deus,
1150 1101 1216 1156 de
1258 1098 1437 1155 fructu
1483 1098 1651 1152 lumbi
1685 1098 1805 1167 ejus
1841 1096 2112 1151 oriturum

537 1214 659 1254 esse
695 1197 974 1252 Christum
1015 1192 1318 1249 secundum
1341 1206 1560 1245 carnem
1583 1230 1597 1255 ,
1634 1189 1936 1260 praevidens
1965 1189 2115 1243 locu-

538 1300 628 1344 tus
656 1298 741 1344 est
769 1288 837 1342 de
868 1285 1272 1341 resurrectione
1296 1282 1534 1346 Christi,
1576 1282 1704 1352 quia
1744 1295 1919 1351 neque
1955 1279 2114 1335 dere-

532 1382 665 1436 licta
714 1390 798 1436 est
844 1380 900 1435 in
946 1378 1163 1433 inferno
1204 1377 1325 1447 ejus
1365 1376 1584 1439 anima,
1627 1389 1800 1444 neque
1836 1388 1966 1428 caro
1993 1373 2113 1443 ejus

533 1474 670 1528 vidit
694 1471 1106 1541 corruptionem
1136 1470 1187 1523 b.
1220 1488 1237 1519 ι
1269 1466 1336 1522 Ει
1358 1468 1487 1522 alibi
1522 1485 1534 1520 :
1580 1486 1598 1519 ι
1629 1465 1799 1521 David
1830 1480 1955 1521 cum
1985 1480 2112 1536 pro-

533 1568 668 1638 priae
716 1565 1051 1637 generationi
1099 1561 1492 1618 subserviisset
1523 1599 1538 1624 ,
1588 1568 1846 1614 mortuus
1892 1567 2014 1622 est,
2060 1567 2115 1613 et

536 1659 671 1713 vidit
706 1658 1116 1726 corruptionem
1166 1672 1180 1708 :
1220 1669 1383 1725 quem
1427 1668 1559 1707 vero
1602 1653 1746 1707 Deus
1791 1649 2111 1715 suscitavit,

538 1766 646 1806 non
677 1750 812 1805 vidit
832 1748 1235 1817 corruptionem
1258 1758 1309 1801 ο.
1338 1765 1357 1798 ι
1390 1745 1517 1803 Haec
1545 1745 1615 1800 iis
1636 1744 1729 1813 qui
1760 1742 1961 1797 audent
1988 1756 2111 1812 per-

2216 532 2536 604 δεξαμένου,
2568 532 2738 586 πάλαι
2767 530 2969 585 τούτων
3014 530 3113 601 τὴν
3157 527 3463 600 ἑρμηνείαν
3491 535 3745 601 ποιησαμέ-

2217 643 2307 678 νου
2338 626 2406 681 ”.
2459 617 2629 688 Οὗτος
2660 626 2707 657 ⁸⁸
2739 625 2850 695 γὰρ
2876 626 2936 678 ἐν
2980 620 3255 685 Ἰουδαίοις
3301 620 3636 691 δημηγορῶν,
3673 629 3747 678 καὶ

2214 722 2419 795 ταύτην
2458 722 2697 791 ἐνεγκὼν
2727 724 2808 786 είς
2842 724 3007 793 μέσον
3039 722 3139 794 τὴν
3189 719 3502 793 μαρτυρίαν
3525 723 3586 789 ’⁵,
3612 725 3746 790 οὕτως

2216 814 2321 885 ἔφη
2340 832 2354 846 ο
2386 835 2405 867 ι
2444 815 2670 887 Ἄνδρες
2688 815 2930 886 ἀδελφοὶ,
2955 815 3076 883 ἐξὸν
3104 817 3283 871 εἰπεῖν
3318 815 3460 885 μετά
3487 818 3745 888 παρρησία

2216 908 2354 979 πρὸς
2400 907 2547 978 ὑμᾶς
2574 907 2707 979 περὶ
2735 908 2830 961 τοῦ
2862 908 3201 980 πατριάρχου
3230 906 3422 971 Δαϐὶδ,
3450 908 3530 962 ὅτι
3556 912 3637 963 καὶ
3660 914 3743 966 ἐτε-

2214 997 2464 1071 λεύτησε,
2494 998 2592 1052 καὶ
2623 1000 2821 1071 ἐτάφη,
2871 1001 2966 1054 καὶ
3010 998 3071 1053 τὸ
3101 1000 3297 1070 μνῆμα
3330 999 3499 1053 αὑτοῦ
3542 1002 3667 1055 ἐστιν
3702 1006 3745 1057 ἐν

2214 1091 2347 1160 ἡμῖν
2367 1091 2497 1161 ἄχρι
2527 1091 2626 1162 τῆς
2654 1092 2721 1163 σή
2730 1108 2916 1162 μερον.
2950 1092 3246 1163 Προφήτης
3271 1086 3372 1145 οὖν
3397 1090 3656 1163 ὑπάρχων,
3674 1100 3743 1151 καὶ

2213 1181 2371 1245 είδὼς
2419 1183 2434 1213 ⁸
2476 1183 2560 1237 ὅτι
2606 1183 2755 1254 ὅρκῳ
2783 1182 2996 1253 ὤμοσεν
3025 1183 3177 1253 αύτῷ
3205 1184 3235 1236 ὁ
3263 1182 3425 1246 Θεὸς,
3473 1184 3537 1237 ἐκ
3574 1188 3743 1258 καρποῦ

2213 1275 2316 1346 τῆς
2348 1277 2552 1347 ὀσφύος
2603 1276 2768 1331 αὐτοῦ
2812 1277 3137 1348 ἀναστήσειν
3178 1274 3243 1328 τὸ
3289 1274 3437 1328 κατὰ
3484 1275 3641 1347 σάρκα
3676 1277 3742 1331 τὸν

2213 1369 2450 1440 Χριστὸν
2500 1370 2542 1434 ⁸,
2589 1368 2826 1443 προῖδὼν
2870 1369 3103 1440 ἐλάλησε
3132 1369 3265 1439 περὶ
3302 1368 3407 1438 τῆς
3451 1368 3744 1434 ἀναστάσεως

2213 1458 2400 1522 αὑτοῦ,
2433 1460 2517 1513 ὅτι
2546 1460 2646 1514 ούκ
2675 1460 3070 1532 ἐγκατελείφθη
3096 1461 3173 1524 είς
3204 1458 3339 1531 ᾅδου
3366 1462 3401 1529 ἡ
3432 1457 3571 1531 ψυχὴ
3597 1462 3741 1528 αὐτοῦ,

2212 1551 2321 1606 οὐδ’
2354 1554 2388 1624 ὴ
2435 1552 2573 1625 σὰρξ
2611 1554 2778 1609 αὑτοῦ
2824 1549 2932 1607 εἶδε
2964 1553 3286 1624 διαφθοράν.
3327 1570 3347 1604 ι
3392 1553 3501 1607 Καὶ
3541 1554 3741 1624 ἐτέρωθν

2219 1662 2238 1694 ι
2278 1645 2444 1699 Δαόὶδ
2478 1647 2577 1716 μὲν
2607 1646 2715 1720 γὰρ
2752 1647 2856 1719 ίδίᾳ
2896 1648 3062 1719 γενεᾷ
3090 1646 3453 1716 ὑπηρετήσας
3485 1646 3687 1701 ἀπέθανε
3710 1650 3740 1712 ⁸,

2212 1737 2308 1790 καὶ
2338 1733 2450 1790 εῐδε
2494 1738 2788 1809 διαφθοράν
2808 1757 2823 1770 ’
2858 1738 2918 1793 ὂν
2953 1738 3011 1793 δὲ
3051 1740 3081 1792 ὁ
3118 1737 3254 1801 Θεὸς
3285 1738 3527 1809 ηγειρεν,
3557 1740 3641 1792 οὐκ
3662 1735 3741 1793 εἶδε

535 1858 720 1912 peram
761 1840 1136 1910 interpretari,
1180 1848 1345 1909 atque
1383 1839 1551 1893 etiam
1596 1835 1799 1891 Judzeis
1839 1834 2108 1889 afferenda

2212 1828 2531 1901 διαφθοράν.
2571 1850 2590 1882 ι
2631 1808 2862 1886 Ταῦταδ
2905 1831 3001 1885 καὶ
3047 1832 3162 1894 τοῖς
3192 1830 3624 1901 παρερμηνεύειν
3651 1833 3741 1885 tol-

536 1946 662 1989 sunt
700 1952 712 1986 :
755 1933 1097 1988 manifestam
1139 1931 1285 1985 enim
1321 1929 1523 1984 habent
1551 1926 1978 1982 confutationem
2015 1924 2111 1979 Ju-

533 2026 812 2081 daicorum
840 2023 1182 2078 deliriorum.
1211 2021 1353 2077 Dicit
1384 2021 1551 2092 igitur
1572 2018 1836 2075 Dominus
1858 2018 2111 2074 Christus

533 2117 772 2171 lmmano
814 2131 967 2170 more
1019 2114 1182 2169 etiam
1237 2114 1328 2168 hic
1374 2130 1388 2167 :
1435 2112 1549 2182 Ego
1596 2127 1627 2166 a
1681 2111 1863 2167 divina
1914 2119 2110 2165 natura

531 2209 790 2263 continue
820 2208 1229 2272 corroboratus,
1257 2206 1323 2261 ad
1355 2206 1651 2261 salutarem
1685 2204 1998 2275 passionem
2022 2217 2112 2258 ac-

531 2302 665 2356 cedo
693 2339 709 2365 ,
761 2309 815 2354 et
862 2299 1280 2355 resurrectionis
1317 2314 1411 2368 spe
1446 2298 1679 2368 gaudeo.
1711 2296 1847 2352 Nam
1878 2294 1905 2335 ἀ
1939 2311 2111 2367 neque

531 2391 714 2445 anima
748 2406 867 2445 mea
911 2390 965 2443 in
1007 2390 1226 2444 inferno
1250 2388 1678 2458 dcrclinquetur,
1707 2403 1806 2444 nec
1834 2403 1963 2443 caro
1988 2402 2110 2442 mea

531 2472 946 2552 corruptionem
972 2489 1185 2535 naturae
1208 2488 1595 2549 congruentem
1625 2478 1939 2535 sustinebit.
1958 2476 2110 2532 Velo-

532 2590 650 2630 cem
675 2575 821 2630 enim
853 2574 1310 2630 resurrectionem
1339 2587 1670 2649 consequar,
1689 2581 1745 2627 et
1777 2570 2006 2643 ἰηθθά.
2023 2570 2109 2625 vi-

532 2676 643 2721 tam
678 2667 900 2733 redibo,
933 2665 1189 2719 omnibus
1223 2664 1540 2719 hominibus
1578 2666 1722 2719 hanc
1751 2663 1893 2717 viam
1924 2671 2109 2717 osten-

530 2758 667 2813 dens
709 2775 722 2811 :
778 2776 795 2809 ί
830 2757 1086 2827 lmplebis
1132 2771 1219 2811 me
1246 2755 1433 2810 laetitia
1469 2770 1593 2810 cum
1626 2754 1778 2809 vultu
1809 2763 1932 2819 tuo,
1965 2754 2110 2809 dele-

530 2850 796 2903 ctationes
827 2848 881 2901 iu
914 2848 1137 2902 dextera
1167 2855 1259 2902 tua
1287 2855 1417 2902 sunt
1440 2847 1495 2900 in
1527 2854 1871 2917 perpetuum.
1901 2864 1921 2897 ›
1956 2844 2106 2911 Quo-

532 2942 678 2995 niam
717 2955 840 2995 cum
881 2940 951 2994 ad
995 2953 1213 2993 crucem
1247 2938 1570 3004 accederet,
1599 2937 1857 2992 dicebat:
1896 2955 1914 2987 ι
1941 2935 2110 2991 Valde

530 3031 706 3087 tristis
737 3041 823 3086 est
852 3031 1038 3085 anima
1084 3047 1205 3085 mea
1240 3046 1416 3101 usque
1456 3031 1522 3085 ad
1566 3039 1796 3084 mortem
1832 3039 1885 3093 ο,
1928 3047 1947 3080 ι
1994 3044 2109 3084 me-

530 3122 638 3177 rito
670 3122 754 3176 his
784 3123 967 3177 verbis
991 3138 1124 3177 usus
1151 3131 1235 3178 est
1264 3139 1389 3178 cum
1424 3122 1491 3178 de
1521 3124 1927 3178 resurrectione
1954 3137 2108 3176 meu-
2135 3157 2178 3215 ε

532 3216 734 3269 tionem
764 3215 986 3278 faceret,
1014 3216 1236 3284 docens,
1261 3231 1362 3285 pro
1390 3217 1482 3271 illa
1514 3217 1777 3273 maestitia
1810 3231 1869 3270 se
1904 3216 1956 3269 in
1982 3230 2107 3285 per-

532 3318 694 3379 petuo
727 3310 928 3378 gaudio
966 3309 1083 3364 fore
1108 3349 1124 3375 ,
1156 3310 1512 3380 impatibilem
1533 3352 1548 3377 ,
1588 3310 1977 3366 immutabilem
2004 3350 2018 3375 ,
2055 3317 2109 3364 et

533 3403 922 3467 immortalem,
947 3403 1249 3457 secundum
1276 3404 1571 3457 humanam
1600 3417 1819 3473 quoque
1837 3412 2106 3456 naturam.

530 3492 667 3548 Nam
700 3503 760 3548 ut
792 3493 935 3549 Deus
956 3533 970 3559 ,
1010 3495 1112 3548 hoc
1141 3503 1260 3549 erat
1289 3510 1526 3565 semper,
1565 3504 1729 3564 atque
1755 3496 1917 3549 etiam
1949 3493 1998 3549 ei
2030 3492 2107 3547 l‘a-

534 3588 640 3642 cile
670 3596 786 3642 crat
820 3596 834 3610 '
864 3588 966 3642 hoc
994 3590 1247 3643 humanae
1277 3598 1487 3643 natura:
1519 3588 1759 3659 praebere
1779 3628 1794 3653 ,
1837 3603 1961 3643 cum
1992 3587 2106 3657 pri-

535 3696 684 3735 mum
717 3680 771 3733 in
806 3689 963 3735 utero
1004 3680 1239 3736 formata
1270 3691 1374 3736 est.
1415 3681 1617 3736 Verum
1659 3696 1756 3751 per
1790 3679 2109 3735 alllictiones

534 3772 787 3843 progredi
822 3773 1073 3842 permisit
1108 3783 1360 3828 naturam
1382 3789 1550 3845 quam
1571 3781 1879 3843 acceperat,
1913 3780 1973 3827 ut
2004 3772 2108 3827 hoc

535 3865 697 3920 modo
741 3880 931 3920 eversa
977 3867 1185 3935 peccati
1230 3867 1470 3936 potentia
1518 3865 1724 3921 diaboli
1762 3864 2103 3937 tyrannidem

532 3960 770 4026 sedaret,
791 3971 845 4015 et
865 3961 1058 4016 mortis
1082 3961 1372 4030 imperium
1398 3960 1723 4027 destrueret,
1742 3959 2107 4030 omnibusque

532 4054 850 4109 hominibus
893 4054 1316 4111 resurrectionis
1350 4052 1668 4109 facultatem
1714 4052 1997 4124 praeberet.
2039 4051 2109 4108 Ut

532 4146 699 4200 homo
723 4146 886 4216 igitur
905 4185 920 4211 ,
948 4157 1001 4201 et
1023 4146 1488 4216 incorruptionem
1511 4184 1527 4209 ,
1555 4156 1611 4201 et
1639 4144 2105 4201 immortalitatem

531 4235 751 4303 accipit.
785 4233 884 4289 llic
911 4236 1176 4304 psalmus,
1211 4245 1267 4290 et
1289 4237 1427 4302 Arii,
1461 4246 1515 4291 et
1544 4235 1822 4299 Eunomii,
1854 4244 1911 4290 et
1937 4234 2106 4307 Apol-

533 4328 723 4381 linaris
763 4327 1092 4382 dementiam
1140 4330 1438 4401 redarguit.
1494 4328 1562 4384 Hi
1612 4329 1880 4399 siquidem
1933 4327 2103 4383 Deum

532 4417 769 4473 Verbum
802 4418 1160 4475 inanimatum
1190 4436 1389 4492 corpus
1414 4424 1785 4493 assumpsisse
1809 4421 2101 4477 dixerunt:

531 4509 862 4579 Apollinaris
890 4524 1017 4565 vero
1044 4513 1347 4568 animatum
1389 4514 1611 4585 quidem
1654 4512 1950 4585 appellavit
1977 4528 2101 4568 cor-
2134 4502 2180 4559 ι)

530 4621 635 4677 pus
663 4606 810 4675 quod
841 4618 1179 4678 assumptum
1215 4618 1297 4663 est
1319 4649 1335 4674 ,
1379 4609 1476 4665 sed
1506 4609 1610 4665 hoc
1632 4610 1816 4665 anima
1847 4607 2101 4663 rationali

530 4695 783 4765 privavit.
810 4696 1005 4766 Ignoro
1026 4698 1168 4752 unde
1193 4696 1291 4752 has
1312 4698 1555 4766 geminas
1581 4698 1792 4753 animas
1817 4695 2098 4751 didicerit:

532 4789 725 4843 nullibi
770 4791 914 4844 enim
960 4791 1144 4845 divina
1192 4790 1472 4859 Scriptura
1521 4790 1624 4845 hoc
1671 4790 1851 4846 docet.
1896 4788 2099 4844 Verum

2215 1921 2394 1991 μῶσιν
2467 1924 2767 1993 ἀναγκαῖον
2827 1924 3126 1995 προφέρειν
3174 1925 3233 1956 ⁵·
3296 1925 3394 1977 καὶ
3451 1922 3617 1995 μέντοι
3670 1928 3740 1978 καὶ

2225 2012 2533 2079 Ἰουδαίοις·
2588 2017 2844 2088 προφανῆ
2886 2017 2995 2090 γὰρ
3024 2018 3046 2049 ⁸
3076 2017 3307 2088 ἔλεγχον
3350 2016 3464 2087 ἔχει
3502 2017 3592 2088 τῆς
3639 2018 3738 2072 ’1ου-

2210 2107 2372 2161 δαίων
2423 2108 2443 2136 "
2498 2109 2915 2181 ἐμϐροντησίας.
2970 2110 3134 2179 Λέγει
3178 2110 3371 2165 τοίνυν
3428 2111 3458 2164 δ
3514 2111 3738 2183 Δεσπότης

2210 2198 2443 2270 Χριστὸς
2472 2200 2828 2272 ἀνθρωπίνως
2865 2201 3146 2257 κάνταῦθα
3174 2200 3221 2268 ⁸,
3262 2203 3349 2257 ὅτι
3382 2202 3637 2273 Διηνεκῶς
3660 2204 3738 2257 ὑπὸ

2209 2291 2308 2361 τῆς
2333 2290 2485 2354 θείας
2524 2292 2916 2365 στηριζόμενος
2957 2294 3176 2363 φύσεως
3205 2294 3289 2365 τῷ
3334 2296 3576 2367 σωτηρίῳ
3603 2296 3734 2364 πρόσ-

2211 2398 2325 2451 ειμι
2373 2382 2560 2449 πάθει,
2609 2384 2707 2437 καὶ
2750 2388 2817 2456 τῇ
2866 2385 3042 2438 ἐλπίδι
3084 2386 3183 2457 τῆς
3224 2386 3571 2450 ἀναστάσεως
3608 2388 3734 2440 ἑπευ-

2210 2474 2510 2545 φραίνομαι
2557 2478 2598 2530 ⁸.
2642 2476 2780 2531 Οὔτε
2810 2478 2920 2550 γάρ
2953 2480 2987 2549 ἡ
3016 2478 3162 2551 ψυχή
3200 2496 3311 2550 μου
3343 2479 3423 2542 εἰς
3452 2478 3569 2551 ᾆδον
3606 2497 3731 2534 κατα-

2209 2564 2583 2638 λειφθήσεται,
2625 2568 2737 2622 οὐθ’
2786 2572 2821 2642 ή
2868 2570 3005 2642 σάρξ
3054 2588 3157 2640 μου
3206 2570 3476 2641 ὑπομενεί
3513 2569 3600 2641 τὴν
3628 2569 3733 2623 κατὰ

2210 2656 2374 2726 φύσιν
2432 2659 2751 2732 διαφθοράν.
2816 2662 3052 2733 Ταχείας
3106 2660 3216 2733 γὰρ
3271 2660 3377 2732 τῆς
3442 2661 3729 2724 ἀναστάπεως

2210 2750 2490 2825 τεύξομαι.
2548 2755 2643 2810 καὶ
2704 2756 2785 2819 εἰς
2861 2756 2963 2826 τὴν
3020 2754 3167 2825 ζωὴν
3244 2752 3530 2825 ἐπανήξω·
3600 2754 3729 2807 imm

2210 2846 2415 2918 ταύτην
2469 2847 2779 2919 ἀνθρώποις
2848 2847 3168 2911 ὑποδεικνὺς
3214 2846 3320 2919 τὴν
3380 2846 3511 2901 ὀδόν.
3560 2864 3577 2897 ι
3621 2846 3727 2915 [111;-

2216 2938 2411 3009 ρώσεις
2459 2958 2529 3012 με
2576 2940 2916 3014 εὐφροσύνης
2966 2941 3107 3013 μετά
3168 2940 3269 2995 τοῦ
3317 2939 3592 3011 προσώπου
3639 2955 3728 3002 σου,

2209 3033 2515 3105 τερπνότης
2557 3034 2615 3087 ἐν
2658 3036 2723 3107 τῇ
2767 3032 2921 3105 δεξιᾷ
2971 3050 3065 3087 σου
3112 3034 3194 3098 εἰς
3236 3034 3416 3100 τέλος.
3474 3054 3493 3089 ι
3560 3032 3727 3103 Ἐπειδῆ

2209 3128 2287 3199 τῷ
2334 3127 2497 3182 πάθει
2554 3126 2798 3200 προσιὼν
2845 3126 3036 3197 ἔλεγε,
3104 3147 3123 3181 ι
3190 3128 3495 3200 Περίλυπός
3543 3128 3726 3196 ἐστινὴ

2208 3218 2354 3291 ψυχή
2410 3237 2511 3291 μου
2552 3221 2656 3284 ἓως
2712 3221 2981 3276 θανάτουο
3023 3240 3041 3273 ι
3093 3220 3329 3286 εἰκότως
3377 3220 3569 3283 τούτοις
3604 3220 3724 3290 ἐχρή-

2211 3331 2343 3367 σατο
2398 3316 2512 3379 τοῖς
2548 3313 2728 3384 λόγοις
2777 3316 2874 3385 τῆς
2920 3315 3273 3379 ἀναστάσεως
3316 3313 3723 3386 μνημονεύσας¹⁹,

2209 3406 2475 3461 διδάσκων
2510 3406 2585 3471 ὡς
2616 3408 2740 3461 ἀντῖ⁵
2772 3408 2872 3479 τῆς
2913 3406 3150 3478 ἀθυμίας
3201 3408 3419 3478 ἐκείνης
3464 3409 3518 3461 ἐν
3542 3406 3723 3477 διηνεκεῖ

2211 3495 2447 3569 θυμηδίᾳ
2507 3498 2831 3568 γενήσεται,
2891 3493 3145 3568 ἀπαθὴς,
3203 3499 3304 3551 καὶ
3345 3498 3618 3567 ἄτρεπτος,
3656 3497 3723 3547 καὶ

2208 3589 2495 3654 ἀθάνατος,
2556 3590 2651 3644 καὶ
2690 3591 2732 3622 ¹¹
2794 3589 2937 3646 κατὰ
2969 3589 3067 3663 τὴν
3114 3590 3463 3662 ἀνθρωπείαν
3519 3588 3558 3619 ¹¹
3601 3586 3720 3657 φύσιν

2209 3684 2518 3755 γενόμενος.
2563 3684 2651 3748 Ὧς
2683 3683 2792 3756 γὰρ
2846 3684 2999 3748 Θεὸς,
3034 3683 3195 3738 τοῦτο
3226 3679 3300 3757 ἦν
3334 3684 3445 3748 ἀεὶ,
3469 3682 3554 3737 καὶ
3581 3681 3718 3753 μέντοι

2209 3775 2304 3829 καὶ
2333 3778 2399 3845 τῇ
2429 3775 2745 3848 ἀνθρωπεία
2773 3771 2931 3844 φύσει
2960 3774 3124 3839 εὐθὺς
3153 3778 3213 3830 ἐν
3243 3779 3316 3847 τῇ
3351 3777 3523 3847 μήτρᾳ
3542 3770 3717 3827 διαπλα-

2210 3865 2397 3938 σθείσῃ
2446 3866 2607 3920 τοῦτο
2639 3870 2942 3937 παρασχεῖν
2987 3866 3136 3937 αὐτῷ
3178 3867 3222 3898 ⁸³
3264 3867 3446 3939 ῥᾴδιον
3486 3862 3565 3935 ἦν.
3600 3862 3715 3916 am

2206 3955 2295 4010 διά
2315 3958 2425 4010 τῶν
2457 3956 2645 4011 παθῶν
2672 3956 2891 4011 ὁδεῦσαι
2918 3961 3301 4029 συνεχώρησεν
3329 3959 3396 4030 ἣν
3423 3955 3621 4012 ἀνέλαϐε
3644 3953 3715 4021 φύ-

2210 4066 2315 4115 σιν,
2366 4050 2454 4104 ἴνα
2492 4047 2635 4103 οὕτω
2672 4050 2772 4122 τῆς
2813 4050 3086 4123 ἁμαρτίας
3129 4051 3441 4115 καταλύσας
3478 4050 3564 4121 τὴν
3593 4048 3712 4100 δινα-

2160 4174 2171 4187 ο
2208 4141 2415 4207 στείαν,
2440 4142 2623 4214 παύσῃ
2653 4142 2751 4214 μὲν
2770 4142 2864 4197 τοῦ
2889 4142 3136 4197 διαὸόλου
3163 4146 3261 4217 τὴν
3279 4144 3570 4216 τυραννίδα,
3595 4155 3711 4194 κατα-

2204 4235 2343 4310 λύσῃ
2385 4235 2442 4288 δὲ
2498 4235 2593 4289 τοῦ
2631 4236 2864 4291 θανάτου
2898 4237 2959 4291 τὸ
2997 4238 3218 4307 κράτος,
3250 4240 3346 4292 καὶ
3376 4239 3525 4291 πᾶσιν
3550 4233 3708 4303 ἀνθρὼ-

2207 4346 2330 4394 ποις
2381 4328 2646 4401 παράσχῃ
2692 4328 2789 4402 τὴν
2821 4332 2921 4401 τῆς
2952 4329 3307 4395 ἀναδιώσεως
3356 4329 3604 4400 ἀφορμήν.
3646 4324 3707 4384 Ὠς

2204 4421 2491 4493 ἄνθρωπος
2518 4423 2719 4486 τοίνυν,
2752 4422 2848 4476 καὶ
2877 4422 2976 4494 τὴν
3007 4423 3341 4495 ἀφθαρσίαν,
3373 4423 3463 4477 καὶ
3497 4421 3581 4489 τὴν
3605 4418 3703 4471 ἀθα-

2204 4514 2396 4569 νασίαν
2427 4513 2719 4585 λαμϐάνει.
2754 4509 2924 4577 Οὗτος
2964 4517 2992 4569 ὁ
3033 4516 3246 4587 ψαλμδς
3288 4518 3381 4571 καὶ
3409 4514 3500 4585 τὴν
3530 4509 3700 4582 Ἀρείου.

2204 4607 2301 4660 καὶ
2331 4606 2431 4678 τὴν
2472 4607 2762 4678 Εύνομίου,
2810 4610 2908 4663 καὶ
2945 4609 3321 4683 Ἀπολιναρίου
3350 4603 3700 4680 φρενοϐλάϐειαν

2204 4691 2440 4770 ἐλέγχει.
2486 4699 2549 4752 Οἱ
2579 4700 2679 4771 μὲν
2712 4699 2822 4772 γάρ
2857 4700 3018 4773 σῶμα
3062 4701 3268 4774 ἄψυχον
3311 4702 3401 4755 τὸν
3427 4699 3545 4753 Θεὸν
3575 4694 3700 4759 Λόγον

2202 4790 2356 4846 εἷπον
2384 4792 2755 4862 ἀνειληφέναι.
2798 4793 3172 4867 Ἀπολινάριος
3199 4794 3259 4849 δὲ
3294 4793 3523 4867 ἔμψυχον
3559 4786 3636 4857 μὶν
3656 4781 3698 4834 τὸ

531 4881 734 4949 pariter
774 4892 997 4939 sanctus
1036 4883 1272 4954 Spiritus
1316 4898 1413 4953 per
1459 4884 1678 4939 beatum
1728 4883 1988 4939 Davidem
2031 4883 2099 4939 de

2209 4882 2511 4955 ἀναληφθὲν
2543 4882 2771 4937 ἐκάλεσε
2802 4883 2982 4956 σῶμα,
3012 4885 3113 4957 τῆς
3153 4885 3210 4939 δὲ
3242 4882 3460 4957 λογικῆς
3490 4876 3600 4933 αὐτὸ
3626 4871 3698 4944 ψυσ

604 5064 631 5103 ι)
661 5062 784 5119 Act.
822 5080 897 5131 ιι,
923 5064 1107 5121 29-51.

1186 5077 1209 5104 ο
1244 5067 1366 5122 Act.
1405 5082 1549 5131 xm,
1588 5064 1692 5132 36,
1732 5065 1823 5119 '57.
1901 5063 1928 5104 ἀ
1964 5064 2086 5121 Act.
2124 5079 2186 5119 ιι.

2268 5077 2292 5104 ο
2320 5064 2512 5121 Matth.
2546 5083 2703 5131 χχιιι,
2735 5066 2824 5121 58.

1615 5284 1850 5340 νΑιιιιιΕ
1895 5285 2278 5342 LECTIONES
2310 5285 2403 5343 ΕΤ
2434 5283 2667 5342 NOTAE.

593 5444 642 5479 "
670 5443 792 5499 cod.
817 5444 870 5508 1,
889 5442 925 5497 2
953 5442 1299 5512 ποιουμένου.
1324 5440 1399 5498 lta
1431 5457 1646 5512 quoque
1684 5441 1847 5497 Cord.
1876 5458 1931 5512 p.
1959 5443 2085 5497 277.

2209 5462 2210 5469 η
2241 5438 2427 5510 Οὗτος
2449 5472 2517 5486 --
2542 5442 2679 5512 ἔφη.
2712 5444 2836 5500 cod.
2870 5442 3014 5498 Flor.
3047 5443 3160 5499 ha’c
3190 5459 3355 5513 pauca
3389 5433 3607 5513 liabet,_év
3625 5420 3683 5513 οἷς

522 5498 719 5593 λέγει..
771 5498 1204 5593 ’³111αρτυρίᾴις..
1223 5514 1343 5568 cod.
1366 5513 1403 5593 ἓ
1431 5498 1483 5593 et
1506 5498 1679 5593 βοτά.
1713 5498 2108 5593 ΙοΔο...έρμηνείι

2214 5584 2227 5593 ,
2260 5498 2492 5580 εειέὼς
2515 5498 2595 5554 -ἰ
2608 5498 2897 5593 turmas.
2927 5514 3047 5570 cod.
3086 5498 3247 5593 rio};
3264 5510 3487 5593 _1=po?_5<1{V
3511 5504 3568 5593 τὲ
3586 5498 3681 5593 ff?

562 5566 694 5585 ηρ-
833 5566 947 5581 ηε
1102 5584 1127 5594 _
1234 5566 1271 5567 κν
1333 5566 1451 5593 ..κ
1529 5566 1583 5567 η
1796 5566 1832 5568 Ἢ
2104 5566 2107 5567 ,

522 5587 626 5656 τῆς
658 5586 1007 5667 ἀναστάσεως
1036 5601 1129 5667 του
1160 5584 1397 5667 Χριστου
1431 5584 1707 5667 ἐλάλησε..
1756 5584 1777 5613 ¹
1800 5586 2077 5667 Χρίσξότς.

2214 5566 2484 5667 eam
2505 5600 2626 5667 qua
2646 5566 2765 5667 ιιι,
2785 5566 3364 5667 ’έρξιξυίιίιιιεί-έαοισι.
3392 5581 3473 5667 ἐπι
3493 5566 3677 5667 εοιιςέε

526 5652 617 5708 νου
640 5654 826 5709 αὑτοῦ.
903 5656 923 5686 ³
944 5652 1242 5710 Ἀπέθανε.
1267 5654 1383 5707 Alia
1409 5664 1491 5709 est
1515 5652 1672 5707 lectio
1696 5653 1734 5707 l.
1769 5670 1815 5707 c.
1892 5653 1913 5685 ⁸
1938 5652 2108 5708 Ταῦτι

2209 5652 2690 5722 -ἐμϐροντηόίας,
2725 5654 2850 5708 Des.
2872 5652 2937 5709 'in
2966 5656 3086 5709 cod.
3114 5655 3257 5709 Flor.

3336 5656 3353 5684 '
3374 5651 3476 5706 cod.
3504 5645 3678 5716 275W?

527 5725 734 5795 φέρειν.
811 5726 833 5756 ⁸
862 5726 912 5778 Γ
914 5723 1006 5793 ἀρ.
1038 5726 1206 5778 Abest
1233 5740 1263 5777 a
1288 5725 1411 5778 cod.
1442 5728 1489 5789 l,
1514 5724 1569 5777 2.
1646 5725 1663 5755 ⁷
1698 5723 2011 5777 Ἰουδαίων.
2045 5739 2108 5777 co

2209 5714 2477 5778 Ξτούῖτων.
2513 5714 2567 5757 ’⁸
2599 5714 2718 5778 cod.
2757 5723 2900 5780 Flor.
2933 5726 3184 5778 ἐνταῦθα.
3258 5726 3279 5756 ⁹
3304 5724 3415 5779 cod.
3454 5721 3471 5773 1
3501 5714 3671 5780 εὐφραί-

527 5794 710 5866 νομαι.
789 5796 832 5827 ¹⁰
853 5796 972 5853 cod.
1011 5796 1034 5848 1
1074 5796 1448 5865 μνημονεύων.
1502 5796 1567 5875 _“
1598 5795 1725 5850 Καί.
1750 5796 1913 5850 Abest
1942 5810 1972 5849 a
2003 5795 2099 5851 cod

2209 5832 2215 5848 .
2297 5796 2339 5825 ¹¹
2368 5797 2488 5851 cod.
2518 5795 2552 5849 2
2579 5795 2942 5868 ἀνθρωπίνην.
3015 5797 3058 5827 ’³
3088 5797 3210 5853 cod.
3249 5796 3270 5849 1
3304 5794 3445 5862 αὐτῇ.
