3850 6506
182 280 269 346 στι

1491 265 1572 331 ΙΝ
1623 270 1829 331 PSAL.
1861 265 2047 328 XVII.

3284 265 3389 331 974

182 394 421 465 ισπιστής
484 406 626 464 μου,
671 389 770 443 καὶ
837 386 1003 460 κέρας
1047 386 1325 458 σωτηρίας
1366 401 1469 457 μου
1488 385 1572 450 ’⁸,
1620 381 1716 435 καὶ

1839 379 2051 447 ιρθιδαὺο
2074 376 2130 429 in
2159 389 2283 431 eum
2314 391 2327 429 :
2360 382 2638 446 protector
2669 388 2846 442 meus,
2893 382 2949 430 et
2992 391 3163 432 cornu
3194 380 3389 438 salutis

184 492 496 561 ἁντιλήπτωρ
526 506 653 559 μου.
684 506 702 537 ι
753 484 1020 559 Ἀγαπῃ¹⁷
1052 484 1153 547 τὰς
1183 483 1502 553 εὐεργεσίας
1528 482 1558 534 ό
1584 497 1719 549 προσ

188 587 331 655 φὴτης
359 581 646 653 ἀμείϐεται
666 596 681 610 ο
713 579 921 649 ταύτην
946 577 1055 648 γάρ
1084 577 1254 648 μόνην
1282 575 1361 648 τῷ
1385 573 1505 646 Θεῷ
1532 574 1624 627 τὸν
1660 568 1719 626 εὖ

190 674 461 731 πεπονθότα
503 672 729 725 δυνατὸν
765 668 1116 725 ἀντιδοῦναι·
1163 668 1371 737 ταύτην
1387 667 1435 699 ⁸⁸
1482 666 1577 720 καὶ
1624 665 1722 735 τῆς

191 765 471 837 νομοθεσίας
494 762 796 835 ἀρχόμενος
825 759 1217 831 ἐνομοθέτησεν
1241 760 1271 811 ό
1298 757 1453 821 Θεός.
1492 776 1510 809 ι
1561 757 1723 825 Ἀγα-

194 861 354 929 «ﬂeet;
388 857 496 927 γάρ
515 896 529 913 .
556 858 694 925 φησι
713 896 728 919 ,
755 853 959 925 Κύριον
978 852 1070 905 τὸν
1094 850 1227 906 Θεόν
1256 862 1349 905 σου
1374 848 1434 915 ἐξ
1461 849 1586 920 ὅλης
1625 848 1724 916 τῆς

194 950 382 1020 καρδίας
400 948 573 1011 seu”,
593 947 692 1000 καὶ
707 948 722 978 ⁸
744 945 801 1014 ἐξ
819 947 946 1015 ὅλης
956 945 1056 1014 τῆς
1070 944 1249 1014 ψυχῆς
1266 960 1383 1009 σου,
1400 942 1495 995 καὶ
1511 939 1570 1005 ἐξ
1595 940 1726 1009 ὅλης

194 1044 273 1113 τῆς
292 1039 556 1110 δυνάμεώς
573 1042 592 1071 ’
618 1056 731 1095 σου.
760 1058 778 1089 ι
818 1038 959 1091 Ἀλλ’
979 1037 1171 1090 ἕπεται
1195 1038 1260 1105 τῇ
1282 1036 1475 1108 ἀγάπῃ
1489 1034 1583 1088 τοῦ
1597 1034 1727 1100 ἀγα-

196 1135 408 1204 ταυμένου
429 1134 461 1201 ἡ
486 1128 773 1202 θεραπεία.
810 1148 829 1181 L
873 1130 939 1183 Ἦ
966 1128 1077 1200 γάρ
1102 1128 1289 1197 ἀγάπη
1317 1128 1498 1180 πάντα
1522 1127 1722 1194 στέγει,

196 1229 341 1281 πάντα
370 1224 670 1289 πιττεύει³,
697 1223 875 1277 πάντα
901 1221 1135 1285 ἐλπίζει,
1158 1221 1339 1275 πάντα
1372 1220 1667 1289 ὑπομένει·
1692 1220 1725 1290 ή

194 1321 349 1387 ἀγάπη
371 1317 623 1370 οὐδέποτε
649 1317 925 1370 ἐκπίπτει.
963 1334 981 1367 ι
1022 1315 1394 1385 ’Υπισχνεῖται
1418 1313 1471 1365 δέ
1496 1315 1523 1367 ὁ
1554 1312 1729 1382 μακά-

196 1428 286 1480 ριος
310 1408 461 1462 Δαϐὶδ
485 1408 579 1460 τὸν
602 1408 735 1461 Θεὸν
766 1406 1098 1478 ἀγαπήσειν,
1115 1406 1213 1475 οὐχ
1235 1404 1309 1468 Lb;
1341 1404 1552 1457 οὐδέπω
1572 1400 1730 1456 τοῦτο

192 1503 343 1555 τέλεον
389 1499 736 1571 κατορθώσας
757 1514 773 1530 ο
804 1498 940 1553 ἀλλά
974 1498 1135 1568 κόρον
1162 1496 1348 1550 λα6εῖν
1377 1495 1477 1564 τῆς
1507 1494 1729 1565 ἀγάπης

191 1592 272 1645 οὐκ
297 1591 612 1659 ἀνεχόμενος
635 1603 649 1619 ’
700 1586 822 1643 εἶτα
859 1589 959 1652 τὰς
998 1588 1321 1658 εὐεργεσίας
1356 1586 1508 1648 θείας
1554 1586 1729 1637 ποιεῖ-

188 1684 302 1738 ταιδ
344 1683 745 1754 προσηγορίας,
798 1680 894 1735 καὶ
929 1680 1022 1734 τὸν
1065 1679 1367 1749 κατάλογον
1414 1671 1490 1733 ὧν
1539 1678 1730 1749 ἔτυχεν

187 1737 1023 1845 ἀγαθῶνικατάλδγονόνομάτων
1057 1737 1391 1845 ἐργάζεται⁴
1439 1772 1536 1824 καὶ
1575 1737 1732 1824 καλεῖ
1759 1737 1802 1792 Β

187 1872 266 1923 τὸν
287 1868 409 1921 Θεὸν
434 1866 640 1937 ἰσχὺν,
675 1866 751 1930 ὡς
777 1865 981 1937 ταύτης
1017 1862 1337 1936 μεταλαχών
1356 1879 1371 1894 ο
1402 1862 1728 1932 στερέωμα,

184 1962 249 2025 ὡς
277 1960 516 2030 στερεὸς⁸
558 1958 702 2012 κατά
732 1959 842 2011 τῶν
872 1957 1150 2029 πολεμίων
1189 1954 1511 2027 γενόμενος⁸
1551 1970 1730 2007 κατα-

182 2055 366 2124 φυγὴν
388 2094 401 2116 ,
426 2053 499 2116 Lb;
541 2055 722 2122 τεῖχος
769 2049 1024 2121 ἐσχηκὼς
1052 2048 1145 2103 τὸν
1180 2044 1348 2113 Θεὸν,
1381 2047 1477 2101 καὶ
1508 2044 1732 2116 περίδο-

180 2146 259 2198 λον
290 2145 474 2215 ὀχυρόν
496 2144 545 2175 ⁸ο
573 2144 833 2212 ρύστηγ,
869 2143 944 2205 Lb;
975 2142 1063 2196 διά
1087 2141 1182 2195 τοῦ
1213 2138 1351 2193 Θεοῦ
1390 2139 1498 2192 τῶν
1533 2140 1732 2210 δυσμε-

178 2236 273 2289 νῶν
301 2235 713 2305 ἀπηλλαγμένος
738 2249 752 2264 ⁶
780 2232 1034 2301 βοηθὸν,
1065 2233 1141 2295 Lb;
1164 2231 1377 2285 ἐκεῖθεν
1410 2231 1734 2301 ἐπικουρίας

174 2329 373 2399 τυχών·
424 2326 926 2398 ὐπερασπιστὴν,
985 2325 1062 2391 Lb;
1115 2326 1400 2397 πρόμαχον
1449 2326 1507 2378 ἐν
1556 2324 1736 2396 καιρῷ

172 2418 525 2491 γεγενημένον
551 2436 566 2450 θ
597 2418 776 2488 κέρας
814 2420 1137 2487 σωτηρίας,
1165 2418 1266 2471 καί
1304 2411 1733 2484 ἀντιλήπτορη,

170 2510 240 2575 Lb;
269 2516 330 2582 τῇ
364 2510 526 2565 αὐτοῦ
579 2510 894 2582 προμηθείᾳ⁸
942 2507 1297 2578 περισωθείς.
1351 2507 1426 2561 Τὸ
1452 2506 1509 2559 δὲ
1557 2504 1737 2574 κέρας

170 2606 457 2672 σωτηρίας
499 2602 749 2656 τέθεικεν
797 2604 860 2655 ἐκ
914 2599 1230 2672 μεταφορᾶς
1263 2599 1372 2653 τῶν
1407 2598 1592 2665 ζώων,
1627 2598 1737 2651 τῶν

172 2698 277 2757 τοῖς
334 2698 557 2766 κέρασιν
593 2696 720 2758 τοὺς
768 2692 1067 2763 πολεμίους
1137 2693 1550 2763 ἀμυνομένωντ.
1589 2690 1739 2763 [Ke-

174 2804 269 2856 ρας
309 2786 364 2840 δὲ
406 2789 629 2854 λέγεται
663 2787 757 2840 καὶ
800 2788 832 2856 ἡ
862 2785 1183 2851 βασιλεία,
1244 2803 1262 2835 L
1307 2784 1416 2838 Kal.
1443 2782 1604 2836 δώσει
1631 2785 1740 2854 γάρ

172 2876 321 2943 ἰσχὺν
370 2878 479 2938 τοῖς
535 2874 849 2945 βασιλεῦσιν
913 2872 1111 2945 ἡμῶν·
1157 2874 1255 2927 καὶ
1308 2872 1515 2943 ὑψώσει
1570 2873 1741 2945 κέρας

171 2969 403 3037 Χριστοῦ
428 2968 615 3022 αὐτοῦ’
648 2988 666 3020 ι
688 2969 810 3022 ἀντὶ
838 2966 932 3021 τοῦ
962 2966 1062 3039 τὴν
1081 2966 1360 3039 βασιλείαν
1385 2965 1480 3020 τοῦ
1502 2965 1739 3036 Χριστοῦ

172 3062 383 3135 αὐτοῦ]

239 3153 301 3208 δ’.
356 3175 375 3205 ε
414 3156 588 3209 Αἰνῶν
639 3152 1043 3227 ἐπικαλέσομαι
1094 3154 1186 3208 τὸν
1231 3152 1477 3221 Κύριον’
1536 3152 1632 3205 καὶ
1679 3154 1743 3205 ἐκ

177 3245 283 3298 τῶν
314 3246 516 3317 ἐχθρῶν
561 3265 663 3318 μου
715 3246 1055 3318 σωθήσομαι.
1102 3265 1120 3297 ι
1191 3244 1459 3298 Ἐνταῦθα
1497 3244 1745 3298 διδασκό-

186 3338 319 3408 μεθα
361 3342 517 3413 χάριν
562 3342 660 3411 μὲν
692 3341 980 3411 ὁμολογεῖν
1023 3340 1166 3411 ὑπὲρ
1207 3338 1319 3392 τῶν
1372 3338 1744 3409 ὑπηργμένων

183 3432 412 3500 ἀγαθῶν,
455 3436 626 3486 αἰτεῖν
665 3434 722 3487 δὲ
749 3432 911 3487 πάλιν
939 3434 1008 3487 τὰ
1047 3433 1299 3486 ἐνδέοντα
1319 3430 1341 3463 ⁵
1362 3449 1376 3462 ·
1408 3429 1567 3484 τοῦτο
1603 3430 1741 3501 γάρ,

186 3527 331 3595 φησὶ,
357 3526 542 3589 ποιῶν,
576 3526 843 3597 κρείττων
872 3523 1073 3595 ἔσομαι
1095 3524 1205 3578 τῶν
1234 3524 1535 3594 δυσμενῶν.
1570 3519 1703 3575 Εἶτα
1723 3522 1744 3554 ⁹

184 3616 442 3686 διηγεῖται
465 3620 566 3682 τὰς
604 3616 955 3681 παντοδαπὰς
981 3612 1091 3670 τῶν
1127 3616 1405 3688 πολεμίων
1436 3613 1744 3669 ἐπαναστά-

192 3724 315 3771 σεις.

258 3800 312 3863 ε’,
346 3802 414 3866 ς’.
468 3821 486 3853 ι
541 3802 837 3874 Περιέσχον
870 3818 937 3872 με
969 3800 1160 3864 ὠδῖνες
1206 3798 1471 3854 θανάτου’
1508 3797 1605 3851 καὶ
1634 3799 1745 3869 χεί-

197 3897 382 3965 μαρροι
429 3896 664 3966 ἀνομίας
694 3893 1031 3965 ἐξετάραξάν
1063 3912 1153 3965 με.
1198 3892 1396 3955 Ὠδῖνες
1429 3892 1557 3963 ᾅδου
1594 3909 1746 3963 περι-

201 3988 499 4042 εκύκλωσάν
530 4006 595 4059 με
621 4003 635 4018 ⁸
674 3989 1024 4060 προέφθασάν
1063 4005 1131 4057 με
1166 3987 1392 4053 παγίδες
1425 3984 1678 4039 θανάτου.
1719 4002 1738 4034 ι

196 4077 401 4146 Ὠδῖνος
428 4080 689 4137 θανάτου
717 4081 811 4133 καὶ
834 4074 983 4147 ᾅδου
1009 4080 1163 4132 καλεῖ
1180 4078 1303 4141 τοὺς
1335 4077 1742 4147 θανατηφόρους

200 4169 466 4234 κινδύνους.
516 4172 788 4242 Καθάπερ
838 4171 949 4241 γὰρ
1006 4171 1062 4223 αί
1116 4170 1305 4232 ὠδῖνες
1355 4169 1486 4240 παρ’
1519 4166 1744 4222 αὐτὸν¹⁰

198 4264 409 4328 γίνονται
454 4264 547 4318 τὸν
593 4266 790 4329 τόκον,
838 4262 980 4317 οὕτω
1025 4265 1075 4316 οἱ
1114 4264 1362 4334 μέγιστοι
1397 4263 1633 4315 κίνδυνοι
1667 4260 1745 4330 τῷ

1819 468 1983 539 702
2015 482 2182 533 meae,
2215 478 2269 522 et
2312 467 2608 522 auxiliator
2660 481 2833 524 meus.
2870 486 2890 518 ι
2941 467 3242 526 Dilectione
3294 473 3392 528 be-

1821 562 2015 616 neficia
2068 569 2389 630 compensat
2443 558 2726 630 propheta.
2787 556 2939 614 Hanc
3004 560 3150 616 enim
3218 566 3390 619 solam

1821 653 1967 720 Deo,
2025 654 2121 725 qui
2173 651 2494 709 beneficium
2548 652 2774 721 accepit,
2826 660 3006 722 potest
3076 656 3391 723 rependere.

1822 746 1974 803 Hane
2027 748 2188 803 etiam
2269 745 2411 802 Deus
2466 745 2568 800 sub
2622 745 2777 801 initio
2847 745 3202 818 iegislationis
3279 748 3396 821 lege

1824 839 2022 894 sanxit.
2063 856 2083 890 ι
2124 838 2323 909 Diliges
2375 838 2558 901 enim,
2622 838 2832 909 inquit,
2890 839 3180 894 Dominum
3230 839 3395 896 Deum

1823 940 1978 986 tuum
2011 944 2076 987 ex
2105 940 2221 986 toto
2254 931 2421 986 corde
2450 939 2568 997 tuo,
2604 940 2657 986 et
2698 947 2765 987 ex
2808 940 2919 987 tota
2968 933 3151 987 anima
3180 942 3272 987 tua
3295 974 3309 998 ,
3343 943 3399 987 et

1824 1039 1892 1078 ex
1926 1024 2054 1079 totis
2086 1024 2298 1078 viribus
2343 1024 2453 1079 tuis
2478 1024 2528 1078 ιι.
2566 1044 2585 1077 ι
2620 1021 2822 1079 Verum
2866 1038 3110 1079 amorem
3144 1028 3398 1095 sequitur

1825 1115 2005 1169 cultus
2054 1115 2243 1169 amati.
2297 1114 2505 1169 Etenim
2543 1131 2559 1169 :
2599 1134 2618 1166 ι
2657 1114 2909 1171 Charitas
2959 1116 3145 1171 omnia
3184 1117 3397 1182 suﬁ‘ert,

1825 1210 2009 1262 omnia
2041 1209 2233 1274 credit,
2281 1209 2462 1263 omnia
2517 1218 2731 1278 sperat,
2768 1210 2951 1265 omnia
2987 1211 3237 1275 sustinet,
3268 1214 3386 1265 cha-

1828 1301 1964 1357 ritas
2000 1318 2283 1372 nunquam
2317 1303 2515 1358 eXcidit
2549 1303 2590 1356 ι.
2630 1322 2648 1355 ι
2688 1302 2965 1360 Promittit
2997 1316 3177 1361 autem
3208 1307 3400 1362 beatus

1828 1392 1997 1448 David
2042 1410 2102 1449 se
2137 1394 2304 1449 Deum
2358 1396 2686 1450 dilecturum
2736 1412 2891 1460 esse,
2950 1414 3059 1452 non
3103 1398 3249 1468 quod
3299 1398 3402 1453 huc

1828 1484 2065 1557 perfecte
2101 1488 2341 1542 nondum
2376 1488 2702 1557 impleverit,
2741 1490 2833 1543 sed
2862 1490 3009 1560 quod
3040 1506 3146 1545 non
3196 1493 3403 1561 patitur

1830 1589 1891 1633 ut
1929 1580 2038 1635 ulla
2069 1581 2297 1636 satietas
2333 1582 2498 1651 hujus
2526 1583 2733 1637 amoris
2778 1599 2902 1636 eum
2939 1585 3139 1653 capiat.
3200 1586 3403 1640 Deinde

1830 1671 2091 1728 beneﬁcia
2144 1674 2237 1728 Dei
2286 1674 2499 1729 divinas
2546 1673 2675 1729 facit
2739 1675 3167 1744 appellationes,
3210 1687 3265 1733 et
3311 1693 3401 1732 se-

1831 1766 2071 1819 eundum
2105 1780 2393 1820 numerum
2429 1766 2817 1821 beneficiorum
2870 1766 2923 1821 in
2977 1783 3037 1823 se
3078 1768 3400 1824 collaturum

1832 1868 2118 1910 numerum
2172 1855 2599 1927 appellationum
2652 1860 2951 1928 componit.
3008 1854 3178 1915 Vocat
3221 1861 3405 1931 itaque

1832 1946 2003 2003 Deum
2044 1946 2457 2018 fortitudinem,
2518 1960 2776 2022 tanquam
2831 1950 2971 2007 hanc
3031 1965 3400 2009 consecutus:

1831 2040 2263 2110 ﬁrmamentum,
2324 2053 2581 2112 tanquam
2638 2044 2831 2099 firmus
2867 2055 3060 2101 contra
3096 2044 3281 2103 hostes
3328 2047 3409 2102 fa-

1832 2142 1990 2199 ctus;
2026 2133 2307 2204 refugium,
2341 2137 2486 2207 quod
2534 2130 2704 2191 Deum
2748 2147 2809 2192 ut
2841 2152 3059 2194 murum
3088 2149 3142 2196 et
3186 2143 3401 2197 lirmum

1833 2224 2039 2279 vallum
2075 2225 2355 2292 habuerit;
2409 2226 2769 2295 liberatorem,
2811 2238 3072 2301 tanquam
3108 2248 3204 2303 per
3240 2233 3405 2289 Deum

1835 2317 1905 2374 ab
1940 2319 2183 2376 inimicis
2222 2322 2524 2390 liberatus;
2575 2323 2907 2393 adjutorem,
2947 2334 3204 2397 tanquam
3259 2329 3409 2384 illinc

1835 2428 1993 2482 opem
2034 2426 2260 2481 nactus;
2316 2426 2689 2484 protectorem,
2731 2429 2785 2472 ut
2841 2433 3299 2490 propugnatorem
3355 2426 3409 2479 in

1837 2512 2083 2575 tempore
2130 2503 2378 2571 factum;
2431 2522 2595 2563 cornu
2640 2509 2854 2575 salutis,
2906 2522 2953 2565 et
2996 2512 3407 2579 auxiliatorem,

1836 2604 2097 2667 tanquam
2126 2603 2143 2619 '
2173 2598 2293 2668 ejus
2321 2596 2661 2669 providentia
2705 2610 2977 2657 servatus.
3015 2603 3190 2659 Cornu
3226 2615 3410 2660 autem

1838 2688 2030 2746 salutis
2060 2693 2268 2762 posuit,
2298 2707 2395 2763 per
2422 2694 2801 2764 metaphoram
2828 2697 3171 2767 desumptam
3199 2713 3228 2753 a
3258 2698 3411 2760 feris.

1838 2800 1961 2854 quae
1996 2785 2255 2839 cornibus
2288 2783 2472 2840 hostes
2494 2797 2702 2841 arcent.
2741 2786 2954 2859 [Cornu
2995 2797 3178 2845 autem
3217 2792 3415 2847 dicitur

1840 2892 2057 2947 quoque
2090 2894 2325 2947 regnum,
2363 2890 2420 2933 ut
2450 2879 2503 2932 in
2532 2880 2652 2934 loco
2674 2881 2800 2937 isto.
2828 2901 2844 2932 ι
2872 2879 2938 2936 Et
2963 2883 3115 2937 dabit
3141 2883 3308 2938 robur
3332 2902 3417 2940 re--

1842 2970 2000 3039 gibus
2024 2969 2251 3031 nostris,
2275 2978 2328 3023 et
2350 2965 2611 3025 exaltabit
2633 2984 2805 3025 cornu
2836 2968 2995 3026 Uncti
3029 2969 3188 3044 703
3216 2974 3411 3039 suilli,»

1767 3084 1811 3144 ρ
1840 3061 1949 3118 hoc
1976 3070 2060 3117 est
2090 3078 2318 3132 regnum
2351 3061 2513 3117 Uncti
2549 3062 2683 3135 sui.]

1918 3150 2086 3207 Vens.
2119 3153 2175 3211 4.
2215 3171 2233 3205 L
2275 3152 2529 3208 Laudans
2561 3154 2827 3210 invocabo
2862 3155 3154 3211 Dominum
3180 3199 3195 3221 ,
3251 3168 3306 3214 et
3349 3160 3419 3214 ab

1846 3245 2087 3301 inimicis
2139 3247 2277 3302 meis
2328 3247 2603 3302 salvabor.
2641 3267 2659 3299 ι
2700 3246 2800 3303 Hic
2832 3248 3097 3306 discimus
3136 3252 3202 3305 de
3251 3253 3419 3308 bene-

1844 3338 1984 3394 lieiis
2018 3339 2230 3394 collatis
2262 3340 2467 3411 gratias
2497 3356 2679 3412 agere,
2714 3350 2768 3396 et
2799 3358 2989 3397 rursus
3019 3354 3200 3414 petere
3231 3362 3421 3403 neces-

1847 3432 2011 3486 saria.
2044 3431 2155 3487 lioc
2190 3433 2361 3495 enim,
2395 3434 2592 3504 inquit,
2627 3434 2857 3500 faciens,
2893 3435 3135 3493 inimicis
3166 3440 3420 3508 superior

1846 3538 1963 3577 ero.
2019 3522 2223 3579 Deinde
2290 3526 2641 3596 persequitur
2687 3528 3013 3598 omnigenos
3070 3530 3417 3588 inimicorum

1845 3610 2101 3668 insultus.

1918 3784 2083 3849 Vens.
2118 3794 2170 3859 5,
2196 3792 2249 3847 6.
2282 3811 2301 3843 ι
2331 3792 2821 3849 Circumdederunt
2858 3812 2941 3851 me
2969 3796 3182 3854 dolores
3205 3802 3414 3870 mortis,

1844 3895 1900 3941 et
1927 3894 2197 3940 torrentes
2229 3885 2539 3955 iniquitatis
2564 3887 3029 3942 conturbaverunt
3060 3906 3163 3946 me.
3192 3891 3418 3948 Dolores

1847 3978 2047 4033 inferni
2101 3978 2581 4032 circumdederunt
2621 3995 2741 4041 me,
2780 3996 3298 4053 praeoccupaverunt
3336 4005 3421 4041 me

1848 4071 2026 4140 laquei
2059 4070 2271 4124 mortis.
2316 4090 2333 4121 ι
2366 4070 2588 4126 Dolores
2622 4076 2809 4128 mortis
2838 4086 2889 4129 et
2920 4078 3115 4146 interni
3142 4092 3421 4151 nuncupat

1845 4162 2089 4233 pericula
2128 4163 2345 4218 mortis.
2378 4162 2850 4229 Quemadmodum
2876 4170 3020 4221 enim
3049 4169 3268 4226 dolores
3292 4181 3422 4226 sunt

1847 4266 2017 4323 prope
2071 4252 2248 4322 ipsum
2287 4266 2542 4322 partum,
2580 4256 2661 4310 sic
2706 4258 2944 4311 inanima
2987 4259 3301 4316 discrimina
3352 4265 3418 4317 ad

200 4354 389 4427 θανάτῳ
434 4356 765 4420 πελάζουσι·
816 4354 1173 4426 χειμάρρους
1224 4356 1292 4409 δὲ
1346 4356 1600 4425 ἀνομίας
1645 4354 1734 4418 τάς

1848 4355 2078 4400 mortem
2119 4348 2577 4418 appropinquant.
2644 4348 2922 4407 Torrentes
2972 4364 3152 4410 autem
3218 4358 3417 4427 iniqui-

198 4448 391 4515 ἀδίκους
424 4454 521 4506 καὶ
572 4451 775 4523 ἀθρόας
801 4451 909 4503 τῶν
945 4451 1156 4521 ἐχθρῶν
1193 4448 1535 4519 προσϐολάς·
1573 4446 1734 4501 καθά-

1853 4439 2000 4501 tatis,
2033 4438 2266 4507 injustos
2290 4452 2453 4509 atque
2479 4440 2790 4513 frequentes
2814 4446 3158 4503 inimicorum
3189 4451 3422 4519 impetus

199 4555 289 4609 περ
314 4542 471 4611 γάρ¹¹
502 4544 531 4595 ὀ
566 4544 921 4613 χειμάρρους,
948 4541 1046 4604 τὰς
1093 4540 1201 4592 τῶν
1237 4539 1442 4593 ὑδάτων
1483 4536 1742 4609 συρῤοίας

201 4630 422 4685 ἐντεῦθεν
450 4633 708 4687 κάκεῖθεν
733 4635 1040 4706 φερομένας
1065 4635 1376 4705 δεχόμενος,
1410 4631 1743 4699 ἐξαπιναίως

203 4726 531 4792 προσϐάλλει·
568 4725 712 4780 οὕτω
754 4728 851 4780 καὶ
895 4728 925 4780 ὁ
966 4728 1161 4787 Σαοὺλ.
1193 4727 1289 4781 καὶ
1316 4728 1364 4779 oi
1397 4725 1547 4778 ἄλλοι
1584 4723 1743 4776 πολέ-

204 4831 316 4883 μιοι,
336 4821 451 4881 ταῖς
482 4818 695 4887 ἐφόδοις
727 4820 987 4890 ἐχρῶντο.
1014 4820 1277 4890 Παγίδος
1312 4819 1368 4872 δὲ
1387 4820 1428 4850 ¹¹
1458 4816 1740 4882 θανάτου,

1849 4529 2163 4599 appellavit.
2193 4527 2405 4584 Etenim
2435 4532 2579 4587 sicut
2601 4542 2840 4601 torrens,
2873 4552 3044 4606 aquas
3079 4539 3205 4593 hinc
3224 4551 3277 4594 et
3300 4542 3421 4594 inde

1849 4630 2244 4677 concurrentes
2270 4624 2561 4693 recipiens,
2595 4638 2814 4698 repente
2841 4630 3101 4695 impetum
3128 4632 3259 4685 facit
3290 4651 3303 4686 :
3344 4634 3423 4688 sic

1849 4716 2010 4769 etiam
2044 4712 2200 4778 Saul,
2234 4716 2529 4787 caeterique
2562 4718 2748 4775 hostes
2784 4721 3161 4779 invasionibus
3191 4726 3421 4781 uteban-

1850 4818 1960 4860 tur.
2012 4803 2252 4875 Laqueos
2283 4816 2465 4897 autem
2514 4812 2721 4876 mortis,
2781 4812 3010 4871 insidias
3048 4820 3421 4888 nuncupavit;

259 5021 279 5060 ιι
318 5021 444 5081 Luc.
488 5040 543 5087 ι,
581 5025 671 5080 9.7.
758 5026 774 5064 ι
821 5023 837 5078 1
878 5026 1006 5081 Cor.
1054 5042 1180 5087 xui,
1213 5025 1265 5091 7,
1303 5026 1355 5080 8.
1434 5036 1472 5066 ω
1514 5025 1532 5079 1
1566 5027 1699 5097 Reg.
1734 5040 1795 5093 ιι,
1832 5028 1914 5083 it).

1293 5209 1533 5266 VARIA‘J
1571 5210 1962 5268 LECTIUNES
1997 5210 2084 5266 ΕΤ
2123 5210 2354 5267 NOTAE.

242 5372 289 5450 9:
303 5374 627 5450 Μορ.ᾼὴεει
653 5390 681 5427 a
712 5374 915 5450 aut},
967 5376 1036 5450 ,⁸⁷
1058 5375 1285 5450 ’ᾼγάπη
1327 5376 1617 5450 ἐκπίπτει.
1645 5376 1734 5450 Des

1839 5378 1938 5447 pud
1970 5378 2211 5450 Cord.p.
2246 5377 2371 5450 505,
2448 5377 2493 5411 ”
2516 5379 2639 5450 cod.
2669 5378 2693 5432 l
2728 5378 2919 5450 ταύτῃ.
2953 5376 3074 5435 cod.
3121 5377 3165 5450 2
3200 5378 3419 5450 ’ταύτηςῘ

182 5443 222 5474 ”
247 5446 380 5497 Σου.
412 5445 580 5498 Abest
606 5460 634 5497 a
676 5446 800 5499 cod.
835 5445 885 5497 l.

183 5514 349 5582 ἰσχύος
378 5516 461 5567 vel
493 5515 754 5577 διανοίας.

180 5586 299 5657 μιᾶς
323 5587 578 5657 ποιεῖται.
706 5585 828 5657 ουχὶ.
851 5586 884 5640 3
913 5589 1162 5657 στερρός.

965 5445 981 5476 ¹
1013 5446 1117 5499 Kal
1136 5442 1215 5486 ’——
1245 5442 1447 5515 ψυχῆς
1477 5463 1615 5501 σου.
1642 5446 1734 5503 Des

1839 5442 1853 5501 ι
1887 5449 2007 5502 rod.
2037 5451 2089 5503 5.
2159 5450 2178 5479 ²
2210 5447 2546 5517 Δυνάμεως.
2580 5442 2896 5513 ιραριιὰιιιιῖ
2931 5465 3055 5504 esse
3082 5448 3295 5503 videtur
3339 5442 3423 5502 vel

837 5515 1081 5590 [Πάντα
1101 5519 1393 5590 πιστεύει.
1430 5517 1551 5590 Des.
1582 5517 1634 5570 in
1667 5534 1731 5590 co

1839 5520 1870 5572 ί.
1950 5518 1971 5549 ’⁵
1997 5522 2171 5583 Θείας
2193 5515 2463 5573 ποιεῖται.
2488 5522 2612 5575 cod.
2643 5522 2676 5576 5
2698 5521 2762 5584 ἃς
2792 5519 3184 5590 ἐνομοθέτησεν
3212 5522 3241 5572 ό
3266 5518 3423 5581 Θεὸς,

1242 5589 1263 5660 ξ
1303 5588 1576 5660 Ὀχυρόν.
1600 5589 1720 5660 cod.

1840 5590 2055 5660 σχυρόν.
2137 5591 2156 5620 "
2190 5590 2440 5660 Alienum
2475 5590 2586 5660 haec
2621 5592 2674 5645 in
2709 5590 2827 5647 cod.
2859 5588 2897 5646 '5’
2922 5588 3193 5660 occupant
3216 5590 3421 5660 locum.

179 5656 325 5727 culpa
360 5655 571 5727 librarii
600 5655 669 5727 ad
703 5672 755 5727 v.
787 5656 820 5709 4
854 5667 977 5725 post
1010 5654 1312 5727 δυσμενῶν.
1344 5658 1533 5711 relata.
1611 5658 1633 5690 ⁸
1655 5674 1734 5713 σοι

1870 5654 2079 5714 δέοντα.
2157 5662 2177 5692 ⁸
2201 5656 2343 5713 Εἶτα
2374 5690 2444 5701 -
2472 5659 2941 5725 ἐπαναστάσεις.
2981 5654 3104 5714 Des.
3138 5661 3189 5714 in
3214 5654 3337 5715 cod.
3366 5659 3423 5714 5.

178 5725 217 5754 ⁸⁸
238 5724 437 5779 Αὑτὸν
459 5751 529 5767 -
550 5725 657 5781 τὸν
691 5724 890 5782 τόκον.
934 5730 1054 5784 cod.
1090 5724 1124 5783 (Ξ
1152 5728 1317 5786 αὐτοῦ
1346 5753 1411 5770 --
1438 5728 1529 5782 τοῦ
1561 5729 1734 5785 τόκον.

1839 5733 1866 5763 ι’
1895 5730 2039 5799 Γάρ.
2070 5731 2236 5788 Abest
2271 5746 2298 5786 a
2327 5730 2447 5787 cod.
2486 5731 2541 5785 9..
2623 5734 2663 5765 "
2714 5732 2806 5786 Δέ.
2839 5724 3053 5789 Abesta
3084 5732 3204 5787 cod.
3226 5731 3281 5787 2.
