3850 6530
490 450 592 514 979
1540 452 2026 514 THEODORETI
2058 451 2391 514 EPISCOPI
2433 452 2796 514 CYRENSIS

562 561 729 617 Vens.
764 561 851 617 18.
886 580 903 613 ι
938 560 1147 633 Eripiet
1190 577 1278 619 me
1313 562 1378 618 de
1418 562 1655 618 inimicis
1685 564 1823 618 meis
1866 562 2051 617 fortis-
2080 571 2126 625 Α

494 658 671 723 simis,
699 664 754 711 et
797 656 865 710 ab
895 656 981 711 his
1009 656 1102 726 qui
1134 656 1369 710 oderunt
1398 670 1504 721 me,
1539 656 1799 725 quoniam
1834 652 2052 713 confor-

2224 561 2313 635 ιη’.
2350 583 2369 615 ι
2414 561 2664 617 Ῥύσεταί
2694 579 2762 634 με
2788 563 2846 630 ἐξ
2866 562 3075 634 ὲχθρῶν
3107 580 3207 635 μου
3234 564 3502 627 δυνατῶν,
3538 566 3634 619 καὶ
3662 569 3717 620 ὲγ

2151 655 2260 709 τῶν
2291 655 2591 727 μισούντων
2620 673 2721 725 με,
2776 656 2859 709 ὅτι
2910 653 3319 729 ἐστερεώθησαν
3348 659 3497 725 ὑπὲρ
3551 659 3671 728 εμὲ.
3698 680 3717 712 ι

493 751 587 805 tati
614 759 743 805 sunt
773 763 938 819 super
969 764 1074 803 me.
1116 767 1136 804 ι
1168 746 1478 810 Manifesta,
1509 747 1705 815 inquit,
1736 746 1842 801 mei
1862 758 2052 800 curam

2186 748 2471 819 Ιροφανῶς,
2502 749 2656 817 φησὶ,
2681 747 2779 820 τὴν
2808 749 2935 820 περὶ
2964 749 3066 819 ἐμὲ
3087 750 3417 821 κηδεμονίαν
3442 752 3562 814 τοῖς
3579 753 3723 821 ἐμοῖς

493 844 632 899 meis
690 843 939 899 hostibus
981 840 1248 906 ostendit;
1305 840 1409 895 hoc
1464 841 1609 895 enim
1664 839 1879 901 innuit,
1927 852 2051 894 cum

2186 840 2321 905 δειξε
2346 840 2650 912 πολεμίοις·
2674 840 2833 894 τοῦτο
2851 842 2961 911 γὰρ
2979 836 3134 895 εἶπεν
3165 841 3409 913 είρηκὼς
3440 844 3516 907 ⁵⁹,
3560 863 3578 894 ι
3621 838 3713 905 Ἕξη

495 938 633 991 dixit
666 954 680 990 :
714 954 732 987 ι
776 934 923 991 Misit
955 936 1022 988 de
1061 949 1298 998 summo,
1348 941 1402 987 et
1445 932 1653 1000 accepit
1694 946 1800 986 me.
1840 948 1860 982 ι
1896 929 2056 985 Vide-

2186 932 2473 986 ,πέστειλεν
2510 932 2570 998 ἐξ
2598 932 2785 1004 ὕψους,
2819 935 2913 987 καὶ
2946 934 3104 988 ἔλαϐέ
3134 953 3202 1006 με
3222 952 3237 967 ο
3267 956 3285 987 ι
3308 938 3435 991 ἀντί⁵
3465 936 3595 1001 τοῦ,
3631 939 3721 992 Πέ-

496 1027 623 1082 lieet
648 1027 903 1082 omnibus
932 1025 1203 1095 persuasit
1246 1039 1277 1079 e
1303 1023 1442 1078 caalo
1475 1038 1533 1078 se
1565 1022 1696 1076 mihi
1729 1037 1886 1091 opem
1912 1029 2056 1075 attu-

2186 1040 2345 1076 ιεικεν
2401 1024 2645 1087 ἅπαντας
2672 1026 2749 1088 ὡς
2788 1025 3078 1094 οὐρανόθεν
3110 1044 3202 1097 μοι
3253 1028 3353 1098 τὴν
3399 1028 3724 1098 ἐπικουρίαν

494 1120 623 1175 lisse
662 1137 677 1177 :
717 1120 818 1175 hac
868 1134 996 1174 vero
1043 1118 1380 1187 providentia
1421 1115 1644 1186 dignum
1701 1130 1788 1170 me
1826 1117 2055 1184 putavit,

2186 1116 2417 1186 παρέσχε.
2449 1117 2664 1188 Ταύτης
2697 1117 2754 1170 δέ
2805 1135 2871 1188 με
2901 1119 3001 1189 τῆς
3029 1121 3371 1192 προμηθείας
3399 1121 3635 1191 ἠξίωσε,
3669 1125 3723 1177 τὸ

495 1227 617 1265 cum
652 1212 839 1269 hostes
878 1225 1001 1266 esse
1047 1218 1295 1280 potentes
1341 1208 1588 1265 vidisset.
1621 1203 1757 1260 Nam
1805 1223 1825 1257 ι
1858 1204 2057 1261 lirmati

2189 1208 2262 1261 ὦν
2297 1209 2569 1279 πολεμίων
2601 1212 2819 1281 ίσχυρὺν
2849 1211 3202 1283 θεασάμενος.
3242 1234 3261 1267 ι
3302 1214 3723 1287 Ἑστερὼθησαν

495 1309 642 1366 sunt,
684 1302 880 1371 inquit,
913 1316 1076 1371 super
1106 1316 1211 1355 me.
1249 1319 1267 1351 ι

2186 1300 2264 1371 ’ἀρ
2288 1300 2427 1370 ὑπὲρ
2449 1300 2570 1371 ἐμέ,
2608 1322 2627 1352 ι
2663 1319 2848 1372 φησιν.

567 1391 733 1448 Vens.
759 1393 846 1449 l9.
872 1412 890 1444 ι
918 1391 1404 1451 Praweneruntme
1430 1391 1518 1446 die
1533 1391 1841 1451 aﬂlictionis
1867 1404 2051 1443 meam

2229 1390 2314 1444 ιθ’.
2348 1409 2365 1440 ι
2399 1392 2751 1462 Προέφθασάν
2791 1411 2859 1465 με
2891 1396 2949 1447 ὲν
2978 1395 3162 1468 ἡμέρᾳ
3192 1397 3508 1461 κακώσεως
3554 1417 3677 1468 μου.
3705 1422 3720 1453 ι

498 1484 595 1540 llic
631 1489 860 1541 latenter
890 1487 1115 1540 innuere
1161 1487 1289 1540 mihi
1327 1486 1538 1539 videtur
1589 1484 1870 1539 Absalomi
1908 1480 2076 1540 defc-.

2187 1481 2433 1536 Ενταῦθα
2462 1484 2506 1516 ⁶⁰
2531 1485 2987 1556 αἰνίττεσθαί-μοι
3016 1488 3165 1541 δοκεῖ
3186 1490 3287 1560 τὴν
3317 1490 3413 1543 τοῦ
3464 1492 3726 1546 ’Δσεσσα-

496 1580 733 1634 ctionem
760 1588 880 1649 post
907 1589 1185 1648 peccatum
1218 1589 1508 1648 patratum.
1537 1577 1671 1631 Nam
1702 1577 2055 1647 aﬂh’ctionem,

2189 1574 2278 1645 ὼμ
2308 1576 2697 1644 ἐπανάστασιν,
2733 1580 2871 1648 μετὰ
2893 1583 2995 1653 τὴν
3024 1583 3301 1654 ἁμαρτίαν
3322 1586 3725 1656 γεγενημένην.

496 1688 659 1741 quam
692 1670 1053 1743 Symmachus
1092 1673 1357 1727 miseriam
1387 1680 1563 1733 vocat,
1594 1671 1789 1723 animae
1815 1667 2060 1722 imbecil-

2186 1665 2436 1721 ΐὰκωσιν
2468 1668 2600 1740 γὰρ.
2628 1669 2694 1739 ἣν
2726 1671 2755 1723 ό
2777 1670 3072 1743 Σύμμαχος
3097 1678 3513 1745 ταλαιπωρίαν
3558 1679 3724 1740 καλεῖ,

501 1766 705 1820 litatem
746 1766 910 1829 dicit,
944 1773 1162 1834 pr0pter
1192 1780 1353 1834 quam
1387 1772 1665 1833 peccatum
1697 1760 2056 1817 commissum

2186 1761 2258 1828 ἧς
2289 1759 2464 1831 ψυχῆς
2507 1761 2655 1831 λέγει
2704 1762 2801 1834 τὴν
2849 1765 3159 1832 ἀσθένειαν,
3191 1767 3258 1821 δι’
3308 1768 3377 1839 ἣν
3414 1770 3452 1839 ἡ
3485 1770 3727 1840 ἁμαρτία

500 1857 619 1910 fuit.

2186 1852 2470 1922 ἐγένηται.

575 1968 593 1999 ι
634 1950 698 2003 Et
730 1949 903 2006 factus
931 1960 1012 2006 est
1045 1950 1308 2004 Dominus
1355 1959 1628 2018 pretector
1656 1965 1828 2003 meus.
1866 1945 2054 2019 [νεεδ.

2237 1908 2257 1996 ἓ
2282 1908 2387 1997 Keil.
2418 1944 2634 2013 ἐγένετο
2658 1946 2860 2018 Κύριος
2894 1948 3299 2021 ἀντιστήριγμὰ
3327 1970 3449 2019 μου.
3473 1950 3603 2023 [κῆ]
3628 1954 3727 2005 Καὶ

496 2039 611 2111 20.]
664 2038 730 2093 Et
763 2042 952 2095 eduxit
997 2056 1083 2093 me
1127 2041 1181 2093 in
1232 2038 1597 2100 latitudinem.
1639 2057 1658 2088 ι
1718 2037 1801 2095 Me
1838 2037 2056 2107 quidem

2189 2036 2394 2107 ξήγαγέ
2447 2054 2513 2107 με
2546 2040 2623 2101 εἰς
2667 2038 3001 2110 πλατυσμόν.
3043 2060 3061 2092 ι
3124 2043 3446 2113 Ὢθούμενόν
3481 2046 3527 2076 σε
3566 2062 3634 2113 με
3662 2046 3723 2109 οι.

500 2131 791 2200 impulsum
833 2142 885 2184 et
924 2132 1193 2196 dejectum
1244 2130 1617 2187 corroboravit
1656 2130 1816 2194 Deus,
1865 2136 1921 2183 et
1960 2142 2059 2181 an-

2186 2130 2315 2199 νησὶ,
2341 2132 2435 2182 καὶ
2460 2130 2928 2202 καταϐαλλόμενον
2956 2132 3002 2164 ⁸³
3038 2134 3334 2205 ύπήρεισεν
3368 2136 3396 2187 ό
3443 2135 3609 2200 Θεὸς,
3640 2139 3728 2189 καὶ

498 2224 708 2291 gustias
747 2223 849 2279 loci
890 2224 1231 2278 latitudinem
1267 2222 1463 2287 ellecit,
1490 2238 1587 2290 pro
1622 2231 1814 2283 morte,
1849 2234 1970 2289 quae
1992 2220 2061 2275 ab

2186 2222 2261 2290 τὴν
2294 2222 2654 2293 στενοχωρίαν
2688 2224 2735 2255 ⁵⁸
2764 2225 3105 2297 εὐρυχωρίαν
3131 2228 3449 2297 εἰργάσατο,
3485 2231 3612 2283 ἀντὶ
3640 2230 3727 2281 τοῦ

501 2316 737 2371 inimicis
780 2316 1225 2386 exspectabatur,
1263 2317 1426 2370 vitam
1472 2316 1720 2385 largitus.
1766 2311 1880 2367 Hoc
1924 2312 2060 2366 etin

2186 2314 2618 2383 τροσδοκωμένου
2637 2315 2683 2346 ⁸⁸
2708 2315 2936 2369 θανάτου
2962 2318 3063 2388 τὴν
3090 2317 3239 2391 ζωὴν
3266 2321 3646 2391 χαρισάμενος
3665 2323 3725 2352 κ·

499 2412 605 2465 alio
632 2411 842 2480 psalmo
868 2410 1001 2465 dicit
1025 2427 1037 2463 :
1071 2429 1087 2459 ι
1125 2408 1393 2479 lmpulsus
1417 2416 1471 2463 et
1497 2422 1720 2462 eversus
1749 2420 1869 2460 sum
1902 2414 1957 2457 ut
1978 2418 2065 2458 ca-

2186 2404 2322 2458 τοῦτο
2340 2405 2397 2458 δὲ
2416 2404 2509 2458 καὶ
2542 2406 2601 2457 ὲν
2623 2406 2793 2477 ἑτέρῳ
2824 2407 2971 2476 λέγει
2989 2408 3191 2480 ψαλμῷ
3214 2412 3279 2442 ⁸⁷·
3313 2430 3331 2462 ι
3354 2411 3577 2475 Ὠσθεὶς
3612 2414 3731 2467 ἁνε-

498 2504 702 2567 derem,
728 2503 818 2558 sed
838 2502 1101 2556 Dominus
1129 2502 1368 2571 suscepit
1385 2516 1471 2554 me
1492 2506 1571 2552 ο.»
1596 2528 1662 2539 --
1680 2517 1697 2550 ι
1729 2495 1954 2552 Salvum
1976 2508 2064 2549 me

2186 2497 2379 2569 τράπην
2401 2495 2495 2551 τοῦ
2526 2500 2735 2561 πεσεῖν,
2764 2502 2858 2552 καὶ
2878 2500 2906 2553 ό
2938 2499 3146 2571 Κύριος
3189 2502 3526 2556 άντελάῦετό
3556 2521 3677 2573 μου.
3708 2522 3725 2553 ι

502 2593 687 2657 faciet,
711 2594 967 2665 quoniam
1000 2596 1173 2647 voluit
1198 2608 1303 2648 me.
1344 2613 1361 2643 ι
1399 2592 1570 2662 Spero
1604 2601 1812 2654 autem,
1860 2588 1975 2643 fore
2006 2597 2064 2641 ut

2186 2608 2190 2643 ι
2238 2589 2488 2643 Ῥύσεταί
2517 2607 2604 2660 με,
2639 2590 2720 2643 ὅτι
2751 2590 2984 2661 ἠθέλησέ
3019 2609 3110 2663 με.
3148 2612 3167 2645 ι
3238 2594 3480 2659 Ἐλπίζω
3538 2596 3615 2660 δὲ,
3654 2596 3729 2648 ὅτι

503 2685 557 2737 in
610 2693 888 2753 posterum
942 2685 1128 2737 eadem
1180 2699 1281 2753 ope
1330 2699 1415 2738 me
1464 2685 1688 2753 dignum
1740 2681 1959 2740 habeat.
2011 2688 2066 2734 et

2186 2683 2266 2737 sai.
2323 2684 2403 2745 είς
2445 2681 2537 2735 τὸν
2566 2681 2756 2737 ἔπειτα
2786 2684 2977 2755 χρόνον
3030 2685 3130 2757 τῆς
3185 2687 3354 2757 αὐτῆς
3406 2687 3636 2752 ἀξιώσει
3666 2706 3729 2757 με

502 2775 741 2829 inimicis
774 2776 1024 2846 superior
1053 2789 1168 2841 ero,
1209 2776 1309 2831 etsi
1346 2791 1507 2845 quam
1542 2775 1833 2830 maximam
1870 2781 2063 2843 poten-

2186 2774 2437 2846 ιοηθείας,
2461 2774 2551 2827 καὶ
2572 2775 2836 2845 κρείττων
2858 2776 3053 2848 ἔσομαι
3084 2778 3193 2833 τῶν
3218 2778 3529 2851 δυσμενῶν,
3564 2780 3668 2834 κᾶν
3690 2781 3732 2811 ⁸⁸

501 2869 633 2922 tiam
674 2867 930 2922 habeant.

574 2957 741 3014 Vens.
771 2958 862 3023 Ἦ,
909 2959 1000 3014 25.
1048 2978 1069 3012 ι
1106 2957 1171 3012 Ει
1208 2958 1471 3014 retribuet
1506 2958 1639 3013 mihi
1685 2958 1948 3015 Dominus
1977 2975 2069 3016 se-

503 3050 743 3104 cundum
773 3050 1043 3119 justitiam
1064 3049 1229 3120 708
1244 3065 1443 3115 meam,
1469 3057 1523 3104 et
1544 3050 1842 3105 secundum
1858 3053 2067 3120 purita-

507 3153 615 3195 tem
636 3158 897 3196 manuum
919 3158 1164 3197 mearum
1183 3144 1446 3198 retribuet
1465 3142 1621 3197 mihi.
1639 3143 1777 3208 Quia
1800 3143 2067 3199 custodivi

2170 2865 2407 2937 μάλιστα
2436 2865 2698 2937 πλείστην
2731 2864 2896 2937 ἔχωσι
2921 2867 3173 2939 δύναμιν.

2236 2964 2458 3026 κα’-κγ’.
2494 2976 2513 3008 ι
2538 2959 2647 3011 Καὶ
2676 2959 3047 3013 ἁνταποδὼσει
3080 2979 3174 3030 μοι
3204 2960 3411 3033 Κύριος
3445 2961 3592 3015 κατὰ
3639 2960 3732 3030 τὴν

2166 3052 2513 3124 δικαιοσύνην
2544 3069 2645 3122 μου
2662 3070 2676 3083 ·
2698 3054 2792 3105 καὶ
2815 3056 2954 3107 κατὰ
2974 3056 3072 3124 τὴν
3094 3054 3464 3127 καθαριότητα
3498 3054 3609 3107 τῶν
3625 3071 3731 3124 χει-

2171 3145 2279 3217 ρῶν
2311 3163 2413 3215 μου
2448 3144 2817 3199 ἀνταποδώσει
2868 3163 2977 3216 μοι.
3011 3146 3134 3200 ’Ότι
3184 3148 3429 3216 ἐφύλαξα
3455 3148 3559 3210 τὰς
3586 3147 3732 3207 ὁδοὺς

507 3235 624 3289 vias
678 3233 928 3301 Domini,
971 3250 1069 3290 nec
1111 3234 1389 3304 impietate
1440 3235 1638 3290 recessi
1687 3250 1718 3289 a
1766 3234 1877 3289 Deo
1922 3250 2067 3289 meo.

2186 3235 2379 3305 Κυρίου
2406 3253 2418 3266 ο
2456 3236 2551 3289 καὶ
2580 3235 2681 3288 οὐκ
2704 3235 2948 3305 ⁴ίγσέσησα
2992 3236 3100 3289 ἀπὸ
3140 3237 3236 3289 τοῦ
3266 3236 3403 3291 Θεοῦ
3438 3255 3565 3307 μου.
3615 3238 3731 3289 Ὀτι

511 3323 777 3388 Quoniam
836 3328 1021 3382 omnia
1067 3327 1272 3397 judicia
1314 3328 1433 3397 ejus
1490 3337 1619 3382 sunt
1670 3328 1723 3381 in
1777 3336 2071 3398 conspectu

507 3438 651 3485 meo,
701 3430 754 3475 et
794 3421 1021 3490 justitite
1055 3423 1170 3489 ejus
1195 3437 1303 3476 non
1342 3420 1659 3476 deiecerunt
1694 3437 1726 3475 a
1756 3435 1863 3475 me.
1894 3438 1912 3471 ι
1953 3419 2073 3474 Non

508 3516 733 3583 injuste,
766 3516 963 3585 inquit.
1001 3516 1106 3570 mei
1155 3518 1295 3587 gerit
1330 3532 1542 3582 curam,
1594 3516 1687 3571 sed
1721 3532 1902 3570 meum
1947 3532 2073 3585 pro-

511 3609 748 3680 positum
791 3622 1164 3679 cognoscens,
1218 3617 1271 3663 et
1313 3610 1493 3665 sciens
1551 3624 1637 3664 me
1682 3624 1901 3687 cperam
1944 3610 2076 3664 dare

512 3711 571 3755 ut
596 3703 778 3757 omnia
814 3701 936 3772 ejus
960 3711 1225 3772 praecepta
1252 3702 1576 3757 custodiam.
1608 3699 1904 3771 Postquam
1928 3701 2073 3755 enim

510 3792 789 3857 ostendit,
844 3792 1011 3847 Deum
1062 3794 1287 3848 multam
1338 3794 1511 3861 ipsius
1551 3808 1739 3847 curam
1795 3792 2074 3861 gessisse,

510 3888 675 3957 hujus
717 3887 795 3942 rei
840 3887 1109 3957 justitiam
1149 3886 1519 3952 demonstrat,
1577 3887 1641 3940 ad
1684 3888 1936 3940 virtutem
1974 3901 2077 3939 au-

511 3983 723 4037 dientes
756 3982 1078 4045 adhortans,
1104 3991 1272 4051 atque
1305 3982 1529 4043 docens,
1565 3996 1665 4035 nos
1693 3982 1831 4034 hanc
1858 3980 2075 4048 assequi

511 4074 737 4131 minime
794 4089 975 4143 posse,
1032 4073 1140 4127 nisi
1195 4087 1331 4142 pure
1386 4072 1555 4126 Deum
1615 4072 1923 4141 diligamus.
1971 4070 2080 4124 Nec

512 4167 658 4220 enim
703 4180 929 4221 suorum
968 4173 1114 4219 recte
1161 4163 1426 4219 factorum
1482 4179 1770 4218 numerum
1826 4162 2081 4216 omnibus

513 4257 803 4313 ostendere
860 4258 1118 4329 propheta
1169 4258 1338 4312 voluit
1380 4276 1393 4310 :
1448 4258 1539 4312 sed
1594 4272 1894 4325 proponere
1940 4272 2079 4325 quo-

517 4348 677 4403 modo
705 4349 978 4418 possimus
1007 4348 1244 4402 divinam
1279 4362 1466 4401 curam
1502 4347 1811 4415 impetrare.

586 4525 751 4582 Vens.
782 4527 871 4581 24.
913 4548 931 4580 (
985 4526 1050 4580 Et
1091 4541 1187 4581 ero
1226 4525 1607 4581 immaculatus
1657 4541 1781 4580 cum
1834 4540 1919 4580 eo.
1958 4545 1977 4575 ι
2018 4526 2084 4579 Et

2174 3331 2351 3383 πάντα
2375 3330 2443 3383 τὰ
2469 3329 2715 3401 κρίματα
2758 3329 2923 3381 αὑτοῦ
2983 3328 3217 3385 ἐνώπιόν
3268 3349 3391 3401 μου,
3436 3332 3533 3383 καὶ
3557 3329 3627 3381 τὰ
3658 3330 3733 3381 διο

2175 3422 2469 3494 καιώματα
2506 3421 2672 3476 αὑτοῦ
2734 3422 2834 3474 οὐκ
2877 3422 3197 3493 ἀπέστησαν
3246 3422 3343 3476 ἀπ’
3381 3421 3541 3492 ἐμοῦ.
3578 3441 3597 3474 ι
3627 3423 3733 3475 Din:

2174 3514 2380 3578 ἄδικον,
2416 3515 2570 3583 φησὶ,
2600 3510 2834 3565 ποιεῖταί
2867 3528 2966 3581 μου
2987 3513 3039 3542 ⁸*
3064 3511 3341 3581 πρόνοιαν,
3364 3509 3502 3563 ἀλλὰ
3531 3510 3627 3562 καὶ
3647 3509 3731 3559 τὸν

2176 3606 2309 3677 ὲμὸν
2339 3606 2540 3659 σκοπὸν
2566 3602 2953 3675 ἐπιστάμενος,
2979 3604 3071 3656 καὶ
3098 3602 3253 3688 εἰδὼς
3280 3603 3365 3657 ὅτι
3393 3601 3521 3671 ἐμοὶ
3538 3599 3731 3667 σπουδὴ

2178 3700 2357 3763 πάσας
2401 3699 2569 3752 αὑτοῦ
2601 3699 2645 3730 ⁶¹⁰
2678 3698 2966 3768 φυλάττειν
2990 3696 3092 3760 τὰς
3126 3696 3349 3759 ἐντολάς
3372 3712 3386 3727 ο
3418 3694 3608 3764 ἐπειδὴ
3631 3694 3730 3761 γὰρ

2179 3792 2380 3864 πολλὴν
2410 3791 2577 3855 ἔδειξε
2606 3791 2736 3863 περὶ
2765 3790 2928 3843 αὐτὸν
2968 3789 3063 3843 τοῦ
3111 3789 3250 3842 Θεοῦ
3288 3787 3662 3858 γεγενημένην
3686 3786 3726 3815 "

2180 3886 2505 3957 κηδεμονίαν
2534 3887 2601 3951 ν’,
2633 3885 2870 3939 δείκνυσι
2900 3883 3102 3958 ταύτης
3138 3885 3201 3938 τὸ
3235 3884 3468 3946 δίκαιον,
3509 3880 3729 3952 προτρὲο

2182 3994 2298 4030 πων
2318 3977 2364 4008 ⁷³
2395 3977 2475 4040 είς
2509 3976 2707 4048 ἀρετὴν
2724 3976 2850 4037 τοὺς
2884 3973 3201 4038 ἀκούοντας,
3233 3974 3330 4026 καὶ
3366 3972 3631 4026 διδάσκων
3663 3970 3728 4025 ὡς

2180 4070 2279 4140 οὐχ
2307 4065 2417 4124 οἷόν
2436 4085 2495 4122 τε
2516 4068 2725 4139 ταύτης
2740 4070 2886 4139 ἡμᾶς
2903 4068 3104 4138 τυχεῖν,
3126 4066 3201 4136 μὴ
3218 4064 3456 4135 γνησίαν
3469 4062 3671 4115 εὔνοιαν
3688 4064 3725 4090 ⁷⁸

2181 4164 2312 4233 περὶ
2356 4163 2446 4214 τὸν
2505 4161 2637 4214 Θεὸν
2695 4161 3073 4231 κτησαμένους
3107 4175 3121 4188 ⁸
3154 4158 3275 4211 οὐδὲ
3330 4156 3442 4225 γὰρ
3494 4156 3582 4207 τὸν
3636 4153 3726 4205 τῶν

2181 4256 2398 4309 οἰκείων
2453 4253 2896 4324 κατορθωμάτων
2931 4251 3229 4318 κατάλογον
3261 4247 3555 4318 γυμνῶσαι
3584 4247 3727 4298 πᾶσιν

2182 4348 2210 4398 ὁ
2253 4346 2545 4417 προφήτης
2596 4342 2883 4414 ἠθέλησεν,
2937 4342 3050 4395 ἀλλ’
3088 4340 3385 4393 ὑποθέσθαι
3422 4340 3468 4370 ’⁷⁸
3499 4338 3609 4401 πῶς
3635 4329 3727 4388 οἷόν

2181 4452 2239 4488 τε
2270 4436 2367 4504 τῆς
2396 4435 2546 4497 θείας
2575 4432 2879 4487 ἀπολαῦσαι
2911 4434 3190 4503 προνοίας.

2253 4529 2330 4583 κδ’
2338 4569 2352 4583 .
2390 4546 2409 4578 ι
2439 4528 2549 4581 Καὶ
2580 4527 2775 4597 ἔσομαι
2810 4526 3038 4596 ἄμωμος
3068 4524 3185 4595 μετ’
3215 4522 3404 4577 αὑτοῦ.
3454 4541 3472 4573 ι
3499 4519 3607 4573 Καὶ
3632 4516 3727 4577 πῶς

514 4623 791 4690 quomodo
827 4622 927 4675 hoc
960 4622 1207 4692 praestari
1247 4621 1466 4697 potest?
1511 4639 1530 4671 ‹
1573 4618 1638 4672 Et
1671 4620 1958 4674 abstinebo
1994 4636 2076 4674 me

2189 4624 2414 4678 δυνατὸν
2441 4621 2598 4675 τοῦτο
2649 4618 3030 4691 κατορθῶσαι;
3069 4640 3087 4669 ι
3127 4619 3237 4671 Καὶ
3291 4615 3601 4686 φυλάξομαι
3643 4610 3727 4663 ἀπὸ

517 4723 583 4775 ah
616 4717 904 4785 iniquitate
943 4732 1082 4769 mea.
1123 4736 1141 4766 ι
1184 4716 1267 4769 Ab
1306 4715 1447 4780 illis,
1497 4714 1710 4782 inquit,
1757 4714 2037 4769 abstinens
2066 4754 2081 4777 ,

515 4826 637 4879 qua:
660 4812 797 4865 male
820 4809 1147 4878 perpetravi,
1168 4809 1549 4863 immaculatus
1573 4808 1627 4861 in
1659 4817 1939 4878 posterum
1963 4823 2079 4861 ero.

520 4904 613 4958 Sic
643 4918 872 4977 magnus
902 4900 1070 4959 David
1103 4900 1170 4955 de
1217 4899 1331 4961 suis
1366 4907 1515 4955 recte
1552 4898 1713 4956 factis
1748 4899 2079 4955 mentionem

553 5117 580 5149 °
619 5108 761 5163 Psal.
796 5123 963 5169 cxvii,
1001 5106 1081 5163 l5.
1188 5098 1191 5103 ’

2188 4716 2289 4785 τῆς
2331 4715 2562 4784 ἀνομίας
2602 4731 2724 4784 μου.
2756 4732 2775 4765 ι
2837 4712 3217 4780 ’Δπεχόμενος,
3247 4710 3411 4778 φησὶν
3433 4709 3505 4772 ⁷⁸,
3537 4705 3729 4758 ἐκείνων

2188 4802 2224 4857 ἃ
2279 4803 2466 4867 κακῶς
2506 4802 2873 4873 εἰργασάμην,
2927 4802 3155 4870 ἄμωμος
3194 4801 3274 4859 εἰς
3324 4798 3420 4849 τὸν
3461 4790 3727 4849 ἐπιόντα.⁷⁷

2189 4896 2493 4966 γενήσομαι
2512 4894 2701 4965 χρόνον
2721 4910 2733 4924 ·
2749 4892 2919 4957 οὓτως
2935 4894 2979 4925 ⁷⁸
2994 4895 3022 4946 ὁ
3040 4892 3214 4963 μέγας
3233 4890 3401 4945 Δα6ὶδ
3415 4892 3529 4943 τῶν
3550 4886 3731 4943 οἰκείων

1611 5265 1844 5327 νᾼιιιίΕ
1886 5264 2269 5322 ιειπιυΝεδ
2307 5265 2396 5320 ΕΤ
2422 5263 2658 5319 NOTAE.

608 5410 655 5441 “
695 5405 866 5462 εἶπεν
920 5406 1192 5475 είρηκὼς.
1279 5406 1399 5461 rod.
1464 5408 1489 5460 l
1521 5446 1536 5471 ,
1596 5405 1634 5459 Ξ
1705 5406 1951 5475 εἴρηκεν.
2008 5417 2076 5475 _cr

2212 5406 2245 5459 5
2313 5413 2369 5459 et
2446 5401 2594 5457 Flor.
2651 5394 2867 5475 εἶπεν.-
2908 5397 3113 5475 Omnes
3145 5465 3156 5475 _
3189 5394 3451 5475 omittunt
3523 5384 3731 5475 είρηξξιξς

519 5480 564 5513 ⁸⁸
595 5464 1067 5542 Ἐνταῦτθα.’κ.
1115 5464 1165 5531 λζ
1220 5476 1423 5532 Horum
1482 5464 1661 5531 locum
1714 5464 1775 5530 in'
1816 5464 1945 5529 'cod.
2005 5471 2076 5525 FI«

2206 5485 2477 5543 occupant
2529 5488 2591 5526 ea
2656 5486 2779 5543 qua:
2830 5468 3033 5543 deinde
3092 5465 3159 5543 ad
3196 5480 3251 5543 ν.
3304 5464 3375 5517 20
3418 5467 3727 5543 ‘seqounlttr.

520 5552 563 5583 “
593 5540 956 5617 Ὠθούμενοκ
977 5575 1042 5588 -
1074 5550 1276 5603 ἀντελ.
1308 5566 1428 5617 μου.
1477 5546 1604 5601 Des.
1659 5546 1711 5600 in
1758 5546 1879 5601 cod.
1909 5545 1964 5599 3.
2046 5544 2076 5575 "

520 5622 566 5654 “
588 5623 833 5671 Στεγογ.
934 5620 1056 5671 eod.
1081 5619 1117 5671 2
1147 5634 1332 5671 orem.
1374 5618 1855 5671 προσδοκωμένην.
1961 5615 2006 5647 ⁸⁸
2038 5618 2076 5671 ’.Α

2186 5544 2229 5598 ἐ.
2288 5540 2456 5598 Abest
2504 5558 2533 5596 a
2587 5542 2709 5595 cod.
2746 5540 2880 5604 1,2.

2186 5617 2200 5668 l
2230 5644 2299 5655 ——
2346 5611 2769 5671 χαρισάμενος.
2806 5608 2876 5663 De

519 5622 566 5654 “
588 5623 833 5688 Στενοχ.
934 5620 1056 5675 eod.
1081 5619 1117 5672 ἓ
1147 5634 1332 5688 praem.
1374 5618 1855 5688 προσδοκωμένην.

2958 5538 3005 5569 ⁸³
3044 5537 3166 5593 cod.
3206 5536 3225 5589 Ι

3688 5544 3724 5573 ν.

2342 5531 2456 5598 best
2504 5558 2533 5596 a
2587 5531 2709 5595 cod.
2746 5540 2880 5604 1,2.
2958 5538 3005 5569 ⁸³
3044 5537 3166 5593 cod.
3206 5536 3225 5589 Ι
3268 5531 3685 5605 μεταϐαλλόμενα

2342 5611 2769 5684 χαρισάμενος.
2799 5608 2928 5684 Des.
2974 5608 3028 5684 in
3059 5605 3278 5684 cod.__2.
3381 5604 3427 5635 “
3455 5595 3685 5684 cod._Flo

3381 5604 3427 5635 “
3455 5595 3584 5657 cod.
3604 5595 3639 5649 Ρ
3642 5597 3723 5647 lor.

518 5669 923 5759 δωῐὲιᾶἆξίένος.
940 5669 961 5675 ⁷
975 5669 1055 5727 ἢεῖ
1073 5669 1331 5758 eam:
1352 5669 1585 5741 Auzea;
1614 5669 1736 5759 οάιι.
1765 5669 1911 5759 Flor.
1990 5686 2035 5717 ⁸⁸
2058 5669 2076 5741 ἶ

2186 5704 2216 5738 ·.
2270 5669 2435 5759 eoid:
2479 5669 2955 5759 Au'g_ost.'addnnt
3001 5677 3227 5759 635""
3254 5692 3396 5759 gap.
3422 5672 3539 5728 cod.

519 5760 564 5797 ⁷⁸
597 5760 811 5814 Αὐτοῦ.
853 5761 1019 5816 Abest
1046 5776 1078 5815 a
1111 5761 1233 5816 cod.
1272 5760 1326 5814 5.

519 5845 719 5894 ογτας.
756 5830 880 5886 Des.
910 5832 964 5885 in
996 5832 1117 5885 cod.
1151 5829 1298 5885 Flor.
1375 5829 1420 5861 "
1447 5829 1570 5884 cod.
1606 5828 1641 5881 2
1671 5828 1903 5883 ἔννοιαν.

519 5901 554 5962 9
587 5899 718 5958 915,
794 5901 835 5929 ""
885 5902 1180 5959 Ἐπιόγτα.
1213 5900 1370 5956 codd.
1419 5902 1649 5968 August.
1694 5899 1904 5952 ἔπειτα.

1404 5760 1443 5791 ⁷⁸
1478 5760 1603 5811 cod.
1640 5758 1663 5811 l
1696 5758 2013 5827 γενομένην.

2112 5738 2157 5787 7""
2187 5738 2325 5808 cod.
2348 5752 2493 5810 Flor.
2527 5738 2965 5821 φῖλανθρωπίαν.
3042 5749 3101 5821 ⁷ξᾷ
3121 5738 3474 5821 ΙΙροὲρέ-τῳγ

2012 5801 2056 5859 θ’
2523 5801 2981 5879 ἐὰιιῖεῧᾱέέόέτά.
3059 5818 3106 5850 ⁷⁸
3144 5801 3362 5883 ὦησῖν.
3398 5814 3591 5867 Ahesta
3619 5801 3717 5858 cod-

1982 5900 2026 5930 ⁷⁸
2061 5898 2259 5960 Οὕτως
2292 5925 2357 5934 ——
2389 5894 2780 5960 παρονομίιιν.
2828 5891 2949 5947 Des.
3004 5890 3058 5943 in
3097 5889 3219 5944 cod.
3248 5886 3304 5941 5.
