  <div class='ocr_page' id='page_1' title='image "/cluster/home/n/w/nwhite01/storage/ocr_20150623/80/hvd.32044009825613/511.png"; bbox 0 0 3850 6532; ppageno 0'>
   <div class='ocr_carea' id='block_1_1' title="bbox 428 432 590 497">
    <p class='ocr_par' dir='ltr' id='par_1_1' title="bbox 428 432 590 497">
     <span class='ocr_line' id='line_1_1' title="bbox 428 432 590 497; baseline 0.006 -1"><span class='ocrx_word' id='word_1_1' title='bbox 428 432 590 497; x_wconf 65' lang='grc'><strong>’987</strong></span> 
     </span>
    </p>
   </div>
   <div class='ocr_carea' id='block_1_2' title="bbox 1468 416 2715 499">
    <p class='ocr_par' dir='ltr' id='par_1_2' title="bbox 1468 416 2715 499">
     <span class='ocr_line' id='line_1_2' title="bbox 1468 416 2715 499; baseline -0.003 -2"><span class='ocrx_word' id='word_1_2' title='bbox 1468 437 1952 499; x_wconf 75' lang='grc' dir='ltr'><strong>ΤΗΕΟΒΟΒΕΤΙ</strong></span> <span class='ocrx_word' id='word_1_3' title='bbox 1982 416 2322 497; x_wconf 71' lang='grc' dir='ltr'>Ἐριερορι</span> <span class='ocrx_word' id='word_1_4' title='bbox 2349 433 2715 495; x_wconf 73' lang='lat' dir='ltr'><strong>CYRENSIS</strong></span> 
     </span>
    </p>
   </div>
   <div class='ocr_carea' id='block_1_3' title="bbox 3632 432 3731 492">
    <p class='ocr_par' dir='ltr' id='par_1_3' title="bbox 3632 432 3731 492">
     <span class='ocr_line' id='line_1_3' title="bbox 3632 432 3731 492; baseline 0 0"><span class='ocrx_word' id='word_1_5' title='bbox 3632 432 3731 492; x_wconf 68' lang='grc'><strong>988</strong></span> 
     </span>
    </p>
   </div>
   <div class='ocr_carea' id='block_1_4' title="bbox 561 537 2053 615">
    <p class='ocr_par' dir='ltr' id='par_1_4' title="bbox 561 538 2043 615">
     <span class='ocr_line' id='line_1_4' title="bbox 561 538 2043 615; baseline 0.002 -23"><span class='ocrx_word' id='word_1_6' title='bbox 561 538 723 595; x_wconf 67' lang='lat' dir='ltr'><strong>Vsus.</strong></span> <span class='ocrx_word' id='word_1_7' title='bbox 755 540 843 595; x_wconf 66' lang='grc'>45.</span> <span class='ocrx_word' id='word_1_8' title='bbox 882 559 901 591; x_wconf 76' lang='grc' dir='ltr'><strong>ι</strong></span> <span class='ocrx_word' id='word_1_9' title='bbox 933 539 1194 612; x_wconf 81' lang='lat' dir='ltr'><strong>Populus,</strong></span> <span class='ocrx_word' id='word_1_10' title='bbox 1225 558 1387 614; x_wconf 99' lang='lat' dir='ltr'><strong>quem</strong></span> <span class='ocrx_word' id='word_1_11' title='bbox 1435 560 1542 598; x_wconf 87' lang='lat' dir='ltr'><strong>non</strong></span> <span class='ocrx_word' id='word_1_12' title='bbox 1575 545 1827 615; x_wconf 79' lang='lat' dir='ltr'><strong>cognovi,</strong></span> <span class='ocrx_word' id='word_1_13' title='bbox 1878 543 2043 599; x_wconf 62' lang='lat' dir='ltr'><strong>servi.</strong></span> 
     </span>
    </p>
   </div>
   <div class='ocr_carea' id='block_1_5' title="bbox 2164 537 3730 615">
    <p class='ocr_par' dir='ltr' id='par_1_5' title="bbox 2222 537 3730 611">
     <span class='ocr_line' id='line_1_5' title="bbox 2222 537 3730 611; baseline -0.002 -17"><span class='ocrx_word' id='word_1_14' title='bbox 2222 540 2326 611; x_wconf 83' lang='grc' dir='ltr'>με’.</span> <span class='ocrx_word' id='word_1_15' title='bbox 2357 560 2375 592; x_wconf 79' lang='grc' dir='ltr'><strong>ι</strong></span> <span class='ocrx_word' id='word_1_16' title='bbox 2404 540 2545 603; x_wconf 87' lang='grc' dir='ltr'>Λαὸς</span> <span class='ocrx_word' id='word_1_17' title='bbox 2572 540 2632 594; x_wconf 83' lang='grc' dir='ltr'>ὃν</span> <span class='ocrx_word' id='word_1_18' title='bbox 2660 541 2763 594; x_wconf 90' lang='grc' dir='ltr'><strong>οὐκ</strong></span> <span class='ocrx_word' id='word_1_19' title='bbox 2792 538 2965 608; x_wconf 74' lang='grc' dir='ltr'>ἔγνων</span> <span class='ocrx_word' id='word_1_20' title='bbox 2999 537 3279 595; x_wconf 82' lang='grc' dir='ltr'>ἐδούλευσέ</span> <span class='ocrx_word' id='word_1_21' title='bbox 3301 553 3423 606; x_wconf 86' lang='grc' dir='ltr'>μοι,</span> <span class='ocrx_word' id='word_1_22' title='bbox 3450 540 3537 602; x_wconf 85' lang='grc' dir='ltr'>εἰς</span> <span class='ocrx_word' id='word_1_23' title='bbox 3566 540 3730 609; x_wconf 52' lang='lat' dir='ltr'><strong>dumb</strong></span> 
     </span>
    </p>
   </div>
   <div class='ocr_carea' id='block_1_6' title="bbox 429 635 2048 705">
    <p class='ocr_par' dir='ltr' id='par_1_6' title="bbox 429 635 2048 705">
     <span class='ocr_line' id='line_1_6' title="bbox 429 635 2048 705; baseline 0.002 -17"><span class='ocrx_word' id='word_1_24' title='bbox 429 648 441 672; x_wconf 78' lang='grc' dir='ltr'><strong>ο</strong></span> <span class='ocrx_word' id='word_1_25' title='bbox 484 635 564 689; x_wconf 89' lang='lat' dir='ltr'><strong>vit</strong></span> <span class='ocrx_word' id='word_1_26' title='bbox 596 635 754 693; x_wconf 85' lang='lat' dir='ltr'><strong>mihi.</strong></span> <span class='ocrx_word' id='word_1_27' title='bbox 781 635 971 690; x_wconf 89' lang='lat' dir='ltr'><strong>auditu</strong></span> <span class='ocrx_word' id='word_1_28' title='bbox 1002 637 1154 691; x_wconf 86' lang='lat' dir='ltr'><strong>auris</strong></span> <span class='ocrx_word' id='word_1_29' title='bbox 1191 636 1426 691; x_wconf 84' lang='lat' dir='ltr'><strong>obedivit</strong></span> <span class='ocrx_word' id='word_1_30' title='bbox 1455 638 1611 691; x_wconf 85' lang='lat' dir='ltr'><strong>mihi.</strong></span> <span class='ocrx_word' id='word_1_31' title='bbox 1662 656 1679 688; x_wconf 72' lang='grc' dir='ltr'><strong>ι</strong></span> <span class='ocrx_word' id='word_1_32' title='bbox 1714 637 1788 691; x_wconf 78' lang='lat' dir='ltr'><strong>Ex</strong></span> <span class='ocrx_word' id='word_1_33' title='bbox 1820 651 2048 705; x_wconf 87' lang='lat' dir='ltr'><strong>persona</strong></span> 
     </span>
    </p>
   </div>
   <div class='ocr_carea' id='block_1_7' title="bbox 447 726 2051 799">
    <p class='ocr_par' dir='ltr' id='par_1_7' title="bbox 447 726 2051 799">
     <span class='ocr_line' id='line_1_7' title="bbox 447 726 2051 799; baseline 0.003 -19"><span class='ocrx_word' id='word_1_34' title='bbox 447 747 451 751; x_wconf 54' lang='grc' dir='ltr'><strong><em>ν</em></strong></span> <span class='ocrx_word' id='word_1_35' title='bbox 484 726 915 783; x_wconf 87' lang='lat' dir='ltr'><strong>DominiChristi</strong></span> <span class='ocrx_word' id='word_1_36' title='bbox 938 729 1053 784; x_wconf 73' lang='lat' dir='ltr'><strong>hazc</strong></span> <span class='ocrx_word' id='word_1_37' title='bbox 1078 729 1338 799; x_wconf 63' lang='lat' dir='ltr'><strong>praedicit.</strong></span> <span class='ocrx_word' id='word_1_38' title='bbox 1371 731 1457 783; x_wconf 85' lang='lat' dir='ltr'><strong>Ait</strong></span> <span class='ocrx_word' id='word_1_39' title='bbox 1484 739 1700 785; x_wconf 85' lang='lat' dir='ltr'><strong>autem:</strong></span> <span class='ocrx_word' id='word_1_40' title='bbox 1727 730 1803 783; x_wconf 87' lang='lat' dir='ltr'><strong>Illi</strong></span> <span class='ocrx_word' id='word_1_41' title='bbox 1835 731 1926 799; x_wconf 90' lang='lat' dir='ltr'><strong>qui</strong></span> <span class='ocrx_word' id='word_1_42' title='bbox 1951 745 2051 785; x_wconf 91' lang='lat' dir='ltr'><strong>nec</strong></span> 
     </span>
    </p>
   </div>
   <div class='ocr_carea' id='block_1_8' title="bbox 486 806 2050 895">
    <p class='ocr_par' dir='ltr' id='par_1_8' title="bbox 486 806 2050 895">
     <span class='ocr_line' id='line_1_8' title="bbox 486 806 2050 895; baseline 0.003 -22"><span class='ocrx_word' id='word_1_43' title='bbox 486 820 868 889; x_wconf 85' lang='lat' dir='ltr'><strong>legislatorem,</strong></span> <span class='ocrx_word' id='word_1_44' title='bbox 907 837 1004 876; x_wconf 92' lang='lat' dir='ltr'><strong>nec</strong></span> <span class='ocrx_word' id='word_1_45' title='bbox 1033 822 1349 891; x_wconf 79' lang='lat' dir='ltr'><strong>prophetam</strong></span> <span class='ocrx_word' id='word_1_46' title='bbox 1400 806 1579 876; x_wconf 86' lang='lat' dir='ltr'><strong>meum</strong></span> <span class='ocrx_word' id='word_1_47' title='bbox 1614 838 1850 895; x_wconf 82' lang='lat' dir='ltr'><strong>unquam</strong></span> <span class='ocrx_word' id='word_1_48' title='bbox 1897 838 2050 878; x_wconf 91' lang='lat' dir='ltr'><strong>rece-</strong></span> 
     </span>
    </p>
   </div>
   <div class='ocr_carea' id='block_1_9' title="bbox 486 912 2049 984">
    <p class='ocr_par' dir='ltr' id='par_1_9' title="bbox 486 912 2049 984">
     <span class='ocr_line' id='line_1_9' title="bbox 486 912 2049 984; baseline 0.003 -20"><span class='ocrx_word' id='word_1_49' title='bbox 486 922 701 979; x_wconf 87' lang='lat' dir='ltr'><strong>perunt,</strong></span> <span class='ocrx_word' id='word_1_50' title='bbox 739 912 901 984; x_wconf 62' lang='lat'><strong>714</strong></span> <span class='ocrx_word' id='word_1_51' title='bbox 926 912 1179 967; x_wconf 83' lang='lat' dir='ltr'><strong>facillime</strong></span> <span class='ocrx_word' id='word_1_52' title='bbox 1204 914 1377 968; x_wconf 89' lang='lat' dir='ltr'><strong>vocati</strong></span> <span class='ocrx_word' id='word_1_53' title='bbox 1420 924 1741 984; x_wconf 87' lang='lat' dir='ltr'><strong>paruerunt,</strong></span> <span class='ocrx_word' id='word_1_54' title='bbox 1773 923 1827 970; x_wconf 94' lang='lat' dir='ltr'><strong>et</strong></span> <span class='ocrx_word' id='word_1_55' title='bbox 1868 930 2049 969; x_wconf 91' lang='lat' dir='ltr'><strong>meum</strong></span> 
     </span>
    </p>
   </div>
   <div class='ocr_carea' id='block_1_10' title="bbox 485 1004 1125 1073">
    <p class='ocr_par' dir='ltr' id='par_1_10' title="bbox 485 1004 1125 1073">
     <span class='ocr_line' id='line_1_10' title="bbox 485 1004 1125 1073; baseline 0.005 -17"><span class='ocrx_word' id='word_1_56' title='bbox 485 1004 772 1073; x_wconf 90' lang='lat' dir='ltr'><strong>imperium</strong></span> <span class='ocrx_word' id='word_1_57' title='bbox 800 1006 1125 1059; x_wconf 82' lang='lat' dir='ltr'><strong>dilexerunt.</strong></span> 
     </span>
    </p>
   </div>
   <div class='ocr_carea' id='block_1_11' title="bbox 556 1095 2052 1165">
    <p class='ocr_par' dir='ltr' id='par_1_11' title="bbox 556 1095 2052 1165">
     <span class='ocr_line' id='line_1_11' title="bbox 556 1095 2052 1165; baseline 0.005 -18"><span class='ocrx_word' id='word_1_58' title='bbox 556 1095 719 1151; x_wconf 71' lang='lat' dir='ltr'><strong>Vens.</strong></span> <span class='ocrx_word' id='word_1_59' title='bbox 762 1097 849 1150; x_wconf 71' lang='grc'><strong>46.</strong></span> <span class='ocrx_word' id='word_1_60' title='bbox 886 1115 905 1143; x_wconf 76' lang='grc' dir='ltr'><strong>σ</strong></span> <span class='ocrx_word' id='word_1_61' title='bbox 962 1096 1085 1150; x_wconf 83' lang='lat' dir='ltr'><strong>Filii</strong></span> <span class='ocrx_word' id='word_1_62' title='bbox 1118 1096 1279 1151; x_wconf 90' lang='lat' dir='ltr'><strong>alieni</strong></span> <span class='ocrx_word' id='word_1_63' title='bbox 1320 1097 1529 1152; x_wconf 89' lang='lat' dir='ltr'><strong>mentiti</strong></span> <span class='ocrx_word' id='word_1_64' title='bbox 1578 1108 1706 1153; x_wconf 91' lang='lat' dir='ltr'><strong>sunt</strong></span> <span class='ocrx_word' id='word_1_65' title='bbox 1751 1099 1906 1165; x_wconf 87' lang='lat' dir='ltr'><strong>mihi,</strong></span> <span class='ocrx_word' id='word_1_66' title='bbox 1956 1099 2052 1154; x_wconf 79' lang='lat' dir='ltr'><strong>filii</strong></span> 
     </span>
    </p>
   </div>
   <div class='ocr_carea' id='block_1_12' title="bbox 484 1183 2054 1247">
    <p class='ocr_par' dir='ltr' id='par_1_12' title="bbox 484 1183 2054 1247">
     <span class='ocr_line' id='line_1_12' title="bbox 484 1183 2054 1247; baseline 0.006 -12"><span class='ocrx_word' id='word_1_67' title='bbox 484 1183 645 1235; x_wconf 90' lang='lat' dir='ltr'><strong>alieni</strong></span> <span class='ocrx_word' id='word_1_68' title='bbox 690 1184 968 1238; x_wconf 87' lang='lat' dir='ltr'><strong>inveterati</strong></span> <span class='ocrx_word' id='word_1_69' title='bbox 1007 1193 1154 1247; x_wconf 89' lang='lat' dir='ltr'><strong>sunt,</strong></span> <span class='ocrx_word' id='word_1_70' title='bbox 1190 1194 1244 1239; x_wconf 93' lang='lat' dir='ltr'><strong>et</strong></span> <span class='ocrx_word' id='word_1_71' title='bbox 1286 1184 1742 1241; x_wconf 79' lang='lat' dir='ltr'><strong>claudicaverunt</strong></span> <span class='ocrx_word' id='word_1_72' title='bbox 1773 1204 1803 1242; x_wconf 91' lang='lat' dir='ltr'><strong>a</strong></span> <span class='ocrx_word' id='word_1_73' title='bbox 1845 1189 2054 1245; x_wconf 87' lang='lat' dir='ltr'><strong>semitis</strong></span> 
     </span>
    </p>
   </div>
   <div class='ocr_carea' id='block_1_13' title="bbox 483 1274 2051 1347">
    <p class='ocr_par' dir='ltr' id='par_1_13' title="bbox 483 1274 2051 1347">
     <span class='ocr_line' id='line_1_13' title="bbox 483 1274 2051 1347; baseline 0.004 -19"><span class='ocrx_word' id='word_1_74' title='bbox 483 1274 621 1328; x_wconf 85' lang='lat' dir='ltr'><strong>suis.</strong></span> <span class='ocrx_word' id='word_1_75' title='bbox 677 1293 696 1326; x_wconf 77' lang='grc' dir='ltr'><strong>ι</strong></span> <span class='ocrx_word' id='word_1_76' title='bbox 738 1274 841 1340; x_wconf 87' lang='lat' dir='ltr'><strong>Qui</strong></span> <span class='ocrx_word' id='word_1_77' title='bbox 886 1288 1068 1330; x_wconf 90' lang='lat' dir='ltr'><strong>autem</strong></span> <span class='ocrx_word' id='word_1_78' title='bbox 1117 1276 1211 1330; x_wconf 79' lang='lat' dir='ltr'><strong>lilii</strong></span> <span class='ocrx_word' id='word_1_79' title='bbox 1245 1280 1457 1337; x_wconf 88' lang='lat' dir='ltr'><strong>vocati,</strong></span> <span class='ocrx_word' id='word_1_80' title='bbox 1506 1290 1669 1347; x_wconf 81' lang='lat' dir='ltr'><strong>atque</strong></span> <span class='ocrx_word' id='word_1_81' title='bbox 1708 1278 1762 1331; x_wconf 92' lang='lat' dir='ltr'><strong>in</strong></span> <span class='ocrx_word' id='word_1_82' title='bbox 1817 1279 2051 1335; x_wconf 84' lang='lat' dir='ltr'><strong>ﬁliorum</strong></span> 
     </span>
    </p>
   </div>
   <div class='ocr_carea' id='block_1_14' title="bbox 482 1364 2052 1436">
    <p class='ocr_par' dir='ltr' id='par_1_14' title="bbox 482 1364 2052 1436">
     <span class='ocr_line' id='line_1_14' title="bbox 482 1364 2052 1436; baseline 0.004 -20"><span class='ocrx_word' id='word_1_83' title='bbox 482 1364 671 1418; x_wconf 83' lang='lat' dir='ltr'><strong>ordine</strong></span> <span class='ocrx_word' id='word_1_84' title='bbox 692 1364 949 1432; x_wconf 81' lang='lat' dir='ltr'><strong>descripti</strong></span> <span class='ocrx_word' id='word_1_85' title='bbox 982 1375 1134 1425; x_wconf 75' lang='lat' dir='ltr'><strong>sunt,</strong></span> <span class='ocrx_word' id='word_1_86' title='bbox 1162 1365 1373 1421; x_wconf 88' lang='lat' dir='ltr'><strong>alienos</strong></span> <span class='ocrx_word' id='word_1_87' title='bbox 1412 1384 1469 1421; x_wconf 86' lang='lat' dir='ltr'><strong>se</strong></span> <span class='ocrx_word' id='word_1_88' title='bbox 1496 1368 1597 1436; x_wconf 88' lang='lat' dir='ltr'><strong>ipsi</strong></span> <span class='ocrx_word' id='word_1_89' title='bbox 1632 1365 1896 1430; x_wconf 84' lang='lat' dir='ltr'><strong>fecerunt,</strong></span> <span class='ocrx_word' id='word_1_90' title='bbox 1928 1386 2052 1424; x_wconf 92' lang='lat' dir='ltr'><strong>cum</strong></span> 
     </span>
    </p>
   </div>
   <div class='ocr_carea' id='block_1_15' title="bbox 483 1456 2055 1526">
    <p class='ocr_par' dir='ltr' id='par_1_15' title="bbox 483 1456 2055 1526">
     <span class='ocr_line' id='line_1_15' title="bbox 483 1456 2055 1526; baseline 0.004 -17"><span class='ocrx_word' id='word_1_91' title='bbox 483 1457 681 1526; x_wconf 87' lang='lat' dir='ltr'><strong>ingrati</strong></span> <span class='ocrx_word' id='word_1_92' title='bbox 720 1456 1105 1511; x_wconf 83' lang='lat' dir='ltr'><strong>beneﬁciorum</strong></span> <span class='ocrx_word' id='word_1_93' title='bbox 1144 1459 1365 1521; x_wconf 80' lang='lat' dir='ltr'><strong>fuerint,</strong></span> <span class='ocrx_word' id='word_1_94' title='bbox 1398 1467 1452 1513; x_wconf 94' lang='lat' dir='ltr'><strong>et</strong></span> <span class='ocrx_word' id='word_1_95' title='bbox 1482 1460 1623 1513; x_wconf 87' lang='lat' dir='ltr'><strong>circa</strong></span> <span class='ocrx_word' id='word_1_96' title='bbox 1662 1460 1817 1515; x_wconf 83' lang='lat' dir='ltr'><strong>tidem</strong></span> <span class='ocrx_word' id='word_1_97' title='bbox 1849 1464 2055 1516; x_wconf 86' lang='lat' dir='ltr'><strong>claudi-</strong></span> 
     </span>
    </p>
   </div>
   <div class='ocr_carea' id='block_1_16' title="bbox 484 1551 2056 1622">
    <p class='ocr_par' dir='ltr' id='par_1_16' title="bbox 484 1551 2056 1622">
     <span class='ocr_line' id='line_1_16' title="bbox 484 1551 2056 1622; baseline 0.004 -18"><span class='ocrx_word' id='word_1_98' title='bbox 484 1551 753 1613; x_wconf 89' lang='lat' dir='ltr'><strong>caverint,</strong></span> <span class='ocrx_word' id='word_1_99' title='bbox 803 1559 857 1604; x_wconf 93' lang='lat' dir='ltr'><strong>et</strong></span> <span class='ocrx_word' id='word_1_100' title='bbox 900 1551 1043 1621; x_wconf 89' lang='lat' dir='ltr'><strong>piam</strong></span> <span class='ocrx_word' id='word_1_101' title='bbox 1094 1554 1341 1605; x_wconf 85' lang='lat' dir='ltr'><strong>semitam</strong></span> <span class='ocrx_word' id='word_1_102' title='bbox 1407 1552 1812 1622; x_wconf 87' lang='lat' dir='ltr'><strong>dereliquerint.</strong></span> <span class='ocrx_word' id='word_1_103' title='bbox 1867 1555 1959 1610; x_wconf 86' lang='lat' dir='ltr'><strong>Sic</strong></span> <span class='ocrx_word' id='word_1_104' title='bbox 2001 1566 2056 1611; x_wconf 93' lang='lat' dir='ltr'><strong>et</strong></span> 
     </span>
    </p>
   </div>
   <div class='ocr_carea' id='block_1_17' title="bbox 489 1639 2057 1711">
    <p class='ocr_par' dir='ltr' id='par_1_17' title="bbox 489 1639 2057 1711">
     <span class='ocr_line' id='line_1_17' title="bbox 489 1639 2057 1711; baseline 0.004 -18"><span class='ocrx_word' id='word_1_105' title='bbox 489 1657 584 1710; x_wconf 89' lang='lat' dir='ltr'><strong>per</strong></span> <span class='ocrx_word' id='word_1_106' title='bbox 610 1639 903 1695; x_wconf 84' lang='lat' dir='ltr'><strong>Jeremiam</strong></span> <span class='ocrx_word' id='word_1_107' title='bbox 964 1640 1293 1711; x_wconf 82' lang='lat' dir='ltr'><strong>Prophetam</strong></span> <span class='ocrx_word' id='word_1_108' title='bbox 1340 1644 1412 1697; x_wconf 87' lang='lat' dir='ltr'><strong>ait</strong></span> <span class='ocrx_word' id='word_1_109' title='bbox 1448 1643 1589 1700; x_wconf 83' lang='lat' dir='ltr'><strong>Deus</strong></span> <span class='ocrx_word' id='word_1_110' title='bbox 1619 1664 1632 1699; x_wconf 92' lang='lat'>:</span> <span class='ocrx_word' id='word_1_111' title='bbox 1664 1650 1681 1667; x_wconf 77' lang='grc'>⁴</span> <span class='ocrx_word' id='word_1_112' title='bbox 1717 1665 1734 1695; x_wconf 78' lang='grc' dir='ltr'><strong>ι</strong></span> <span class='ocrx_word' id='word_1_113' title='bbox 1770 1645 2057 1711; x_wconf 86' lang='lat' dir='ltr'><strong>Quomodo</strong></span> 
     </span>
    </p>
   </div>
   <div class='ocr_carea' id='block_1_18' title="bbox 486 1734 2057 1803">
    <p class='ocr_par' dir='ltr' id='par_1_18' title="bbox 486 1734 2057 1803">
     <span class='ocr_line' id='line_1_18' title="bbox 486 1734 2057 1803; baseline 0.002 -15"><span class='ocrx_word' id='word_1_114' title='bbox 486 1749 753 1788; x_wconf 84' lang='lat' dir='ltr'><strong>conversa</strong></span> <span class='ocrx_word' id='word_1_115' title='bbox 796 1750 856 1788; x_wconf 92' lang='lat' dir='ltr'><strong>es</strong></span> <span class='ocrx_word' id='word_1_116' title='bbox 900 1734 1031 1788; x_wconf 86' lang='lat' dir='ltr'><strong>mihi</strong></span> <span class='ocrx_word' id='word_1_117' title='bbox 1079 1736 1131 1788; x_wconf 92' lang='lat' dir='ltr'><strong>in</strong></span> <span class='ocrx_word' id='word_1_118' title='bbox 1185 1738 1627 1803; x_wconf 84' lang='lat' dir='ltr'><strong>amaritudinem,</strong></span> <span class='ocrx_word' id='word_1_119' title='bbox 1680 1739 1808 1793; x_wconf 87' lang='lat' dir='ltr'><strong>vitis</strong></span> <span class='ocrx_word' id='word_1_120' title='bbox 1838 1740 2057 1794; x_wconf 83' lang='lat' dir='ltr'><strong>aliena?</strong></span> 
     </span>
    </p>
   </div>
   <div class='ocr_carea' id='block_1_19' title="bbox 485 1827 2053 1897">
    <p class='ocr_par' dir='ltr' id='par_1_19' title="bbox 485 1827 2053 1897">
     <span class='ocr_line' id='line_1_19' title="bbox 485 1827 2053 1897; baseline 0.004 -18"><span class='ocrx_word' id='word_1_121' title='bbox 485 1841 587 1896; x_wconf 87' lang='lat' dir='ltr'><strong>ego</strong></span> <span class='ocrx_word' id='word_1_122' title='bbox 615 1838 793 1880; x_wconf 88' lang='lat' dir='ltr'><strong>autem</strong></span> <span class='ocrx_word' id='word_1_123' title='bbox 826 1827 1065 1897; x_wconf 89' lang='lat' dir='ltr'><strong>plantavi</strong></span> <span class='ocrx_word' id='word_1_124' title='bbox 1098 1828 1260 1882; x_wconf 88' lang='lat' dir='ltr'><strong>vitem</strong></span> <span class='ocrx_word' id='word_1_125' title='bbox 1304 1828 1638 1884; x_wconf 77' lang='lat' dir='ltr'><strong>fructiferam</strong></span> <span class='ocrx_word' id='word_1_126' title='bbox 1687 1840 1851 1885; x_wconf 88' lang='lat' dir='ltr'><strong>totam</strong></span> <span class='ocrx_word' id='word_1_127' title='bbox 1897 1848 2053 1885; x_wconf 80' lang='lat' dir='ltr'><strong>vera-</strong></span> 
     </span>
    </p>
   </div>
   <div class='ocr_carea' id='block_1_20' title="bbox 2149 632 3734 704">
    <p class='ocr_par' dir='ltr' id='par_1_20' title="bbox 2149 632 3734 704">
     <span class='ocr_line' id='line_1_20' title="bbox 2149 632 3734 704; baseline -0.002 -18"><span class='ocrx_word' id='word_1_128' title='bbox 2149 632 2313 686; x_wconf 80' lang='grc' dir='ltr'>ὠτίου</span> <span class='ocrx_word' id='word_1_129' title='bbox 2369 633 2650 704; x_wconf 84' lang='grc' dir='ltr'>ὑπήκουσέ</span> <span class='ocrx_word' id='word_1_130' title='bbox 2708 649 2832 703; x_wconf 91' lang='grc' dir='ltr'>μου.</span> <span class='ocrx_word' id='word_1_131' title='bbox 2876 652 2894 684; x_wconf 74' lang='grc' dir='ltr'><strong>ι</strong></span> <span class='ocrx_word' id='word_1_132' title='bbox 2954 632 3123 686; x_wconf 80' lang='grc' dir='ltr'>Ἑκ³⁰</span> <span class='ocrx_word' id='word_1_133' title='bbox 3202 632 3507 704; x_wconf 76' lang='grc' dir='ltr'><strong>προσώπου</strong></span> <span class='ocrx_word' id='word_1_134' title='bbox 3568 632 3734 684; x_wconf 75' lang='grc' dir='ltr'>ταῦτα</span> 
     </span>
    </p>
   </div>
   <div class='ocr_carea' id='block_1_21' title="bbox 2150 722 3739 795">
    <p class='ocr_par' dir='ltr' id='par_1_21' title="bbox 2150 722 3739 795">
     <span class='ocr_line' id='line_1_21' title="bbox 2150 722 3739 795; baseline -0.001 -19"><span class='ocrx_word' id='word_1_135' title='bbox 2150 722 2512 794; x_wconf 81' lang='grc' dir='ltr'>προαγορεύει</span> <span class='ocrx_word' id='word_1_136' title='bbox 2542 722 2639 777; x_wconf 80' lang='grc' dir='ltr'>τοῦ</span> <span class='ocrx_word' id='word_1_137' title='bbox 2666 722 2941 777; x_wconf 89' lang='grc' dir='ltr'>Δεσπότου</span> <span class='ocrx_word' id='word_1_138' title='bbox 2975 722 3237 795; x_wconf 80' lang='grc' dir='ltr'>Χριστοῦ.</span> <span class='ocrx_word' id='word_1_139' title='bbox 3264 723 3437 791; x_wconf 81' lang='grc' dir='ltr'>Λέγει</span> <span class='ocrx_word' id='word_1_140' title='bbox 3462 723 3545 781; x_wconf 80' lang='grc' dir='ltr'><strong>δέ.</strong></span> <span class='ocrx_word' id='word_1_141' title='bbox 3573 724 3659 775; x_wconf 80' lang='grc' dir='ltr'><strong>ὅτι</strong></span> <span class='ocrx_word' id='word_1_142' title='bbox 3678 726 3739 775; x_wconf 81' lang='grc' dir='ltr'>Οί</span> 
     </span>
    </p>
   </div>
   <div class='ocr_carea' id='block_1_22' title="bbox 2155 814 3739 887">
    <p class='ocr_par' dir='ltr' id='par_1_22' title="bbox 2155 814 3739 887">
     <span class='ocr_line' id='line_1_22' title="bbox 2155 814 3739 887; baseline -0.003 -18"><span class='ocrx_word' id='word_1_143' title='bbox 2155 815 2295 886; x_wconf 86' lang='grc' dir='ltr'>μήτε</span> <span class='ocrx_word' id='word_1_144' title='bbox 2345 815 2665 887; x_wconf 81' lang='grc' dir='ltr'><strong>νομοθέτην,</strong></span> <span class='ocrx_word' id='word_1_145' title='bbox 2712 816 2847 886; x_wconf 89' lang='grc' dir='ltr'>μήτε</span> <span class='ocrx_word' id='word_1_146' title='bbox 2905 815 3202 887; x_wconf 81' lang='grc' dir='ltr'><strong>προφήτην</strong></span> <span class='ocrx_word' id='word_1_147' title='bbox 3254 814 3392 886; x_wconf 82' lang='grc' dir='ltr'>ἐμὸν</span> <span class='ocrx_word' id='word_1_148' title='bbox 3448 814 3739 883; x_wconf 72' lang='grc' dir='ltr'>δεξάμενοι</span> 
     </span>
    </p>
   </div>
   <div class='ocr_carea' id='block_1_23' title="bbox 2152 905 3739 979">
    <p class='ocr_par' dir='ltr' id='par_1_23' title="bbox 2152 905 3739 979">
     <span class='ocr_line' id='line_1_23' title="bbox 2152 905 3739 979; baseline -0.001 -18"><span class='ocrx_word' id='word_1_149' title='bbox 2152 905 2393 973; x_wconf 86' lang='grc' dir='ltr'>πώποτε,</span> <span class='ocrx_word' id='word_1_150' title='bbox 2418 906 2616 979; x_wconf 70' lang='grc' dir='ltr'>ῥᾳδίως</span> <span class='ocrx_word' id='word_1_151' title='bbox 2638 907 2784 979; x_wconf 85' lang='grc' dir='ltr'>μάλα</span> <span class='ocrx_word' id='word_1_152' title='bbox 2812 907 3108 979; x_wconf 83' lang='grc' dir='ltr'>κληθέντες</span> <span class='ocrx_word' id='word_1_153' title='bbox 3133 908 3485 978; x_wconf 81' lang='grc' dir='ltr'>ὑπήκουσαν,</span> <span class='ocrx_word' id='word_1_154' title='bbox 3524 907 3626 960; x_wconf 72' lang='grc' dir='ltr'>καὶ</span> <span class='ocrx_word' id='word_1_155' title='bbox 3644 908 3739 977; x_wconf 70' lang='grc' dir='ltr'>τὴν</span> 
     </span>
    </p>
   </div>
   <div class='ocr_carea' id='block_1_24' title="bbox 2150 996 2994 1070">
    <p class='ocr_par' dir='ltr' id='par_1_24' title="bbox 2150 996 2994 1070">
     <span class='ocr_line' id='line_1_24' title="bbox 2150 996 2994 1070; baseline 0.001 -19"><span class='ocrx_word' id='word_1_156' title='bbox 2150 998 2292 1068; x_wconf 82' lang='grc' dir='ltr'>ἐμὴν</span> <span class='ocrx_word' id='word_1_157' title='bbox 2321 996 2642 1051; x_wconf 84' lang='grc' dir='ltr'><strong>δεσποτείαν</strong></span> <span class='ocrx_word' id='word_1_158' title='bbox 2669 996 2994 1070; x_wconf 73' lang='grc' dir='ltr'><strong>ἠγάπησαν.</strong></span> 
     </span>
    </p>
   </div>
   <div class='ocr_carea' id='block_1_25' title="bbox 2225 1085 3739 1163">
    <p class='ocr_par' dir='ltr' id='par_1_25' title="bbox 2225 1085 3739 1163">
     <span class='ocr_line' id='line_1_25' title="bbox 2225 1085 3739 1163; baseline -0.009 -17"><span class='ocrx_word' id='word_1_159' title='bbox 2225 1088 2342 1160; x_wconf 66' lang='lat' dir='ltr'><strong>pg’.</strong></span> <span class='ocrx_word' id='word_1_160' title='bbox 2379 1109 2399 1142; x_wconf 76' lang='grc' dir='ltr'><strong>ι</strong></span> <span class='ocrx_word' id='word_1_161' title='bbox 2439 1090 2559 1144; x_wconf 77' lang='grc' dir='ltr'>Υίοὶ</span> <span class='ocrx_word' id='word_1_162' title='bbox 2615 1091 2885 1163; x_wconf 83' lang='grc' dir='ltr'>ἀλλότριοι</span> <span class='ocrx_word' id='word_1_163' title='bbox 2930 1085 3235 1161; x_wconf 72' lang='grc' dir='ltr'>ἐψεύσαντό</span> <span class='ocrx_word' id='word_1_164' title='bbox 3259 1108 3353 1163; x_wconf 82' lang='grc' dir='ltr'><strong>μοι</strong></span> <span class='ocrx_word' id='word_1_165' title='bbox 3383 1108 3402 1123; x_wconf 80' lang='grc' dir='ltr'><strong>ο</strong></span> <span class='ocrx_word' id='word_1_166' title='bbox 3447 1090 3565 1144; x_wconf 72' lang='grc' dir='ltr'><strong>υἱοὶ</strong></span> <span class='ocrx_word' id='word_1_167' title='bbox 3591 1089 3739 1143; x_wconf 68' lang='grc' dir='ltr'>ἀλλά.</span> 
     </span>
    </p>
   </div>
   <div class='ocr_carea' id='block_1_26' title="bbox 2150 1179 3740 1253">
    <p class='ocr_par' dir='ltr' id='par_1_26' title="bbox 2150 1179 3740 1253">
     <span class='ocr_line' id='line_1_26' title="bbox 2150 1179 3740 1253; baseline 0 -20"><span class='ocrx_word' id='word_1_168' title='bbox 2150 1197 2289 1253; x_wconf 88' lang='grc' dir='ltr'>τριοι</span> <span class='ocrx_word' id='word_1_169' title='bbox 2330 1179 2771 1252; x_wconf 80' lang='grc' dir='ltr'>ἐπαλαιώθησαν,</span> <span class='ocrx_word' id='word_1_170' title='bbox 2803 1181 2897 1233; x_wconf 77' lang='grc' dir='ltr'><strong>καὶ</strong></span> <span class='ocrx_word' id='word_1_171' title='bbox 2936 1180 3219 1251; x_wconf 82' lang='grc' dir='ltr'>ἐχώλαναν</span> <span class='ocrx_word' id='word_1_172' title='bbox 3246 1184 3360 1237; x_wconf 77' lang='grc' dir='ltr'><strong>ἀπὸ</strong></span> <span class='ocrx_word' id='word_1_173' title='bbox 3389 1182 3513 1236; x_wconf 83' lang='grc' dir='ltr'><strong>τῶν</strong></span> <span class='ocrx_word' id='word_1_174' title='bbox 3540 1182 3740 1252; x_wconf 79' lang='grc' dir='ltr'>τρίὸων</span> 
     </span>
    </p>
   </div>
   <div class='ocr_carea' id='block_1_27' title="bbox 2151 1269 3741 1342">
    <p class='ocr_par' dir='ltr' id='par_1_27' title="bbox 2151 1269 3741 1342">
     <span class='ocr_line' id='line_1_27' title="bbox 2151 1269 3741 1342; baseline 0.001 -19"><span class='ocrx_word' id='word_1_175' title='bbox 2151 1269 2349 1325; x_wconf 91' lang='grc' dir='ltr'>αὐτῶν.</span> <span class='ocrx_word' id='word_1_176' title='bbox 2388 1290 2406 1322; x_wconf 75' lang='grc' dir='ltr'><strong>ι</strong></span> <span class='ocrx_word' id='word_1_177' title='bbox 2448 1272 2510 1324; x_wconf 81' lang='grc' dir='ltr'>Οἱ</span> <span class='ocrx_word' id='word_1_178' title='bbox 2542 1270 2598 1324; x_wconf 83' lang='grc' dir='ltr'><strong>δέ</strong></span> <span class='ocrx_word' id='word_1_179' title='bbox 2630 1272 2740 1323; x_wconf 79' lang='grc' dir='ltr'>υἱοὶ</span> <span class='ocrx_word' id='word_1_180' title='bbox 2770 1273 3338 1342; x_wconf 89' lang='grc' dir='ltr'>προσαγορευθέντες,</span> <span class='ocrx_word' id='word_1_181' title='bbox 3370 1274 3479 1327; x_wconf 76' lang='grc' dir='ltr'>καὶ</span> <span class='ocrx_word' id='word_1_182' title='bbox 3514 1275 3582 1326; x_wconf 81' lang='grc' dir='ltr'><strong>ἐν</strong></span> <span class='ocrx_word' id='word_1_183' title='bbox 3614 1272 3741 1325; x_wconf 70' lang='grc' dir='ltr'>υἱῶν</span> 
     </span>
    </p>
   </div>
   <div class='ocr_carea' id='block_1_28' title="bbox 2149 1363 3741 1435">
    <p class='ocr_par' dir='ltr' id='par_1_28' title="bbox 2149 1363 3741 1435">
     <span class='ocr_line' id='line_1_28' title="bbox 2149 1363 3741 1435; baseline 0 -18"><span class='ocrx_word' id='word_1_184' title='bbox 2149 1365 2302 1429; x_wconf 81' lang='grc' dir='ltr'>τάξει</span> <span class='ocrx_word' id='word_1_185' title='bbox 2329 1363 2637 1435; x_wconf 80' lang='grc' dir='ltr'>γραφέντες</span> <span class='ocrx_word' id='word_1_186' title='bbox 2665 1364 2733 1427; x_wconf 79' lang='grc'>³⁸,</span> <span class='ocrx_word' id='word_1_187' title='bbox 2756 1363 3072 1435; x_wconf 83' lang='grc' dir='ltr'>ἀλλοτρίους</span> <span class='ocrx_word' id='word_1_188' title='bbox 3096 1366 3238 1435; x_wconf 78' lang='grc' dir='ltr'>σφᾶς</span> <span class='ocrx_word' id='word_1_189' title='bbox 3262 1365 3477 1427; x_wconf 76' lang='grc' dir='ltr'>αὐτοὺς</span> <span class='ocrx_word' id='word_1_190' title='bbox 3512 1367 3741 1434; x_wconf 78' lang='grc' dir='ltr'>πεποιή-</span> 
     </span>
    </p>
   </div>
   <div class='ocr_carea' id='block_1_29' title="bbox 2153 1454 3741 1528">
    <p class='ocr_par' dir='ltr' id='par_1_29' title="bbox 2153 1454 3741 1528">
     <span class='ocr_line' id='line_1_29' title="bbox 2153 1454 3741 1528; baseline 0.001 -18"><span class='ocrx_word' id='word_1_191' title='bbox 2153 1472 2331 1515; x_wconf 86' lang='grc' dir='ltr'>κασιν,</span> <span class='ocrx_word' id='word_1_192' title='bbox 2377 1454 2699 1525; x_wconf 86' lang='grc' dir='ltr'>ἀγνώμονες</span> <span class='ocrx_word' id='word_1_193' title='bbox 2743 1457 2875 1526; x_wconf 73' lang='grc' dir='ltr'>περὶ</span> <span class='ocrx_word' id='word_1_194' title='bbox 2904 1456 3004 1520; x_wconf 82' lang='grc' dir='ltr'>τὰς</span> <span class='ocrx_word' id='word_1_195' title='bbox 3056 1458 3386 1528; x_wconf 81' lang='grc' dir='ltr'>εὐεργεσίας</span> <span class='ocrx_word' id='word_1_196' title='bbox 3428 1459 3741 1528; x_wconf 80' lang='grc' dir='ltr'>γενόμενοι,</span> 
     </span>
    </p>
   </div>
   <div class='ocr_carea' id='block_1_30' title="bbox 2154 1548 3744 1621">
    <p class='ocr_par' dir='ltr' id='par_1_30' title="bbox 2154 1548 3744 1621">
     <span class='ocr_line' id='line_1_30' title="bbox 2154 1548 3744 1621; baseline 0.001 -20"><span class='ocrx_word' id='word_1_197' title='bbox 2154 1548 2249 1602; x_wconf 70' lang='grc' dir='ltr'>καὶ</span> <span class='ocrx_word' id='word_1_198' title='bbox 2281 1550 2410 1619; x_wconf 79' lang='grc' dir='ltr'>περὶ</span> <span class='ocrx_word' id='word_1_199' title='bbox 2437 1548 2536 1619; x_wconf 80' lang='grc' dir='ltr'>τὴν</span> <span class='ocrx_word' id='word_1_200' title='bbox 2580 1548 2765 1601; x_wconf 86' lang='grc' dir='ltr'>πίστιν</span> <span class='ocrx_word' id='word_1_201' title='bbox 2818 1548 3219 1618; x_wconf 88' lang='grc' dir='ltr'>χωλεύσαντες,</span> <span class='ocrx_word' id='word_1_202' title='bbox 3252 1552 3348 1604; x_wconf 73' lang='grc' dir='ltr'>καὶ</span> <span class='ocrx_word' id='word_1_203' title='bbox 3392 1552 3509 1621; x_wconf 74' lang='grc' dir='ltr'>τὴν</span> <span class='ocrx_word' id='word_1_204' title='bbox 3542 1551 3744 1620; x_wconf 74' lang='grc' dir='ltr'>εὐσεϐῆ</span> 
     </span>
    </p>
   </div>
   <div class='ocr_carea' id='block_1_31' title="bbox 2152 1640 3742 1715">
    <p class='ocr_par' dir='ltr' id='par_1_31' title="bbox 2152 1640 3742 1715">
     <span class='ocr_line' id='line_1_31' title="bbox 2152 1640 3742 1715; baseline 0.002 -22"><span class='ocrx_word' id='word_1_205' title='bbox 2152 1641 2338 1712; x_wconf 78' lang='grc' dir='ltr'>τρίϐον</span> <span class='ocrx_word' id='word_1_206' title='bbox 2356 1641 2401 1672; x_wconf 80' lang='grc'><strong>³⁸</strong></span> <span class='ocrx_word' id='word_1_207' title='bbox 2456 1640 2870 1704; x_wconf 78' lang='grc' dir='ltr'>καταλιπόντες.</span> <span class='ocrx_word' id='word_1_208' title='bbox 2914 1641 3074 1695; x_wconf 79' lang='grc' dir='ltr'>Οὐτω</span> <span class='ocrx_word' id='word_1_209' title='bbox 3102 1643 3148 1674; x_wconf 88' lang='grc'>³³</span> <span class='ocrx_word' id='word_1_210' title='bbox 3202 1645 3300 1697; x_wconf 77' lang='grc' dir='ltr'><strong>καὶ</strong></span> <span class='ocrx_word' id='word_1_211' title='bbox 3326 1645 3421 1698; x_wconf 88' lang='grc' dir='ltr'>διά</span> <span class='ocrx_word' id='word_1_212' title='bbox 3474 1645 3742 1715; x_wconf 83' lang='grc' dir='ltr'>Ἰερεμίου</span> 
     </span>
    </p>
   </div>
   <div class='ocr_carea' id='block_1_32' title="bbox 2152 1733 3744 1807">
    <p class='ocr_par' dir='ltr' id='par_1_32' title="bbox 2152 1733 3744 1807">
     <span class='ocr_line' id='line_1_32' title="bbox 2152 1733 3744 1807; baseline 0.002 -21"><span class='ocrx_word' id='word_1_213' title='bbox 2152 1733 2247 1787; x_wconf 83' lang='grc' dir='ltr'>τοῦ</span> <span class='ocrx_word' id='word_1_214' title='bbox 2277 1734 2553 1805; x_wconf 78' lang='grc' dir='ltr'>προφήτου</span> <span class='ocrx_word' id='word_1_215' title='bbox 2579 1735 2744 1805; x_wconf 80' lang='grc' dir='ltr'>φησὶν</span> <span class='ocrx_word' id='word_1_216' title='bbox 2763 1737 2791 1788; x_wconf 92' lang='lat'><strong>6</strong></span> <span class='ocrx_word' id='word_1_217' title='bbox 2812 1734 2946 1798; x_wconf 83' lang='grc' dir='ltr'>Θεός</span> <span class='ocrx_word' id='word_1_218' title='bbox 2969 1750 2984 1764; x_wconf 73' lang='grc'><strong>⁸</strong></span> <span class='ocrx_word' id='word_1_219' title='bbox 3018 1755 3036 1786; x_wconf 79' lang='grc' dir='ltr'><strong>ι</strong></span> <span class='ocrx_word' id='word_1_220' title='bbox 3069 1735 3195 1799; x_wconf 86' lang='grc' dir='ltr'>Πῶς</span> <span class='ocrx_word' id='word_1_221' title='bbox 3220 1736 3514 1807; x_wconf 81' lang='grc' dir='ltr'>ἐστράφης</span> <span class='ocrx_word' id='word_1_222' title='bbox 3544 1754 3639 1807; x_wconf 86' lang='grc' dir='ltr'><strong>μοι</strong></span> <span class='ocrx_word' id='word_1_223' title='bbox 3668 1738 3744 1800; x_wconf 88' lang='grc' dir='ltr'><strong>είς</strong></span> 
     </span>
    </p>
   </div>
   <div class='ocr_carea' id='block_1_33' title="bbox 2156 1828 3745 1900">
    <p class='ocr_par' dir='ltr' id='par_1_33' title="bbox 2156 1828 3745 1900">
     <span class='ocr_line' id='line_1_33' title="bbox 2156 1828 3745 1900; baseline 0 -19"><span class='ocrx_word' id='word_1_224' title='bbox 2156 1830 2456 1899; x_wconf 87' lang='grc' dir='ltr'>πικρίαν,ὴ</span> <span class='ocrx_word' id='word_1_225' title='bbox 2498 1828 2743 1899; x_wconf 76' lang='grc' dir='ltr'>ἄμπελος</span> <span class='ocrx_word' id='word_1_226' title='bbox 2778 1831 2812 1900; x_wconf 83' lang='grc' dir='ltr'><strong>ἡ</strong></span> <span class='ocrx_word' id='word_1_227' title='bbox 2852 1828 3147 1899; x_wconf 88' lang='grc' dir='ltr'>ἀλλοτρία;</span> <span class='ocrx_word' id='word_1_228' title='bbox 3188 1828 3301 1898; x_wconf 83' lang='grc' dir='ltr'>ἐγὼ</span> <span class='ocrx_word' id='word_1_229' title='bbox 3347 1829 3408 1883; x_wconf 81' lang='grc' dir='ltr'><strong>δὲ</strong></span> <span class='ocrx_word' id='word_1_230' title='bbox 3467 1829 3745 1900; x_wconf 69' lang='grc' dir='ltr'>ἐφύτευσα</span> 
     </span>
    </p>
   </div>
   <div class='ocr_carea' id='block_1_34' title="bbox 484 1906 2053 1993">
    <p class='ocr_par' dir='ltr' id='par_1_34' title="bbox 484 1917 2050 1990">
     <span class='ocr_line' id='line_1_34' title="bbox 484 1917 2050 1990; baseline 0.002 -19"><span class='ocrx_word' id='word_1_231' title='bbox 484 1932 603 1971; x_wconf 90' lang='lat' dir='ltr'><strong>cem</strong></span> <span class='ocrx_word' id='word_1_232' title='bbox 630 1927 681 1972; x_wconf 74' lang='grc' dir='ltr'><strong>(ι.</strong></span> <span class='ocrx_word' id='word_1_233' title='bbox 724 1935 741 1967; x_wconf 74' lang='grc' dir='ltr'><strong>ι</strong></span> <span class='ocrx_word' id='word_1_234' title='bbox 771 1917 1014 1983; x_wconf 85' lang='lat' dir='ltr'><strong>Quorum</strong></span> <span class='ocrx_word' id='word_1_235' title='bbox 1043 1918 1275 1973; x_wconf 91' lang='lat' dir='ltr'><strong>alterum</strong></span> <span class='ocrx_word' id='word_1_236' title='bbox 1312 1921 1591 1988; x_wconf 84' lang='lat' dir='ltr'><strong>propriam</strong></span> <span class='ocrx_word' id='word_1_237' title='bbox 1636 1922 1836 1990; x_wconf 63' lang='lat' dir='ltr'><strong>planta;</strong></span> <span class='ocrx_word' id='word_1_238' title='bbox 1867 1923 2050 1976; x_wconf 88' lang='lat' dir='ltr'><strong>cultu-</strong></span> 
     </span>
    </p>
   </div>
   <div class='ocr_carea' id='block_1_35' title="bbox 2164 1906 3743 1993">
    <p class='ocr_par' dir='ltr' id='par_1_35' title="bbox 2164 1921 3743 1993">
     <span class='ocr_line' id='line_1_35' title="bbox 2164 1921 3743 1993; baseline -0.001 -18"><span class='ocrx_word' id='word_1_239' title='bbox 2164 1921 2399 1991; x_wconf 65' lang='grc' dir='ltr'>ἄμπελον</span> <span class='ocrx_word' id='word_1_240' title='bbox 2422 1921 2773 1993; x_wconf 83' lang='grc' dir='ltr'>καρποφόρον</span> <span class='ocrx_word' id='word_1_241' title='bbox 2803 1923 2987 1975; x_wconf 81' lang='grc' dir='ltr'>πᾶσαν</span> <span class='ocrx_word' id='word_1_242' title='bbox 3012 1921 3298 1993; x_wconf 87' lang='grc' dir='ltr'>ἀληθινήν.</span> <span class='ocrx_word' id='word_1_243' title='bbox 3340 1941 3359 1973; x_wconf 73' lang='grc' dir='ltr'><strong>ι</strong></span> <span class='ocrx_word' id='word_1_244' title='bbox 3399 1924 3524 1976; x_wconf 75' lang='grc' dir='ltr'>Καὶ</span> <span class='ocrx_word' id='word_1_245' title='bbox 3555 1924 3619 1975; x_wconf 86' lang='grc' dir='ltr'><strong>τὸ</strong></span> <span class='ocrx_word' id='word_1_246' title='bbox 3648 1923 3743 1992; x_wconf 78' lang='grc' dir='ltr'>μὲν</span> 
     </span>
    </p>
   </div>
   <div class='ocr_carea' id='block_1_36' title="bbox 488 2010 2053 2082">
    <p class='ocr_par' dir='ltr' id='par_1_36' title="bbox 488 2010 2053 2082">
     <span class='ocr_line' id='line_1_36' title="bbox 488 2010 2053 2082; baseline 0.003 -19"><span class='ocrx_word' id='word_1_247' title='bbox 488 2025 603 2063; x_wconf 88' lang='lat' dir='ltr'><strong>ram</strong></span> <span class='ocrx_word' id='word_1_248' title='bbox 632 2010 989 2077; x_wconf 90' lang='lat' dir='ltr'><strong>demonstrat,</strong></span> <span class='ocrx_word' id='word_1_249' title='bbox 1018 2012 1248 2066; x_wconf 90' lang='lat' dir='ltr'><strong>alterum</strong></span> <span class='ocrx_word' id='word_1_250' title='bbox 1279 2014 1554 2082; x_wconf 89' lang='lat' dir='ltr'><strong>ingratum</strong></span> <span class='ocrx_word' id='word_1_251' title='bbox 1589 2029 1777 2068; x_wconf 88' lang='lat' dir='ltr'><strong>eorum</strong></span> <span class='ocrx_word' id='word_1_252' title='bbox 1810 2016 2053 2069; x_wconf 90' lang='lat' dir='ltr'><strong>animum</strong></span> 
     </span>
    </p>
   </div>
   <div class='ocr_carea' id='block_1_37' title="bbox 484 2098 2058 2169">
    <p class='ocr_par' dir='ltr' id='par_1_37' title="bbox 484 2098 2058 2169">
     <span class='ocr_line' id='line_1_37' title="bbox 484 2098 2058 2169; baseline 0.006 -20"><span class='ocrx_word' id='word_1_253' title='bbox 484 2098 781 2168; x_wconf 74' lang='lat' dir='ltr'><strong>redarguit.</strong></span> <span class='ocrx_word' id='word_1_254' title='bbox 815 2099 929 2155; x_wconf 88' lang='lat' dir='ltr'><strong>Hoc</strong></span> <span class='ocrx_word' id='word_1_255' title='bbox 972 2115 1101 2155; x_wconf 90' lang='lat' dir='ltr'><strong>vero</strong></span> <span class='ocrx_word' id='word_1_256' title='bbox 1138 2120 1151 2155; x_wconf 93' lang='lat'>:</span> <span class='ocrx_word' id='word_1_257' title='bbox 1191 2120 1209 2152; x_wconf 80' lang='grc' dir='ltr'><strong>ι</strong></span> <span class='ocrx_word' id='word_1_258' title='bbox 1260 2101 1724 2169; x_wconf 88' lang='lat' dir='ltr'><strong>lnveteraverunt,</strong></span> <span class='ocrx_word' id='word_1_259' title='bbox 1773 2115 1827 2158; x_wconf 86' lang='lat' dir='ltr'><strong>et</strong></span> <span class='ocrx_word' id='word_1_260' title='bbox 1852 2105 2058 2160; x_wconf 86' lang='lat' dir='ltr'><strong>claudi-</strong></span> 
     </span>
    </p>
   </div>
   <div class='ocr_carea' id='block_1_38' title="bbox 483 2194 2057 2267">
    <p class='ocr_par' dir='ltr' id='par_1_38' title="bbox 483 2194 2057 2267">
     <span class='ocr_line' id='line_1_38' title="bbox 483 2194 2057 2267; baseline 0.004 -21"><span class='ocrx_word' id='word_1_261' title='bbox 483 2203 769 2257; x_wconf 85' lang='lat' dir='ltr'><strong>caverunt,</strong></span> <span class='ocrx_word' id='word_1_262' title='bbox 810 2212 829 2244; x_wconf 76' lang='grc' dir='ltr'><strong>ι</strong></span> <span class='ocrx_word' id='word_1_263' title='bbox 861 2194 1224 2266; x_wconf 86' lang='lat' dir='ltr'><strong>Symmachus</strong></span> <span class='ocrx_word' id='word_1_264' title='bbox 1249 2197 1407 2262; x_wconf 80' lang='lat' dir='ltr'><strong>dixit,</strong></span> <span class='ocrx_word' id='word_1_265' title='bbox 1442 2198 1735 2267; x_wconf 79' lang='lat' dir='ltr'><strong>ignominia</strong></span> <span class='ocrx_word' id='word_1_266' title='bbox 1769 2199 2057 2267; x_wconf 71' lang='lat' dir='ltr'><strong>afﬁcientur</strong></span> 
     </span>
    </p>
   </div>
   <div class='ocr_carea' id='block_1_39' title="bbox 483 2284 2056 2359">
    <p class='ocr_par' dir='ltr' id='par_1_39' title="bbox 483 2284 2056 2359">
     <span class='ocr_line' id='line_1_39' title="bbox 483 2284 2056 2359; baseline 0.006 -21"><span class='ocrx_word' id='word_1_267' title='bbox 483 2293 533 2338; x_wconf 72' lang='lat' dir='ltr'><strong>et</strong></span> <span class='ocrx_word' id='word_1_268' title='bbox 581 2284 988 2352; x_wconf 82' lang='lat' dir='ltr'><strong>confundeutur.</strong></span> <span class='ocrx_word' id='word_1_269' title='bbox 1029 2288 1095 2342; x_wconf 83' lang='lat' dir='ltr'><strong>Et</strong></span> <span class='ocrx_word' id='word_1_270' title='bbox 1128 2298 1356 2343; x_wconf 87' lang='lat' dir='ltr'><strong>eventus</strong></span> <span class='ocrx_word' id='word_1_271' title='bbox 1397 2290 1806 2359; x_wconf 69' lang='lat' dir='ltr'><strong>praedictionem</strong></span> <span class='ocrx_word' id='word_1_272' title='bbox 1854 2293 2056 2347; x_wconf 77' lang='lat' dir='ltr'><strong>contir-</strong></span> 
     </span>
    </p>
   </div>
   <div class='ocr_carea' id='block_1_40' title="bbox 491 2374 2056 2446">
    <p class='ocr_par' dir='ltr' id='par_1_40' title="bbox 491 2374 2056 2446">
     <span class='ocr_line' id='line_1_40' title="bbox 491 2374 2056 2446; baseline 0.008 -19"><span class='ocrx_word' id='word_1_273' title='bbox 491 2382 652 2429; x_wconf 88' lang='lat' dir='ltr'><strong>mat:</strong></span> <span class='ocrx_word' id='word_1_274' title='bbox 686 2374 833 2446; x_wconf 89' lang='lat' dir='ltr'><strong>pleni</strong></span> <span class='ocrx_word' id='word_1_275' title='bbox 875 2384 1003 2431; x_wconf 91' lang='lat' dir='ltr'><strong>sunt</strong></span> <span class='ocrx_word' id='word_1_276' title='bbox 1048 2376 1193 2431; x_wconf 86' lang='lat' dir='ltr'><strong>enim</strong></span> <span class='ocrx_word' id='word_1_277' title='bbox 1233 2378 1531 2445; x_wconf 81' lang='lat' dir='ltr'><strong>dedecore,</strong></span> <span class='ocrx_word' id='word_1_278' title='bbox 1572 2381 1751 2437; x_wconf 89' lang='lat' dir='ltr'><strong>odiosi</strong></span> <span class='ocrx_word' id='word_1_279' title='bbox 1801 2385 2056 2440; x_wconf 88' lang='lat' dir='ltr'><strong>omnibus</strong></span> 
     </span>
    </p>
   </div>
   <div class='ocr_carea' id='block_1_41' title="bbox 484 2468 614 2522">
    <p class='ocr_par' dir='ltr' id='par_1_41' title="bbox 484 2468 614 2522">
     <span class='ocr_line' id='line_1_41' title="bbox 484 2468 614 2522; baseline 0.008 -2"><span class='ocrx_word' id='word_1_280' title='bbox 484 2468 614 2522; x_wconf 84' lang='lat' dir='ltr'><strong>visi.</strong></span> 
     </span>
    </p>
   </div>
   <div class='ocr_carea' id='block_1_42' title="bbox 557 2560 2057 2633">
    <p class='ocr_par' dir='ltr' id='par_1_42' title="bbox 557 2560 2057 2633">
     <span class='ocr_line' id='line_1_42' title="bbox 557 2560 2057 2633; baseline 0.008 -18"><span class='ocrx_word' id='word_1_281' title='bbox 557 2560 722 2618; x_wconf 75' lang='lat' dir='ltr'><strong>Vsus.</strong></span> <span class='ocrx_word' id='word_1_282' title='bbox 772 2563 863 2619; x_wconf 70' lang='grc'><strong>47.</strong></span> <span class='ocrx_word' id='word_1_283' title='bbox 904 2583 923 2617; x_wconf 82' lang='grc' dir='ltr'><strong>ι</strong></span> <span class='ocrx_word' id='word_1_284' title='bbox 963 2563 1110 2620; x_wconf 84' lang='lat' dir='ltr'><strong>Vivit</strong></span> <span class='ocrx_word' id='word_1_285' title='bbox 1160 2566 1446 2633; x_wconf 90' lang='lat' dir='ltr'><strong>Dominus,</strong></span> <span class='ocrx_word' id='word_1_286' title='bbox 1476 2577 1530 2623; x_wconf 95' lang='lat' dir='ltr'><strong>et</strong></span> <span class='ocrx_word' id='word_1_287' title='bbox 1556 2569 1868 2625; x_wconf 77' lang='lat' dir='ltr'><strong>benedictus</strong></span> <span class='ocrx_word' id='word_1_288' title='bbox 1914 2570 2057 2629; x_wconf 87' lang='lat' dir='ltr'><strong>Deus</strong></span> 
     </span>
    </p>
   </div>
   <div class='ocr_carea' id='block_1_43' title="bbox 488 2658 2053 2721">
    <p class='ocr_par' dir='ltr' id='par_1_43' title="bbox 488 2658 2053 2721">
     <span class='ocr_line' id='line_1_43' title="bbox 488 2658 2053 2721; baseline 0.008 -13"><span class='ocrx_word' id='word_1_289' title='bbox 488 2670 665 2721; x_wconf 84' lang='lat' dir='ltr'><strong>meus,</strong></span> <span class='ocrx_word' id='word_1_290' title='bbox 696 2666 753 2710; x_wconf 92' lang='lat' dir='ltr'><strong>et</strong></span> <span class='ocrx_word' id='word_1_291' title='bbox 782 2658 1053 2713; x_wconf 79' lang='lat' dir='ltr'><strong>exaltetur</strong></span> <span class='ocrx_word' id='word_1_292' title='bbox 1084 2659 1224 2715; x_wconf 85' lang='lat' dir='ltr'><strong>Deus</strong></span> <span class='ocrx_word' id='word_1_293' title='bbox 1256 2660 1448 2715; x_wconf 82' lang='lat' dir='ltr'><strong>salutis</strong></span> <span class='ocrx_word' id='word_1_294' title='bbox 1475 2677 1626 2717; x_wconf 67' lang='lat' dir='ltr'><strong>ureae.</strong></span> <span class='ocrx_word' id='word_1_295' title='bbox 1667 2682 1685 2713; x_wconf 78' lang='grc' dir='ltr'><strong>ι</strong></span> <span class='ocrx_word' id='word_1_296' title='bbox 1737 2661 2053 2720; x_wconf 62' lang='lat' dir='ltr'><strong>Iudaeorum</strong></span> 
     </span>
    </p>
   </div>
   <div class='ocr_carea' id='block_1_44' title="bbox 481 2747 2060 2827">
    <p class='ocr_par' dir='ltr' id='par_1_44' title="bbox 481 2747 2060 2827">
     <span class='ocr_line' id='line_1_44' title="bbox 481 2747 2060 2827; baseline 0.008 -26"><span class='ocrx_word' id='word_1_297' title='bbox 481 2747 934 2804; x_wconf 87' lang='lat' dir='ltr'><strong>contradictionis</strong></span> <span class='ocrx_word' id='word_1_298' title='bbox 962 2749 1103 2805; x_wconf 78' lang='lat' dir='ltr'><strong>facta</strong></span> <span class='ocrx_word' id='word_1_299' title='bbox 1142 2752 1423 2807; x_wconf 89' lang='lat' dir='ltr'><strong>mentione</strong></span> <span class='ocrx_word' id='word_1_300' title='bbox 1450 2767 1669 2809; x_wconf 90' lang='lat' dir='ltr'><strong>crucem</strong></span> <span class='ocrx_word' id='word_1_301' title='bbox 1703 2755 1972 2827; x_wconf 78' lang='lat' dir='ltr'><strong>designat,</strong></span> <span class='ocrx_word' id='word_1_302' title='bbox 2003 2769 2060 2813; x_wconf 89' lang='lat' dir='ltr'><strong>et</strong></span> 
     </span>
    </p>
   </div>
   <div class='ocr_carea' id='block_1_45' title="bbox 493 2843 2057 2917">
    <p class='ocr_par' dir='ltr' id='par_1_45' title="bbox 493 2843 2057 2917">
     <span class='ocr_line' id='line_1_45' title="bbox 493 2843 2057 2917; baseline 0.008 -25"><span class='ocrx_word' id='word_1_303' title='bbox 493 2849 618 2908; x_wconf 91' lang='lat' dir='ltr'><strong>post</strong></span> <span class='ocrx_word' id='word_1_304' title='bbox 666 2855 884 2896; x_wconf 87' lang='lat' dir='ltr'><strong>crucem</strong></span> <span class='ocrx_word' id='word_1_305' title='bbox 940 2844 1419 2899; x_wconf 81' lang='lat' dir='ltr'><strong>resurrectionem.</strong></span> <span class='ocrx_word' id='word_1_306' title='bbox 1467 2843 1533 2900; x_wconf 86' lang='lat' dir='ltr'><strong>Et</strong></span> <span class='ocrx_word' id='word_1_307' title='bbox 1566 2848 1820 2917; x_wconf 88' lang='lat' dir='ltr'><strong>quoniam</strong></span> <span class='ocrx_word' id='word_1_308' title='bbox 1883 2848 2057 2905; x_wconf 66' lang='lat' dir='ltr'><strong>Judaei</strong></span> 
     </span>
    </p>
   </div>
   <div class='ocr_carea' id='block_1_46' title="bbox 486 2933 2047 3013">
    <p class='ocr_par' dir='ltr' id='par_1_46' title="bbox 486 2933 2047 3013">
     <span class='ocr_line' id='line_1_46' title="bbox 486 2933 2047 3013; baseline 0.008 -27"><span class='ocrx_word' id='word_1_309' title='bbox 486 2933 809 2988; x_wconf 77' lang='lat' dir='ltr'><strong>cruciﬁxum</strong></span> <span class='ocrx_word' id='word_1_310' title='bbox 851 2944 1131 2991; x_wconf 89' lang='lat' dir='ltr'><strong>mortuum</strong></span> <span class='ocrx_word' id='word_1_311' title='bbox 1159 2953 1353 2994; x_wconf 89' lang='lat' dir='ltr'><strong>vocare</strong></span> <span class='ocrx_word' id='word_1_312' title='bbox 1383 2941 1584 3007; x_wconf 89' lang='lat' dir='ltr'><strong>solent,</strong></span> <span class='ocrx_word' id='word_1_313' title='bbox 1617 2944 1733 3012; x_wconf 89' lang='lat' dir='ltr'><strong>ipse</strong></span> <span class='ocrx_word' id='word_1_314' title='bbox 1756 2946 2047 3013; x_wconf 79' lang='lat' dir='ltr'><strong>exclamat,</strong></span> 
     </span>
    </p>
   </div>
   <div class='ocr_carea' id='block_1_47' title="bbox 491 3027 2060 3105">
    <p class='ocr_par' dir='ltr' id='par_1_47' title="bbox 491 3027 2060 3105">
     <span class='ocr_line' id='line_1_47' title="bbox 491 3027 2060 3105; baseline 0.01 -25"><span class='ocrx_word' id='word_1_315' title='bbox 491 3047 510 3080; x_wconf 81' lang='grc' dir='ltr'><strong>ι</strong></span> <span class='ocrx_word' id='word_1_316' title='bbox 542 3027 687 3085; x_wconf 82' lang='lat' dir='ltr'><strong>Vivit</strong></span> <span class='ocrx_word' id='word_1_317' title='bbox 715 3030 1002 3098; x_wconf 86' lang='lat' dir='ltr'><strong>Dominus,</strong></span> <span class='ocrx_word' id='word_1_318' title='bbox 1025 3042 1079 3087; x_wconf 88' lang='lat' dir='ltr'><strong>et</strong></span> <span class='ocrx_word' id='word_1_319' title='bbox 1122 3034 1436 3092; x_wconf 86' lang='lat' dir='ltr'><strong>benedictus</strong></span> <span class='ocrx_word' id='word_1_320' title='bbox 1460 3037 1602 3092; x_wconf 88' lang='lat' dir='ltr'><strong>Deus</strong></span> <span class='ocrx_word' id='word_1_321' title='bbox 1622 3055 1799 3105; x_wconf 89' lang='lat' dir='ltr'><strong>meus,</strong></span> <span class='ocrx_word' id='word_1_322' title='bbox 1830 3051 1885 3095; x_wconf 91' lang='lat' dir='ltr'><strong>et</strong></span> <span class='ocrx_word' id='word_1_323' title='bbox 1912 3043 2060 3096; x_wconf 83' lang='lat' dir='ltr'><strong>exal-</strong></span> 
     </span>
    </p>
   </div>
   <div class='ocr_carea' id='block_1_48' title="bbox 483 3122 2057 3197">
    <p class='ocr_par' dir='ltr' id='par_1_48' title="bbox 483 3122 2057 3197">
     <span class='ocr_line' id='line_1_48' title="bbox 483 3122 2057 3197; baseline 0.01 -23"><span class='ocrx_word' id='word_1_324' title='bbox 483 3131 628 3176; x_wconf 87' lang='lat' dir='ltr'><strong>tetur</strong></span> <span class='ocrx_word' id='word_1_325' title='bbox 668 3122 811 3179; x_wconf 83' lang='lat' dir='ltr'><strong>Deus</strong></span> <span class='ocrx_word' id='word_1_326' title='bbox 852 3125 1048 3180; x_wconf 87' lang='lat' dir='ltr'><strong>salutis</strong></span> <span class='ocrx_word' id='word_1_327' title='bbox 1080 3141 1233 3181; x_wconf 60' lang='lat' dir='ltr'><strong>mea.</strong></span> <span class='ocrx_word' id='word_1_328' title='bbox 1276 3147 1295 3179; x_wconf 71' lang='grc' dir='ltr'><strong>ι</strong></span> <span class='ocrx_word' id='word_1_329' title='bbox 1334 3126 1450 3183; x_wconf 89' lang='lat' dir='ltr'><strong>Non</strong></span> <span class='ocrx_word' id='word_1_330' title='bbox 1481 3132 1657 3185; x_wconf 91' lang='lat' dir='ltr'><strong>solum</strong></span> <span class='ocrx_word' id='word_1_331' title='bbox 1715 3134 1860 3188; x_wconf 90' lang='lat' dir='ltr'><strong>enim</strong></span> <span class='ocrx_word' id='word_1_332' title='bbox 1905 3136 2057 3197; x_wconf 88' lang='lat' dir='ltr'><strong>vivit,</strong></span> 
     </span>
    </p>
   </div>
   <div class='ocr_carea' id='block_1_49' title="bbox 487 3217 2125 3308">
    <p class='ocr_par' dir='ltr' id='par_1_49' title="bbox 487 3217 2125 3308">
     <span class='ocr_line' id='line_1_49' title="bbox 487 3217 2125 3308; baseline 0.012 -42"><span class='ocrx_word' id='word_1_333' title='bbox 487 3230 672 3268; x_wconf 88' lang='lat' dir='ltr'><strong>verum</strong></span> <span class='ocrx_word' id='word_1_334' title='bbox 712 3217 876 3271; x_wconf 89' lang='lat' dir='ltr'><strong>etiam</strong></span> <span class='ocrx_word' id='word_1_335' title='bbox 915 3218 968 3272; x_wconf 90' lang='lat' dir='ltr'><strong>in</strong></span> <span class='ocrx_word' id='word_1_336' title='bbox 998 3218 1171 3275; x_wconf 66' lang='lat' dir='ltr'><strong>caelos</strong></span> <span class='ocrx_word' id='word_1_337' title='bbox 1197 3220 1377 3286; x_wconf 91' lang='lat' dir='ltr'><strong>rediit,</strong></span> <span class='ocrx_word' id='word_1_338' title='bbox 1408 3232 1461 3278; x_wconf 86' lang='lat' dir='ltr'><strong>et</strong></span> <span class='ocrx_word' id='word_1_339' title='bbox 1482 3224 1787 3283; x_wconf 88' lang='lat' dir='ltr'><strong>volentibus</strong></span> <span class='ocrx_word' id='word_1_340' title='bbox 1822 3228 2053 3284; x_wconf 87' lang='lat' dir='ltr'><strong>salutem</strong></span> <span class='ocrx_word' id='word_1_341' title='bbox 2082 3250 2125 3308; x_wconf 69' lang='grc' dir='ltr'><strong>ρ</strong></span> 
     </span>
    </p>
   </div>
   <div class='ocr_carea' id='block_1_50' title="bbox 483 3305 660 3361">
    <p class='ocr_par' dir='ltr' id='par_1_50' title="bbox 483 3305 660 3361">
     <span class='ocr_line' id='line_1_50' title="bbox 483 3305 660 3361; baseline -0.006 0"><span class='ocrx_word' id='word_1_342' title='bbox 483 3305 660 3361; x_wconf 65' lang='lat' dir='ltr'><strong>aﬂert.</strong></span> 
     </span>
    </p>
   </div>
   <div class='ocr_carea' id='block_1_51' title="bbox 554 3398 2056 3480">
    <p class='ocr_par' dir='ltr' id='par_1_51' title="bbox 554 3398 2056 3480">
     <span class='ocr_line' id='line_1_51' title="bbox 554 3398 2056 3480; baseline 0.011 -28"><span class='ocrx_word' id='word_1_343' title='bbox 554 3398 720 3454; x_wconf 68' lang='lat' dir='ltr'><strong>Vens.</strong></span> <span class='ocrx_word' id='word_1_344' title='bbox 766 3400 858 3465; x_wconf 73' lang='grc'><strong>48,</strong></span> <span class='ocrx_word' id='word_1_345' title='bbox 910 3402 1001 3458; x_wconf 75' lang='grc'><strong>49.</strong></span> <span class='ocrx_word' id='word_1_346' title='bbox 1045 3421 1065 3455; x_wconf 78' lang='grc' dir='ltr'><strong>ι</strong></span> <span class='ocrx_word' id='word_1_347' title='bbox 1104 3403 1245 3460; x_wconf 89' lang='lat' dir='ltr'><strong>Deus</strong></span> <span class='ocrx_word' id='word_1_348' title='bbox 1300 3408 1394 3476; x_wconf 91' lang='lat' dir='ltr'><strong>qui</strong></span> <span class='ocrx_word' id='word_1_349' title='bbox 1448 3408 1610 3480; x_wconf 81' lang='lat'><strong>715</strong></span> <span class='ocrx_word' id='word_1_350' title='bbox 1642 3411 1742 3465; x_wconf 88' lang='lat' dir='ltr'><strong>das</strong></span> <span class='ocrx_word' id='word_1_351' title='bbox 1784 3411 2056 3469; x_wconf 87' lang='lat' dir='ltr'><strong>vindictas</strong></span> 
     </span>
    </p>
   </div>
   <div class='ocr_carea' id='block_1_52' title="bbox 484 3489 2055 3566">
    <p class='ocr_par' dir='ltr' id='par_1_52' title="bbox 484 3489 2055 3566">
     <span class='ocr_line' id='line_1_52' title="bbox 484 3489 2055 3566; baseline 0.011 -22"><span class='ocrx_word' id='word_1_352' title='bbox 484 3489 642 3553; x_wconf 86' lang='lat' dir='ltr'><strong>mihi,</strong></span> <span class='ocrx_word' id='word_1_353' title='bbox 674 3499 729 3545; x_wconf 88' lang='lat' dir='ltr'><strong>et</strong></span> <span class='ocrx_word' id='word_1_354' title='bbox 759 3492 950 3548; x_wconf 85' lang='lat' dir='ltr'><strong>subdis</strong></span> <span class='ocrx_word' id='word_1_355' title='bbox 972 3496 1201 3565; x_wconf 88' lang='lat' dir='ltr'><strong>populos</strong></span> <span class='ocrx_word' id='word_1_356' title='bbox 1230 3498 1334 3553; x_wconf 89' lang='lat' dir='ltr'><strong>sub</strong></span> <span class='ocrx_word' id='word_1_357' title='bbox 1367 3515 1476 3566; x_wconf 92' lang='lat' dir='ltr'><strong>me,</strong></span> <span class='ocrx_word' id='word_1_358' title='bbox 1510 3503 1767 3557; x_wconf 87' lang='lat' dir='ltr'><strong>liberator</strong></span> <span class='ocrx_word' id='word_1_359' title='bbox 1806 3521 1963 3561; x_wconf 90' lang='lat' dir='ltr'><strong>meus</strong></span> <span class='ocrx_word' id='word_1_360' title='bbox 1985 3507 2055 3561; x_wconf 88' lang='lat' dir='ltr'><strong>ab</strong></span> 
     </span>
    </p>
   </div>
   <div class='ocr_carea' id='block_1_53' title="bbox 484 3582 2055 3663">
    <p class='ocr_par' dir='ltr' id='par_1_53' title="bbox 484 3582 2055 3663">
     <span class='ocr_line' id='line_1_53' title="bbox 484 3582 2055 3663; baseline 0.012 -29"><span class='ocrx_word' id='word_1_361' title='bbox 484 3582 721 3638; x_wconf 88' lang='lat' dir='ltr'><strong>inimicis</strong></span> <span class='ocrx_word' id='word_1_362' title='bbox 762 3585 900 3641; x_wconf 87' lang='lat' dir='ltr'><strong>meis</strong></span> <span class='ocrx_word' id='word_1_363' title='bbox 939 3586 1240 3644; x_wconf 90' lang='lat' dir='ltr'><strong>iracundis.</strong></span> <span class='ocrx_word' id='word_1_364' title='bbox 1294 3590 1377 3646; x_wconf 81' lang='lat' dir='ltr'><strong>Ab</strong></span> <span class='ocrx_word' id='word_1_365' title='bbox 1427 3594 1834 3663; x_wconf 80' lang='lat' dir='ltr'><strong>insurgentibus</strong></span> <span class='ocrx_word' id='word_1_366' title='bbox 1864 3610 2055 3654; x_wconf 88' lang='lat' dir='ltr'><strong>contra</strong></span> 
     </span>
    </p>
   </div>
   <div class='ocr_carea' id='block_1_54' title="bbox 481 3677 2053 3755">
    <p class='ocr_par' dir='ltr' id='par_1_54' title="bbox 481 3677 2053 3755">
     <span class='ocr_line' id='line_1_54' title="bbox 481 3677 2053 3755; baseline 0.01 -27"><span class='ocrx_word' id='word_1_367' title='bbox 481 3690 573 3728; x_wconf 90' lang='lat' dir='ltr'><strong>me</strong></span> <span class='ocrx_word' id='word_1_368' title='bbox 622 3677 890 3733; x_wconf 79' lang='lat' dir='ltr'><strong>exaltabis</strong></span> <span class='ocrx_word' id='word_1_369' title='bbox 924 3694 1032 3744; x_wconf 89' lang='lat' dir='ltr'><strong>me,</strong></span> <span class='ocrx_word' id='word_1_370' title='bbox 1068 3696 1098 3734; x_wconf 89' lang='lat' dir='ltr'><strong>a</strong></span> <span class='ocrx_word' id='word_1_371' title='bbox 1137 3681 1253 3735; x_wconf 80' lang='lat' dir='ltr'><strong>viro</strong></span> <span class='ocrx_word' id='word_1_372' title='bbox 1296 3683 1483 3754; x_wconf 90' lang='lat' dir='ltr'><strong>iniquo</strong></span> <span class='ocrx_word' id='word_1_373' title='bbox 1524 3687 1722 3755; x_wconf 90' lang='lat' dir='ltr'><strong>eripies</strong></span> <span class='ocrx_word' id='word_1_374' title='bbox 1769 3704 1873 3742; x_wconf 90' lang='lat' dir='ltr'><strong>me.</strong></span> <span class='ocrx_word' id='word_1_375' title='bbox 1918 3709 1935 3742; x_wconf 74' lang='grc' dir='ltr'><strong>ι</strong></span> <span class='ocrx_word' id='word_1_376' title='bbox 1973 3689 2053 3745; x_wconf 90' lang='lat' dir='ltr'><strong>Tu</strong></span> 
     </span>
    </p>
   </div>
   <div class='ocr_carea' id='block_1_55' title="bbox 481 3766 2056 3849">
    <p class='ocr_par' dir='ltr' id='par_1_55' title="bbox 481 3766 2056 3849">
     <span class='ocr_line' id='line_1_55' title="bbox 481 3766 2056 3849; baseline 0.013 -29"><span class='ocrx_word' id='word_1_377' title='bbox 481 3766 670 3839; x_wconf 81' lang='lat' dir='ltr'><strong>igitur,</strong></span> <span class='ocrx_word' id='word_1_378' title='bbox 704 3786 826 3824; x_wconf 87' lang='lat' dir='ltr'><strong>cum</strong></span> <span class='ocrx_word' id='word_1_379' title='bbox 857 3771 971 3826; x_wconf 65' lang='lat' dir='ltr'><strong>haec</strong></span> <span class='ocrx_word' id='word_1_380' title='bbox 993 3773 1172 3843; x_wconf 84' lang='lat' dir='ltr'><strong>longis</strong></span> <span class='ocrx_word' id='word_1_381' title='bbox 1202 3786 1325 3844; x_wconf 91' lang='lat' dir='ltr'><strong>post</strong></span> <span class='ocrx_word' id='word_1_382' title='bbox 1353 3778 1693 3847; x_wconf 90' lang='lat' dir='ltr'><strong>temporibus</strong></span> <span class='ocrx_word' id='word_1_383' title='bbox 1733 3794 2056 3849; x_wconf 81' lang='lat' dir='ltr'><strong>operatums</strong></span> 
     </span>
    </p>
   </div>
   <div class='ocr_carea' id='block_1_56' title="bbox 479 3861 2058 3945">
    <p class='ocr_par' dir='ltr' id='par_1_56' title="bbox 479 3861 2058 3945">
     <span class='ocr_line' id='line_1_56' title="bbox 479 3861 2058 3945; baseline 0.009 -28"><span class='ocrx_word' id='word_1_384' title='bbox 479 3861 591 3928; x_wconf 85' lang='lat' dir='ltr'><strong>sis,</strong></span> <span class='ocrx_word' id='word_1_385' title='bbox 624 3862 882 3920; x_wconf 89' lang='lat' dir='ltr'><strong>liberabis</strong></span> <span class='ocrx_word' id='word_1_386' title='bbox 915 3880 1003 3920; x_wconf 90' lang='lat' dir='ltr'><strong>me</strong></span> <span class='ocrx_word' id='word_1_387' title='bbox 1054 3868 1125 3922; x_wconf 88' lang='lat' dir='ltr'><strong>ab</strong></span> <span class='ocrx_word' id='word_1_388' title='bbox 1168 3868 1235 3923; x_wconf 87' lang='lat' dir='ltr'><strong>iis</strong></span> <span class='ocrx_word' id='word_1_389' title='bbox 1277 3868 1370 3939; x_wconf 92' lang='lat' dir='ltr'><strong>qui</strong></span> <span class='ocrx_word' id='word_1_390' title='bbox 1404 3870 1605 3939; x_wconf 76' lang='lat' dir='ltr'><strong>injuste</strong></span> <span class='ocrx_word' id='word_1_391' title='bbox 1636 3888 1723 3927; x_wconf 92' lang='lat' dir='ltr'><strong>me</strong></span> <span class='ocrx_word' id='word_1_392' title='bbox 1755 3874 1895 3929; x_wconf 88' lang='lat' dir='ltr'><strong>bello</strong></span> <span class='ocrx_word' id='word_1_393' title='bbox 1933 3891 2058 3945; x_wconf 84' lang='lat' dir='ltr'><strong>per-</strong></span> 
     </span>
    </p>
   </div>
   <div class='ocr_carea' id='block_1_57' title="bbox 479 3964 2056 4036">
    <p class='ocr_par' dir='ltr' id='par_1_57' title="bbox 479 3964 2056 4036">
     <span class='ocr_line' id='line_1_57' title="bbox 479 3964 2056 4036; baseline 0.013 -28"><span class='ocrx_word' id='word_1_394' title='bbox 479 3966 811 4026; x_wconf 82' lang='lat' dir='ltr'><strong>sequuntur,</strong></span> <span class='ocrx_word' id='word_1_395' title='bbox 841 3966 897 4013; x_wconf 92' lang='lat' dir='ltr'><strong>et</strong></span> <span class='ocrx_word' id='word_1_396' title='bbox 925 3975 1086 4029; x_wconf 91' lang='lat' dir='ltr'><strong>quem</strong></span> <span class='ocrx_word' id='word_1_397' title='bbox 1112 3964 1378 4034; x_wconf 86' lang='lat' dir='ltr'><strong>populum</strong></span> <span class='ocrx_word' id='word_1_398' title='bbox 1402 3964 1535 4022; x_wconf 87' lang='lat' dir='ltr'><strong>mihi</strong></span> <span class='ocrx_word' id='word_1_399' title='bbox 1567 3968 1893 4036; x_wconf 87' lang='lat' dir='ltr'><strong>submisisti,</strong></span> <span class='ocrx_word' id='word_1_400' title='bbox 1926 3972 2056 4027; x_wconf 89' lang='lat' dir='ltr'><strong>obe-</strong></span> 
     </span>
    </p>
   </div>
   <div class='ocr_carea' id='block_1_58' title="bbox 475 4047 1133 4109">
    <p class='ocr_par' dir='ltr' id='par_1_58' title="bbox 475 4047 1133 4109">
     <span class='ocr_line' id='line_1_58' title="bbox 475 4047 1133 4109; baseline 0.011 -7"><span class='ocrx_word' id='word_1_401' title='bbox 475 4047 717 4104; x_wconf 87' lang='lat' dir='ltr'><strong>dientem</strong></span> <span class='ocrx_word' id='word_1_402' title='bbox 745 4051 880 4105; x_wconf 90' lang='lat' dir='ltr'><strong>mihi</strong></span> <span class='ocrx_word' id='word_1_403' title='bbox 912 4053 1133 4109; x_wconf 91' lang='lat' dir='ltr'><strong>reddes.</strong></span> 
     </span>
    </p>
   </div>
   <div class='ocr_carea' id='block_1_59' title="bbox 549 4137 2051 4228">
    <p class='ocr_par' dir='ltr' id='par_1_59' title="bbox 549 4137 2051 4228">
     <span class='ocr_line' id='line_1_59' title="bbox 549 4137 2051 4228; baseline 0.016 -38"><span class='ocrx_word' id='word_1_404' title='bbox 549 4137 715 4228; x_wconf 66' lang='lat' dir='ltr'><strong>Vens.</strong></span> <span class='ocrx_word' id='word_1_405' title='bbox 748 4140 838 4195; x_wconf 76' lang='grc'><strong>30.</strong></span> <span class='ocrx_word' id='word_1_406' title='bbox 876 4160 895 4193; x_wconf 76' lang='grc' dir='ltr'><strong>ι</strong></span> <span class='ocrx_word' id='word_1_407' title='bbox 935 4141 1230 4215; x_wconf 87' lang='lat' dir='ltr'><strong>Propterea</strong></span> <span class='ocrx_word' id='word_1_408' title='bbox 1261 4148 1566 4206; x_wconf 80' lang='lat' dir='ltr'><strong>conﬁtebor</strong></span> <span class='ocrx_word' id='word_1_409' title='bbox 1599 4152 1697 4208; x_wconf 86' lang='lat' dir='ltr'><strong>tibi</strong></span> <span class='ocrx_word' id='word_1_410' title='bbox 1732 4154 1876 4211; x_wconf 88' lang='lat' dir='ltr'><strong>inter</strong></span> <span class='ocrx_word' id='word_1_411' title='bbox 1920 4173 2051 4228; x_wconf 86' lang='lat' dir='ltr'><strong>gen-</strong></span> 
     </span>
    </p>
   </div>
   <div class='ocr_carea' id='block_1_60' title="bbox 477 4226 2051 4318">
    <p class='ocr_par' dir='ltr' id='par_1_60' title="bbox 477 4226 2051 4318">
     <span class='ocr_line' id='line_1_60' title="bbox 477 4226 2051 4318; baseline 0.015 -38"><span class='ocrx_word' id='word_1_412' title='bbox 477 4235 583 4291; x_wconf 85' lang='lat' dir='ltr'><strong>tes,</strong></span> <span class='ocrx_word' id='word_1_413' title='bbox 636 4226 887 4294; x_wconf 85' lang='lat' dir='ltr'><strong>Domine,</strong></span> <span class='ocrx_word' id='word_1_414' title='bbox 934 4242 988 4287; x_wconf 91' lang='lat' dir='ltr'><strong>et</strong></span> <span class='ocrx_word' id='word_1_415' title='bbox 1021 4237 1229 4291; x_wconf 88' lang='lat' dir='ltr'><strong>nomini</strong></span> <span class='ocrx_word' id='word_1_416' title='bbox 1269 4248 1361 4294; x_wconf 91' lang='lat' dir='ltr'><strong>tuo</strong></span> <span class='ocrx_word' id='word_1_417' title='bbox 1414 4243 1662 4310; x_wconf 90' lang='lat' dir='ltr'><strong>psallam.</strong></span> <span class='ocrx_word' id='word_1_418' title='bbox 1698 4264 1717 4296; x_wconf 76' lang='grc' dir='ltr'><strong>ι</strong></span> <span class='ocrx_word' id='word_1_419' title='bbox 1768 4226 2051 4318; x_wconf 46' lang='grc' dir='ltr'>Νίκη-ρετ</span> 
     </span>
    </p>
   </div>
   <div class='ocr_carea' id='block_1_61' title="bbox 475 4324 2050 4397">
    <p class='ocr_par' dir='ltr' id='par_1_61' title="bbox 475 4324 2050 4397">
     <span class='ocr_line' id='line_1_61' title="bbox 475 4324 2050 4397; baseline 0.015 -28"><span class='ocrx_word' id='word_1_420' title='bbox 475 4329 688 4387; x_wconf 80' lang='lat' dir='ltr'><strong>gentes,</strong></span> <span class='ocrx_word' id='word_1_421' title='bbox 741 4336 864 4389; x_wconf 60' lang='lat' dir='ltr'><strong>qua?</strong></span> <span class='ocrx_word' id='word_1_422' title='bbox 916 4324 1082 4392; x_wconf 89' lang='lat' dir='ltr'><strong>paulo</strong></span> <span class='ocrx_word' id='word_1_423' title='bbox 1117 4337 1241 4394; x_wconf 70' lang='lat' dir='ltr'><strong>post</strong></span> <span class='ocrx_word' id='word_1_424' title='bbox 1288 4331 1652 4397; x_wconf 85' lang='lat' dir='ltr'><strong>vocabuntur,</strong></span> <span class='ocrx_word' id='word_1_425' title='bbox 1684 4334 1735 4388; x_wconf 89' lang='lat' dir='ltr'><strong>in</strong></span> <span class='ocrx_word' id='word_1_426' title='bbox 1792 4338 2050 4393; x_wconf 89' lang='lat' dir='ltr'><strong>omnibus</strong></span> 
     </span>
    </p>
   </div>
   <div class='ocr_carea' id='block_1_62' title="bbox 479 4408 2052 4483">
    <p class='ocr_par' dir='ltr' id='par_1_62' title="bbox 479 4408 2052 4483">
     <span class='ocr_line' id='line_1_62' title="bbox 479 4408 2052 4483; baseline 0.013 -20"><span class='ocrx_word' id='word_1_427' title='bbox 479 4408 737 4468; x_wconf 82' lang='lat' dir='ltr'><strong>Ecclesiis</strong></span> <span class='ocrx_word' id='word_1_428' title='bbox 764 4427 859 4482; x_wconf 91' lang='lat' dir='ltr'><strong>per</strong></span> <span class='ocrx_word' id='word_1_429' title='bbox 902 4422 1075 4471; x_wconf 92' lang='lat' dir='ltr'><strong>totum</strong></span> <span class='ocrx_word' id='word_1_430' title='bbox 1108 4420 1303 4474; x_wconf 71' lang='lat' dir='ltr'><strong>orbem‘</strong></span> <span class='ocrx_word' id='word_1_431' title='bbox 1344 4431 1395 4477; x_wconf 90' lang='lat' dir='ltr'><strong>te</strong></span> <span class='ocrx_word' id='word_1_432' title='bbox 1425 4423 1735 4480; x_wconf 87' lang='lat' dir='ltr'><strong>celebrabo.</strong></span> <span class='ocrx_word' id='word_1_433' title='bbox 1761 4424 1912 4482; x_wconf 90' lang='lat' dir='ltr'><strong>Licet</strong></span> <span class='ocrx_word' id='word_1_434' title='bbox 1942 4444 2052 4483; x_wconf 89' lang='lat' dir='ltr'><strong>au-</strong></span> 
     </span>
    </p>
   </div>
   <div class='ocr_carea' id='block_1_63' title="bbox 476 4502 2053 4577">
    <p class='ocr_par' dir='ltr' id='par_1_63' title="bbox 476 4502 2053 4577">
     <span class='ocr_line' id='line_1_63' title="bbox 476 4502 2053 4577; baseline 0.014 -22"><span class='ocrx_word' id='word_1_435' title='bbox 476 4510 586 4556; x_wconf 88' lang='lat' dir='ltr'><strong>tem</strong></span> <span class='ocrx_word' id='word_1_436' title='bbox 626 4502 793 4574; x_wconf 87' lang='lat' dir='ltr'><strong>bujus</strong></span> <span class='ocrx_word' id='word_1_437' title='bbox 840 4506 1243 4567; x_wconf 87' lang='lat' dir='ltr'><strong>vaticinationis</strong></span> <span class='ocrx_word' id='word_1_438' title='bbox 1281 4526 1535 4571; x_wconf 89' lang='lat' dir='ltr'><strong>eventum</strong></span> <span class='ocrx_word' id='word_1_439' title='bbox 1572 4516 1773 4572; x_wconf 92' lang='lat' dir='ltr'><strong>videre.</strong></span> <span class='ocrx_word' id='word_1_440' title='bbox 1810 4517 1945 4574; x_wconf 84' lang='lat' dir='ltr'><strong>Nam</strong></span> <span class='ocrx_word' id='word_1_441' title='bbox 1996 4533 2053 4577; x_wconf 94' lang='lat' dir='ltr'><strong>et</strong></span> 
     </span>
    </p>
   </div>
   <div class='ocr_carea' id='block_1_64' title="bbox 2157 2013 3743 2086">
    <p class='ocr_par' dir='ltr' id='par_1_64' title="bbox 2157 2013 3743 2086">
     <span class='ocr_line' id='line_1_64' title="bbox 2157 2013 3743 2086; baseline -0.001 -20"><span class='ocrx_word' id='word_1_442' title='bbox 2157 2015 2254 2086; x_wconf 76' lang='grc' dir='ltr'><strong>τήν</strong></span> <span class='ocrx_word' id='word_1_443' title='bbox 2283 2013 2486 2067; x_wconf 81' lang='grc' dir='ltr'>οἰκείαν</span> <span class='ocrx_word' id='word_1_444' title='bbox 2536 2014 2778 2068; x_wconf 88' lang='grc' dir='ltr'>δείκνυσι</span> <span class='ocrx_word' id='word_1_445' title='bbox 2815 2014 3174 2082; x_wconf 86' lang='grc' dir='ltr'>φυτουργίαν,</span> <span class='ocrx_word' id='word_1_446' title='bbox 3212 2013 3265 2067; x_wconf 65' lang='grc' dir='ltr'><strong>τὸ</strong></span> <span class='ocrx_word' id='word_1_447' title='bbox 3300 2014 3359 2067; x_wconf 81' lang='grc' dir='ltr'><strong>δὲ</strong></span> <span class='ocrx_word' id='word_1_448' title='bbox 3379 2014 3431 2045; x_wconf 70' lang='grc'>³⁸</span> <span class='ocrx_word' id='word_1_449' title='bbox 3458 2014 3568 2084; x_wconf 76' lang='grc' dir='ltr'>τὴν</span> <span class='ocrx_word' id='word_1_450' title='bbox 3603 2015 3743 2067; x_wconf 82' lang='grc' dir='ltr'>ἐκεί-</span> 
     </span>
    </p>
   </div>
   <div class='ocr_carea' id='block_1_65' title="bbox 2157 2106 3745 2178">
    <p class='ocr_par' dir='ltr' id='par_1_65' title="bbox 2157 2106 3745 2178">
     <span class='ocr_line' id='line_1_65' title="bbox 2157 2106 3745 2178; baseline -0.001 -17"><span class='ocrx_word' id='word_1_451' title='bbox 2157 2126 2263 2161; x_wconf 89' lang='grc' dir='ltr'><strong>νων</strong></span> <span class='ocrx_word' id='word_1_452' title='bbox 2297 2106 2625 2178; x_wconf 83' lang='grc' dir='ltr'>ἀχαριστίαν</span> <span class='ocrx_word' id='word_1_453' title='bbox 2678 2107 2913 2177; x_wconf 83' lang='grc' dir='ltr'>ἐλέγχει.</span> <span class='ocrx_word' id='word_1_454' title='bbox 2976 2107 3050 2160; x_wconf 90' lang='grc' dir='ltr'>Τὸ</span> <span class='ocrx_word' id='word_1_455' title='bbox 3087 2107 3166 2170; x_wconf 80' lang='grc' dir='ltr'>δὲ,</span> <span class='ocrx_word' id='word_1_456' title='bbox 3215 2126 3237 2159; x_wconf 72' lang='grc' dir='ltr'><strong>σ</strong></span> <span class='ocrx_word' id='word_1_457' title='bbox 3278 2106 3745 2176; x_wconf 76' lang='grc' dir='ltr'>Ἐπαλαιώθησαν</span> 
     </span>
    </p>
   </div>
   <div class='ocr_carea' id='block_1_66' title="bbox 2158 2197 3742 2270">
    <p class='ocr_par' dir='ltr' id='par_1_66' title="bbox 2158 2197 3742 2270">
     <span class='ocr_line' id='line_1_66' title="bbox 2158 2197 3742 2270; baseline -0.001 -17"><span class='ocrx_word' id='word_1_458' title='bbox 2158 2201 2253 2253; x_wconf 70' lang='grc' dir='ltr'>καὶ</span> <span class='ocrx_word' id='word_1_459' title='bbox 2279 2199 3063 2270; x_wconf 69' lang='grc' dir='ltr'>ἐχώλαναν,ἁτιμωθήσογται</span> <span class='ocrx_word' id='word_1_460' title='bbox 3087 2200 3187 2253; x_wconf 79' lang='grc' dir='ltr'>καὶ</span> <span class='ocrx_word' id='word_1_461' title='bbox 3219 2197 3742 2266; x_wconf 74' lang='grc' dir='ltr'>ἐντραπήσονται,</span> 
     </span>
    </p>
   </div>
   <div class='ocr_carea' id='block_1_67' title="bbox 2154 2293 3742 2365">
    <p class='ocr_par' dir='ltr' id='par_1_67' title="bbox 2154 2293 3742 2365">
     <span class='ocr_line' id='line_1_67' title="bbox 2154 2293 3742 2365; baseline -0.003 -17"><span class='ocrx_word' id='word_1_462' title='bbox 2154 2296 2185 2348; x_wconf 97' lang='lat'><strong>6</strong></span> <span class='ocrx_word' id='word_1_463' title='bbox 2218 2293 2510 2364; x_wconf 78' lang='grc' dir='ltr'>Σύμμαχος</span> <span class='ocrx_word' id='word_1_464' title='bbox 2533 2294 2742 2363; x_wconf 83' lang='grc' dir='ltr'>εἴρηκε.</span> <span class='ocrx_word' id='word_1_465' title='bbox 2770 2293 2883 2345; x_wconf 75' lang='grc' dir='ltr'><strong>Καὶ</strong></span> <span class='ocrx_word' id='word_1_466' title='bbox 2916 2295 3193 2364; x_wconf 86' lang='grc' dir='ltr'>μαρτυρεῖ</span> <span class='ocrx_word' id='word_1_467' title='bbox 3226 2295 3294 2363; x_wconf 76' lang='grc' dir='ltr'>τῇ</span> <span class='ocrx_word' id='word_1_468' title='bbox 3323 2294 3651 2365; x_wconf 67' lang='grc' dir='ltr'>προρρήσει</span> <span class='ocrx_word' id='word_1_469' title='bbox 3684 2296 3742 2344; x_wconf 69' lang='grc' dir='ltr'><strong>τὸ</strong></span> 
     </span>
    </p>
   </div>
   <div class='ocr_carea' id='block_1_68' title="bbox 2155 2381 3745 2454">
    <p class='ocr_par' dir='ltr' id='par_1_68' title="bbox 2155 2381 3745 2454">
     <span class='ocr_line' id='line_1_68' title="bbox 2155 2381 3745 2454; baseline -0.001 -17"><span class='ocrx_word' id='word_1_470' title='bbox 2155 2385 2309 2449; x_wconf 80' lang='grc' dir='ltr'>τέλος</span> <span class='ocrx_word' id='word_1_471' title='bbox 2331 2400 2344 2414; x_wconf 76' lang='grc'><strong><em>³</em></strong></span> <span class='ocrx_word' id='word_1_472' title='bbox 2372 2383 2599 2454; x_wconf 84' lang='grc' dir='ltr'>πλήρεις</span> <span class='ocrx_word' id='word_1_473' title='bbox 2631 2384 2740 2454; x_wconf 91' lang='grc' dir='ltr'><strong>γάρ</strong></span> <span class='ocrx_word' id='word_1_474' title='bbox 2772 2385 2911 2437; x_wconf 88' lang='grc' dir='ltr'>εἰσιν</span> <span class='ocrx_word' id='word_1_475' title='bbox 2939 2382 3187 2454; x_wconf 82' lang='grc' dir='ltr'>ἀτιμίας,</span> <span class='ocrx_word' id='word_1_476' title='bbox 3214 2381 3471 2453; x_wconf 78' lang='grc' dir='ltr'>βδελυροὶ</span> <span class='ocrx_word' id='word_1_477' title='bbox 3506 2384 3679 2435; x_wconf 78' lang='grc' dir='ltr'>πᾶσιν</span> <span class='ocrx_word' id='word_1_478' title='bbox 3700 2381 3745 2413; x_wconf 79' lang='grc'><strong>³⁸</strong></span> 
     </span>
    </p>
   </div>
   <div class='ocr_carea' id='block_1_69' title="bbox 2155 2476 2523 2549">
    <p class='ocr_par' dir='ltr' id='par_1_69' title="bbox 2155 2476 2523 2549">
     <span class='ocr_line' id='line_1_69' title="bbox 2155 2476 2523 2549; baseline -0.005 -18"><span class='ocrx_word' id='word_1_479' title='bbox 2155 2477 2424 2549; x_wconf 85' lang='grc' dir='ltr'>ὁρώμενοι</span> <span class='ocrx_word' id='word_1_480' title='bbox 2457 2476 2523 2529; x_wconf 78' lang='grc'><strong>³⁸.</strong></span> 
     </span>
    </p>
   </div>
   <div class='ocr_carea' id='block_1_70' title="bbox 2231 2567 3743 2641">
    <p class='ocr_par' dir='ltr' id='par_1_70' title="bbox 2231 2567 3743 2641">
     <span class='ocr_line' id='line_1_70' title="bbox 2231 2567 3743 2641; baseline -0.005 -15"><span class='ocrx_word' id='word_1_481' title='bbox 2231 2570 2338 2641; x_wconf 78' lang='grc' dir='ltr'>μζ’.</span> <span class='ocrx_word' id='word_1_482' title='bbox 2375 2590 2393 2622; x_wconf 76' lang='grc' dir='ltr'><strong>ι</strong></span> <span class='ocrx_word' id='word_1_483' title='bbox 2430 2571 2509 2641; x_wconf 80' lang='grc' dir='ltr'><strong>Ζῇ</strong></span> <span class='ocrx_word' id='word_1_484' title='bbox 2539 2567 2764 2641; x_wconf 84' lang='grc' dir='ltr'>Κύριος,</span> <span class='ocrx_word' id='word_1_485' title='bbox 2800 2573 2893 2622; x_wconf 76' lang='grc' dir='ltr'>καὶ</span> <span class='ocrx_word' id='word_1_486' title='bbox 2928 2568 3226 2639; x_wconf 74' lang='grc' dir='ltr'>εὐλογητὸς</span> <span class='ocrx_word' id='word_1_487' title='bbox 3255 2570 3284 2622; x_wconf 93' lang='lat'><strong>6</strong></span> <span class='ocrx_word' id='word_1_488' title='bbox 3318 2568 3461 2631; x_wconf 85' lang='grc' dir='ltr'>Θεός</span> <span class='ocrx_word' id='word_1_489' title='bbox 3526 2585 3633 2637; x_wconf 85' lang='grc' dir='ltr'><strong>μου</strong></span> <span class='ocrx_word' id='word_1_490' title='bbox 3656 2567 3705 2599; x_wconf 73' lang='grc'><strong>⁸³⁷</strong></span> <span class='ocrx_word' id='word_1_491' title='bbox 3726 2583 3743 2597; x_wconf 74' lang='grc'><strong>-</strong></span> 
     </span>
    </p>
   </div>
   <div class='ocr_carea' id='block_1_71' title="bbox 2158 2660 3741 2733">
    <p class='ocr_par' dir='ltr' id='par_1_71' title="bbox 2158 2660 3741 2733">
     <span class='ocr_line' id='line_1_71' title="bbox 2158 2660 3741 2733; baseline -0.002 -16"><span class='ocrx_word' id='word_1_492' title='bbox 2158 2663 2252 2717; x_wconf 76' lang='grc' dir='ltr'>καὶ</span> <span class='ocrx_word' id='word_1_493' title='bbox 2284 2661 2554 2733; x_wconf 82' lang='grc' dir='ltr'>ὐψωθήτω</span> <span class='ocrx_word' id='word_1_494' title='bbox 2582 2663 2611 2714; x_wconf 92' lang='grc' dir='ltr'><strong>ό</strong></span> <span class='ocrx_word' id='word_1_495' title='bbox 2636 2660 2769 2724; x_wconf 83' lang='grc' dir='ltr'>Θεὸς</span> <span class='ocrx_word' id='word_1_496' title='bbox 2818 2660 2918 2731; x_wconf 82' lang='grc' dir='ltr'>τῆς</span> <span class='ocrx_word' id='word_1_497' title='bbox 2956 2660 3234 2732; x_wconf 88' lang='grc' dir='ltr'>σωτηρίας</span> <span class='ocrx_word' id='word_1_498' title='bbox 3264 2677 3390 2731; x_wconf 88' lang='grc' dir='ltr'>μου.</span> <span class='ocrx_word' id='word_1_499' title='bbox 3436 2679 3459 2713; x_wconf 74' lang='grc' dir='ltr'><strong>ι</strong></span> <span class='ocrx_word' id='word_1_500' title='bbox 3509 2661 3741 2730; x_wconf 82' lang='grc' dir='ltr'>Μνημο-</span> 
     </span>
    </p>
   </div>
   <div class='ocr_carea' id='block_1_72' title="bbox 2157 2752 3739 2826">
    <p class='ocr_par' dir='ltr' id='par_1_72' title="bbox 2157 2752 3739 2826">
     <span class='ocr_line' id='line_1_72' title="bbox 2157 2752 3739 2826; baseline -0.002 -17"><span class='ocrx_word' id='word_1_501' title='bbox 2157 2755 2355 2819; x_wconf 90' lang='grc' dir='ltr'>νεύσας</span> <span class='ocrx_word' id='word_1_502' title='bbox 2391 2754 2487 2826; x_wconf 84' lang='grc' dir='ltr'>τῆς</span> <span class='ocrx_word' id='word_1_503' title='bbox 2527 2753 2801 2808; x_wconf 84' lang='grc' dir='ltr'>Ἰουδαίων</span> <span class='ocrx_word' id='word_1_504' title='bbox 2844 2752 3182 2822; x_wconf 84' lang='grc' dir='ltr'>ἀντιλογίας,</span> <span class='ocrx_word' id='word_1_505' title='bbox 3237 2753 3554 2807; x_wconf 78' lang='grc' dir='ltr'>αἰνίττεται</span> <span class='ocrx_word' id='word_1_506' title='bbox 3614 2753 3739 2806; x_wconf 76' lang='grc' dir='ltr'>τὸ⁸¹</span> 
     </span>
    </p>
   </div>
   <div class='ocr_carea' id='block_1_73' title="bbox 2160 2846 3743 2920">
    <p class='ocr_par' dir='ltr' id='par_1_73' title="bbox 2160 2846 3743 2920">
     <span class='ocr_line' id='line_1_73' title="bbox 2160 2846 3743 2920; baseline -0.003 -17"><span class='ocrx_word' id='word_1_507' title='bbox 2160 2850 2352 2914; x_wconf 81' lang='grc' dir='ltr'>πάθος,</span> <span class='ocrx_word' id='word_1_508' title='bbox 2393 2850 2488 2901; x_wconf 77' lang='grc' dir='ltr'><strong>καὶ</strong></span> <span class='ocrx_word' id='word_1_509' title='bbox 2530 2849 2630 2920; x_wconf 71' lang='grc' dir='ltr'><strong>τὴν</strong></span> <span class='ocrx_word' id='word_1_510' title='bbox 2675 2848 2816 2917; x_wconf 82' lang='grc' dir='ltr'>μετὰ</span> <span class='ocrx_word' id='word_1_511' title='bbox 2844 2848 2909 2901; x_wconf 89' lang='grc' dir='ltr'><strong>τὸ</strong></span> <span class='ocrx_word' id='word_1_512' title='bbox 2953 2846 3125 2910; x_wconf 89' lang='grc' dir='ltr'>πάθος</span> <span class='ocrx_word' id='word_1_513' title='bbox 3175 2848 3508 2903; x_wconf 87' lang='grc' dir='ltr'>ἀνάστασιν.</span> <span class='ocrx_word' id='word_1_514' title='bbox 3558 2846 3743 2901; x_wconf 53' lang='lat' dir='ltr'><strong>K11”</strong></span> 
     </span>
    </p>
   </div>
   <div class='ocr_carea' id='block_1_74' title="bbox 2159 2938 3747 3012">
    <p class='ocr_par' dir='ltr' id='par_1_74' title="bbox 2159 2938 3747 3012">
     <span class='ocr_line' id='line_1_74' title="bbox 2159 2938 3747 3012; baseline -0.003 -17"><span class='ocrx_word' id='word_1_515' title='bbox 2159 2942 2349 3012; x_wconf 82' lang='grc' dir='ltr'>ἐπειδὴ</span> <span class='ocrx_word' id='word_1_516' title='bbox 2378 2941 2619 2994; x_wconf 80' lang='grc' dir='ltr'>Ἰουδαῖοι</span> <span class='ocrx_word' id='word_1_517' title='bbox 2645 2942 2689 2972; x_wconf 76' lang='grc'><strong>⁸⁸</strong></span> <span class='ocrx_word' id='word_1_518' title='bbox 2728 2938 2954 2993; x_wconf 74' lang='grc' dir='ltr'>εἰώθασι</span> <span class='ocrx_word' id='word_1_519' title='bbox 2981 2939 3071 2993; x_wconf 86' lang='grc' dir='ltr'><strong>τὸν</strong></span> <span class='ocrx_word' id='word_1_520' title='bbox 3092 2939 3524 3011; x_wconf 79' lang='grc' dir='ltr'>ἐσταυρωμένον</span> <span class='ocrx_word' id='word_1_521' title='bbox 3552 2940 3747 3011; x_wconf 78' lang='grc' dir='ltr'>νεκρὸν</span> 
     </span>
    </p>
   </div>
   <div class='ocr_carea' id='block_1_75' title="bbox 2160 3032 3747 3105">
    <p class='ocr_par' dir='ltr' id='par_1_75' title="bbox 2160 3032 3747 3105">
     <span class='ocr_line' id='line_1_75' title="bbox 2160 3032 3747 3105; baseline -0.001 -17"><span class='ocrx_word' id='word_1_522' title='bbox 2160 3034 2367 3099; x_wconf 85' lang='grc' dir='ltr'>καλεῖν,</span> <span class='ocrx_word' id='word_1_523' title='bbox 2387 3032 2544 3095; x_wconf 79' lang='grc' dir='ltr'>αὐτὸς</span> <span class='ocrx_word' id='word_1_524' title='bbox 2563 3032 2662 3103; x_wconf 81' lang='grc' dir='ltr'><strong>βοᾷ</strong></span> <span class='ocrx_word' id='word_1_525' title='bbox 2683 3051 2696 3064; x_wconf 88' lang='grc'><strong>·</strong></span> <span class='ocrx_word' id='word_1_526' title='bbox 2722 3052 2741 3084; x_wconf 73' lang='grc' dir='ltr'><strong>ι</strong></span> <span class='ocrx_word' id='word_1_527' title='bbox 2768 3034 2839 3103; x_wconf 81' lang='grc' dir='ltr'><strong>Ζῇ</strong></span> <span class='ocrx_word' id='word_1_528' title='bbox 2865 3032 3092 3103; x_wconf 85' lang='grc' dir='ltr'>Κύριος,</span> <span class='ocrx_word' id='word_1_529' title='bbox 3117 3034 3211 3086; x_wconf 79' lang='grc' dir='ltr'>καὶ</span> <span class='ocrx_word' id='word_1_530' title='bbox 3234 3033 3537 3105; x_wconf 79' lang='grc' dir='ltr'>εὐλογητὸς</span> <span class='ocrx_word' id='word_1_531' title='bbox 3557 3035 3593 3087; x_wconf 88' lang='lat'><strong>6</strong></span> <span class='ocrx_word' id='word_1_532' title='bbox 3618 3034 3747 3097; x_wconf 85' lang='grc' dir='ltr'>Θεὸς</span> 
     </span>
    </p>
   </div>
   <div class='ocr_carea' id='block_1_76' title="bbox 2165 3125 3742 3199">
    <p class='ocr_par' dir='ltr' id='par_1_76' title="bbox 2165 3125 3742 3199">
     <span class='ocr_line' id='line_1_76' title="bbox 2165 3125 3742 3199; baseline -0.002 -17"><span class='ocrx_word' id='word_1_533' title='bbox 2165 3147 2267 3199; x_wconf 88' lang='grc' dir='ltr'><strong>μου</strong></span> <span class='ocrx_word' id='word_1_534' title='bbox 2290 3129 2356 3190; x_wconf 73' lang='grc' dir='ltr'>δί,</span> <span class='ocrx_word' id='word_1_535' title='bbox 2376 3129 2469 3181; x_wconf 72' lang='grc' dir='ltr'>καὶ</span> <span class='ocrx_word' id='word_1_536' title='bbox 2490 3126 2758 3197; x_wconf 79' lang='grc' dir='ltr'>ὐψωθήτω</span> <span class='ocrx_word' id='word_1_537' title='bbox 2775 3128 2804 3180; x_wconf 92' lang='lat'><strong>6</strong></span> <span class='ocrx_word' id='word_1_538' title='bbox 2827 3126 2970 3190; x_wconf 84' lang='grc' dir='ltr'>Θεὸς</span> <span class='ocrx_word' id='word_1_539' title='bbox 2986 3125 3089 3196; x_wconf 82' lang='grc' dir='ltr'>τῆς</span> <span class='ocrx_word' id='word_1_540' title='bbox 3111 3127 3383 3198; x_wconf 87' lang='grc' dir='ltr'>σωτηρίας</span> <span class='ocrx_word' id='word_1_541' title='bbox 3408 3145 3538 3199; x_wconf 84' lang='grc' dir='ltr'>μου.</span> <span class='ocrx_word' id='word_1_542' title='bbox 3579 3146 3600 3179; x_wconf 76' lang='grc' dir='ltr'><strong>ι</strong></span> <span class='ocrx_word' id='word_1_543' title='bbox 3632 3130 3742 3181; x_wconf 77' lang='grc' dir='ltr'><strong>Καὶ</strong></span> 
     </span>
    </p>
   </div>
   <div class='ocr_carea' id='block_1_77' title="bbox 2161 3217 3746 3291">
    <p class='ocr_par' dir='ltr' id='par_1_77' title="bbox 2161 3217 3746 3291">
     <span class='ocr_line' id='line_1_77' title="bbox 2161 3217 3746 3291; baseline -0.003 -16"><span class='ocrx_word' id='word_1_544' title='bbox 2161 3222 2223 3276; x_wconf 91' lang='grc' dir='ltr'><strong>οὐ</strong></span> <span class='ocrx_word' id='word_1_545' title='bbox 2259 3221 2419 3291; x_wconf 87' lang='grc' dir='ltr'>μόνον</span> <span class='ocrx_word' id='word_1_546' title='bbox 2452 3220 2542 3290; x_wconf 78' lang='grc' dir='ltr'><strong>ζῇ,</strong></span> <span class='ocrx_word' id='word_1_547' title='bbox 2577 3217 2715 3273; x_wconf 90' lang='grc' dir='ltr'><strong>ἀλλά</strong></span> <span class='ocrx_word' id='word_1_548' title='bbox 2757 3219 2849 3272; x_wconf 75' lang='grc' dir='ltr'>καὶ</span> <span class='ocrx_word' id='word_1_549' title='bbox 2880 3219 2962 3281; x_wconf 85' lang='grc' dir='ltr'><strong>είς</strong></span> <span class='ocrx_word' id='word_1_550' title='bbox 2994 3219 3259 3291; x_wconf 79' lang='grc' dir='ltr'>οὐρανοὺς</span> <span class='ocrx_word' id='word_1_551' title='bbox 3285 3218 3623 3291; x_wconf 77' lang='grc' dir='ltr'>ἀνελήλυθε,</span> <span class='ocrx_word' id='word_1_552' title='bbox 3657 3220 3746 3272; x_wconf 68' lang='grc' dir='ltr'><strong>καὶ</strong></span> 
     </span>
    </p>
   </div>
   <div class='ocr_carea' id='block_1_78' title="bbox 2159 3311 3377 3383">
    <p class='ocr_par' dir='ltr' id='par_1_78' title="bbox 2159 3311 3377 3383">
     <span class='ocr_line' id='line_1_78' title="bbox 2159 3311 3377 3383; baseline -0.002 -15"><span class='ocrx_word' id='word_1_553' title='bbox 2159 3316 2272 3378; x_wconf 87' lang='grc' dir='ltr'>τοῖς</span> <span class='ocrx_word' id='word_1_554' title='bbox 2301 3312 2644 3383; x_wconf 86' lang='grc' dir='ltr'>βουλομένοις</span> <span class='ocrx_word' id='word_1_555' title='bbox 2667 3311 2899 3382; x_wconf 82' lang='grc' dir='ltr'>παρέχει</span> <span class='ocrx_word' id='word_1_556' title='bbox 2944 3311 3045 3381; x_wconf 76' lang='grc' dir='ltr'>τὴν</span> <span class='ocrx_word' id='word_1_557' title='bbox 3074 3312 3377 3382; x_wconf 85' lang='grc' dir='ltr'>σωτηρίαν.</span> 
     </span>
    </p>
   </div>
   <div class='ocr_carea' id='block_1_79' title="bbox 2237 3403 3745 3476">
    <p class='ocr_par' dir='ltr' id='par_1_79' title="bbox 2237 3403 3745 3476">
     <span class='ocr_line' id='line_1_79' title="bbox 2237 3403 3745 3476; baseline -0.003 -16"><span class='ocrx_word' id='word_1_558' title='bbox 2237 3412 2350 3476; x_wconf 88' lang='grc' dir='ltr'>μη’,</span> <span class='ocrx_word' id='word_1_559' title='bbox 2401 3404 2509 3475; x_wconf 87' lang='grc' dir='ltr'>μθ⁰.</span> <span class='ocrx_word' id='word_1_560' title='bbox 2546 3424 2563 3456; x_wconf 79' lang='grc' dir='ltr'><strong>ι</strong></span> <span class='ocrx_word' id='word_1_561' title='bbox 2612 3406 2672 3457; x_wconf 82' lang='grc' dir='ltr'>Ὀ</span> <span class='ocrx_word' id='word_1_562' title='bbox 2702 3404 2832 3467; x_wconf 86' lang='grc' dir='ltr'>Θεὸς</span> <span class='ocrx_word' id='word_1_563' title='bbox 2858 3406 2886 3457; x_wconf 91' lang='grc' dir='ltr'><strong>ό</strong></span> <span class='ocrx_word' id='word_1_564' title='bbox 2913 3403 3087 3466; x_wconf 73' lang='grc' dir='ltr'>διδοὺς</span> <span class='ocrx_word' id='word_1_565' title='bbox 3110 3404 3414 3476; x_wconf 80' lang='grc' dir='ltr'>ἐκδικήσεις</span> <span class='ocrx_word' id='word_1_566' title='bbox 3444 3405 3580 3474; x_wconf 83' lang='grc' dir='ltr'>ἐμοί</span> <span class='ocrx_word' id='word_1_567' title='bbox 3608 3420 3626 3437; x_wconf 80' lang='grc'><strong>’</strong></span> <span class='ocrx_word' id='word_1_568' title='bbox 3656 3406 3745 3458; x_wconf 78' lang='grc' dir='ltr'><strong>καὶ</strong></span> 
     </span>
    </p>
   </div>
   <div class='ocr_carea' id='block_1_80' title="bbox 2164 3495 3741 3568">
    <p class='ocr_par' dir='ltr' id='par_1_80' title="bbox 2164 3495 3741 3568">
     <span class='ocr_line' id='line_1_80' title="bbox 2164 3495 3741 3568; baseline -0.001 -19"><span class='ocrx_word' id='word_1_569' title='bbox 2164 3495 2436 3561; x_wconf 76' lang='grc' dir='ltr'>ὑποτάξας</span> <span class='ocrx_word' id='word_1_570' title='bbox 2460 3495 2622 3557; x_wconf 82' lang='grc' dir='ltr'>λαοὺς</span> <span class='ocrx_word' id='word_1_571' title='bbox 2643 3496 2733 3549; x_wconf 78' lang='grc' dir='ltr'>ὐπ’</span> <span class='ocrx_word' id='word_1_572' title='bbox 2762 3495 2806 3527; x_wconf 68' lang='grc' dir='ltr'><strong>δ’</strong></span> <span class='ocrx_word' id='word_1_573' title='bbox 2838 3497 2939 3565; x_wconf 80' lang='grc' dir='ltr'><strong>ἐμέ</strong></span> <span class='ocrx_word' id='word_1_574' title='bbox 2959 3510 2972 3525; x_wconf 76' lang='grc'><strong><em>⁸</em></strong></span> <span class='ocrx_word' id='word_1_575' title='bbox 3012 3497 3040 3549; x_wconf 94' lang='lat'><strong>6</strong></span> <span class='ocrx_word' id='word_1_576' title='bbox 3064 3496 3268 3567; x_wconf 82' lang='grc' dir='ltr'>ρύστης</span> <span class='ocrx_word' id='word_1_577' title='bbox 3299 3514 3402 3567; x_wconf 89' lang='grc' dir='ltr'><strong>μου</strong></span> <span class='ocrx_word' id='word_1_578' title='bbox 3434 3497 3498 3561; x_wconf 81' lang='grc' dir='ltr'>ἐξ</span> <span class='ocrx_word' id='word_1_579' title='bbox 3522 3497 3741 3568; x_wconf 82' lang='grc' dir='ltr'>ἐχθρῶν</span> 
     </span>
    </p>
   </div>
   <div class='ocr_carea' id='block_1_81' title="bbox 2164 3586 3742 3660">
    <p class='ocr_par' dir='ltr' id='par_1_81' title="bbox 2164 3586 3742 3660">
     <span class='ocr_line' id='line_1_81' title="bbox 2164 3586 3742 3660; baseline -0.002 -17"><span class='ocrx_word' id='word_1_580' title='bbox 2164 3606 2269 3659; x_wconf 87' lang='grc' dir='ltr'><strong>μου</strong></span> <span class='ocrx_word' id='word_1_581' title='bbox 2298 3587 2529 3660; x_wconf 86' lang='grc' dir='ltr'>ὀργίλων</span> <span class='ocrx_word' id='word_1_582' title='bbox 2566 3588 2632 3640; x_wconf 70' lang='grc'><strong>⁸³.</strong></span> <span class='ocrx_word' id='word_1_583' title='bbox 2702 3587 2835 3640; x_wconf 84' lang='grc' dir='ltr'>Ἀπὸ</span> <span class='ocrx_word' id='word_1_584' title='bbox 2866 3586 2974 3640; x_wconf 84' lang='grc' dir='ltr'><strong>τῶν</strong></span> <span class='ocrx_word' id='word_1_585' title='bbox 3012 3588 3467 3659; x_wconf 82' lang='grc' dir='ltr'>ἐπανισταμένων</span> <span class='ocrx_word' id='word_1_586' title='bbox 3499 3590 3594 3641; x_wconf 80' lang='grc' dir='ltr'>ἐπ’</span> <span class='ocrx_word' id='word_1_587' title='bbox 3646 3590 3742 3660; x_wconf 75' lang='grc' dir='ltr'><strong>ἐμὲ</strong></span> 
     </span>
    </p>
   </div>
   <div class='ocr_carea' id='block_1_82' title="bbox 2164 3679 3736 3754">
    <p class='ocr_par' dir='ltr' id='par_1_82' title="bbox 2164 3679 3736 3754">
     <span class='ocr_line' id='line_1_82' title="bbox 2164 3679 3736 3754; baseline 0.001 -21"><span class='ocrx_word' id='word_1_588' title='bbox 2164 3680 2399 3750; x_wconf 80' lang='grc' dir='ltr'>ύψώσεις</span> <span class='ocrx_word' id='word_1_589' title='bbox 2442 3697 2509 3751; x_wconf 89' lang='grc' dir='ltr'><strong>με</strong></span> <span class='ocrx_word' id='word_1_590' title='bbox 2538 3696 2554 3711; x_wconf 84' lang='grc'><strong>·</strong></span> <span class='ocrx_word' id='word_1_591' title='bbox 2594 3681 2688 3735; x_wconf 81' lang='grc' dir='ltr'>καὶ</span> <span class='ocrx_word' id='word_1_592' title='bbox 2740 3680 2786 3711; x_wconf 71' lang='grc'><strong><em>⁸⁵⁵</em></strong></span> <span class='ocrx_word' id='word_1_593' title='bbox 2825 3679 2935 3734; x_wconf 81' lang='grc' dir='ltr'><strong>ἀπὸ</strong></span> <span class='ocrx_word' id='word_1_594' title='bbox 2964 3681 3154 3752; x_wconf 87' lang='grc' dir='ltr'>ἀνδρὸς</span> <span class='ocrx_word' id='word_1_595' title='bbox 3184 3681 3372 3735; x_wconf 83' lang='grc' dir='ltr'>ἀδίκου</span> <span class='ocrx_word' id='word_1_596' title='bbox 3406 3684 3548 3753; x_wconf 73' lang='grc' dir='ltr'>ῥύσῃ</span> <span class='ocrx_word' id='word_1_597' title='bbox 3586 3701 3683 3754; x_wconf 71' lang='grc' dir='ltr'><strong>με.</strong></span> <span class='ocrx_word' id='word_1_598' title='bbox 3720 3703 3736 3734; x_wconf 74' lang='grc' dir='ltr'><strong>ι</strong></span> 
     </span>
    </p>
   </div>
   <div class='ocr_carea' id='block_1_83' title="bbox 2172 3770 3741 3844">
    <p class='ocr_par' dir='ltr' id='par_1_83' title="bbox 2172 3770 3741 3844">
     <span class='ocr_line' id='line_1_83' title="bbox 2172 3770 3741 3844; baseline 0.001 -20"><span class='ocrx_word' id='word_1_599' title='bbox 2172 3772 2231 3824; x_wconf 88' lang='lat'><strong>&#39;0</strong></span> <span class='ocrx_word' id='word_1_600' title='bbox 2264 3771 2438 3825; x_wconf 85' lang='grc' dir='ltr'>ταύτα</span> <span class='ocrx_word' id='word_1_601' title='bbox 2466 3772 2648 3823; x_wconf 86' lang='grc' dir='ltr'>τοίνυν</span> <span class='ocrx_word' id='word_1_602' title='bbox 2680 3770 3046 3841; x_wconf 83' lang='grc' dir='ltr'>ἐργασόμενος</span> <span class='ocrx_word' id='word_1_603' title='bbox 3091 3774 3327 3843; x_wconf 88' lang='grc' dir='ltr'>μακροῖς</span> <span class='ocrx_word' id='word_1_604' title='bbox 3352 3771 3587 3844; x_wconf 78' lang='grc' dir='ltr'>ὕστερον</span> <span class='ocrx_word' id='word_1_605' title='bbox 3618 3774 3741 3843; x_wconf 67' lang='grc' dir='ltr'>χρόα</span> 
     </span>
    </p>
   </div>
   <div class='ocr_carea' id='block_1_84' title="bbox 2164 3862 3735 3936">
    <p class='ocr_par' dir='ltr' id='par_1_84' title="bbox 2164 3862 3735 3936">
     <span class='ocr_line' id='line_1_84' title="bbox 2164 3862 3735 3936; baseline -0.001 -19"><span class='ocrx_word' id='word_1_606' title='bbox 2164 3882 2293 3928; x_wconf 90' lang='grc' dir='ltr'>νοις,</span> <span class='ocrx_word' id='word_1_607' title='bbox 2330 3863 2465 3936; x_wconf 79' lang='grc' dir='ltr'>ῥύσῃ</span> <span class='ocrx_word' id='word_1_608' title='bbox 2490 3865 2537 3897; x_wconf 73' lang='grc'><strong>⁸⁸</strong></span> <span class='ocrx_word' id='word_1_609' title='bbox 2572 3864 2717 3933; x_wconf 83' lang='grc' dir='ltr'><strong>κάμὲ</strong></span> <span class='ocrx_word' id='word_1_610' title='bbox 2748 3862 2856 3917; x_wconf 88' lang='grc' dir='ltr'><strong>τῶν</strong></span> <span class='ocrx_word' id='word_1_611' title='bbox 2892 3863 3095 3925; x_wconf 87' lang='grc' dir='ltr'>ἀδίκως</span> <span class='ocrx_word' id='word_1_612' title='bbox 3131 3880 3202 3933; x_wconf 92' lang='grc' dir='ltr'><strong>με</strong></span> <span class='ocrx_word' id='word_1_613' title='bbox 3234 3864 3279 3895; x_wconf 72' lang='grc'><strong>⁸⁸</strong></span> <span class='ocrx_word' id='word_1_614' title='bbox 3311 3863 3702 3934; x_wconf 83' lang='grc' dir='ltr'>πολεμούντων</span> <span class='ocrx_word' id='word_1_615' title='bbox 3723 3882 3735 3894; x_wconf 71' lang='grc' dir='ltr'><strong>ο</strong></span> 
     </span>
    </p>
   </div>
   <div class='ocr_carea' id='block_1_85' title="bbox 2163 3952 3706 4025">
    <p class='ocr_par' dir='ltr' id='par_1_85' title="bbox 2163 3952 3706 4025">
     <span class='ocr_line' id='line_1_85' title="bbox 2163 3952 3706 4025; baseline -0.001 -17"><span class='ocrx_word' id='word_1_616' title='bbox 2163 3955 2258 4009; x_wconf 79' lang='grc' dir='ltr'><strong>καὶ</strong></span> <span class='ocrx_word' id='word_1_617' title='bbox 2279 3954 2339 4008; x_wconf 82' lang='grc' dir='ltr'>ὃν</span> <span class='ocrx_word' id='word_1_618' title='bbox 2357 3954 2398 3986; x_wconf 70' lang='grc'><strong>⁸⁷</strong></span> <span class='ocrx_word' id='word_1_619' title='bbox 2448 3952 2724 4019; x_wconf 78' lang='grc' dir='ltr'>ὐπέταξάς</span> <span class='ocrx_word' id='word_1_620' title='bbox 2757 3971 2847 4023; x_wconf 94' lang='grc' dir='ltr'><strong>μοι</strong></span> <span class='ocrx_word' id='word_1_621' title='bbox 2884 3952 3036 4018; x_wconf 90' lang='grc' dir='ltr'>λαὸν,</span> <span class='ocrx_word' id='word_1_622' title='bbox 3057 3954 3362 4023; x_wconf 81' lang='grc' dir='ltr'>ἀποφανεῖς</span> <span class='ocrx_word' id='word_1_623' title='bbox 3384 3954 3431 3985; x_wconf 67' lang='grc'><strong>⁸⁸</strong></span> <span class='ocrx_word' id='word_1_624' title='bbox 3451 3956 3706 4025; x_wconf 75' lang='grc' dir='ltr'>εὐπειθῆ.</span> 
     </span>
    </p>
   </div>
   <div class='ocr_carea' id='block_1_86' title="bbox 2230 4139 3731 4213">
    <p class='ocr_par' dir='ltr' id='par_1_86' title="bbox 2230 4139 3731 4213">
     <span class='ocr_line' id='line_1_86' title="bbox 2230 4139 3731 4213; baseline 0 -16"><span class='ocrx_word' id='word_1_625' title='bbox 2230 4142 2294 4197; x_wconf 85' lang='grc' dir='ltr'>ν’.</span> <span class='ocrx_word' id='word_1_626' title='bbox 2328 4160 2348 4193; x_wconf 76' lang='grc' dir='ltr'><strong>ι</strong></span> <span class='ocrx_word' id='word_1_627' title='bbox 2384 4142 2483 4194; x_wconf 89' lang='grc' dir='ltr'>Διά</span> <span class='ocrx_word' id='word_1_628' title='bbox 2508 4140 2664 4195; x_wconf 78' lang='grc' dir='ltr'>τοῦτο</span> <span class='ocrx_word' id='word_1_629' title='bbox 2692 4139 3157 4213; x_wconf 80' lang='grc' dir='ltr'>ἐξομολογήσομαί</span> <span class='ocrx_word' id='word_1_630' title='bbox 3186 4157 3271 4195; x_wconf 91' lang='grc' dir='ltr'><strong>σοι</strong></span> <span class='ocrx_word' id='word_1_631' title='bbox 3300 4142 3361 4194; x_wconf 85' lang='grc' dir='ltr'><strong>ἐν</strong></span> <span class='ocrx_word' id='word_1_632' title='bbox 3384 4141 3590 4204; x_wconf 75' lang='grc' dir='ltr'>ἔθνεσι,</span> <span class='ocrx_word' id='word_1_633' title='bbox 3620 4143 3731 4197; x_wconf 75' lang='grc' dir='ltr'><strong>Κύ-</strong></span> 
     </span>
    </p>
   </div>
   <div class='ocr_carea' id='block_1_87' title="bbox 2163 4232 3733 4307">
    <p class='ocr_par' dir='ltr' id='par_1_87' title="bbox 2163 4232 3733 4307">
     <span class='ocr_line' id='line_1_87' title="bbox 2163 4232 3733 4307; baseline -0.001 -17"><span class='ocrx_word' id='word_1_634' title='bbox 2163 4254 2244 4307; x_wconf 89' lang='grc' dir='ltr'><strong>ριε</strong></span> <span class='ocrx_word' id='word_1_635' title='bbox 2266 4275 2281 4301; x_wconf 92' lang='grc'><strong>,</strong></span> <span class='ocrx_word' id='word_1_636' title='bbox 2315 4235 2409 4289; x_wconf 76' lang='grc' dir='ltr'>καὶ</span> <span class='ocrx_word' id='word_1_637' title='bbox 2454 4232 2533 4304; x_wconf 80' lang='grc' dir='ltr'>τῷ</span> <span class='ocrx_word' id='word_1_638' title='bbox 2561 4232 2784 4303; x_wconf 78' lang='grc' dir='ltr'>ὀνόματί</span> <span class='ocrx_word' id='word_1_639' title='bbox 2831 4249 2926 4286; x_wconf 88' lang='grc' dir='ltr'><strong>σου</strong></span> <span class='ocrx_word' id='word_1_640' title='bbox 2954 4232 3129 4302; x_wconf 74' lang='grc' dir='ltr'>ψαλῶ.</span> <span class='ocrx_word' id='word_1_641' title='bbox 3172 4252 3193 4286; x_wconf 71' lang='grc' dir='ltr'><strong>ι</strong></span> <span class='ocrx_word' id='word_1_642' title='bbox 3228 4232 3329 4287; x_wconf 76' lang='grc' dir='ltr'>Διά</span> <span class='ocrx_word' id='word_1_643' title='bbox 3349 4235 3460 4306; x_wconf 83' lang='grc' dir='ltr'>γὰρ</span> <span class='ocrx_word' id='word_1_644' title='bbox 3492 4235 3600 4288; x_wconf 89' lang='grc' dir='ltr'><strong>τῶν</strong></span> <span class='ocrx_word' id='word_1_645' title='bbox 3646 4254 3733 4306; x_wconf 86' lang='grc' dir='ltr'>μι-</span> 
     </span>
    </p>
   </div>
   <div class='ocr_carea' id='block_1_88' title="bbox 2160 4321 3732 4398">
    <p class='ocr_par' dir='ltr' id='par_1_88' title="bbox 2160 4321 3732 4398">
     <span class='ocr_line' id='line_1_88' title="bbox 2160 4321 3732 4398; baseline -0.001 -17"><span class='ocrx_word' id='word_1_646' title='bbox 2160 4327 2291 4398; x_wconf 90' lang='grc' dir='ltr'>κρὸν</span> <span class='ocrx_word' id='word_1_647' title='bbox 2316 4323 2544 4396; x_wconf 77' lang='grc' dir='ltr'>’ὕστερον</span> <span class='ocrx_word' id='word_1_648' title='bbox 2572 4321 2995 4394; x_wconf 82' lang='grc' dir='ltr'>κληθησομένων</span> <span class='ocrx_word' id='word_1_649' title='bbox 3030 4322 3232 4389; x_wconf 83' lang='grc' dir='ltr'>ἐθνῶν,</span> <span class='ocrx_word' id='word_1_650' title='bbox 3268 4325 3327 4377; x_wconf 85' lang='grc' dir='ltr'><strong>ἐν</strong></span> <span class='ocrx_word' id='word_1_651' title='bbox 3376 4326 3620 4389; x_wconf 82' lang='grc' dir='ltr'>ἀπάσαις</span> <span class='ocrx_word' id='word_1_652' title='bbox 3674 4344 3732 4379; x_wconf 83' lang='grc' dir='ltr'><strong>σε</strong></span> 
     </span>
    </p>
   </div>
   <div class='ocr_carea' id='block_1_89' title="bbox 2158 4416 3732 4490">
    <p class='ocr_par' dir='ltr' id='par_1_89' title="bbox 2158 4416 3732 4490">
     <span class='ocr_line' id='line_1_89' title="bbox 2158 4416 3732 4490; baseline -0.001 -16"><span class='ocrx_word' id='word_1_653' title='bbox 2158 4422 2280 4484; x_wconf 87' lang='grc' dir='ltr'>ταῖς</span> <span class='ocrx_word' id='word_1_654' title='bbox 2337 4416 2478 4472; x_wconf 85' lang='grc' dir='ltr'><strong>κατά</strong></span> <span class='ocrx_word' id='word_1_655' title='bbox 2535 4416 2581 4448; x_wconf 77' lang='grc'><strong>⁸⁸</strong></span> <span class='ocrx_word' id='word_1_656' title='bbox 2640 4416 2823 4469; x_wconf 80' lang='grc' dir='ltr'>πᾶσαν</span> <span class='ocrx_word' id='word_1_657' title='bbox 2871 4417 2968 4486; x_wconf 82' lang='grc' dir='ltr'>τὴν</span> <span class='ocrx_word' id='word_1_658' title='bbox 3019 4416 3356 4489; x_wconf 77' lang='grc' dir='ltr'>οἰκουμένην</span> <span class='ocrx_word' id='word_1_659' title='bbox 3413 4419 3732 4490; x_wconf 83' lang='grc' dir='ltr'>ἐκκλησίαις</span> 
     </span>
    </p>
   </div>
   <div class='ocr_carea' id='block_1_90' title="bbox 2160 4506 3727 4585">
    <p class='ocr_par' dir='ltr' id='par_1_90' title="bbox 2160 4506 3727 4585">
     <span class='ocr_line' id='line_1_90' title="bbox 2160 4506 3727 4585; baseline -0.001 -20"><span class='ocrx_word' id='word_1_660' title='bbox 2160 4512 2403 4585; x_wconf 85' lang='grc' dir='ltr'>ὑμνήσω.</span> <span class='ocrx_word' id='word_1_661' title='bbox 2440 4511 2595 4563; x_wconf 84' lang='grc' dir='ltr'>Ἔστι</span> <span class='ocrx_word' id='word_1_662' title='bbox 2646 4509 2704 4563; x_wconf 86' lang='grc' dir='ltr'><strong>δέ</strong></span> <span class='ocrx_word' id='word_1_663' title='bbox 2747 4506 2955 4579; x_wconf 89' lang='grc' dir='ltr'>ταύτης</span> <span class='ocrx_word' id='word_1_664' title='bbox 2992 4509 3092 4577; x_wconf 82' lang='grc' dir='ltr'>τῆς</span> <span class='ocrx_word' id='word_1_665' title='bbox 3118 4511 3460 4582; x_wconf 86' lang='grc' dir='ltr'>προφητείας</span> <span class='ocrx_word' id='word_1_666' title='bbox 3494 4512 3555 4565; x_wconf 87' lang='grc' dir='ltr'><strong>τὸ</strong></span> <span class='ocrx_word' id='word_1_667' title='bbox 3578 4512 3727 4574; x_wconf 80' lang='grc' dir='ltr'>τέλος</span> 
     </span>
    </p>
   </div>
   <div class='ocr_carea' id='block_1_91' title="bbox 476 4597 2053 4683">
    <p class='ocr_par' dir='ltr' id='par_1_91' title="bbox 476 4597 2043 4683">
     <span class='ocr_line' id='line_1_91' title="bbox 476 4597 2043 4683; baseline 0.014 -34"><span class='ocrx_word' id='word_1_668' title='bbox 476 4597 531 4650; x_wconf 91' lang='lat' dir='ltr'><strong>in</strong></span> <span class='ocrx_word' id='word_1_669' title='bbox 572 4598 827 4654; x_wconf 88' lang='lat' dir='ltr'><strong>omnibus</strong></span> <span class='ocrx_word' id='word_1_670' title='bbox 856 4600 1103 4667; x_wconf 86' lang='lat' dir='ltr'><strong>urbibus,</strong></span> <span class='ocrx_word' id='word_1_671' title='bbox 1130 4614 1185 4660; x_wconf 92' lang='lat' dir='ltr'><strong>et</strong></span> <span class='ocrx_word' id='word_1_672' title='bbox 1212 4607 1367 4675; x_wconf 86' lang='lat' dir='ltr'><strong>vicis,</strong></span> <span class='ocrx_word' id='word_1_673' title='bbox 1408 4617 1463 4664; x_wconf 92' lang='lat' dir='ltr'><strong>et</strong></span> <span class='ocrx_word' id='word_1_674' title='bbox 1494 4611 1667 4682; x_wconf 82' lang='lat' dir='ltr'><strong>agris,</strong></span> <span class='ocrx_word' id='word_1_675' title='bbox 1704 4622 1759 4667; x_wconf 91' lang='lat' dir='ltr'><strong>et</strong></span> <span class='ocrx_word' id='word_1_676' title='bbox 1802 4615 2043 4683; x_wconf 69' lang='lat' dir='ltr'><strong>praadiis,</strong></span> 
     </span>
    </p>
   </div>
   <div class='ocr_carea' id='block_1_92' title="bbox 2164 4597 3727 4683">
    <p class='ocr_par' dir='ltr' id='par_1_92' title="bbox 2164 4601 3727 4674">
     <span class='ocr_line' id='line_1_92' title="bbox 2164 4601 3727 4674; baseline -0.003 -15"><span class='ocrx_word' id='word_1_677' title='bbox 2164 4607 2290 4660; x_wconf 87' lang='grc' dir='ltr'>ίδεῖν</span> <span class='ocrx_word' id='word_1_678' title='bbox 2317 4622 2332 4637; x_wconf 87' lang='lat'><strong>&#39;</strong></span> <span class='ocrx_word' id='word_1_679' title='bbox 2369 4607 2426 4661; x_wconf 80' lang='grc' dir='ltr'><strong>ἐν</strong></span> <span class='ocrx_word' id='word_1_680' title='bbox 2456 4604 2696 4665; x_wconf 82' lang='grc' dir='ltr'>ἀπάσαις</span> <span class='ocrx_word' id='word_1_681' title='bbox 2726 4602 2835 4673; x_wconf 84' lang='grc' dir='ltr'>γὰρ</span> <span class='ocrx_word' id='word_1_682' title='bbox 2874 4601 2970 4655; x_wconf 72' lang='grc' dir='ltr'>καὶ</span> <span class='ocrx_word' id='word_1_683' title='bbox 2998 4601 3217 4667; x_wconf 79' lang='grc' dir='ltr'>πόλεσι,</span> <span class='ocrx_word' id='word_1_684' title='bbox 3248 4603 3346 4657; x_wconf 71' lang='grc' dir='ltr'><strong>καὶ</strong></span> <span class='ocrx_word' id='word_1_685' title='bbox 3367 4603 3603 4674; x_wconf 82' lang='grc' dir='ltr'>κώμαις,</span> <span class='ocrx_word' id='word_1_686' title='bbox 3634 4605 3727 4657; x_wconf 73' lang='grc' dir='ltr'><strong>καὶ</strong></span> 
     </span>
    </p>
   </div>
   <div class='ocr_carea' id='block_1_93' title="bbox 472 4692 2047 4768">
    <p class='ocr_par' dir='ltr' id='par_1_93' title="bbox 472 4692 2047 4768">
     <span class='ocr_line' id='line_1_93' title="bbox 472 4692 2047 4768; baseline 0.013 -25"><span class='ocrx_word' id='word_1_687' title='bbox 472 4699 529 4744; x_wconf 91' lang='lat' dir='ltr'><strong>et</strong></span> <span class='ocrx_word' id='word_1_688' title='bbox 566 4692 862 4759; x_wconf 87' lang='lat' dir='ltr'><strong>montibus,</strong></span> <span class='ocrx_word' id='word_1_689' title='bbox 906 4704 961 4749; x_wconf 94' lang='lat' dir='ltr'><strong>et</strong></span> <span class='ocrx_word' id='word_1_690' title='bbox 984 4697 1233 4763; x_wconf 83' lang='lat' dir='ltr'><strong>collibus,</strong></span> <span class='ocrx_word' id='word_1_691' title='bbox 1264 4710 1319 4755; x_wconf 89' lang='lat' dir='ltr'><strong>et</strong></span> <span class='ocrx_word' id='word_1_692' title='bbox 1350 4704 1402 4757; x_wconf 91' lang='lat' dir='ltr'><strong>in</strong></span> <span class='ocrx_word' id='word_1_693' title='bbox 1436 4712 1601 4768; x_wconf 91' lang='lat' dir='ltr'><strong>terra,</strong></span> <span class='ocrx_word' id='word_1_694' title='bbox 1630 4714 1686 4758; x_wconf 88' lang='lat' dir='ltr'><strong>et</strong></span> <span class='ocrx_word' id='word_1_695' title='bbox 1711 4705 1762 4759; x_wconf 91' lang='lat' dir='ltr'><strong>in</strong></span> <span class='ocrx_word' id='word_1_696' title='bbox 1803 4707 1963 4766; x_wconf 89' lang='lat' dir='ltr'><strong>mari.</strong></span> <span class='ocrx_word' id='word_1_697' title='bbox 1992 4719 2047 4763; x_wconf 88' lang='lat' dir='ltr'><strong>et</strong></span> 
     </span>
    </p>
   </div>
   <div class='ocr_carea' id='block_1_94' title="bbox 474 4780 2046 4861">
    <p class='ocr_par' dir='ltr' id='par_1_94' title="bbox 474 4780 2046 4861">
     <span class='ocr_line' id='line_1_94' title="bbox 474 4780 2046 4861; baseline 0.014 -27"><span class='ocrx_word' id='word_1_698' title='bbox 474 4780 531 4835; x_wconf 93' lang='lat' dir='ltr'><strong>in</strong></span> <span class='ocrx_word' id='word_1_699' title='bbox 561 4783 695 4838; x_wconf 91' lang='lat' dir='ltr'><strong>orbe</strong></span> <span class='ocrx_word' id='word_1_700' title='bbox 720 4783 1021 4853; x_wconf 85' lang='lat' dir='ltr'><strong>babitabili,</strong></span> <span class='ocrx_word' id='word_1_701' title='bbox 1074 4798 1129 4845; x_wconf 89' lang='lat' dir='ltr'><strong>et</strong></span> <span class='ocrx_word' id='word_1_702' title='bbox 1160 4791 1211 4845; x_wconf 92' lang='lat' dir='ltr'><strong>in</strong></span> <span class='ocrx_word' id='word_1_703' title='bbox 1259 4793 1572 4861; x_wconf 90' lang='lat' dir='ltr'><strong>solitudine,</strong></span> <span class='ocrx_word' id='word_1_704' title='bbox 1609 4797 1824 4855; x_wconf 89' lang='lat' dir='ltr'><strong>divinus</strong></span> <span class='ocrx_word' id='word_1_705' title='bbox 1879 4800 2046 4857; x_wconf 85' lang='lat' dir='ltr'><strong>David</strong></span> 
     </span>
    </p>
   </div>
   <div class='ocr_carea' id='block_1_95' title="bbox 474 4874 1312 4943">
    <p class='ocr_par' dir='ltr' id='par_1_95' title="bbox 474 4874 1312 4943">
     <span class='ocr_line' id='line_1_95' title="bbox 474 4874 1312 4943; baseline 0.016 -17"><span class='ocrx_word' id='word_1_706' title='bbox 474 4887 571 4940; x_wconf 90' lang='lat' dir='ltr'><strong>per</strong></span> <span class='ocrx_word' id='word_1_707' title='bbox 605 4874 693 4943; x_wconf 87' lang='lat' dir='ltr'><strong>pia</strong></span> <span class='ocrx_word' id='word_1_708' title='bbox 720 4891 816 4931; x_wconf 88' lang='lat' dir='ltr'><strong>ora</strong></span> <span class='ocrx_word' id='word_1_709' title='bbox 846 4876 1013 4933; x_wconf 90' lang='lat' dir='ltr'><strong>Deum</strong></span> <span class='ocrx_word' id='word_1_710' title='bbox 1039 4880 1312 4941; x_wconf 87' lang='lat' dir='ltr'><strong>decantat.</strong></span> 
     </span>
    </p>
   </div>
   <div class='ocr_carea' id='block_1_96' title="bbox 542 5050 1030 5121">
    <p class='ocr_par' dir='ltr' id='par_1_96' title="bbox 542 5050 1030 5121">
     <span class='ocr_line' id='line_1_96' title="bbox 542 5050 1030 5121; baseline 0.018 -18"><span class='ocrx_word' id='word_1_711' title='bbox 542 5060 572 5103; x_wconf 74' lang='grc' dir='ltr'><strong>ιι</strong></span> <span class='ocrx_word' id='word_1_712' title='bbox 618 5050 820 5110; x_wconf 80' lang='lat' dir='ltr'><strong>Jerem.</strong></span> <span class='ocrx_word' id='word_1_713' title='bbox 852 5072 912 5121; x_wconf 82' lang='grc' dir='ltr'><strong>ιι,</strong></span> <span class='ocrx_word' id='word_1_714' title='bbox 941 5056 1030 5113; x_wconf 78' lang='lat' dir='ltr'><strong>2t.</strong></span> 
     </span>
    </p>
   </div>
   <div class='ocr_carea' id='block_1_97' title="bbox 2156 4695 3725 4768">
    <p class='ocr_par' dir='ltr' id='par_1_97' title="bbox 2156 4695 3725 4768">
     <span class='ocr_line' id='line_1_97' title="bbox 2156 4695 3725 4768; baseline -0.003 -16"><span class='ocrx_word' id='word_1_715' title='bbox 2156 4700 2363 4768; x_wconf 87' lang='grc' dir='ltr'>ἀγροῖς,</span> <span class='ocrx_word' id='word_1_716' title='bbox 2408 4697 2504 4751; x_wconf 73' lang='grc' dir='ltr'>καὶ</span> <span class='ocrx_word' id='word_1_717' title='bbox 2532 4698 2832 4767; x_wconf 83' lang='grc' dir='ltr'>ἐσχατιαῖς,</span> <span class='ocrx_word' id='word_1_718' title='bbox 2873 4698 2969 4749; x_wconf 69' lang='grc' dir='ltr'><strong>καλ⁸</strong></span> <span class='ocrx_word' id='word_1_719' title='bbox 3008 4695 3181 4766; x_wconf 80' lang='grc' dir='ltr'>ὗρεσι,</span> <span class='ocrx_word' id='word_1_720' title='bbox 3213 4696 3308 4749; x_wconf 79' lang='grc' dir='ltr'><strong>καὶ</strong></span> <span class='ocrx_word' id='word_1_721' title='bbox 3339 4695 3552 4767; x_wconf 85' lang='grc' dir='ltr'>βουνοῖς</span> <span class='ocrx_word' id='word_1_722' title='bbox 3577 4738 3591 4760; x_wconf 92' lang='grc'><strong>,</strong></span> <span class='ocrx_word' id='word_1_723' title='bbox 3633 4698 3725 4749; x_wconf 74' lang='grc' dir='ltr'><strong>καὶ</strong></span> 
     </span>
    </p>
   </div>
   <div class='ocr_carea' id='block_1_98' title="bbox 2154 4788 3723 4863">
    <p class='ocr_par' dir='ltr' id='par_1_98' title="bbox 2154 4788 3723 4863">
     <span class='ocr_line' id='line_1_98' title="bbox 2154 4788 3723 4863; baseline -0.004 -18"><span class='ocrx_word' id='word_1_724' title='bbox 2154 4794 2213 4845; x_wconf 87' lang='grc' dir='ltr'><strong>ἐν</strong></span> <span class='ocrx_word' id='word_1_725' title='bbox 2246 4795 2340 4863; x_wconf 80' lang='grc' dir='ltr'>γῇ,</span> <span class='ocrx_word' id='word_1_726' title='bbox 2398 4793 2492 4844; x_wconf 77' lang='grc' dir='ltr'>καὶ</span> <span class='ocrx_word' id='word_1_727' title='bbox 2540 4792 2597 4842; x_wconf 85' lang='grc' dir='ltr'><strong>ἐν</strong></span> <span class='ocrx_word' id='word_1_728' title='bbox 2635 4788 2874 4859; x_wconf 88' lang='grc' dir='ltr'>θαλάττη</span> <span class='ocrx_word' id='word_1_729' title='bbox 2899 4829 2914 4854; x_wconf 92' lang='grc'><strong>,</strong></span> <span class='ocrx_word' id='word_1_730' title='bbox 2967 4790 3065 4842; x_wconf 74' lang='grc' dir='ltr'><strong>καὶ</strong></span> <span class='ocrx_word' id='word_1_731' title='bbox 3095 4790 3155 4842; x_wconf 84' lang='grc' dir='ltr'><strong>ἐν</strong></span> <span class='ocrx_word' id='word_1_732' title='bbox 3183 4790 3505 4861; x_wconf 74' lang='grc' dir='ltr'>οἰκουμένῃ,</span> <span class='ocrx_word' id='word_1_733' title='bbox 3537 4790 3619 4842; x_wconf 73' lang='grc' dir='ltr'>καὶ</span> <span class='ocrx_word' id='word_1_734' title='bbox 3667 4790 3723 4840; x_wconf 80' lang='grc' dir='ltr'><strong>ἐν</strong></span> 
     </span>
    </p>
   </div>
   <div class='ocr_carea' id='block_1_99' title="bbox 2152 4880 3718 4954">
    <p class='ocr_par' dir='ltr' id='par_1_99' title="bbox 2152 4880 3718 4954">
     <span class='ocr_line' id='line_1_99' title="bbox 2152 4880 3718 4954; baseline -0.006 -14"><span class='ocrx_word' id='word_1_735' title='bbox 2152 4887 2413 4954; x_wconf 87' lang='grc' dir='ltr'>ἀοικήτῳ,</span> <span class='ocrx_word' id='word_1_736' title='bbox 2442 4883 2471 4934; x_wconf 92' lang='lat'><strong>6</strong></span> <span class='ocrx_word' id='word_1_737' title='bbox 2504 4880 2788 4944; x_wconf 84' lang='grc' dir='ltr'>θεσπέσιος</span> <span class='ocrx_word' id='word_1_738' title='bbox 2810 4882 2855 4912; x_wconf 76' lang='grc'><strong>⁸⁸</strong></span> <span class='ocrx_word' id='word_1_739' title='bbox 2889 4881 3052 4935; x_wconf 70' lang='grc' dir='ltr'>Δαϐὶδ</span> <span class='ocrx_word' id='word_1_740' title='bbox 3076 4882 3143 4935; x_wconf 81' lang='grc' dir='ltr'><strong>δι’</strong></span> <span class='ocrx_word' id='word_1_741' title='bbox 3166 4882 3410 4936; x_wconf 79' lang='grc' dir='ltr'>εὐσεϐῶν</span> <span class='ocrx_word' id='word_1_742' title='bbox 3439 4884 3718 4953; x_wconf 71' lang='grc' dir='ltr'>στομάτων</span> 
     </span>
    </p>
   </div>
   <div class='ocr_carea' id='block_1_100' title="bbox 2154 4975 2685 5043">
    <p class='ocr_par' dir='ltr' id='par_1_100' title="bbox 2154 4975 2685 5043">
     <span class='ocr_line' id='line_1_100' title="bbox 2154 4975 2685 5043; baseline -0.009 -14"><span class='ocrx_word' id='word_1_743' title='bbox 2154 4978 2246 5031; x_wconf 89' lang='grc' dir='ltr'><strong>τὸν</strong></span> <span class='ocrx_word' id='word_1_744' title='bbox 2281 4976 2416 5031; x_wconf 87' lang='grc' dir='ltr'>Θεὸν</span> <span class='ocrx_word' id='word_1_745' title='bbox 2438 4976 2537 5028; x_wconf 87' lang='grc' dir='ltr'><strong>ἀνυ</strong></span> <span class='ocrx_word' id='word_1_746' title='bbox 2545 4975 2685 5043; x_wconf 90' lang='grc' dir='ltr'>μνεῖ.</span> 
     </span>
    </p>
   </div>
   <div class='ocr_carea' id='block_1_101' title="bbox 1605 5126 2661 5189">
    <p class='ocr_par' dir='ltr' id='par_1_101' title="bbox 1605 5126 2661 5189">
     <span class='ocr_line' id='line_1_101' title="bbox 1605 5126 2661 5189; baseline -0.004 -4"><span class='ocrx_word' id='word_1_747' title='bbox 1605 5132 1839 5187; x_wconf 74' lang='grc' dir='ltr'><strong>νΑΒΙΑΞ</strong></span> <span class='ocrx_word' id='word_1_748' title='bbox 1880 5129 2266 5189; x_wconf 67' lang='lat' dir='ltr'><strong>LECTIONES</strong></span> <span class='ocrx_word' id='word_1_749' title='bbox 2304 5128 2390 5184; x_wconf 81' lang='lat' dir='ltr'><strong>ET</strong></span> <span class='ocrx_word' id='word_1_750' title='bbox 2426 5126 2661 5183; x_wconf 74' lang='lat' dir='ltr'><strong>NOTAE.</strong></span> 
     </span>
    </p>
   </div>
   <div class='ocr_carea' id='block_1_102' title="bbox 543 5237 2053 5316">
    <p class='ocr_par' dir='ltr' id='par_1_102' title="bbox 543 5237 2053 5316">
     <span class='ocr_line' id='line_1_102' title="bbox 543 5237 2053 5316; baseline 0.007 -26"><span class='ocrx_word' id='word_1_751' title='bbox 543 5237 591 5270; x_wconf 78' lang='grc'><strong>³⁸</strong></span> <span class='ocrx_word' id='word_1_752' title='bbox 624 5238 721 5293; x_wconf 80' lang='grc' dir='ltr'>Ἐκ</span> <span class='ocrx_word' id='word_1_753' title='bbox 743 5269 811 5281; x_wconf 93' lang='lat'><strong><em>—</em></strong></span> <span class='ocrx_word' id='word_1_754' title='bbox 833 5241 1113 5316; x_wconf 61' lang='grc' dir='ltr'>Χρισεοῦ.</span> <span class='ocrx_word' id='word_1_755' title='bbox 1150 5241 1274 5316; x_wconf 81' lang='lat' dir='ltr'><strong>Des.</strong></span> <span class='ocrx_word' id='word_1_756' title='bbox 1313 5245 1365 5316; x_wconf 76' lang='lat' dir='ltr'><strong>in</strong></span> <span class='ocrx_word' id='word_1_757' title='bbox 1401 5245 1523 5299; x_wconf 88' lang='lat' dir='ltr'><strong>cod.</strong></span> <span class='ocrx_word' id='word_1_758' title='bbox 1552 5244 1699 5316; x_wconf 86' lang='lat' dir='ltr'><strong>Flor.</strong></span> <span class='ocrx_word' id='word_1_759' title='bbox 1771 5246 1815 5278; x_wconf 87' lang='grc'><strong>³¹</strong></span> <span class='ocrx_word' id='word_1_760' title='bbox 1854 5247 2053 5316; x_wconf 66' lang='grc' dir='ltr'>Γράφε</span> 
     </span>
    </p>
   </div>
   <div class='ocr_carea' id='block_1_103' title="bbox 2164 5237 2545 5316">
    <p class='ocr_par' dir='ltr' id='par_1_103' title="bbox 2164 5243 2545 5316">
     <span class='ocr_line' id='line_1_103' title="bbox 2164 5243 2545 5316; baseline -0.008 -16"><span class='ocrx_word' id='word_1_761' title='bbox 2164 5266 2216 5311; x_wconf 90' lang='grc' dir='ltr'>ς.</span> <span class='ocrx_word' id='word_1_762' title='bbox 2242 5246 2365 5302; x_wconf 87' lang='lat' dir='ltr'><strong>cod.</strong></span> <span class='ocrx_word' id='word_1_763' title='bbox 2399 5243 2545 5316; x_wconf 68' lang='lat' dir='ltr'><strong>Flor.</strong></span> 
     </span>
    </p>
   </div>
   <div class='ocr_carea' id='block_1_104' title="bbox 2592 5241 3714 5313">
    <p class='ocr_par' dir='ltr' id='par_1_104' title="bbox 2592 5241 3714 5313">
     <span class='ocr_line' id='line_1_104' title="bbox 2592 5241 3714 5313; baseline -0.005 -16"><span class='ocrx_word' id='word_1_764' title='bbox 2592 5242 2878 5313; x_wconf 81' lang='grc' dir='ltr'>φανέντες.</span> <span class='ocrx_word' id='word_1_765' title='bbox 2954 5242 3000 5275; x_wconf 75' lang='grc'><strong>³⁸</strong></span> <span class='ocrx_word' id='word_1_766' title='bbox 3031 5241 3264 5311; x_wconf 76' lang='grc' dir='ltr'>Τρίϐογ.</span> <span class='ocrx_word' id='word_1_767' title='bbox 3298 5243 3423 5313; x_wconf 82' lang='lat' dir='ltr'><strong>cod.</strong></span> <span class='ocrx_word' id='word_1_768' title='bbox 3461 5244 3495 5297; x_wconf 90' lang='lat'><strong>2</strong></span> <span class='ocrx_word' id='word_1_769' title='bbox 3527 5244 3714 5296; x_wconf 58' lang='grc' dir='ltr'>πίστιν.</span> 
     </span>
    </p>
   </div>
   <div class='ocr_carea' id='block_1_105' title="bbox 471 5305 2053 5399">
    <p class='ocr_par' dir='ltr' id='par_1_105' title="bbox 471 5305 2032 5399">
     <span class='ocr_line' id='line_1_105' title="bbox 471 5305 2032 5399; baseline 0.008 -39"><span class='ocrx_word' id='word_1_770' title='bbox 471 5305 799 5399; x_wconf 51' lang='grc' dir='ltr'>ἔξαηῳιριιυε</span> <span class='ocrx_word' id='word_1_771' title='bbox 822 5305 1140 5399; x_wconf 56' lang='grc' dir='ltr'><strong>ιιιξιι..Ι·Ἲοι;.⁸</strong></span> <span class='ocrx_word' id='word_1_772' title='bbox 1176 5313 1261 5399; x_wconf 40' lang='grc'><strong>,³1</strong></span> <span class='ocrx_word' id='word_1_773' title='bbox 1280 5314 1465 5399; x_wconf 62' lang='lat' dir='ltr'><strong>opm,</strong></span> <span class='ocrx_word' id='word_1_774' title='bbox 1492 5333 1547 5370; x_wconf 91' lang='grc' dir='ltr'><strong>κ.</strong></span> <span class='ocrx_word' id='word_1_775' title='bbox 1581 5316 1631 5372; x_wconf 90' lang='grc' dir='ltr'><strong>λ.</strong></span> <span class='ocrx_word' id='word_1_776' title='bbox 1818 5318 1871 5372; x_wconf 92' lang='lat' dir='ltr'><strong>in</strong></span> <span class='ocrx_word' id='word_1_777' title='bbox 1898 5305 2032 5399; x_wconf 71' lang='grc' dir='ltr'>ὐοζι.</span> 
     </span>
    </p>
   </div>
   <div class='ocr_carea' id='block_1_106' title="bbox 2164 5305 3713 5399">
    <p class='ocr_par' dir='ltr' id='par_1_106' title="bbox 2164 5305 3713 5399">
     <span class='ocr_line' id='line_1_106' title="bbox 2164 5305 3713 5399; baseline -0.004 -28"><span class='ocrx_word' id='word_1_778' title='bbox 2164 5305 2225 5399; x_wconf 57' lang='grc' dir='ltr'>εὶ.</span> <span class='ocrx_word' id='word_1_779' title='bbox 2302 5316 2347 5348; x_wconf 65' lang='grc' dir='ltr'>ιι</span> <span class='ocrx_word' id='word_1_780' title='bbox 2382 5316 2452 5369; x_wconf 85' lang='lat' dir='ltr'>T6</span> <span class='ocrx_word' id='word_1_781' title='bbox 2475 5314 2543 5368; x_wconf 85' lang='grc' dir='ltr'><strong>δὲ</strong></span> <span class='ocrx_word' id='word_1_782' title='bbox 2574 5305 3091 5399; x_wconf 23' lang='grc' dir='ltr'><strong>-ζηξλέγχεικοράί</strong></span> <span class='ocrx_word' id='word_1_783' title='bbox 3120 5314 3156 5366; x_wconf 72' lang='lat'><strong>2</strong></span> <span class='ocrx_word' id='word_1_784' title='bbox 3202 5313 3353 5399; x_wconf 52' lang='grc' dir='ltr'>Ἐγὼ</span> <span class='ocrx_word' id='word_1_785' title='bbox 3373 5312 3460 5399; x_wconf 30' lang='grc' dir='ltr'><strong>,δέ</strong></span> <span class='ocrx_word' id='word_1_786' title='bbox 3480 5314 3713 5399; x_wconf 43' lang='lat' dir='ltr'><strong>gnava:</strong></span> 
     </span>
    </p>
   </div>
   <div class='ocr_carea' id='block_1_107' title="bbox 471 5379 2053 5459">
    <p class='ocr_par' dir='ltr' id='par_1_107' title="bbox 471 5379 2053 5459">
     <span class='ocr_line' id='line_1_107' title="bbox 471 5379 2053 5459; baseline 0.006 -27"><span class='ocrx_word' id='word_1_787' title='bbox 471 5379 517 5410; x_wconf 85' lang='grc'><strong>³⁸</strong></span> <span class='ocrx_word' id='word_1_788' title='bbox 540 5379 757 5459; x_wconf 66' lang='grc' dir='ltr'>Πᾶσινς.</span> <span class='ocrx_word' id='word_1_789' title='bbox 782 5384 906 5459; x_wconf 82' lang='lat' dir='ltr'><strong>cod.</strong></span> <span class='ocrx_word' id='word_1_790' title='bbox 924 5383 962 5459; x_wconf 76' lang='lat' dir='ltr'><strong>_i</strong></span> <span class='ocrx_word' id='word_1_791' title='bbox 996 5384 1147 5459; x_wconf 81' lang='lat' dir='ltr'><strong>addit</strong></span> <span class='ocrx_word' id='word_1_792' title='bbox 1165 5384 1492 5459; x_wconf 76' lang='grc' dir='ltr'>ἀνθρώποις,</span> <span class='ocrx_word' id='word_1_793' title='bbox 1520 5390 1740 5459; x_wconf 83' lang='lat' dir='ltr'><strong>punctis</strong></span> <span class='ocrx_word' id='word_1_794' title='bbox 1768 5399 1951 5443; x_wconf 90' lang='lat' dir='ltr'><strong>autem</strong></span> <span class='ocrx_word' id='word_1_795' title='bbox 1985 5388 2053 5441; x_wconf 91' lang='lat' dir='ltr'><strong>im</strong></span> 
     </span>
    </p>
   </div>
   <div class='ocr_carea' id='block_1_108' title="bbox 2164 5379 3717 5459">
    <p class='ocr_par' dir='ltr' id='par_1_108' title="bbox 2168 5379 3717 5459">
     <span class='ocr_line' id='line_1_108' title="bbox 2168 5379 3717 5459; baseline -0.003 -17"><span class='ocrx_word' id='word_1_796' title='bbox 2168 5389 2428 5459; x_wconf 67' lang='lat' dir='ltr'><strong>itis,_qu2</strong></span> <span class='ocrx_word' id='word_1_797' title='bbox 2458 5379 3448 5459; x_wconf 25' lang='grc' dir='ltr'>εοιϊεοιίοιιίἶὶηύίςίιιιηιρτπίκηικ</span> <span class='ocrx_word' id='word_1_798' title='bbox 3484 5386 3535 5459; x_wconf 61' lang='lat' dir='ltr'><em>ff</em></span> 
     </span>
    </p>
   </div>
   <div class='ocr_carea' id='block_1_109' title="bbox 461 5451 2053 5529">
    <p class='ocr_par' dir='ltr' id='par_1_109' title="bbox 461 5451 2053 5529">
     <span class='ocr_line' id='line_1_109' title="bbox 461 5451 2053 5529; baseline 0.006 -27"><span class='ocrx_word' id='word_1_799' title='bbox 461 5465 657 5529; x_wconf 59' lang='grc' dir='ltr'>έίενοι.</span> <span class='ocrx_word' id='word_1_800' title='bbox 687 5451 741 5529; x_wconf 83' lang='lat' dir='ltr'><strong>Id</strong></span> <span class='ocrx_word' id='word_1_801' title='bbox 776 5453 900 5529; x_wconf 75' lang='lat' dir='ltr'><strong>cod.</strong></span> <span class='ocrx_word' id='word_1_802' title='bbox 924 5455 957 5508; x_wconf 76' lang='grc'><strong>5</strong></span> <span class='ocrx_word' id='word_1_803' title='bbox 978 5455 1226 5529; x_wconf 74' lang='lat' dir='ltr'><strong>sequitur</strong></span> <span class='ocrx_word' id='word_1_804' title='bbox 1246 5451 1492 5529; x_wconf 70' lang='grc' dir='ltr'>ε’μᾷλλον</span> <span class='ocrx_word' id='word_1_805' title='bbox 1515 5451 1572 5529; x_wconf 78' lang='grc' dir='ltr'><strong>δέ</strong></span> <span class='ocrx_word' id='word_1_806' title='bbox 1600 5457 1669 5511; x_wconf 88' lang='grc' dir='ltr'><strong>τά</strong></span> <span class='ocrx_word' id='word_1_807' title='bbox 1694 5458 1961 5529; x_wconf 81' lang='grc' dir='ltr'>εἰρημένα</span> <span class='ocrx_word' id='word_1_808' title='bbox 1996 5459 2053 5511; x_wconf 83' lang='grc' dir='ltr'><strong>οὐ</strong></span> 
     </span>
    </p>
   </div>
   <div class='ocr_carea' id='block_1_110' title="bbox 2164 5451 2355 5529">
    <p class='ocr_par' dir='ltr' id='par_1_110' title="bbox 2164 5451 2355 5511">
     <span class='ocr_line' id='line_1_110' title="bbox 2164 5451 2355 5511; baseline 0 0"><span class='ocrx_word' id='word_1_809' title='bbox 2164 5481 2169 5505; x_wconf 71' lang='grc' dir='ltr'><strong>ι</strong></span> <span class='ocrx_word' id='word_1_810' title='bbox 2190 5451 2355 5511; x_wconf 69' lang='grc' dir='ltr'><strong>Δαῦὶδ</strong></span> 
     </span>
    </p>
   </div>
   <div class='ocr_carea' id='block_1_111' title="bbox 1010 5526 2612 5597">
    <p class='ocr_par' dir='ltr' id='par_1_111' title="bbox 1010 5526 2612 5597">
     <span class='ocr_line' id='line_1_111' title="bbox 1010 5526 2612 5597; baseline 0.001 -19"><span class='ocrx_word' id='word_1_811' title='bbox 1010 5540 1132 5597; x_wconf 57' lang='lat' dir='ltr'><strong>qua;</strong></span> <span class='ocrx_word' id='word_1_812' title='bbox 1156 5526 1224 5597; x_wconf 76' lang='lat' dir='ltr'><strong>ad</strong></span> <span class='ocrx_word' id='word_1_813' title='bbox 1256 5541 1307 5580; x_wconf 91' lang='lat' dir='ltr'><strong>v.</strong></span> <span class='ocrx_word' id='word_1_814' title='bbox 1338 5528 1427 5593; x_wconf 72' lang='grc' dir='ltr'><strong>ιι,</strong></span> <span class='ocrx_word' id='word_1_815' title='bbox 1457 5543 1487 5581; x_wconf 90' lang='lat' dir='ltr'><strong>a</strong></span> <span class='ocrx_word' id='word_1_816' title='bbox 1524 5526 2021 5585; x_wconf 42' lang='lat' dir='ltr'><strong>Simonilo’relata</strong></span> <span class='ocrx_word' id='word_1_817' title='bbox 2057 5526 2228 5584; x_wconf 83' lang='lat' dir='ltr'><strong>sunt:</strong></span> <span class='ocrx_word' id='word_1_818' title='bbox 2253 5529 2327 5582; x_wconf 80' lang='grc' dir='ltr'>Οὐ</span> <span class='ocrx_word' id='word_1_819' title='bbox 2350 5526 2459 5597; x_wconf 84' lang='grc' dir='ltr'>γὰρ</span> <span class='ocrx_word' id='word_1_820' title='bbox 2487 5527 2612 5595; x_wconf 82' lang='grc' dir='ltr'>ῖσμε</span> 
     </span>
    </p>
   </div>
   <div class='ocr_carea' id='block_1_112' title="bbox 468 5519 975 5592">
    <p class='ocr_par' dir='ltr' id='par_1_112' title="bbox 468 5519 975 5592">
     <span class='ocr_line' id='line_1_112' title="bbox 468 5519 975 5592; baseline 0.01 -19"><span class='ocrx_word' id='word_1_821' title='bbox 468 5519 595 5592; x_wconf 65' lang='lat' dir='ltr'><strong>Haec</strong></span> <span class='ocrx_word' id='word_1_822' title='bbox 614 5523 893 5592; x_wconf 77' lang='lat' dir='ltr'><strong>excipiunt</strong></span> <span class='ocrx_word' id='word_1_823' title='bbox 914 5541 975 5578; x_wconf 87' lang='lat' dir='ltr'><strong>ea</strong></span> 
     </span>
    </p>
   </div>
   <div class='ocr_carea' id='block_1_113' title="bbox 2413 5452 3706 5527">
    <p class='ocr_par' dir='ltr' id='par_1_113' title="bbox 2413 5452 3706 5527">
     <span class='ocr_line' id='line_1_113' title="bbox 2413 5452 3706 5527; baseline -0.004 -18"><span class='ocrx_word' id='word_1_824' title='bbox 2413 5472 2510 5525; x_wconf 87' lang='lat' dir='ltr'><strong>pro</strong></span> <span class='ocrx_word' id='word_1_825' title='bbox 2544 5456 2799 5527; x_wconf 82' lang='grc' dir='ltr'>ἁρμόσει,</span> <span class='ocrx_word' id='word_1_826' title='bbox 2837 5466 2895 5511; x_wconf 89' lang='lat' dir='ltr'><strong>ut</strong></span> <span class='ocrx_word' id='word_1_827' title='bbox 2915 5452 3175 5527; x_wconf 56' lang='lat' dir='ltr'><strong>videtur),</strong></span> <span class='ocrx_word' id='word_1_828' title='bbox 3206 5455 3344 5527; x_wconf 80' lang='grc' dir='ltr'><strong>ἀλλά</strong></span> <span class='ocrx_word' id='word_1_829' title='bbox 3380 5457 3461 5524; x_wconf 84' lang='grc' dir='ltr'><strong>τῷ</strong></span> <span class='ocrx_word' id='word_1_830' title='bbox 3480 5452 3706 5527; x_wconf 80' lang='grc' dir='ltr'>Χριστῶ.</span> 
     </span>
    </p>
   </div>
   <div class='ocr_carea' id='block_1_114' title="bbox 2617 5524 3705 5591">
    <p class='ocr_par' dir='ltr' id='par_1_114' title="bbox 2617 5524 3705 5591">
     <span class='ocr_line' id='line_1_114' title="bbox 2617 5524 3705 5591; baseline -0.004 -14"><span class='ocrx_word' id='word_1_831' title='bbox 2617 5524 2643 5578; x_wconf 84' lang='grc' dir='ltr'><strong>ν</strong></span> <span class='ocrx_word' id='word_1_832' title='bbox 2681 5526 2771 5580; x_wconf 83' lang='grc' dir='ltr'><strong>τὸν</strong></span> <span class='ocrx_word' id='word_1_833' title='bbox 2817 5526 3001 5591; x_wconf 73' lang='grc' dir='ltr'>Δαϐὶδ,</span> <span class='ocrx_word' id='word_1_834' title='bbox 3034 5543 3088 5578; x_wconf 87' lang='grc' dir='ltr'><strong>κ.</strong></span> <span class='ocrx_word' id='word_1_835' title='bbox 3120 5524 3171 5578; x_wconf 84' lang='grc' dir='ltr'><strong>λ.</strong></span> <span class='ocrx_word' id='word_1_836' title='bbox 3248 5524 3293 5556; x_wconf 86' lang='grc'>³⁷</span> <span class='ocrx_word' id='word_1_837' title='bbox 3320 5527 3474 5579; x_wconf 77' lang='lat' dir='ltr'><strong>Man.</strong></span> <span class='ocrx_word' id='word_1_838' title='bbox 3501 5526 3652 5579; x_wconf 59' lang='lat' dir='ltr'><strong>Abt-st</strong></span> <span class='ocrx_word' id='word_1_839' title='bbox 3675 5540 3705 5574; x_wconf 69' lang='grc' dir='ltr'><strong>α</strong></span> 
     </span>
    </p>
   </div>
   <div class='ocr_carea' id='block_1_115' title="bbox 468 5590 2053 5665">
    <p class='ocr_par' dir='ltr' id='par_1_115' title="bbox 468 5590 2039 5665">
     <span class='ocr_line' id='line_1_115' title="bbox 468 5590 2039 5665; baseline 0.006 -21"><span class='ocrx_word' id='word_1_840' title='bbox 468 5590 589 5665; x_wconf 70' lang='lat' dir='ltr'><strong>cod.</strong></span> <span class='ocrx_word' id='word_1_841' title='bbox 620 5591 673 5665; x_wconf 67' lang='lat' dir='ltr'><strong>i,</strong></span> <span class='ocrx_word' id='word_1_842' title='bbox 703 5590 759 5647; x_wconf 72' lang='lat'><strong>2.</strong></span> <span class='ocrx_word' id='word_1_843' title='bbox 810 5595 881 5665; x_wconf 10' lang='lat'><strong>7&quot;</strong></span> <span class='ocrx_word' id='word_1_844' title='bbox 914 5590 1158 5649; x_wconf 78' lang='lat' dir='ltr'><strong>Td.cod.</strong></span> <span class='ocrx_word' id='word_1_845' title='bbox 1188 5590 1425 5665; x_wconf 59' lang='lat' dir='ltr'><strong>2praam.</strong></span> <span class='ocrx_word' id='word_1_846' title='bbox 1450 5599 1563 5654; x_wconf 87' lang='grc' dir='ltr'>καί.</span> <span class='ocrx_word' id='word_1_847' title='bbox 1640 5599 1686 5631; x_wconf 72' lang='grc'><strong>³³</strong></span> <span class='ocrx_word' id='word_1_848' title='bbox 1710 5600 1842 5655; x_wconf 81' lang='grc' dir='ltr'>Καί.</span> <span class='ocrx_word' id='word_1_849' title='bbox 1867 5599 2039 5655; x_wconf 78' lang='lat' dir='ltr'><strong>Abest</strong></span> 
     </span>
    </p>
   </div>
   <div class='ocr_carea' id='block_1_116' title="bbox 2164 5590 3699 5665">
    <p class='ocr_par' dir='ltr' id='par_1_116' title="bbox 2164 5590 3699 5665">
     <span class='ocr_line' id='line_1_116' title="bbox 2164 5590 3699 5665; baseline -0.003 -16"><span class='ocrx_word' id='word_1_850' title='bbox 2164 5600 2246 5653; x_wconf 78' lang='lat' dir='ltr'><strong>nd.</strong></span> <span class='ocrx_word' id='word_1_851' title='bbox 2274 5599 2325 5651; x_wconf 81' lang='grc'>1.</span> <span class='ocrx_word' id='word_1_852' title='bbox 2361 5590 2374 5596; x_wconf 69' lang='grc'><em>’</em></span> <span class='ocrx_word' id='word_1_853' title='bbox 2403 5590 2451 5628; x_wconf 55' lang='grc' dir='ltr'><strong>ιδ</strong></span> <span class='ocrx_word' id='word_1_854' title='bbox 2485 5590 2784 5653; x_wconf 83' lang='grc' dir='ltr'>Ἶὸυδαῖυι.</span> <span class='ocrx_word' id='word_1_855' title='bbox 2819 5590 3035 5651; x_wconf 86' lang='lat' dir='ltr'><strong>Abesta</strong></span> <span class='ocrx_word' id='word_1_856' title='bbox 3060 5596 3182 5650; x_wconf 88' lang='lat' dir='ltr'><strong>cod.</strong></span> <span class='ocrx_word' id='word_1_857' title='bbox 3213 5595 3268 5649; x_wconf 89' lang='lat'><strong>2.</strong></span> <span class='ocrx_word' id='word_1_858' title='bbox 3316 5595 3393 5665; x_wconf 42' lang='grc' dir='ltr'><strong>ᾖε</strong></span> <span class='ocrx_word' id='word_1_859' title='bbox 3415 5595 3556 5665; x_wconf 81' lang='grc' dir='ltr'>Μοῦ.</span> <span class='ocrx_word' id='word_1_860' title='bbox 3583 5592 3699 5649; x_wconf 79' lang='lat' dir='ltr'><strong>Des.</strong></span> 
     </span>
    </p>
   </div>
   <div class='ocr_carea' id='block_1_117' title="bbox 469 5660 1497 5725">
    <p class='ocr_par' dir='ltr' id='par_1_117' title="bbox 469 5660 1497 5725">
     <span class='ocr_line' id='line_1_117' title="bbox 469 5660 1497 5725; baseline 0.008 -12"><span class='ocrx_word' id='word_1_861' title='bbox 469 5660 523 5713; x_wconf 88' lang='lat' dir='ltr'><strong>in</strong></span> <span class='ocrx_word' id='word_1_862' title='bbox 546 5663 672 5715; x_wconf 88' lang='lat' dir='ltr'><strong>cod.</strong></span> <span class='ocrx_word' id='word_1_863' title='bbox 698 5665 751 5725; x_wconf 75' lang='grc'>1,</span> <span class='ocrx_word' id='word_1_864' title='bbox 794 5664 849 5718; x_wconf 91' lang='lat'><strong>2.</strong></span> <span class='ocrx_word' id='word_1_865' title='bbox 954 5666 999 5697; x_wconf 76' lang='lat'>“</span> <span class='ocrx_word' id='word_1_866' title='bbox 1041 5666 1193 5721; x_wconf 81' lang='grc' dir='ltr'>’Υπ’.</span> <span class='ocrx_word' id='word_1_867' title='bbox 1228 5660 1354 5721; x_wconf 78' lang='lat' dir='ltr'><strong>cod.</strong></span> <span class='ocrx_word' id='word_1_868' title='bbox 1387 5669 1497 5721; x_wconf 82' lang='grc' dir='ltr'>ἐπ’.</span> 
     </span>
    </p>
   </div>
   <div class='ocr_carea' id='block_1_118' title="bbox 1594 5663 2053 5739">
    <p class='ocr_par' dir='ltr' id='par_1_118' title="bbox 1594 5669 2053 5739">
     <span class='ocr_line' id='line_1_118' title="bbox 1594 5669 2053 5739; baseline -0.004 -14"><span class='ocrx_word' id='word_1_869' title='bbox 1594 5669 1641 5701; x_wconf 74' lang='grc'><strong><em>⁸⁸</em></strong></span> <span class='ocrx_word' id='word_1_870' title='bbox 1662 5672 1795 5725; x_wconf 82' lang='grc' dir='ltr'><strong>Μου</strong></span> <span class='ocrx_word' id='word_1_871' title='bbox 1826 5671 2053 5739; x_wconf 53' lang='lat' dir='ltr'><strong>ciper</strong></span> 
     </span>
    </p>
   </div>
   <div class='ocr_carea' id='block_1_119' title="bbox 2164 5663 3698 5739">
    <p class='ocr_par' dir='ltr' id='par_1_119' title="bbox 2164 5663 3698 5739">
     <span class='ocr_line' id='line_1_119' title="bbox 2164 5663 3698 5739; baseline -0.006 -14"><span class='ocrx_word' id='word_1_872' title='bbox 2164 5670 2313 5725; x_wconf 63' lang='lat' dir='ltr'><strong>lbest</strong></span> <span class='ocrx_word' id='word_1_873' title='bbox 2337 5685 2366 5722; x_wconf 78' lang='grc' dir='ltr'><strong>ιι</strong></span> <span class='ocrx_word' id='word_1_874' title='bbox 2402 5670 2521 5722; x_wconf 89' lang='lat' dir='ltr'><strong>cod.</strong></span> <span class='ocrx_word' id='word_1_875' title='bbox 2554 5666 2727 5739; x_wconf 81' lang='lat' dir='ltr'><strong>Vatic.</strong></span> <span class='ocrx_word' id='word_1_876' title='bbox 2759 5665 2961 5739; x_wconf 85' lang='lat' dir='ltr'><strong>Vocem</strong></span> <span class='ocrx_word' id='word_1_877' title='bbox 2984 5667 3218 5739; x_wconf 69' lang='grc' dir='ltr'>ὀργίλων</span> <span class='ocrx_word' id='word_1_878' title='bbox 3256 5682 3285 5719; x_wconf 91' lang='lat' dir='ltr'><strong>a</strong></span> <span class='ocrx_word' id='word_1_879' title='bbox 3306 5663 3698 5739; x_wconf 30' lang='lat' dir='ltr'><strong>ALXXAinterpr.</strong></span> 
     </span>
    </p>
   </div>
   <div class='ocr_carea' id='block_1_120' title="bbox 468 5731 3695 5812">
    <p class='ocr_par' dir='ltr' id='par_1_120' title="bbox 468 5731 3695 5812">
     <span class='ocr_line' id='line_1_120' title="bbox 468 5731 3695 5812; baseline -0.001 -23"><span class='ocrx_word' id='word_1_880' title='bbox 468 5731 707 5812; x_wconf 50' lang='lat' dir='ltr'><strong>additam</strong></span> <span class='ocrx_word' id='word_1_881' title='bbox 734 5750 854 5790; x_wconf 87' lang='lat' dir='ltr'><strong>esse</strong></span> <span class='ocrx_word' id='word_1_882' title='bbox 878 5736 989 5804; x_wconf 82' lang='lat' dir='ltr'><strong>jam</strong></span> <span class='ocrx_word' id='word_1_883' title='bbox 1023 5736 1485 5812; x_wconf 82' lang='lat' dir='ltr'><strong>monu_it__llieron.</strong></span> <span class='ocrx_word' id='word_1_884' title='bbox 1521 5740 1573 5795; x_wconf 90' lang='lat' dir='ltr'><strong>in</strong></span> <span class='ocrx_word' id='word_1_885' title='bbox 1613 5740 1781 5812; x_wconf 84' lang='lat' dir='ltr'><strong>Epist.</strong></span> <span class='ocrx_word' id='word_1_886' title='bbox 1813 5731 1882 5796; x_wconf 80' lang='lat' dir='ltr'><strong>ad</strong></span> <span class='ocrx_word' id='word_1_887' title='bbox 1907 5731 2047 5795; x_wconf 74' lang='lat' dir='ltr'><strong>Sun.</strong></span> <span class='ocrx_word' id='word_1_888' title='bbox 2069 5752 2125 5796; x_wconf 91' lang='lat' dir='ltr'><strong>et</strong></span> <span class='ocrx_word' id='word_1_889' title='bbox 2153 5740 2299 5795; x_wconf 87' lang='lat' dir='ltr'><strong>Fret.</strong></span> <span class='ocrx_word' id='word_1_890' title='bbox 2375 5740 2417 5812; x_wconf 55' lang='lat' dir='ltr'><strong>‘f</strong></span> <span class='ocrx_word' id='word_1_891' title='bbox 2453 5739 2585 5793; x_wconf 80' lang='lat' dir='ltr'><strong>Kal.</strong></span> <span class='ocrx_word' id='word_1_892' title='bbox 2613 5738 2780 5812; x_wconf 76' lang='lat' dir='ltr'><strong>Abest</strong></span> <span class='ocrx_word' id='word_1_893' title='bbox 2812 5754 2840 5791; x_wconf 93' lang='lat' dir='ltr'><strong>a</strong></span> <span class='ocrx_word' id='word_1_894' title='bbox 2866 5738 2988 5812; x_wconf 86' lang='lat' dir='ltr'><strong>cod.</strong></span> <span class='ocrx_word' id='word_1_895' title='bbox 3018 5731 3073 5790; x_wconf 62' lang='grc' dir='ltr'><strong>ἓξ</strong></span> <span class='ocrx_word' id='word_1_896' title='bbox 3101 5809 3110 5812; x_wconf 86' lang='lat'>_</span> <span class='ocrx_word' id='word_1_897' title='bbox 3149 5735 3193 5767; x_wconf 80' lang='lat'><strong>&quot;’</strong></span> <span class='ocrx_word' id='word_1_898' title='bbox 3219 5735 3342 5790; x_wconf 84' lang='lat' dir='ltr'><strong>cod.</strong></span> <span class='ocrx_word' id='word_1_899' title='bbox 3385 5738 3432 5812; x_wconf 64' lang='grc' dir='ltr'><strong>τ,</strong></span> <span class='ocrx_word' id='word_1_900' title='bbox 3461 5732 3695 5812; x_wconf 29' lang='grc' dir='ltr'>ἓᾳρὗαι.</span> 
     </span>
    </p>
   </div>
   <div class='ocr_carea' id='block_1_121' title="bbox 471 5801 1082 5875">
    <p class='ocr_par' dir='ltr' id='par_1_121' title="bbox 471 5801 1082 5875">
     <span class='ocr_line' id='line_1_121' title="bbox 471 5801 1082 5875; baseline 0.011 -24"><span class='ocrx_word' id='word_1_901' title='bbox 471 5801 527 5875; x_wconf 36' lang='grc'><strong>⁸⁸-</strong></span> <span class='ocrx_word' id='word_1_902' title='bbox 547 5802 671 5856; x_wconf 81' lang='lat' dir='ltr'><strong>cod.</strong></span> <span class='ocrx_word' id='word_1_903' title='bbox 704 5801 929 5874; x_wconf 80' lang='lat' dir='ltr'><strong>uterque</strong></span> <span class='ocrx_word' id='word_1_904' title='bbox 971 5824 1082 5875; x_wconf 92' lang='grc' dir='ltr'>μοι.</span> 
     </span>
    </p>
   </div>
   <div class='ocr_carea' id='block_1_122' title="bbox 467 5871 1574 5947">
    <p class='ocr_par' dir='ltr' id='par_1_122' title="bbox 467 5871 1574 5947">
     <span class='ocr_line' id='line_1_122' title="bbox 467 5871 1574 5947; baseline 0.01 -23"><span class='ocrx_word' id='word_1_905' title='bbox 467 5871 653 5927; x_wconf 85' lang='grc' dir='ltr'>τόπον.</span> <span class='ocrx_word' id='word_1_906' title='bbox 731 5875 777 5907; x_wconf 87' lang='grc'><strong><em>³⁹</em></strong></span> <span class='ocrx_word' id='word_1_907' title='bbox 802 5871 1155 5944; x_wconf 67' lang='grc' dir='ltr'>Θεσπέσιος.</span> <span class='ocrx_word' id='word_1_908' title='bbox 1196 5880 1316 5935; x_wconf 89' lang='lat' dir='ltr'><strong>cod.</strong></span> <span class='ocrx_word' id='word_1_909' title='bbox 1347 5881 1381 5932; x_wconf 82' lang='lat'><strong>2</strong></span> <span class='ocrx_word' id='word_1_910' title='bbox 1416 5879 1574 5947; x_wconf 82' lang='grc' dir='ltr'>θεῖος.</span> 
     </span>
    </p>
   </div>
   <div class='ocr_carea' id='block_1_123' title="bbox 1157 5808 2588 5880">
    <p class='ocr_par' dir='ltr' id='par_1_123' title="bbox 1157 5808 2588 5880">
     <span class='ocr_line' id='line_1_123' title="bbox 1157 5808 2588 5880; baseline 0.017 -22"><span class='ocrx_word' id='word_1_911' title='bbox 1157 5808 1200 5838; x_wconf 70' lang='grc'><strong>⁸⁷</strong></span> <span class='ocrx_word' id='word_1_912' title='bbox 1241 5808 1368 5861; x_wconf 87' lang='grc' dir='ltr'>Ὅν.</span> <span class='ocrx_word' id='word_1_913' title='bbox 1398 5810 1564 5880; x_wconf 81' lang='lat' dir='ltr'><strong>Abest</strong></span> <span class='ocrx_word' id='word_1_914' title='bbox 1599 5826 1629 5867; x_wconf 83' lang='lat' dir='ltr'><strong>a</strong></span> <span class='ocrx_word' id='word_1_915' title='bbox 1656 5808 1783 5869; x_wconf 73' lang='lat' dir='ltr'><strong>cod.</strong></span> <span class='ocrx_word' id='word_1_916' title='bbox 1822 5813 1876 5867; x_wconf 84' lang='lat'><strong>2.</strong></span> <span class='ocrx_word' id='word_1_917' title='bbox 1955 5813 1999 5845; x_wconf 66' lang='grc'><strong>⁸⁸</strong></span> <span class='ocrx_word' id='word_1_918' title='bbox 2028 5815 2147 5869; x_wconf 82' lang='lat' dir='ltr'><strong>cod.</strong></span> <span class='ocrx_word' id='word_1_919' title='bbox 2188 5812 2241 5877; x_wconf 73' lang='grc'><strong>2,</strong></span> <span class='ocrx_word' id='word_1_920' title='bbox 2292 5809 2588 5880; x_wconf 68' lang='grc' dir='ltr'>ἀπόφηνον·</span> 
     </span>
    </p>
   </div>
   <div class='ocr_carea' id='block_1_124' title="bbox 2687 5804 3697 5876">
    <p class='ocr_par' dir='ltr' id='par_1_124' title="bbox 2687 5804 3697 5876">
     <span class='ocr_line' id='line_1_124' title="bbox 2687 5804 3697 5876; baseline -0.008 -12"><span class='ocrx_word' id='word_1_921' title='bbox 2687 5809 2731 5840; x_wconf 64' lang='grc' dir='ltr'><strong>δ’</strong></span> <span class='ocrx_word' id='word_1_922' title='bbox 2761 5809 2924 5863; x_wconf 80' lang='grc' dir='ltr'>Κατὰ</span> <span class='ocrx_word' id='word_1_923' title='bbox 2951 5839 3017 5851; x_wconf 89' lang='grc'><strong><em>-</em></strong></span> <span class='ocrx_word' id='word_1_924' title='bbox 3056 5809 3287 5876; x_wconf 74' lang='grc' dir='ltr'>οἱκοινμ.</span> <span class='ocrx_word' id='word_1_925' title='bbox 3329 5806 3445 5862; x_wconf 87' lang='lat' dir='ltr'><strong>cod.</strong></span> <span class='ocrx_word' id='word_1_926' title='bbox 3494 5804 3525 5859; x_wconf 67' lang='grc' dir='ltr'><strong>*Ξ</strong></span> <span class='ocrx_word' id='word_1_927' title='bbox 3560 5808 3697 5856; x_wconf 71' lang='grc' dir='ltr'>κατα</span> 
     </span>
    </p>
   </div>
  </div>
