3850 6534
149 399 251 465 389

1500 410 1582 471 IN
1612 410 1817 471 PSAL.
1850 409 2069 471 XVIII.

3291 420 3401 487 990

213 527 314 574 va’.
355 538 375 571 ι
426 521 765 591 Μεγαλύνων
815 527 915 589 τὰς
969 526 1246 597 σωτηρίας
1285 524 1381 580 τοῦ
1437 525 1729 597 βασιλέως,

1905 525 2072 583 Vens.
2108 525 2195 581 5|.
2233 544 2252 579 ι
2282 524 2642 597 Magniﬁcans
2674 523 2881 583 salutes
2915 527 3081 599 regis,
3110 537 3165 585 et
3195 529 3401 588 faciens

145 613 241 668 καὶ
276 613 453 667 ποιῶν
483 614 634 678 ἔλεος
674 614 750 686 τῷ
800 617 1010 689 χριστῷ
1060 619 1225 673 αὑτοῦ
1255 658 1272 684 ,
1307 618 1387 692 τῷ
1433 618 1599 673 Δαϐὶδ
1631 620 1723 673 καὶ

147 704 222 775 τῷ
267 706 555 777 σπέρματι
604 708 770 762 αὐτοῦ
820 710 926 774 ἓως
966 710 1183 774 αἰῶνος.
1223 731 1243 764 ι
1278 712 1351 766 Σύ
1395 713 1439 745 ⁸¹
1488 730 1557 782 με
1610 713 1722 783 γὰρ

146 798 339 867 χρίσας
382 802 463 864 είς
490 800 733 873 βασιλέα,
756 803 817 856 οὐ
846 804 1005 874 μόνον
1033 804 1251 870 σώζεις,
1281 804 1419 860 ἀλλὰ
1441 805 1536 859 καὶ
1570 806 1725 876 περίο

146 890 378 943 δλεπτον
425 891 750 961 ἀποφαίνεις
774 910 789 924 ·
831 894 1039 966 ταύτης
1076 895 1134 949 δὲ
1170 895 1274 965 τῆς
1318 895 1578 968 προνοίας
1623 896 1724 948 ούκ

146 982 245 1048 ius
290 982 477 1050 μόνον,
529 984 666 1039 ἀλλὰ
690 987 941 1050 καὶτοὺς
979 988 1148 1059 ἐμοὺς
1191 986 1446 1053 ἀξιώσεις
1488 987 1721 1052 παῖδας·

143 1072 281 1127 ἀλλὰ
303 1074 403 1126 καὶ
420 1075 527 1139 ἓως
564 1075 758 1141 αἰῶνος
786 1077 864 1148 τῷ
885 1078 1160 1150 σπέρματί
1194 1096 1293 1149 μου
1332 1077 1590 1149 φυλάξεις
1616 1079 1718 1150 τὴν

146 1166 532 1235 περιφάνειαν.
575 1168 746 1224 Τοῦτο
776 1170 833 1224 δὲ
862 1172 907 1203 ⁸³
944 1170 1253 1236 Ἰουδαϊκῶς
1279 1172 1380 1243 μὲν
1411 1170 1721 1242 νοούμενον,

146 1256 245 1326 τὴν
270 1260 618 1330 προφητείαν
660 1261 895 1333 ἐλέγχει.
941 1263 1121 1334 Μέχρι
1150 1264 1261 1334 γὰρ
1298 1264 1400 1333 τῆς
1442 1264 1723 1334 αἰχμαλω-

150 1350 269 1413 σίας
318 1350 418 1404 τοῦ
467 1351 633 1406 Δασὶδ
680 1355 741 1406 τὸ
766 1355 923 1424 γένος
954 1358 1035 1419 είς
1072 1356 1353 1426 βασιλείαν
1398 1355 1720 1426 διήρκεσεν·

154 1442 290 1510 μετὰ
338 1442 398 1496 δὲ
437 1445 539 1515 τὴν
593 1444 805 1502 ἐκεῖθεν
864 1446 1147 1512 ἐπάνοδον,
1205 1447 1365 1518 μόνος
1419 1446 1725 1517 Ζοροϐάϐελ

152 1535 557 1605 ἡγεμονεύσας,
592 1537 690 1607 τῆς
728 1538 1030 1608 ἡγεμονίας
1065 1540 1125 1592 ού
1160 1538 1420 1593 κατέλιπε
1467 1537 1726 1609 κληρονὸ-

155 1642 306 1694 μους.
365 1627 427 1680 Εἰ
460 1627 644 1681 τοίνυν
689 1629 896 1701 ἀληθὴς
949 1632 982 1701 ἡ
1033 1632 1359 1702 προφητεία,
1416 1632 1603 1703 ῶσπερ
1633 1627 1725 1686 οὖν

152 1716 359 1787 ἀληθής
396 1736 412 1750 ·
462 1718 523 1771 τὺ
569 1718 679 1791 γάρ
731 1723 831 1791 τῆς
881 1720 1140 1793 ἀληθείας
1186 1723 1357 1794 αὐτὴν
1410 1724 1724 1794 ἁπεκάλυψε

154 1808 374 1879 πνεῦμα
396 1827 410 1840 ο
445 1811 691 1867 λείπεται
713 1812 759 1844 ⁵³
788 1815 927 1866 νοεῖν
963 1815 1026 1866 τὸ
1067 1815 1288 1885 σπέρμα
1317 1814 1410 1869 τοῦ
1449 1816 1632 1879 Δαὸὶδ,
1664 1817 1724 1868 τὸ

152 1900 376 1958 αἰώνιον
412 1902 545 1971 ἔχον.
572 1903 671 1973 τὴν
699 1905 1090 1975 περιφάνειαν,
1136 1907 1228 1961 τὸν
1269 1908 1332 1960 ἐκ
1367 1906 1531 1961 ΔαΕὶδ
1581 1908 1723 1961 κατὰ
1756 1894 1798 1948 Β

155 1991 337 2061 σάρκα
426 1992 760 2063 γεννηθέντα
838 1996 1118 2067 Δεσπότην
1191 1997 1456 2069 Χριστὸν,
1520 1997 1735 2052 αἰώνιον

152 2082 347 2153 ἔχοντα
382 2084 662 2154 βασιλείαν
701 2087 798 2142 καὶ
823 2087 983 2152 δόξαν
1005 2105 1019 2117 ·
1060 2088 1154 2142 καὶ
1187 2089 1378 2159 ἔχοντα
1406 2090 1507 2161 μὲν
1532 2092 1736 2164 ταύτην

155 2177 258 2247 πρὸ
302 2176 417 2237 τῶν
472 2179 704 2244 αἰώνων,
734 2178 810 2243 ὡς
865 2181 1100 2252 ποιητὴν
1144 2188 1239 2235 καὶ
1269 2182 1437 2236 Θεόνο
1475 2184 1737 2255 εἰληφότα

152 2269 211 2322 δὲ
251 2270 422 2324 πάλιν
462 2270 537 2335 ὡς
582 2271 892 2342 ἄνθρωπον,
934 2273 1028 2327 ἐπὶ
1068 2273 1299 2345 ἐσχάτου
1340 2275 1447 2327 τῶν
1479 2275 1733 2347 ἡμερῶν

154 2360 237 2414 διὸ
293 2361 373 2432 δὴ
414 2363 512 2417 καὶ
568 2362 658 2416 διά
708 2364 802 2418 τοῦ
852 2364 1143 2419 Θεσπεσίου
1178 2364 1226 2397 ⁸⁸
1262 2365 1519 2433 Ἱεζεκιὴλ
1562 2370 1590 2421 ὁ
1628 2369 1737 2423 τῶν

156 2454 294 2507 ὅλων
346 2454 455 2525 ἔφη
491 2454 653 2519 Θεός·
691 2475 710 2507 ι
759 2454 928 2510 Δώσω
968 2457 1150 2522 αὐτοῖς
1192 2458 1357 2513 Δαϐὶδ
1390 2459 1483 2512 τὸν
1517 2459 1740 2530 βασιλέα

159 2548 371 2605 αὐτῶν.
407 2567 427 2600 ι
475 2550 585 2603 Καὶ
618 2549 781 2607 πάλιν
804 2566 818 2579 °
863 2568 883 2603 ι
929 2551 1041 2604 Καὶ
1068 2550 1232 2607 Δαϐὶδ
1271 2554 1300 2606 ὁ
1335 2551 1586 2622 βασιλεὺς
1607 2554 1653 2587 ⁸⁵
1681 2556 1740 2608 ὲν

162 2640 327 2711 μέσῳ
375 2642 575 2697 αὐτῶν.
618 2662 637 2695 ι
668 2643 834 2699 Δαϐὶδ
881 2643 940 2697 δὲ
985 2644 1149 2703 αὑτὸν
1165 2646 1213 2678 ⁸⁸
1239 2644 1550 2717 ὠνόμασεν,
1580 2647 1655 2713 ὡς
1677 2649 1742 2702 ἐκ

158 2732 261 2804 τῆς
326 2732 426 2786 τοῦ
477 2734 640 2789 Δαόὶδ
685 2734 888 2803 ὀσφύος
923 2734 1065 2791 κατὰ
1111 2736 1291 2807 σάρκα
1342 2737 1738 2811 βλαστήσαντα.

160 2825 338 2878 Τοῦτο
364 2826 421 2879 δὲ
446 2827 542 2879 xal.
566 2828 595 2879 ὁ
623 2829 894 2899 μακάριος
917 2830 960 2860 ⁵⁷
1000 2829 1229 2895 Ἡσαΐας
1262 2828 1361 2903 βοᾷ
1375 2833 1423 2865 ⁸⁸
1445 2847 1460 2863 ο
1496 2851 1514 2883 ι
1550 2833 1743 2887 Ἔσται

159 2920 197 2991 η
232 2919 365 2989 ῥίζα
403 2918 501 2977 τοῦ
543 2920 776 2984 Ἰεσσαὶ,
813 2921 908 2975 καὶ
940 2922 1303 2993 ἀνιστάμενος
1327 2923 1519 2995 ἄρχειν
1550 2923 1740 2991 ἐθνῶν,

160 3011 251 3063 ἐπ’
275 3010 433 3082 αὐτῷ
467 3011 594 3083 ἔθνη
643 3012 913 3067 ὲλπιοῦσι.
954 3033 972 3065 ι
1007 3014 1194 3075 Ταῦτα
1228 3015 1617 3088 μεμαθηκὼςὸ
1641 3035 1745 3088 μα-

161 3103 361 3173 κάριος
398 3103 455 3139 ⁸⁹-
492 3103 793 3169 Ματθαῖος,
832 3103 975 3158 οὕτω
1005 3105 1106 3176 τῆς
1133 3106 1499 3180 εύαγγελικῆς
1540 3108 1744 3180 ἤρξατο

164 3196 502 3297 συγγραφῆς
528 3212 542 3226 ⁶
577 3214 595 3247 ι
628 3196 820 3262 Βίϐλος
846 3199 1113 3265 γενέσεως
1145 3200 1321 3270 Ἰησοῦ
1356 3201 1593 3274 Χριστοῦ
1623 3201 1741 3257 υἱοῦ
1768 3239 1811 3297 C

163 3289 355 3343 Δασίδ.
386 3308 405 3339 ι

486 3404 749 3459 EPMHN.
800 3406 941 3460 ΤΟΥ
974 3406 1060 3462 ιη’
1098 3407 1422 3463 ΨΛΛΜΟΥ.

236 3524 307 3572 α’.
369 3537 389 3571 σ
438 3519 533 3582 Ei;
591 3518 654 3572 τὸ
697 3519 869 3584 τέλος,
924 3519 1139 3591 ψαλμδς
1193 3520 1271 3592 τῷ
1322 3522 1505 3576 Δαόίδ.
1555 3541 1574 3574 ι
1623 3523 1746 3577 Τῶν

165 3612 333 3666 θείων
373 3613 561 3683 νόμων
590 3613 707 3684 εἴδη
732 3614 863 3684 τρία
901 3615 1053 3685 παρὰ
1075 3615 1121 3647 ⁶⁰
1157 3614 1255 3668 τοῦ
1294 3616 1567 3687 μακαρίου
1602 3616 1746 3670 διδα-

168 3701 423 3771 σκόμεθα
467 3701 701 3757 Παύλου.
746 3703 850 3757 Τὸν
904 3703 1004 3774 μὲν
1052 3706 1163 3776 γὰρ
1220 3705 1344 3777 δίχα
1400 3707 1746 3778 γραμμάτων

164 3796 270 3864 ἔφη
289 3794 382 3847 διὰ
416 3794 518 3863 τῆς
551 3795 781 3859 κτίσεως
804 3795 897 3849 καὶ
921 3796 1024 3867 τῆς
1072 3797 1289 3866 φύσεως
1317 3800 1359 3830 ⁶¹
1388 3803 1501 3864 τοῖς
1525 3800 1748 3870 ἀνθρὼ-

167 3905 291 3950 ποις
321 3886 573 3941 δεδόσθαι
598 3903 611 3916 ·
655 3908 673 3939 ι
707 3887 788 3941 Τά
815 3887 923 3959 γάρ
943 3889 1152 3960 ἀόρατα
1192 3889 1385 3957 αὐτοῦ,
1418 3892 1603 3962 φησὶν,
1641 3894 1749 3947 ἀπὸ

167 3977 403 4041 κτίσεως
424 3978 632 4049 κόσμου
655 3982 767 4043 τοῖς
798 3981 925 4051 ποιή
935 3982 1203 4051 μασινοού
1212 4000 1348 4053 μενα
1370 3982 1672 4054 καθορᾶται
1696 4004 1709 4017 ·
1724 4005 1742 4035 ι

170 4070 263 4121 καὶ
308 4070 479 4122 πάλιν
503 4087 516 4100 ⁸
552 4090 577 4121 ιν
602 4071 770 4124 Ὅταν
794 4072 903 4143 γὰρ
924 4073 967 4103 θ’
991 4073 1142 4144 ἔθνη,
1174 4075 1242 4127 τὰ
1260 4074 1335 4145 μὴ
1353 4075 1516 4145 νόμον
1535 4074 1747 4146 ἔχοντα,

170 4163 331 4232 φύσει
348 4164 419 4218 τὰ
441 4164 536 4217 τοῦ
569 4165 735 4235 νόμου
762 4169 908 4224 ποιεῖ
924 4167 991 4232 ⁸³,
1022 4161 1169 4222 οὗτοι
1192 4169 1357 4238 νόμον
1387 4169 1463 4240 μὴ
1495 4169 1711 4241 ἔχοντες
1732 4211 1748 4235 ,

167 4257 384 4318 ἑαυτοῖς
416 4258 525 4309 εἰσι
555 4257 750 4327 νόμος⁹
785 4277 804 4310 ι
844 4258 936 4311 τὸν
979 4258 1035 4312 δὲ
1079 4260 1169 4313 διὰ
1204 4259 1300 4313 τοῦ
1348 4261 1588 4330 μεγάλου
1621 4262 1751 4315 Mm-

170 4350 304 4412 σὲως
332 4350 377 4379 ⁸⁸
402 4351 461 4401 ὲν
489 4349 785 4421 γράμμασι
823 4350 1204 4422 παρεσχῆσθαι
1230 4367 1244 4382 ο
1290 4370 1310 4402 ‹
1351 4351 1475 4404 Τῶν
1493 4351 1749 4422 παραϐά-

169 4457 309 4493 σεων
326 4440 460 4511 γὰρ,
487 4441 643 4511 φησὶ,
668 4441 828 4513 χάριν
852 4443 880 4497 ὁ
902 4443 1064 4513 νόμος
1098 4442 1427 4514 προσετέθη,
1470 4444 1750 4510 διαταγεὶς

168 4533 233 4584 δι’
264 4534 521 4600 ἀγγέλων
541 4534 587 4564 ⁸⁸
615 4534 674 4587 ὲν
717 4535 862 4605 χειρὶ
900 4534 1142 4605 μεσίτου.
1175 4529 1298 4588 Οἷδε
1323 4534 1380 4588 δὲ
1427 4536 1522 4590 καὶ
1571 4536 1750 4608 τρίτον

173 4625 314 4693 μετὰ
337 4626 566 4690 τούτους
596 4627 641 4658 ⁶⁶
665 4626 912 4691 τεθέντα,
935 4627 1026 4681 τὸν
1056 4629 1157 4697 τῆς
1191 4627 1414 4697 χάριτος
1437 4643 1451 4659 ο
1489 4647 1508 4679 ι
1556 4628 1615 4681 Ὀ
1641 4628 1750 4701 γὰρ

169 4718 357 4786 νόμος,
389 4719 548 4788 φησὶ,
581 4716 679 4770 τοῦ
729 4716 1042 4787 πνεύματος
1070 4718 1173 4788 τῆς
1220 4718 1370 4789 ζωῆς
1406 4718 1750 4791 ⁴ὶιλευθέρωσέ

174 4826 242 4878 με
272 4810 317 4840 δ’
340 4810 456 4863 ἀπὸ
474 4808 567 4862 τοῦ
597 4809 763 4880 νόμου
788 4808 888 4879 τῆς
913 4808 1190 4880 ἁμαρτίας
1216 4810 1426 4878 καὶτοῦ
1446 4811 1697 4867 θανάτου.
1725 4832 1744 4865 ι

173 4900 458 4971 Σύμφωνα
519 4901 729 4965 τούτοις
781 4900 876 4953 καί
909 4901 939 4954 ό
983 4902 1254 4974 μακάριος
1302 4902 1463 4961 Δαῦὶδ
1508 4904 1567 4956 ἐν
1618 4902 1753 4974 τῷδε

260 5116 285 5144 ι’
345 5106 757 5178 Ειθριιαχχνιι,
787 5108 880 5166 ει.
956 5121 979 5149 ι
1031 5109 1225 5170 Ezech.
1262 5127 1447 5178 xxxiv,
1500 5113 1591 5167 Ἡ.
1673 5114 1694 5149 ι’
1722 5109 1830 5167 lsa.
1862 5125 1940 5175 xi,
1967 5107 2057 5162 10.
2128 5115 2159 5155 1
2191 5101 2383 5159 Matth.
2413 5118 2452 5166 ι,
2487 5101 2538 5155 I-

182 5180 274 5238 14.
370 5187 400 5226 ιτ
431 5177 607 5234 Galat.
652 5194 737 5245 ιιι,
782 5181 870 5235 l9.
902 5190 926 5218 ι
954 5179 1118 5237 Rom.
1146 5199 1263 5249 vm,
1286 5184 1340 5239 τὶ.

1832 617 2260 674 misericordiam
2308 627 2470 673 uncto
2503 632 2605 672 suo
2636 615 2828 681 David,
2855 626 2909 672 et
2941 620 3137 674 semini
3168 622 3288 687 ejus
3311 639 3405 677 us-

1831 727 1937 782 que
1970 711 2024 765 in
2060 711 2343 766 sarculum.
2382 728 2401 760 ι
2439 707 2519 765 Tu
2550 710 2697 763 enim
2723 711 2821 780 qui
2845 726 2930 765 me
2961 713 3164 769 unxisti
3198 729 3403 785 regem,

1833 819 1941 857 non
1973 802 2149 858 solum
2183 817 2371 858 servas
2392 844 2408 868 ,
2438 817 2627 857 verum
2672 804 2835 858 etiam
2890 804 3157 860 illustrem
3199 805 3399 861 reddis.

1832 893 1943 949 Hac
1973 912 2106 951 vero
2158 895 2497 965 providentia
2549 910 2658 950 non
2716 904 2926 950 tantum
2981 912 3089 962 me,
3149 912 3408 963 meosque

1832 989 2035 1045 liberos
2077 988 2421 1059 dignaberis,
2463 988 2557 1043 sed
2604 988 2770 1044 etiam
2810 990 2864 1043 in
2918 990 3177 1044 saeculum
3232 1004 3407 1057 usque

1831 1082 1979 1136 hunc
2006 1079 2349 1150 splendorem
2374 1079 2567 1133 semini
2594 1094 2714 1133 meo
2741 1078 3043 1135 custodies.
3078 1079 3189 1134 Hoc
3220 1090 3405 1134 autem

1832 1171 1878 1227 si
1927 1170 2223 1226 secundum
2272 1168 2489 1224 Iudaeos
2542 1168 2902 1237 intelligatur,
2954 1170 3401 1225 vaticinationem

1831 1261 2100 1317 mendacii
2147 1260 2443 1330 redarguit.
2501 1257 2636 1313 Nam
2693 1274 2865 1329 usque
2917 1260 2985 1314 ad
3038 1261 3404 1330 captivitatem

1834 1355 1848 1373 "
1873 1351 2194 1406 Davidieum
2226 1366 2398 1421 genus
2434 1350 2488 1404 in
2521 1366 2690 1419 regno
2718 1352 3022 1421 permansit
3054 1370 3067 1406 :
3102 1361 3224 1420 post
3276 1351 3405 1405 red-

1834 1445 1968 1498 itum
1999 1451 2207 1509 autem,
2240 1458 2364 1496 cum
2411 1442 2561 1496 solus
2592 1440 2896 1497 Zorobabel
2923 1451 3223 1513 regnasset,
3256 1443 3407 1513 regni

1833 1539 2073 1595 hazredes
2105 1555 2212 1593 non
2240 1538 2480 1608 reliquit.
2514 1537 2571 1592 Si
2608 1538 2771 1607 igitur
2805 1553 2929 1593 vera
2960 1547 3043 1593 est
3072 1539 3236 1608 716
3262 1539 3403 1591 vati-

1832 1633 2066 1696 cinatio,
2101 1643 2162 1686 ut
2192 1630 2476 1687 verissima
2520 1639 2604 1685 est
2652 1629 2926 1700 (Spiritus
2976 1630 3121 1686 enim
3165 1630 3411 1683 veritatis

1834 1728 2006 1797 ipsam
2038 1725 2335 1793 revelavit)
2356 1764 2373 1789 ,
2408 1724 2681 1794 reliquum
2710 1734 2793 1778 est
2827 1732 2887 1777 ut
2916 1723 3290 1791 intelligamus
3324 1736 3410 1775 se-

1836 1834 1957 1872 men
1995 1815 2218 1871 Davidis
2248 1823 2512 1869 aeternum
2548 1815 2753 1868 habens
2808 1814 3176 1883 splendorem,
3226 1810 3413 1864 Domi—

1839 1926 1969 1965 num
1987 1909 2265 1965 Christum
2291 1923 2353 1961 ex
2382 1906 2584 1962 Davide
2605 1906 2906 1961 secundum
2937 1920 3158 1960 carnem
3192 1912 3406 1967 natum,

1837 2004 1931 2074 qui
1994 2011 2257 2058 aatcrnum
2311 2015 2539 2070 regnum
2578 2009 2632 2055 et
2677 2000 2905 2071 gloriam
2944 1999 3150 2053 habet:
3190 1997 3409 2065 quique,

1840 2109 1898 2155 ut
1946 2107 2163 2154 creator
2219 2105 2273 2152 et
2320 2095 2486 2163 Deus,
2527 2105 2655 2152 ante
2697 2095 2897 2151 saacula
2949 2095 3089 2149 hanc
3130 2092 3409 2147 habebat:

1839 2206 2033 2245 rursus
2066 2199 2271 2252 autem,
2310 2196 2371 2242 ut
2402 2190 2566 2241 homo
2588 2227 2604 2251 ,
2662 2187 2716 2240 in
2748 2187 3069 2241 novissimis
3096 2184 3288 2238 diebus
3318 2197 3439 2237 διο-ο

1839 2283 1999 2353 cepit.
2039 2279 2192 2338 Unde
2218 2289 2273 2335 et
2300 2295 2393 2348 per
2433 2280 2679 2334 divinum
2728 2278 3065 2333 Ezechielem
3099 2276 3241 2331 Deus
3294 2276 3417 2328 uni-

1839 2390 2121 2429 versorum
2151 2373 2327 2442 inquit
2355 2391 2369 2426 :
2406 2389 2424 2422 ι
2463 2371 2613 2425 Dabo
2634 2371 2743 2425 illis
2770 2370 3029 2425 Davidem
3060 2382 3241 2437 regem
3268 2367 3415 2434 ipso-

1839 2483 1959 2522 rum
2001 2475 2045 2519 τ.
2088 2484 2106 2516 ι
2151 2463 2217 2518 Et
2241 2479 2434 2518 rursus
2473 2477 2489 2515 :
2534 2481 2551 2512 ι
2585 2460 2652 2516 Ει
2682 2460 2845 2516 David
2872 2475 2970 2515 rex
3014 2458 3072 2512 in
3106 2457 3286 2511 medio
3312 2471 3412 2510 eo-

1841 2573 1959 2613 rum
1985 2566 2032 2611 ³.
2072 2576 2090 2607 ι
2131 2555 2385 2610 Davidem
2421 2570 2553 2609 vero
2582 2554 2763 2623 ipsum
2794 2551 3117 2610 nominavit.
3150 2558 3413 2619 tanquam

1839 2666 1905 2706 ex
1943 2648 2163 2704 Davidis
2206 2647 2411 2703 lumbis
2441 2646 2741 2702 secundum
2778 2659 2996 2698 carnem
3041 2650 3412 2713 procreatum.

1840 2742 1957 2798 Hoc
2005 2757 2134 2797 vero
2185 2749 2241 2795 et
2284 2740 2478 2794 beatus
2534 2736 2705 2792 Isaias
2753 2736 2997 2790 clamat:
3039 2752 3059 2785 ι
3101 2732 3222 2788 Erit
3260 2732 3413 2786 radix

1840 2835 2012 2901 Jesse,
2051 2845 2105 2890 et
2129 2834 2220 2906 qui
2265 2841 2521 2903 exsurget
2569 2832 2837 2901 imperare
2887 2829 3163 2897 gentibus,
3196 2828 3250 2881 in
3298 2828 3417 2895 ipso

1843 2936 2033 2999 gentes
2060 2926 2362 2996 sperabunt
2393 2924 2439 2978 ι.
2485 2944 2504 2974 ι
2544 2921 2669 2976 Haec
2721 2921 2912 2975 beatus
2961 2918 3249 2974 Matthzeus
3287 2918 3418 2973 edo-

1845 3030 1989 3088 ctus,
2017 3019 2097 3074 sic
2123 3016 2491 3084 evangelicam
2528 3011 2812 3068 historiam
2846 3026 3077 3066 exorsus
3102 3019 3230 3065 est:
3267 3030 3284 3060 ι
3329 3009 3420 3063 Li-

1846 3116 1942 3170 ber
1968 3110 2337 3186 generationis
2363 3108 2497 3164 Iesu
2524 3107 2725 3163 Christi
2761 3105 2857 3161 lilii
2890 3104 3059 3160 David
3092 3116 3141 3160 υ.
3178 3123 3197 3157 ι

2230 3393 2504 3449 INTERP.
2554 3391 2802 3448 PSALMI
2845 3388 3028 3445 XVIII.

1917 3517 2081 3571 Vens.
2114 3515 2166 3569 I.
2202 3533 2221 3565 ι
2257 3516 2317 3567 In
2342 3512 2527 3575 ﬁnem,
2557 3510 2803 3580 psalmus
2828 3505 3037 3562 Davidi.
3081 3523 3100 3557 ι
3136 3502 3272 3559 Tres
3293 3518 3419 3573 spe-

1846 3611 1963 3667 cies
1991 3610 2296 3665 divinarum
2316 3607 2495 3676 legum
2523 3618 2553 3657 a
2578 3604 2736 3658 beato
2770 3600 2938 3654 Paulo
2959 3597 3248 3653 discimus.
3281 3596 3420 3650 Nam

1852 3718 2017 3758 unam
2068 3700 2292 3771 quidem
2338 3698 2457 3753 sine
2496 3696 2711 3755 litteris,
2756 3696 2832 3746 ait
2860 3706 2957 3762 per
3011 3691 3339 3745 creationem
3369 3696 3424 3742 et

1847 3805 2098 3850 naturam
2120 3790 2439 3848 hominibus
2456 3789 2637 3844 datam
2666 3787 2869 3841 fuisse:
2898 3782 3222 3837 cluvisibilia
3245 3781 3417 3843 enim,

1850 3884 2059 3955 inquit,
2100 3883 2277 3953 ipsius
2305 3897 2336 3935 a
2361 3880 2641 3935 creatione
2678 3876 2890 3940 mundi,
2923 3890 3018 3944 per
3051 3889 3112 3926 ea
3135 3888 3255 3942 qua:
3283 3871 3426 3925 facta

1850 3986 1980 4033 sunt
2006 3975 2274 4031 intellecta
2297 3971 2710 4040 conspiciuntur
2738 3974 2784 4020 ν.
2815 3984 2837 4017 ι
2864 3964 2928 4019 Ει
2953 3978 3147 4019 rursus
3178 3978 3191 4014 :
3233 3978 3251 4012 ι
3284 3959 3422 4014 Cum

1849 4069 1992 4124 enim
2024 4074 2233 4137 gentes,
2266 4078 2387 4134 quae
2437 4062 2611 4133 legem
2647 4074 2754 4115 non
2800 4057 3022 4120 habent,
3063 4070 3093 4108 a
3126 4061 3322 4107 natura
3359 4066 3422 4105 ea

1852 4175 1973 4230 qua:
2006 4158 2141 4230 legis
2170 4164 2299 4212 sunt
2320 4153 2549 4217 faciunt,
2580 4151 2633 4205 hi
2665 4150 2837 4219 legem
2865 4162 2973 4202 non
3013 4145 3297 4207 habentes,
3320 4141 3425 4198 sibi

1853 4254 1988 4325 ipsis
2018 4260 2149 4308 sunt
2178 4250 2263 4304 lex
2292 4256 2341 4300 ι.
2400 4265 2421 4300 ι
2463 4245 2638 4301 Aliam
2692 4242 2853 4316 717
2889 4254 3018 4295 vero
3047 4238 3124 4293 ait
3164 4252 3259 4308 per
3307 4250 3425 4289 ma-

1854 4361 2019 4417 gnum
2068 4343 2251 4397 Mosen
2297 4340 2349 4394 in
2401 4338 2597 4393 litteris
2654 4337 2938 4407 praebitam
2992 4332 3184 4387 fuisse.
3235 4348 3251 4378 ι
3289 4325 3425 4381 Nam

1853 4446 2072 4510 prnpter
2124 4443 2426 4506 peceatum,
2487 4429 2686 4500 inquit,
2736 4429 2861 4483 data
2901 4434 2986 4481 est
3011 4426 3118 4487 lex,
3173 4420 3425 4476 ordinata

1855 4549 1950 4604 per
1983 4529 2203 4601 angelos
2234 4528 2288 4581 in
2324 4540 2487 4579 manu
2534 4521 2850 4578 mediatoris
2878 4530 2929 4574 γ.
2975 4537 2994 4570 ι
3049 4515 3206 4571 Novit
3243 4523 3424 4568 autem

1856 4634 1911 4681 et
1943 4624 2154 4678 tertiam
2181 4629 2301 4689 post
2332 4619 2428 4673 has
2455 4616 2707 4686 positam,
2734 4628 2855 4685 quae
2875 4622 2958 4667 est
2988 4609 3177 4681 gratim
3207 4624 3222 4661 :
3260 4625 3278 4658 ι
3317 4604 3424 4660 Lex

1860 4732 2097 4787 namque
2124 4715 2350 4785 spiritus
2376 4712 2525 4775 vitae,
2567 4708 2767 4778 inquit,
2802 4704 3054 4760 liberavit
3092 4717 3178 4756 me
3234 4716 3263 4753 a
3312 4699 3425 4768 lege

1860 4811 2064 4882 peccati
2108 4815 2163 4862 et
2196 4803 2389 4859 mortis
2417 4812 2462 4856 ι.
2524 4819 2543 4853 ι
2588 4796 2953 4864 Congruentia
3006 4794 3089 4849 his
3140 4801 3196 4848 et
3241 4792 3429 4845 beatus

1866 4902 2029 4957 David
2071 4899 2125 4953 in
2160 4899 2264 4952 hoc
2297 4893 2509 4966 psalmo
2555 4892 2805 4947 homines
2829 4889 2988 4944 docet
3046 4895 3102 4941 et
3129 4883 3427 4940 secundum

2619 5108 2645 5136 ν
2679 5096 2837 5153 Rom.
2872 5113 2909 5161 ι,
2941 5094 3032 5150 20.
3111 5101 3138 5129 ι
3172 5089 3329 5144 Ilum.
3364 5105 3429 5154 ιι,

1285 5336 1523 5394 VARIE
1562 5335 1946 5395 LECTIONES
1983 5335 2072 5390 ET
2100 5330 2336 5388 NOTAE.
3219 5399 3225 5405 ἶ

255 5457 300 5488 ⁵¹
329 5456 415 5510 Σύ
443 5487 515 5499 ——
546 5457 954 5525 περιφάνειαν.
988 5454 1114 5513 Des.
1149 5457 1204 5512 in
1234 5456 1359 5513 cod.
1411 5457 1466 5514 3.
1542 5458 1587 5490 "
1626 5458 1735 5513 Τού

1856 5453 1945 5519 δὲ,
1982 5470 2046 5525 κἈ
2094 5451 2148 5525 λ.
2179 5437 2696 5525 Des.__apud'(‘lord.
2725 5450 2795 5525 ip.
2830 5429 3424 5525 ‘51:.-‘::£8t'ﬁe‘-tgl‘.

186 5528 311 5582 cod.
367 5526 521 5581 addit
567 5521 777 5581 τόίνύν.
851 5527 901 5558 ⁵⁸
926 5529 1115 5583 Θεσπ.
1172 5529 1296 5583 cod.
1350 5529 1374 5583 I
1432 5527 1732 5583 θειοτάτου.

186 5598 234 5629 ⁸1
264 5597 365 5631 MA
418 5597 608 5631 ἔπι-’λυ
702 5598 747 5629 ⁸7
780 5595 1080 5631 "anAn-nn
1138 5600 1294 5631 ᾹΙ-υιοι
1322 5615 1350 5631 σι
1384 5599 1405 5631 ΑΙ
1528 5598 1575 5631 Ι,
1600 5599 1697 5631 and

1844 5527 1901 5578 ιιΙ.
1944 5525 1982 5578 2
2027 5521 2194 5576 θείου.

1844 5595 1895 5631 ,ιη
2020 5593 2069 5625 I9
2106 5594 2194 5631 Mn

188 5598 234 5629 "
264 5597 388 5653 cod.
416 5597 628 5651 ἑαυτόν.
702 5598 747 5629 ⁵⁷
774 5596 1098 5665 Μακάριος.
1131 5600 1298 5655 Abest
1322 5615 1359 5653 ιι
1384 5599 1435 5653 I.
1528 5598 1575 5631 ⁸⁸
1599 5599 1721 5653 cod.
1769 5596 1919 5649 ὲὸὁα.
2020 5596 2069 5625 ⁸⁸
2100 5596 2421 5658 Μακάριος.
2452 5596 2633 5638 eum:
2660 5596 2823 5640 σειος·
2899 5596 2942 5605 "
2974 5596 3138 5637 ιιαρα
3164 5598 3234 5609 ’-

188 5670 326 5723 .που.
362 5666 528 5723 Cord.
564 5685 616 5738 p.
641 5667 764 5734 846,
797 5668 1123 5737 συμφώνους
1149 5668 1229 5740 τῷ
1252 5667 1506 5740 μακαρίῳ
1536 5668 1731 5737 Παύλῳ
1761 5666 1915 5737 παρὰ
1943 5663 2039 5719 τοῦ
2071 5662 2237 5715 Δαδιδ
2255 5650 2636 5719 διδασκόμεθα·
2668 5646 2801 5714 ρηαε
2821 5646 3147 5729 θεαιξυηιιιτ.
3172 5654 3239 5709 Pe

191 5748 377 5793 tomen
408 5738 632 5793 exhibet
652 5738 818 5793 (Iord.
859 5738 896 5791 l.
928 5755 978 5793 c.
1055 5742 1100 5772 '1
1131 5740 1239 5793 Kal
1269 5739 1380 5793 tﬁc
1413 5739 1669 5793 φύσεως.
1703 5738 1826 5793 Des.
1875 5737 1928 5790 in
1959 5734 2081 5790 cod.
2120 5733 2172 5793 I‘.
2203 5734 2259 5785 2.
2368 5728 2414 5759 ⁸¹
2442 5727 2493 5779 Γ
2495 5722 2616 5793 ἀρι,
2642 5716 2845 5793 εοάοβ
2885 5732 2971 5769 ται
2996 5711 3096 5793 --⁸³
3118 5708 3239 5793 φάε

1778 5753 1826 5793 8.
1875 5753 1928 5790 Ill
1959 5751 2081 5790 000.
2120 5751 2172 5797 ‘I,
2203 5751 2259 5785 Ζ.

186 5598 234 5629 ⁸⁸
264 5597 388 5653 cod.
416 5597 628 5651 ἑαυτόν.
702 5598 747 5629 ⁵⁷
774 5595 1098 5665 Μακάριος.
1131 5600 1298 5655 Abest
1322 5615 1359 5653 ιι
1384 5599 1435 5653 I.

191 5748 377 5794 tomen
408 5738 632 5793 exhibet
652 5738 818 5793 (Iord.
859 5738 896 5791 l.
928 5755 978 5793 c.
1055 5742 1100 5772 ’ί
1130 5738 1380 5807 καὶτῆς
1410 5738 1669 5807 φύσεως.

194 5812 333 5878 Aug.
360 5811 509 5880 ποιῇ.
564 5810 630 5880 γ⁶⁸
656 5810 1062 5880 οοιΙηΜωῢσοῦ.

197 5895 336 5945 τοις.
413 5879 593 5936 ⁸⁷⁷Μέ.
633 5880 753 5936 cod.
785 5879 818 5933 5
848 5879 927 5933 σέ.

1162 5813 1206 5847 ⁸⁵
1237 5809 1540 5880 Διαταγεὶς
1586 5809 1658 5862 δι’
1691 5809 1976 5878 ἀγγέλων.
2007 5821 2035 5861 c

2298 5497 2347 5550 ⁸⁵
2371 5497 2590 5570 ﬁdem.
2644 5497 2771 5563 ουδ’.
2827 5505 2855 5558 1
2898 5503 2935 5556 ‘2
2973 5500 3178 5557 addunt
3219 5497 3422 5570 αὐτῶν.

2020 5569 2085 5625 δ’.
2096 5569 2575 5658 ᾖῶιάριοᾳςοάε
2592 5579 2633 5635 2
2660 5577 2823 5658 95%;.
2897 5573 2943 5605 ⁶⁰
2974 5570 3138 5658 [lapsi
3164 5569 3423 5658 -_—:_qu:?-

2368 5654 2636 5719 σκόμεθα.
2668 5654 2801 5714 Quae
2821 5654 3147 5714 sequuntur,
3172 5654 3268 5709 per
3300 5654 3419 5708 epi-

2368 5728 2414 5759 ⁸¹
2442 5722 2585 5789 Γάρ.
2642 5716 2845 5789 cod.)
2885 5715 2971 5769 τά.
3000 5711 3096 5789 ﬂ“
3118 5708 3277 5789 codd.
3315 5719 3429 5789 tres

2041 5777 2259 5859 dit-,9:-
2293 5777 2556 5864 διαταγὰς
2597 5787 2917 5859 διαγγέλων.
2994 5785 3038 5818 ⁸⁸
3068 5780 3193 5839 cod.
3224 5782 3258 5838 3
3293 5777 3439 5864 105--
