3850 6540
470 430 569 495 991

1446 426 1929 489 THEODORETI
1950 425 2286 486 EPISCOPI
2317 426 2678 488 CYRENSIS

3609 423 3712 485 992

466 543 714 600 eumdem
732 542 998 599 ordinem.
1019 542 1254 598 Primam
1278 539 1496 611 quidem
1518 556 1637 596 eam
1661 554 1782 610 qua:
1808 540 1861 594 in
1882 554 2029 595 crea-

2138 537 2217 606 τῷ
2258 538 2456 609 ψαλμῷ
2494 539 2620 601 τοὺς
2653 536 2972 610 ἀνθρώπους
3018 536 3262 592 παιδεύει
3288 578 3303 601 ,
3362 536 3460 590 καὶ
3489 535 3540 567 ⁸³
3572 538 3714 590 κατὰ

468 637 618 690 tione
663 635 1005 689 conditorem
1044 633 1319 703 praedicat.
1356 630 1559 686 Deinde
1603 646 1722 685 eam
1768 646 1891 699 quae
1936 644 2032 699 per

468 722 653 781 Mosen
683 725 808 781 data
828 725 948 788 fuit,
981 740 1102 795 quae
1130 725 1388 791 majorem
1409 722 1723 777 Conditoris
1749 720 2031 778 scientiam

468 820 781 874 volentibus
809 818 875 873 ad
911 818 1057 871 illam
1105 818 1385 872 attendere
1436 816 1660 885 praebet.
1706 816 1835 871 Post
1865 815 2028 878 hanc,

469 910 640 978 legem
688 909 891 977 gratiae,
940 923 1061 975 qua:
1107 907 1317 960 animas
1364 904 1599 975 perfecte
1640 914 1853 975 purgat,
1905 913 1958 959 et
2001 920 2031 960 a

468 1000 723 1068 praesenti
778 998 998 1051 interitu
1051 996 1263 1051 liberat.
1310 998 1600 1065 Propterea
1650 1005 1705 1049 et
1750 998 1805 1049 in
1833 997 2034 1072 'ﬁnem

471 1106 572 1144 nos
601 1089 846 1160 psalmus
883 1088 1220 1151 transmittit,
1269 1103 1468 1141 novum
1502 1087 1555 1141 in
1588 1086 1693 1142 line
1742 1095 2035 1144 testamen-

473 1192 584 1235 tum
621 1180 937 1248 praedicens.

536 1400 774 1456 llr-235.2.
818 1420 836 1453 ι
879 1399 1014 1455 Caeli
1041 1407 1301 1453 enarrant
1330 1398 1557 1469 gloriam
1591 1398 1708 1462 Dei,
1756 1407 1809 1453 et
1868 1414 2032 1467 opera

467 1509 729 1547 manuum
762 1492 880 1561 ejus
922 1492 1211 1546 annuntiat
1248 1490 1670 1546 firmamentum.
1710 1509 1728 1540 ι
1801 1489 2032 1556 Sullicit,

466 1586 665 1654 inquit,
699 1586 781 1639 vel
806 1585 922 1638 sola
952 1583 1215 1638 ccelorum
1244 1597 1367 1651 quae
1393 1583 1637 1636 cernitur
1685 1582 2035 1651 pulchritudo

469 1687 635 1746 atque
668 1676 1003 1747 magnitudo,
1034 1675 1101 1729 ad
1131 1672 1358 1745 Opiﬁcis
1397 1674 1858 1745 magniﬁcentiam
1896 1690 2033 1743 prac-

468 1769 776 1824 dicandam.
810 1767 865 1821 Si
899 1769 1041 1821 enim
1078 1767 1170 1836 qui
1204 1766 1500 1819 maximum
1532 1775 1586 1820 et
1610 1766 2032 1835 pulcherrimum

2134 632 2232 703 τὴν
2271 632 2442 702 αὐτὴν
2497 632 2671 697 τάξιν.
2711 631 2934 703 Πρῶτον
2993 630 3093 701 μὲν
3142 631 3236 684 τὸν
3284 632 3345 683 ἐν
3399 632 3470 699 τῇ
3534 629 3716 682 κτίσει

2133 722 2469 792 κηρύττοντα
2498 724 2590 777 τὸν
2617 722 2985 794 δημιουργόν·
3030 716 3151 776 εἶτα
3198 721 3291 775 τὸν
3324 721 3416 775 διὰ
3461 719 3716 783 Μωσέως

2133 815 2355 869 δοθέντα
2378 856 2393 875 .
2441 816 2533 870 τοῦ
2582 814 2920 887 δημιουργοῦ
2954 816 2997 847 ⁸³
3048 814 3273 868 πλείονα
3331 813 3543 883 γνῶσιν
3602 815 3716 874 τοῖς

2136 907 2424 978 προσέχειν
2467 908 2739 962 ἐθέλουσιν
2786 907 3103 961 ὲντιθέντα·
3151 905 3290 976 μετὰ
3345 905 3573 969 τοῦτον,
3622 903 3716 956 τὸν

2134 998 2234 1068 τῆς
2266 999 2505 1069 χάριτος,
2539 998 2723 1051 τέλεον
2750 998 2849 1062 τὰς
2875 998 3054 1068 ψυχὰς
3089 997 3577 1067 ἀποκαθαίροντα,
3622 996 3715 1048 καὶ

2134 1090 2232 1158 τῆς
2271 1089 2551 1161 παρούσης
2589 1090 2985 1160 ἐλευθεροῦντα
3052 1088 3256 1160 φθορᾶς
3279 1107 3292 1121 ο
3348 1084 3408 1144 οὗ
3444 1088 3514 1157 δὴ
3556 1087 3715 1157 χάριν

2136 1183 2230 1235 καὶ
2260 1184 2347 1248 εὶς
2376 1182 2439 1235 τὸ
2479 1183 2656 1249 τέλος
2679 1184 2827 1255 ἡμᾶς
2868 1184 2897 1236 ὁ
2932 1181 3143 1253 ψαλμὸς
3185 1182 3588 1252 παραπέμπει,
3620 1180 3714 1249 τὴν

2137 1274 2327 1344 καινὴν
2353 1275 2410 1326 ὲν
2428 1274 2473 1305 ⁷⁰
2502 1274 2578 1344 τῷ
2599 1274 2743 1327 τέλει
2772 1275 3039 1345 διαθήκην
3076 1275 3496 1346 προαγορεύων.

2206 1396 2271 1467 β’.
2309 1417 2328 1448 ι
2364 1399 2426 1450 Οἱ
2470 1397 2689 1467 οὐρανοὶ
2731 1397 3043 1469 διηγοῦνται
3082 1399 3240 1464 δόξαν
3271 1400 3405 1453 Θεοῦ
3438 1415 3455 1429 ’
3492 1399 3713 1469 ποίησιν

2134 1488 2191 1541 δὲ
2240 1488 2437 1558 χειρῶν
2481 1490 2645 1543 αὐτοῦ
2694 1490 3014 1559 ἀναγγέλλει
3057 1492 3118 1545 τὸ
3158 1493 3467 1562 στερέωμα.
3518 1512 3537 1543 ι
3591 1492 3712 1559 ’Δρ-

2136 1581 2223 1632 κεῖ
2249 1581 2315 1645 τί,
2357 1581 2508 1650 φησὶ,
2540 1581 2634 1633 καὶ
2675 1583 2834 1652 μόνον
2864 1583 3186 1654 φαινόμενον
3209 1584 3317 1637 τῶν
3350 1583 3618 1654 οὐρανῶν
3647 1584 3707 1635 τὸ

2136 1672 2330 1735 κάλλος
2372 1674 2467 1727 καὶ
2510 1673 2756 1743 μέγεθος,
2782 1675 2875 1728 τοῦ
2902 1674 3249 1746 Δημιουργοῦ
3278 1677 3379 1747 τὴν
3406 1676 3653 1746 δύναμιν
3667 1678 3709 1707 ⁷³

2136 1764 2401 1835 κηρύξαι·
2432 1767 2481 1818 εἰ
2516 1766 2623 1838 γὰρ
2648 1768 2676 1820 ὁ
2718 1766 2985 1837 μεγίστην
3023 1770 3116 1821 καὶ
3159 1769 3462 1837 καλλίστην
3500 1769 3709 1822 οίκοδου

470 1862 757 1915 a-dilicium
809 1859 1049 1929 inspicit,
1084 1858 1445 1913 architectum
1508 1858 1772 1921 miratur;
1831 1867 1887 1911 et
1935 1858 2028 1928 qui

2138 1857 2267 1925 μίαν
2315 1856 2620 1927 θεώμενος,
2684 1859 2774 1911 τὸν
2832 1860 3113 1930 οἰκοδόμον
3157 1860 3428 1930 θαυμάζει
3460 1876 3475 1891 ο
3540 1860 3708 1914 καὶὸ

470 1954 744 2024 navigium
780 1953 925 2007 videt
953 1953 1088 2006 bene
1116 1960 1170 2005 et
1193 1950 1470 2020 eleganter
1501 1960 1893 2011 constructum,
1942 1966 2031 2004 ar-

470 2044 667 2099 tiﬁcem
697 2044 1038 2107 considerat;
1075 2051 1128 2096 et
1158 2057 1281 2097 cum
1315 2043 1772 2112 contemplatione
1831 2042 2029 2113 imagi-

473 2137 557 2190 nis
586 2137 733 2191 subit
764 2137 1023 2191 memoria
1057 2136 1320 2206 pictoris:
1376 2135 1545 2189 multo
1601 2135 1775 2205 magis
1840 2135 2028 2189 mundi

471 2227 695 2293 fabrica,
729 2243 848 2297 qua!
879 2230 1141 2291 cernitur,
1172 2229 1238 2282 ad
1274 2226 1536 2297 Opilicem
1563 2227 1808 2281 videntes
1858 2227 2026 2280 ducit.

469 2318 547 2373 De
575 2320 715 2374 cmlo
745 2320 908 2389 718
964 2328 1169 2384 autem,
1224 2330 1277 2373 et
1333 2320 1401 2373 de
1459 2317 1822 2382 lirmamento,
1875 2317 2032 2387 juxta

471 2411 653 2481 magni
686 2410 847 2465 Mosis
874 2411 1199 2475 doctrinam,
1232 2411 1397 2464 verba
1457 2408 1606 2463 facit.
1661 2408 1872 2463 Etenim
1939 2409 2031 2463 ille

472 2499 648 2568 primo
682 2499 876 2553 caelum
908 2500 1110 2554 factum
1144 2500 1312 2554 fuisse
1339 2498 1489 2563 dicit,
1523 2500 1716 2553 deinde
1757 2510 1808 2553 et
1845 2499 2033 2554 ﬁrma-

471 2592 640 2645 menti
675 2592 949 2661 opificium
981 2600 1401 2656 commemorat,
1444 2592 1589 2661 quod
1621 2607 1810 2647 rursus
1834 2593 2030 2647 cmlnm

472 2684 735 2739 caelorum
770 2686 1075 2754 appellavit.
1109 2685 1329 2749 Plurale,
1376 2694 1556 2739 autem
1623 2701 1819 2739 nomen
1870 2685 2035 2739 caelo-

471 2790 593 2829 rum
634 2776 902 2831 neminem
934 2777 1190 2831 oﬂ'endat.
1226 2776 1375 2831 Solet
1401 2777 1546 2831 enim
1586 2775 1890 2846 Scriptura,
1927 2776 2033 2830 ali-

470 2868 689 2936 quando
716 2870 934 2939 quidem
969 2870 1335 2940 singulariter,
1362 2870 1655 2939 aliquando
1702 2884 1832 2924 vero
1889 2869 2033 2923 mul-

470 2962 717 3017 titudinis
773 2978 1003 3016 numero
1060 2978 1155 3017 eos
1213 2962 1511 3016 nominare.
1566 2962 1632 3016 Et
1689 2962 2034 3032 singulariter

470 3053 687 3120 quidem
737 3054 926 3109 beatus
988 3053 1150 3108 David
1187 3053 1479 3108 nominat:
1545 3074 1563 3105 r
1597 3052 1811 3107 Caelum
1863 3053 2029 3116 enim,

470 3145 567 3208 ait,
600 3146 720 3201 coeli
754 3145 984 3200 Domino
1015 3159 1063 3200 ιι.
1103 3166 1121 3198 ι
1164 3146 1228 3199 Ει
1256 3161 1449 3200 rursus
1489 3163 1502 3198 :
1536 3165 1554 3197 ι
1593 3143 1697 3210 Qui
1725 3144 1894 3215 cingit
1921 3159 2032 3198 coe-

472 3236 580 3290 lum
614 3236 845 3290 nubibus
873 3238 923 3289 b.
963 3256 980 3286 ι
1020 3234 1383 3290 Multitudinis
1414 3250 1545 3289 vero
1576 3249 1801 3289 numero
1842 3250 2033 3290 rursus
2058 3217 2104 3279 (ἶ

470 3327 586 3394 ipse
620 3346 631 3381 :
672 3346 689 3378 ι
732 3327 971 3381 Landate
1018 3342 1165 3391 cum,
1205 3327 1401 3394 inquit,
1458 3327 1579 3381 C(Bli
1628 3326 1889 3380 caelorum
1919 3337 2027 3381 ομ»

468 3416 727 3473 Eamdem
782 3433 911 3472 vero
962 3418 1123 3471 habet
1176 3416 1648 3485 signiﬁcatiOnem,
1680 3433 1845 3486 quam
1880 3416 2031 3480 illud,

472 3530 492 3561 ‹
534 3510 739 3564 Coelum
767 3511 886 3565 ειειί
926 3510 1176 3563 Domino.
1218 3528 1235 3559 ι
1272 3507 1406 3563 Nam
1452 3507 1650 3562 caelum
1682 3509 1828 3577 quod
1855 3510 2034 3563 cerni-

461 3613 575 3663 tur,
607 3602 771 3656 veluti
819 3602 1091 3671 quoddam
1151 3611 1349 3656 tectum
1406 3610 1563 3656 terra:
1596 3610 1842 3670 paratum
1895 3610 2028 3657 est:

462 3697 611 3764 quod
644 3710 771 3749 vero
800 3697 1050 3765 superius
1081 3709 1186 3761 est,
1237 3697 1287 3750 id
1334 3696 1513 3765 ipsum
1550 3706 1631 3751 est
1687 3695 1815 3750 huic
1871 3698 2029 3762 cwlo,

466 3787 611 3856 quod
639 3787 741 3841 hoc
766 3788 960 3842 caelum
992 3796 1073 3842 est
1110 3797 1288 3843 terrae.
1321 3786 1613 3858 Propterea
1634 3788 1799 3859 igitur
1829 3790 2029 3843 cmlum

464 3878 587 3933 cmli
621 3889 861 3944 vocatur,
894 3887 948 3932 ct
986 3880 1108 3934 cceli
1143 3880 1407 3935 caelorum
1469 3889 1873 3950 nuncupantur.
1941 3880 2031 3937 Sic

464 3985 684 4040 quoque
723 3971 971 4026 videmus
999 3971 1142 4041 apud
1175 3986 1274 4025 nos
1303 3971 1551 4026 civitates
1596 3987 1715 4040 quae
1751 3973 2027 4041 geminum

463 4076 658 4115 nomen
687 4062 903 4118 habent.
933 4062 1062 4115 Nam
1093 4072 1147 4117 et
1176 4062 1407 4119 Tarsum
1437 4064 1693 4128 dicimus,
1724 4074 1777 4120 et
1799 4064 2021 4128 Tarsos,

464 4169 628 4207 unam
657 4154 928 4207 civitatem
956 4173 969 4208 :
999 4164 1053 4208 et
1083 4154 1327 4222 Theben,
1381 4164 1436 4211 et
1492 4154 1728 4221 Thebas,
1777 4159 2026 4212 eamdem

464 4245 676 4298 urbem.
714 4244 802 4298 Sic
831 4245 994 4298 etiam
1032 4245 1305 4315 Mycenam
1336 4256 1392 4301 et
1412 4245 1663 4314 Mycenas
1693 4248 1904 4317 antiqui
1930 4264 2026 4302 vo-

464 4333 680 4395 cabant,
711 4332 925 4387 unicam
953 4334 1223 4389 civitatem
1257 4336 1625 4406 intelligentes
1654 4338 2022 4394 multitudinis

462 4438 692 4476 numero
721 4426 1074 4479 nominatam.
1104 4425 1230 4481 “(BC
1256 4436 1436 4481 autem
1468 4442 1499 4481 3
1536 4443 1623 4481 me
1654 4443 1759 4481 non
1822 4440 2024 4486 temere

2134 1949 2342 2019 σκάφος
2380 1950 2521 2021 ὁρῶν
2568 1950 2629 2004 εὖ
2666 1953 2761 2005 καὶ
2804 1952 2987 2013 καλῶς
3038 1954 3583 2023 κατεσκευασμένον,
3619 1952 3706 2005 τὸν

2130 2043 2410 2111 ναυπηγὸν
2446 2044 2656 2096 ὲννοεῖ·
2702 2043 2796 2097 καὶ
2837 2047 2905 2115 τῇ
2955 2044 3159 2115 θεωρία
3210 2044 3311 2114 τῆς
3354 2045 3571 2107 εἰκόνος
3604 2045 3705 2112 ἠ’¹

2130 2132 2224 2186 τοῦ
2256 2131 2547 2206 ζωγράφου
2581 2136 2986 2206 συνεισέρχεται
3024 2136 3214 2206 μνήμη
3239 2152 3254 2168 ο
3290 2135 3472 2205 πολλῷ
3504 2135 3705 2204 δήπου-

2132 2223 2222 2277 θεν
2262 2224 2494 2294 ήκτίσις
2522 2226 2771 2295 ὁρωμένη
2806 2226 2943 2297 πρὸς
2971 2226 3061 2280 τὸν
3104 2226 3439 2297 δημιουργὸν
3475 2227 3706 2295 ποδηγεῐ

2130 2319 2255 2381 τοὺς
2290 2316 2549 2387 ὁρῶντας.
2582 2318 2823 2389 Οὐρανοῦ
2853 2319 3026 2373 δὲκαὶ
3055 2319 3431 2390 στερεώματος
3460 2320 3703 2390 ἐμνημό-

2131 2428 2318 2464 νευσεν
2366 2409 2671 2471 ἀκολούθως
2728 2413 2792 2481 τῇ
2833 2410 2927 2465 τοῦ
2977 2412 3218 2481 μεγάλου
3268 2412 3521 2473 Μωσέως
3557 2412 3701 2464 διδα-

2132 2501 2343 2573 σκαλίᾳ.
2377 2502 2486 2555 Kal
2528 2502 2637 2573 γὰρ
2675 2505 2878 2567 ἐκεῖνος
2921 2503 3138 2574 πρῶτον
3182 2500 3305 2557 εἷπε
3368 2504 3697 2573 γεγενῆσθαι

2131 2593 2220 2645 τὸν
2251 2594 2309 2646 οὐ
2320 2593 2494 2661 ρανὸν,
2520 2588 2638 2645 εἶτα
2659 2592 2925 2660 διηγεῖται
2947 2594 3040 2647 καὶ
3064 2594 3161 2665 τὴν
3190 2593 3284 2647 τοῦ
3310 2592 3697 2663 στερεώματος

2130 2685 2521 2755 δημιουργίαν·
2565 2684 2625 2738 ὃν
2692 2684 2853 2739 πάλιν
2903 2685 3130 2755 οὐρανὸν
3166 2686 3410 2757 οὐρανῶν
3440 2685 3489 2715 ⁷⁴
3535 2702 3697 2755 προσ-

2132 2776 2426 2846 ηγόρευσε,
2467 2776 2598 2847 φησι
2630 2777 2695 2829 ⁷⁸.
2743 2777 2816 2829 Τὸ
2863 2776 2919 2830 δὲ
2960 2777 3319 2845 πληθυντικὸν
3365 2777 3539 2847 ὄνομα
3593 2776 3694 2828 τῶν

2132 2868 2376 2939 οὐρανῶν
2407 2868 2658 2932 ξενιζέτω
2691 2869 2915 2939 μηδένα.
2954 2868 3117 2932 Ἔθος
3162 2869 3271 2940 γάρ
3312 2871 3377 2940 τῇ
3431 2870 3623 2939 Γραφῇ
3650 2868 3693 2899 τι

2131 2960 2264 3014 ποτὲ
2288 2959 2385 3028 μὲν
2414 2960 2607 3023 ἑνικῶς
2627 2961 2695 3025 ⁷⁷,
2724 2961 2856 3013 ποτὲ
2884 2961 2942 3013 δὲ
2969 2959 3346 3029 πληθυντικῶς
3372 2961 3681 3029 ὀνομάζειν.

2133 3051 2241 3103 Καὶ
2288 3050 2483 3113 ἑνικῶς
2526 3051 2625 3120 μὲν
2658 3053 2687 3104 ὁ
2733 3051 3001 3121 μακάριος
3038 3053 3084 3083 ⁷⁸
3118 3052 3377 3122 ὀνομάζει
3408 3054 3452 3085 ⁷⁸
3501 3052 3687 3105 Δαϐίδο

2138 3161 2157 3193 ‹
2184 3142 2421 3210 Οὐρανὸς
2458 3140 2586 3212 γὰρ,
2630 3142 2784 3212 φησὶ,
2826 3143 2918 3196 τοῦ
2951 3143 3179 3215 οὐρανοῦ
3198 3144 3277 3212 τῷ
3291 3145 3502 3215 Κυρίῳ.
3536 3163 3554 3195 ι
3590 3144 3693 3197 Kal

2135 3234 2295 3287 πάλιν
2314 3252 2326 3265 ·
2356 3251 2375 3283 ι
2415 3232 2503 3303 Τῷ
2529 3235 2905 3303 περιδάλλοντι
2923 3236 3016 3289 τδν
3042 3236 3270 3304 οὐρανὸν
3290 3238 3346 3289 ὲν
3369 3236 3641 3305 νεφέλαις.
3668 3254 3687 3287 ›

2134 3327 2516 3396 Πληθυντικῶς
2547 3327 2604 3379 δὲ
2643 3327 2803 3383 πάλιν
2833 3329 2878 3360 ⁸ο
2906 3330 2934 3382 ὁ
2964 3330 3145 3393 αὐτὸς,
3202 3348 3222 3381 ι
3255 3330 3469 3382 Αἰνεῖτε
3512 3330 3687 3390 αὐτὸν.

2133 3419 2296 3487 φησὶν
2314 3461 2329 3481 ,
2361 3420 2410 3470 οἱ
2437 3420 2654 3488 οὐρανοὶ
2674 3421 2781 3472 τῶν
2810 3420 3074 3490 οὐρανῶν.
3112 3440 3130 3471 ι
3169 3420 3279 3491 Τὴν
3305 3422 3475 3491 αὐτὴν
3504 3422 3563 3475 δὲ
3588 3422 3690 3492 ἔχει

2134 3510 2407 3579 σημασίαν
2434 3509 2494 3563 τὸ
2515 3511 2559 3541 ⁸⁸
2585 3551 2599 3575 ,
2642 3530 2660 3561 ι
2706 3510 2765 3564 Ὀ
2794 3511 3018 3580 οὐρανὸς
3049 3509 3145 3564 τοῦ
3177 3510 3409 3580 οὐρανοῦ
3462 3513 3544 3582 τῷ
3592 3515 3689 3566 Κυ-

2135 3601 2254 3672 ρίῳ.
2296 3620 2313 3651 ι
2372 3600 2431 3655 'O
2463 3602 2561 3671 μὲν
2600 3602 2709 3674 γὰρ
2738 3602 3013 3673 ὁρώμενος
3045 3602 3292 3674 οὐρανὸς,
3322 3598 3433 3656 οἶόν
3468 3621 3555 3667 τις
3578 3604 3691 3673 δρο-

2132 3711 2229 3763 φος
2279 3694 2692 3764 κατεσκευάσθη
2737 3697 2803 3765 τῇ
2850 3697 2955 3765 γῇ’
3004 3697 3091 3748 ὁδ’
3125 3697 3181 3750 δὲ
3221 3695 3496 3767 ἀνώτερος
3543 3696 3688 3749 τοῦτὸ

2130 3785 2245 3837 ἐστι
2273 3783 2467 3853 τούτῳ,
2495 3786 2631 3855 ὅπερ
2666 3779 2821 3848 οὗτος
2847 3788 2913 3855 τῇ
2944 3789 3038 3857 γῇ.
3067 3788 3165 3840 Διὰ
3183 3787 3245 3857 δὴ
3277 3787 3439 3840 τοῦτο
3472 3788 3685 3859 οὐρανὸς

2128 3874 2357 3945 οὐρανοῦ
2408 3876 2675 3938 καλεῖται,
2715 3876 2812 3929 καὶ
2861 3877 3080 3948 οὐρανοὶ
3128 3878 3369 3948 οὐρανῶν
3398 3878 3678 3947 ὀνομάζονο

2127 3983 2236 4019 ται.
2272 3968 2429 4019 Ἔστι
2459 3967 2516 4019 δὲ
2573 3968 2701 4021 ἰδεῖν
2749 3970 2845 4021 καὶ
2904 3969 3087 4032 πόλεις
3142 3973 3272 4039 παρ’
3325 3972 3459 4039 ἡμῖν
3500 3970 3678 4038 διπλῆν

2126 4056 2223 4123 τὴν
2258 4056 2549 4125 ὀνομασίαν
2574 4056 2817 4125 ἐχούσας.
2849 4058 2957 4110 Kal
2978 4057 3086 4128 γὰρ
3107 4058 3198 4111 xal
3223 4058 3438 4128 Ταρσὸν
3462 4058 3673 4125 λέγομεν

2128 4148 2220 4200 καὶ
2263 4148 2532 4217 Ταρσοὺς,
2569 4148 2669 4219 τὴν
2718 4149 2848 4219 μίαν
2890 4149 3044 4201 πόλιν
3070 4166 3083 4180 ι
3147 4150 3241 4201 καὶ
3266 4150 3311 4182 ⁸³
3353 4149 3538 4219 Θήϐην
3595 4149 3673 4201 καὶ

2126 4238 2330 4309 Θήϐας,
2390 4238 2487 4309 τὴν
2526 4239 2692 4309 αὐτὴν
2746 4239 2922 4294 πόλιν.
2969 4240 3124 4294 Οὕτω
3177 4242 3446 4310 Μυκήνην
3493 4258 3550 4293 τε
3591 4240 3672 4292 καὶ

2124 4331 2385 4400 Μυκήνας
2432 4330 2660 4384 ἐκάλουν
2688 4333 2737 4383 οἱ
2770 4331 3012 4395 παλαιοὶ,
3059 4331 3189 4401 μίαν
3228 4331 3386 4385 πόλιν
3426 4332 3608 4393 εἰδότες
3626 4330 3669 4360 ⁸⁸

2123 4420 2223 4491 τὴν
2257 4421 2631 4492 πληθυντικῶς
2659 4423 3084 4493 ὀνομαζομένην.
3127 4421 3309 4476 Ταῦτα
3356 4424 3414 4476 δέ
3450 4441 3535 4491 μοι
3579 4422 3669 4488 οὐχ

462 4516 605 4569 dicta
641 4525 789 4580 sunt,
823 4517 915 4570 sed
944 4526 1164 4587 prepter
1209 4534 1304 4574 eos
1334 4520 1426 4589 qui
1459 4519 1642 4588 plures
1686 4523 1857 4576 cmlos
1918 4539 2024 4577 nu-

2135 4513 2311 4577 ἅπλῶς
2346 4512 2584 4585 εἴρηται,
2640 4515 2776 4567 ἀλλά
2828 4514 2914 4569 διὰ
2969 4516 3095 4578 τοὺς
3142 4514 3372 4577 πολλοὺς
3425 4515 3668 4585 οὐρανοὺς

462 4623 673 4665 merare
709 4617 998 4663 conantur.

537 4740 696 4797 Vens.
730 4743 783 4795 5.
822 4761 841 4793 ‹
882 4742 1003 4796 Dies
1032 4741 1137 4794 diei
1166 4752 1375 4798 eructat
1404 4744 1649 4809 verbum,
1684 4754 1736 4801 et
1769 4760 1879 4799 nox
1915 4760 2018 4799 no-

461 4835 533 4889 cti
569 4834 772 4888 indicat
804 4835 1107 4889 scientiam.
1135 4853 1153 4884 ι
1189 4834 1397 4889 Etenim
1429 4838 1675 4891 ordinata
1732 4839 2015 4894 successio

2127 4604 2379 4675 ἀριθμεῖν
2405 4606 2777 4677 πειρωμένους
2797 4606 2864 4660 ⁸⁵.

2195 4755 2267 4816 γ’.
2302 4767 2320 4799 ι
2365 4748 2576 4818 Ἡμέρα
2617 4751 2682 4818 τῇ
2719 4748 2902 4818 ἡμέρᾳ
2927 4748 3212 4818 ἐρεύγεται
3244 4748 3400 4817 ῥῆμα
3423 4764 3437 4778 ·
3472 4746 3562 4799 καὶ
3582 4745 3666 4807 νὺξ

2128 4840 2284 4893 νυκτὶ
2336 4840 2651 4907 ἀναγγέλλει
2669 4840 2716 4871 ⁸⁸
2742 4839 2961 4907 γνῶσιν.
2999 4860 3017 4892 ι
3044 4840 3149 4893 Καὶ
3188 4839 3295 4911 γὰρ
3322 4841 3354 4908 ἡ
3376 4838 3663 4906 τεταγμένη

463 4928 637 4983 noctis
667 4936 721 4981 et
758 4927 862 4981 diei
892 4928 1153 4981 terminos
1198 4942 1229 4981 a
1287 4926 1578 4984 Conditore
1617 4929 1781 5000 719
1812 4931 2014 5000 positos

2135 4934 2309 4997 νυκτὸς
2334 4934 2427 4987 καὶ
2458 4932 2670 5003 ἡμέρας
2700 4932 2939 5004 διαδοχὴ,
2968 4933 3094 4995 τούς
3127 4931 3232 4985 ὑπὸ
3269 4931 3366 4983 τοῦ
3413 4935 3663 5001 Δημιουρ-

536 5116 561 5145 α
590 5102 733 5159 Psal.
761 5120 914 5169 cxui,
948 5104 1035 5160 16.
1113 5104 1140 5145 1³
1168 5102 1307 5159 Psal.
1337 5120 1514 5173 CXLVI,
1545 5104 1598 5161 8.

1676 5116 1700 5144 ε
1736 5106 1880 5175 Psal,
1911 5123 2133 5175 cxcvrn,
2166 5108 2220 5163 4.

1561 5261 1794 5316 VARUE
1826 5262 2209 5319 LECTIONES
2239 5264 2326 5318 ET
2366 5263 2603 5321 NOTAE.

525 5417 727 5472 “Kal.
788 5420 953 5475 Abest
1010 5436 1039 5475 a
1101 5423 1221 5477 cod.
1281 5421 1337 5476 2.

457 5631 583 5703 rite.
659 5630 957 5703 "firmanti.
988 5631 1111 5703 cod.
1136 5634 1171 5703 ’5
1200 5630 1383 5701 praem.
1418 5633 1556 5703 θείᾳ.

1450 5423 1494 5455 ⁸9
1530 5421 1645 5475 Τοῦ
1700 5421 2090 5489 Δημιουργοῦ.
2147 5422 2272 5475 Des.
2338 5420 2389 5474 in
2431 5422 2550 5477 cod.
2595 5421 2655 5487 ‘I,
2705 5421 2759 5477 2.

456 5489 510 5542 in
531 5490 660 5562 cod.
697 5490 749 5562 5.
832 5492 875 5522 ⁷⁸
915 5491 1193 5562 ῗΑρκεῖ-
1220 5494 1691 5562 προσηγόρευσε.
1726 5491 1850 5562 Des.
1878 5491 1942 5562 in
1991 5508 2029 5543 Ct

2148 5492 2201 5544 ὃ.

455 5559 805 5633 γαλουργίαν.
881 5561 937 5633 "_
963 5562 1047 5617 Ἡ.
1075 5562 1198 5633 cod.
1226 5559 1373 5633 ira.
1407 5559 1497 5594 ﬂ"
1533 5560 1810 5633 Οὐρανῶν.
1862 5561 2025 5633 Abest

2135 5561 2250 5633 cod.
2286 5563 2337 5621 1,
2365 5562 2419 5614 2.

1664 5633 1706 5663 ⁷⁷
1739 5629 2005 5695 Ἑνικῶς.
2033 5631 2156 5683 cod.
2197 5632 2218 5683 1
2252 5642 2303 5683 et
2330 5634 2362 5684 5
2388 5629 2786 5699 βτιηιηζαύτὸν.

454 5696 502 5771 '_’
532 5696 813 5771 ὀνομάζει.
853 5696 981 5755 τόδ.
1014 5702 1047 5771 ζ»
1087 5696 1259 5755 καλεῖ.
1346 5705 1392 5736 ⁸ο
1419 5696 1609 5756 Πάῖιιν
1671 5730 1739 5742 --
1775 5699 2029 5768 οὐρανῶν

2135 5701 2231 5771 εοιΙ.
2266 5702 2297 5753 5
2323 5696 2485 5757 habet
2530 5702 2673 5755 κατὰ
2711 5702 2778 5754 τὰ
2815 5702 2915 5771 ἤδη

2871 5423 2921 5496 _'°
2952 5423 3052 5496 Ἐν
3078 5455 3145 5465 -
3175 5425 3488 5496 διαθήκην.
3545 5428 3648 5483 Des.

2297 5491 2341 5567 ξ’
2370 5493 2651 5567 ῥύναμιν.
2702 5491 2834 5567 cod.
2860 5493 2911 5567 i,
2958 5494 3013 5560 ἓ,
3049 5503 3102 5547 et
3135 5496 3297 5567 (ἰοί-[ί.
3336 5491 3391 5567 p.
3419 5491 3537 5563 34⁸7,
3568 5516 3622 5563 με

2494 5564 2538 5593 ⁷⁵
2581 5564 2754 5630 φησι.
2814 5564 2977 5617 Abest
3017 5580 3045 5617 a
3085 5566 3207 5618 cod.
3240 5565 3295 5628 2,
3341 5564 3441 5622 nec
3475 5569 3647 5621 imme-

2494 5648 2573 5685 ιη.
2605 5633 2786 5686 αὐτόν.
2864 5634 2907 5664 ⁷⁸
2937 5635 3257 5692 Μακάριος.
3295 5640 3415 5692 cod.
3448 5638 3482 5690 ‘2
3505 5638 3644 5692 θεῖος.

2974 5653 3257 5701 ιιικαριος.
3295 5653 3415 5692 coa.
3448 5653 3482 5690 τ.
3505 5653 3644 5697 υειος.

2974 5706 3391 5774 προελτεθέντα.
3462 5708 3503 5739 ⁸⁸
3533 5706 3643 5759 cod.

450 5766 645 5849 ξτῷί
690 5769 732 5801 ⁸⁵
774 5770 932 5849 :0_—-
1102 5771 1223 5825 Des.
1258 5771 1312 5849 in
1343 5774 1464 5827 cod.
1495 5773 1581 5849 3._
1626 5772 1670 5849 ‘1'
1698 5772 1813 5849 [ἰαὶ
1943 5771 2029 5822 πό.

2135 5770 2299 5849 ._Des.
2362 5772 2417 5849 i_n
2439 5843 2449 5849 .
2474 5773 2595 5826 cod.
2632 5774 2719 5849 l._
2758 5773 2804 5804 ⁸⁵
2834 5766 3078 5849 Εὶδότὲς
3111 5775 3657 5849 ς--ᾤνομαζομένηη

457 5835 584 5899 Des.
610 5839 661 5894 in
693 5840 809 5895 cod.
834 5841 885 5893 5.
958 5835 1447 5910 στ’πειρωμένους.
1485 5841 1603 5897 cod.
1630 5842 1664 5896 ‘5
1694 5842 2040 5911 δυναμένους.

2125 5842 2169 5873 ⁸⁸
2201 5842 2321 5898 cod.
2364 5844 2396 5897 5
2427 5842 2719 5911 ἀναγγελεῖ
2750 5853 2806 5897 ut
2839 5844 3001 5899 habet
3026 5846 3147 5901 cod.
3172 5842 3324 5901 Alex.
