3850 6528
139 298 223 366 993
1412 289 1493 350 IN
1531 291 1731 350 PSAL.
1757 288 1978 349 XVIII.

3222 291 3326 354 99$

137 412 215 483 γοῦ
244 404 483 466 τεθέντας
536 397 905 454 ὑποδείκνυσιν
922 397 966 429 ⁸⁷
1007 397 1186 468 ὄρους,
1233 395 1326 459 οὒς
1377 396 1652 468 παραδοί-

1772 398 2121 461 lemonstrat,
2155 413 2296 468 quos
2327 397 2441 452 haec
2479 397 2778 451 inanimata
2834 399 3023 454 mundi
3075 403 3330 457 machina

135 522 223 561 νειν
255 502 286 571 ἡ
322 497 521 568 ἄψυχος
560 493 653 547 οὐκ
694 492 950 562 ἀνέχεται
992 490 1193 554 κτίσις.
1239 489 1383 561 Πρὸς
1419 491 1529 562 γὰρ
1559 490 1657 560 τὴν

134 597 290 670 χρείαν
319 591 423 645 τῶν
460 586 759 660 ἀνθρώπων
802 584 986 654 ἡμέρα
1028 583 1125 635 καὶ
1162 582 1260 646 νὺξ
1291 580 1657 651 αὐξανόμεναι

131 706 176 743 τε
220 685 302 739 καὶ
354 679 686 753 μειούμεναι,
732 676 829 730 καὶ
865 675 997 746 παρ’
1017 674 1265 745 ἀλλήλων
1321 674 1412 727 τὸν
1466 672 1660 745 χρόνον

129 776 480 843 δανειζόμεναι,
510 772 602 825 καὶ
650 769 814 824 πάλιν
840 765 1102 838 ἀλλήλαις
1130 765 1192 818 τὸ
1217 764 1379 837 χρέος
1405 765 1452 799 ⁸⁸
1478 766 1660 818 ἐκτιν-

130 874 314 927 νύουσαι
334 907 347 931 ,
381 865 476 936 τὴν
504 862 819 934 ἐφεστῶσαν
840 859 1031 922 αὑταῖς
1069 856 1481 912 ὑποδεικνύουσι
1524 872 1661 926 προ-

130 962 343 1036 μήθειαν.
367 958 437 1010 Τδ
459 956 505 988 ⁸⁹
542 954 626 1020 δὲ,
667 972 687 1006 ι
727 951 1053 1024 Ἑρεύγεται
1084 951 1237 1022 ῥῆμα
1260 951 1329 1018 ⁸ο,
1360 950 1454 1005 καὶ
1493 950 1663 1019 ἀναγ-

129 1056 273 1126 γέλλει
301 1051 515 1121 γνῶσιν,
541 1049 636 1102 καὶ
653 1045 968 1118 διηγοῦνται
991 1044 1153 1110 δόξαν
1183 1045 1287 1109 ⁹¹,»
1312 1046 1415 1099 οὐκ
1443 1044 1661 1116 ἔμψυχα

130 1147 239 1203 εἶναι
271 1143 498 1198 διδάσκει
541 1141 611 1193 τὰ
637 1139 891 1211 ὁρώμενα
917 1154 931 1168 ⁸
971 1137 1110 1192 ἀλλὰ
1138 1138 1555 1208 προσωποποιία
1580 1139 1664 1202 τίς

129 1245 239 1302 ἐστι,
276 1234 605 1289 παιδεύουσα
627 1232 833 1296 πάντας
852 1232 900 1265 ⁹¹
927 1230 1035 1286 άπδ
1070 1229 1178 1284 τῶν
1222 1231 1526 1302 ὁρωμένων
1569 1232 1664 1285 ἐπὶ

129 1334 197 1387 τὸν
216 1331 423 1401 ἀόρατον
457 1325 815 1397 ποδηγεῖσθαι
836 1325 883 1359 ⁸⁸
905 1324 1037 1379 Θεὸν
1051 1323 1121 1387 ⁸⁸,
1156 1323 1396 1396 κάκείνῳ
1423 1324 1663 1395 προσφέ-

132 1444 221 1499 ρειν
250 1422 337 1493 τὴν
360 1418 655 1491 ὑμνῳδίαν.
737 1482 739 1485 ι

183 1515 234 1579 6’,
273 1522 330 1569 ε’.
378 1534 397 1565 ι
459 1513 576 1566 Οὐκ
627 1510 734 1564 είσὶ
772 1510 955 1565 λαλιαὶ
1003 1508 1125 1563 οὐδὲ
1151 1508 1324 1580 λόγοι,
1368 1501 1444 1563 ὧν
1480 1508 1580 1562 οὐκ
1614 1507 1663 1542 ⁸⁸

132 1605 371 1660 ἀκούονται
393 1602 449 1655 αί
476 1602 660 1669 φωναὶ
686 1600 887 1655 αὐτῶν.
920 1599 1014 1664 Et;
1043 1600 1226 1655 πᾶσαν
1253 1598 1353 1671 τήν
1382 1600 1485 1671 γῆν
1509 1598 1666 1671 ἐξῆλ-

135 1702 202 1753 θεν
223 1701 246 1752 6
267 1695 491 1768 φθόγγος
528 1693 741 1747 αὐτῶν·
768 1692 863 1746 καὶ
895 1695 975 1756 εἰς
1001 1692 1072 1747 τὰ
1112 1692 1327 1764 πέρατα
1357 1692 1461 1762 τῆς
1478 1693 1663 1746 οίκου-

1758 488 2144 544 transcendere
2171 505 2279 544 non
2314 498 2515 559 potest.
2552 488 2686 542 Dum
2712 489 2858 542 enim
2892 505 2998 545 nox
3024 504 3187 563 atque
3213 494 3332 551 dies

1756 580 1822 635 ad
1856 578 2141 635 hominum
2180 580 2472 635 utilitatem
2504 586 2761 634 crescunt
2791 588 2954 649 atque
2981 581 3328 646 decrescunt,

1757 678 1813 725 et
1834 686 1863 725 a
1894 686 1954 726 se
1996 670 2228 726 invicem
2262 678 2478 741 tempus
2500 678 2846 735 mutuantur,
2878 681 2933 725 et
2964 674 2983 691 ‘
3018 688 3211 729 rursus
3237 676 3333 729 de-

1758 761 1931 817 bitum
1961 762 2064 817 sibi
2095 762 2239 817 ultro
2293 763 2541 832 citroque
2588 761 2845 826 reddunt,
2902 764 3332 832 providentiam-

1759 871 2005 926 quequze
2034 855 2167 926 ipsis
2194 866 2409 927 praeest,
2443 856 2756 911 ostendunt.
2780 854 2893 911 Hoc
2914 867 3095 911 autem
3124 877 3136 912 :
3163 876 3181 909 ι
3204 860 3333 913 Eru-

1763 956 1877 1005 ctat
1908 948 2161 1011 verbum,
2202 957 2255 1003 et
2287 948 2483 1003 indicat
2519 946 2827 1012 scientiam,
2848 957 2903 1003 et
2931 960 3193 1006 enarrant
3216 954 3333 1023 glo-

1761 1038 1898 1092 riam
1939 1037 2053 1102 Dei,
2093 1056 2112 1089 ι
2148 1053 2256 1092 non
2288 1039 2522 1093 animata
2555 1054 2676 1094 esse
2696 1054 2817 1109 quae
2851 1049 3174 1107 cernuntur,
3235 1044 3334 1096 do-

1762 1137 1868 1183 cet.
1906 1126 2107 1183 Verum
2138 1138 2222 1183 est
2254 1128 2502 1199 quaedam
2543 1128 2948 1199 prosopopceia,
3012 1145 3205 1188 omnes
3235 1133 3333 1187 do-

1763 1234 1913 1282 cens,
1950 1220 2018 1273 ab
2049 1218 2134 1273 his
2168 1234 2287 1289 qua:
2311 1229 2631 1286 cernuntur,
2665 1222 2731 1275 ad
2765 1222 3025 1291 Opilicem
3075 1223 3167 1293 qui
3229 1225 3335 1278 mi-

1763 1310 1910 1363 nime
1936 1309 2179 1363 cernitur
2218 1310 2519 1378 pervenire,
2551 1320 2605 1363 et
2654 1310 2730 1364 illi
2774 1312 3101 1381 hymnorum
3158 1314 3336 1369 canti-

1765 1400 1939 1455 lenam
1972 1399 2184 1455 allerre.

1842 1491 2004 1548 Vens.
2041 1494 2095 1558 4,
2121 1493 2174 1547 5,
2212 1512 2230 1544 ι
2268 1491 2385 1546 Non
2406 1501 2535 1548 sunt
2565 1495 2793 1565 loquela:
2823 1511 2999 1565 neque
3025 1511 3331 1561 sermones,

1767 1599 2002 1654 quorum
2042 1598 2153 1637 non
2187 1584 2482 1638 audiantur
2536 1599 2701 1639 voces
2737 1599 2950 1640 eorum.
3010 1586 3066 1641 ln
3116 1603 3335 1642 omnem

1769 1685 1973 1731 terram
2004 1675 2175 1730 exivit
2198 1690 2368 1731 sonus
2401 1690 2616 1739 eorum,
2648 1686 2703 1730 et
2732 1677 2785 1730 in
2821 1677 2958 1731 lines
2988 1679 3139 1732 orbis
3178 1688 3337 1733 terra

137 1766 368 1862 μένηςτά
405 1788 636 1858 ῥήματα
660 1786 864 1841 αὐτῶν.
912 1804 931 1837 ι
980 1783 1154 1839 Τοῦτο
1183 1786 1229 1817 ⁸⁸
1268 1785 1601 1858 σαφέστερον
1631 1785 1660 1838 6

1772 1770 1934 1825 verba
1973 1784 2184 1823 eorum.
2226 1788 2246 1821 ι
2281 1766 2396 1823 Hoc
2443 1770 2786 1840 explanatius
2834 1769 3199 1841 Symmachus
3252 1772 3337 1825 in-

136 1885 383 1953 Σόμμαχος
435 1880 789 1952 ἡρμήνευσεν
842 1877 1012 1932 είπών
1044 1878 1125 1910 ’7'
1168 1878 1281 1932 Kal
1322 1877 1440 1944 νὺξ
1489 1879 1663 1934 νυκτὶ

135 1974 441 2044 ἀναγγέλλει
469 1975 517 2007 ³⁸
560 1974 823 2044 γνῶσινο
875 1980 947 2032 οὐ
971 1977 1238 2045 ρήσεσιν
1265 1978 1333 2041 ’9,
1379 1974 1521 2030 οὐδὲ
1560 1974 1665 2027 λό-

136 2086 230 2140 γοις
254 2066 286 2130 ⁸,
333 2059 418 2120 ὦν
473 2068 590 2120 οὐκ
618 2068 937 2124 ἀκούονται
994 2073 1055 2124 αἱ
1101 2070 1292 2140 φωναί
1321 2072 1363 2132 ³,
1398 2069 1537 2122 ἀλλ’
1576 2067 1665 2133 εις

133 2158 299 2214 πᾶσαν
317 2158 431 2223 τὴν
456 2158 584 2228 γῆν
613 2158 875 2229 ἐξῆλθεν
904 2164 936 2216 ό
970 2162 991 2193 ³
1019 2158 1168 2232 ἦχος
1195 2161 1424 2216 αὐτῶν
1454 2159 1486 2231 ἢ
1526 2157 1667 2211 κατὰ

133 2250 199 2303 τὸν
231 2248 470 2317 ’Δκύλαν,
506 2252 548 2304 ὁ
577 2251 779 2305 κανὼν
816 2251 1070 2307 αὑτῶνδ.
1101 2252 1239 2306 Οὔτε
1277 2253 1385 2323 γὰρ
1411 2251 1602 2320 λόγους
1619 2251 1663 2315 ⁵,

133 2342 225 2395 οὔτε
261 2342 474 2413 ῥήματα
548 2343 944 2415 προφέρουσαι,
984 2344 1119 2400 ἀλλὰ
1163 2344 1255 2397 τὸν
1303 2344 1525 2406 κανόνα,
1571 2342 1667 2394 καὶ

133 2437 205 2504 τὴν
250 2433 445 2487 οἰκείαν
528 2435 689 2500 τάξιν
762 2435 1147 2490 ὕποδεικνῦσαι
1198 2436 1253 2501 ⁸,
1311 2436 1493 2488 πᾶσαν
1566 2433 1666 2505 τὴν

134 2527 314 2595 γῆνκαὶ
356 2525 641 2581 θάλατταν
688 2529 768 2592 είς
820 2528 920 2599 τὴν
964 2526 1113 2582 θείαν
1172 2526 1430 2582 καλοῦσιν
1486 2528 1668 2597 ὑμνῳ-

132 2634 235 2671 οιαν.

187 2719 245 2777 ς’,
285 2711 345 2777 ζ’.
377 2731 395 2765 ι
448 2713 551 2766 Ἐν
578 2711 659 2783 τῷ
694 2713 831 2784 ⁴ἡλίῳ
869 2711 1022 2765 ἔθετο
1050 2711 1112 2765 τὸ
1154 2711 1421 2783 σκήνωμα
1460 2710 1625 2764 αὑτοῦ
1648 2726 1663 2742 ·

134 2809 203 2857 καὶ
232 2805 375 2868 αὐτὸς
424 2804 500 2869 ὡς
570 2805 805 2875 νυμφίος
852 2804 1290 2876 ἐκπορευόμενος
1347 2803 1411 2857 ὲκ
1456 2801 1665 2857 παστοῦ

137 2897 280 2952 αὑτοῦ.
350 2898 780 2969 Ἀγαλλιάσεται
833 2897 908 2961 ὼς
974 2899 1136 2966 γίγας
1193 2897 1424 2969 δραμεῖν
1473 2896 1663 2951 ὀδόντ-

137 2991 205 3043 ἀπ’
249 2989 407 3062 ἄκρου
470 2990 581 3044 τοῦ
637 2988 870 3062 ούρανοῦ
916 2992 950 3060 ἡ
987 2989 1167 3057 ἔξοδος
1222 2988 1425 3043 αὐτοῦ’
1464 2990 1559 3044 καὶ
1608 2989 1669 3043 τὸ

1770 1871 2105 1933 terpretatus
2140 1870 2230 1917 est
2253 1880 2267 1918 :
2299 1862 2371 1916 Et
2393 1877 2496 1915 nox
2514 1864 2658 1917 nocti
2685 1864 2889 1917 indicat
2918 1866 3214 1925 scientiam,
3234 1881 3337 1918 non

1768 1954 1963 2017 verbis,
2001 1970 2167 2024 neque
2218 1955 2568 2019 sermonibus,
2618 1970 2840 2023 quorum
2905 1972 3008 2009 non
3043 1957 3338 2010 audiuntur

1766 2064 1935 2113 uoces,
1954 2049 2044 2103 sed
2066 2050 2118 2102 in
2151 2065 2357 2103 omnem
2384 2059 2581 2103 terram
2615 2049 2776 2102 exivit
2807 2064 2968 2103 sonus
2991 2036 3205 2109 eorum,
3228 2051 3333 2114 vel,

1768 2139 2069 2195 secundum
2100 2141 2378 2210 Aquilam,
2413 2139 2596 2210 regula
2621 2141 2875 2208 ipsorum.
2910 2138 3046 2193 Nam
3080 2156 3179 2196 nec
3218 2154 3338 2197 Scr-

1768 2245 2010 2295 monem,
2053 2231 2253 2300 inquit,
2286 2245 2387 2285 nec
2415 2230 2579 2285 verba
2606 2229 2966 2300 proierentes,
3015 2231 3111 2286 sed
3175 2247 3339 2302 regu-

1767 2322 1873 2377 lam
1906 2330 1961 2376 et
1989 2323 2270 2392 praprium
2313 2323 2561 2377 ordinem
2592 2324 3058 2387 demonStrantes,
3115 2338 3337 2378 omnem

1771 2425 1970 2469 terram
2001 2423 2165 2485 atque
2197 2429 2351 2470 mare
2390 2416 2456 2470 ad
2482 2415 2697 2471 divinas
2746 2416 2937 2471 laudes
2974 2417 3341 2472 decantandas

1768 2507 2020 2563 invitant.

1839 2713 2006 2772 Vens.
2040 2716 2094 2782 6,
2135 2716 2185 2769 7.
2228 2737 2247 2769 ι
2295 2715 2351 2772 1η
2377 2718 2490 2773 sole
2512 2718 2694 2789 posuit
2716 2719 3126 2776 tabernaculum
3159 2736 3343 2790 suum,

1772 2817 1827 2864 et
1873 2809 1991 2880 ipse
2028 2820 2287 2881 tanquam
2342 2826 2578 2881 sponsus
2626 2814 2926 2882 procedens
2980 2814 3047 2870 de
3105 2815 3345 2870 thalamo

1772 2915 1893 2957 suo.
1930 2899 2237 2959 Exsultabit
2258 2903 2422 2974 720
2446 2913 2506 2958 ut
2535 2904 2685 2975 gigas
2716 2904 2783 2959 ad
2815 2908 3139 2962 currendam
3164 2908 3345 2964 viam:

1772 3010 1803 3049 a
1844 3010 2062 3050 summo
2091 2996 2235 3050 coalo
2287 3012 2547 3067 egressus
2600 2998 2739 3067 ejus,
2803 3007 2857 3053 et
2909 3016 3175 3056 occursus
3227 3001 3345 3069 ejus

136 3085 406 3157 κατάντημα
452 3083 631 3138 αὐτοῦ
670 3084 775 3148 ἓως
822 3084 993 3154 ἄκρου
1042 3081 1135 3136 τοῦ
1187 3081 1437 3153 ούρανοῦ.
1488 3102 1509 3135 ι
1559 3082 1667 3136 Καὶ

1775 3101 1951 3155 usque
1990 3087 2059 3142 ad
2114 3089 2510 3142 extremitatem
2542 3088 2687 3142 coeli.
2729 3106 2747 3138 ι
2794 3087 2918 3143 llam
2957 3091 3117 3143 etiam
3173 3090 3347 3161 magis

138 3176 274 3230 ταῦτα
323 3176 667 3246 σαφέστερον
709 3177 758 3229 οἱ
815 3177 966 3246 τρεῖς
1022 3175 1390 3247 ἡρμήνευσαν.
1449 3176 1538 3228 Ἔν
1590 3175 1666 3244 τῷ

137 3268 240 3337 ἡλίῳ
269 3266 409 3321 ἔθετο
442 3268 507 3322 τὸ
561 3267 855 3338 σκήνωμα,
897 3267 1061 3337 φησὶν
1078 3268 1121 3334 ⁸,
1170 3268 1228 3320 ὲν
1258 3266 1441 3330 αὐτοῖς
1467 3283 1480 3296 °
1508 3284 1668 3319 τουτ-

139 3360 250 3411 έστιν
270 3359 322 3411 ὲν
351 3361 461 3422 τοῖς
482 3358 763 3430 οὐρανοῖς.
786 3356 941 3412 Οὕτω
959 3358 1069 3427 γὰρ
1093 3358 1186 3411 καὶ
1210 3360 1238 3411 6
1270 3357 1442 3429 μέγας
1464 3358 1667 3424 ἐδίδαξε

139 3450 299 3522 Μωσῆς
324 3468 338 3481 ·
382 3470 401 3503 ι
436 3451 559 3505 Καὶ
589 3450 846 3520 ἐποίησεν
875 3451 902 3504 6
930 3450 1063 3515 Θεὸς
1088 3452 1215 3515 τοὺς
1253 3451 1347 3505 δύο
1377 3452 1669 3523 φωστῆρας

139 3542 233 3604 τοὺς
263 3543 534 3611 μεγάλους
563 3559 577 3572 ·
610 3544 705 3596 καὶ
746 3542 899 3595 ἔθετο
915 3543 1111 3606 αὐτοὺς
1133 3545 1191 3597 ἐν
1222 3543 1298 3614 τῷ
1331 3544 1668 3615 στερεὼματι

140 3633 209 3686 τοῦ
239 3635 451 3707 ούρανοῦ
483 3637 575 3698 είς
599 3635 797 3703 φαῦσιν
822 3636 843 3667 ³
870 3636 961 3688 ἐπὶ
983 3636 1080 3705 τῆς
1106 3636 1228 3706 γῆς.
1250 3656 1269 3687 ι
1298 3636 1437 3689 Αὐτὸ
1455 3635 1669 3689 τοῦτο¹⁰

139 3726 209 3777 καὶ
234 3729 256 3780 6
290 3726 422 3792 θεῖος
460 3727 577 3797 ἔφη
599 3727 781 3791 Δαὸὶδ,
807 3727 889 3781 ὅτι
918 3726 1070 3780 ἔθετο
1094 3727 1154 3781 τὸ
1180 3729 1446 3799 σκήνωμα
1474 3729 1530 3780 ὲν
1558 3730 1668 3792 τοῖς

138 3818 342 3887 οὐρανοῖς
366 3819 440 3890 τῷ
468 3819 614 3890 ἡλίῳ
637 3836 652 3850 ⁸
684 3820 822 3874 ὥστε
867 3818 1028 3872 αὑτὸν
1058 3818 1144 3872 ἐπ’
1183 3820 1406 3873 ἐκείνων
1438 3819 1669 3891 ὀχούμε-

139 3928 220 3973 νον,
255 3916 339 3964 καὶ
374 3913 415 3943 ¹¹
451 3912 603 3966 κατὰ
641 3911 742 3979 μὲν
779 3911 840 3964 τὸ
883 3911 1079 3975 κάλλος
1125 3912 1407 3982 μιμεῖσθαι
1440 3914 1670 3984 νυμφίον

139 4004 186 4055 ἐκ
224 4006 475 4071 παστάδος
553 4006 809 4074 προϊόντα
863 4005 1001 4077 μετὰ
1043 4004 1246 4076 πολλῆς
1301 4007 1666 4078 εὐπρεπείας⁹

140 4099 247 4150 κατὰ
272 4098 323 4150 δὲ
352 4099 409 4151 τὸ
439 4099 637 4169 τάχος,
669 4099 903 4168 γίγαντά
922 4116 1043 4152 τινα
1076 4098 1217 4169 μετὰ
1240 4099 1439 4170 πολλῆς
1461 4100 1672 4171 διατρέ-

138 4207 266 4258 χοντα
298 4192 485 4264 ῥώμης
540 4194 635 4245 καὶ
690 4193 874 4263 ἰσχύος
896 4194 940 4224 ⁸⁸
966 4209 980 4223 ο
1019 4190 1038 4264 [
1068 4192 1295 4263 μηδενὸς
1332 4193 1377 4224 ¹³
1422 4191 1670 4264 ἐμποδὼν

140 4285 402 4354 ἱσταμένου,
455 4285 560 4339 καὶ
598 4284 696 4355 τῆς
725 4285 818 4337 ἐπὶ
861 4288 927 4338 τὰ
970 4286 1158 4356 πρόσω
1191 4285 1423 4356 πορείας
1464 4303 1670 4357 πειρω-

141 4375 271 4439 μένου
298 4376 563 4430 κωλύειν’
591 4374 734 4428 οὕτω
772 4377 865 4428 καὶ
911 4369 1066 4438 οὗτος
1101 4376 1144 4407 ’⁸
1182 4375 1390 4447 ἀνίσχει
1437 4377 1534 4446 μὲν
1564 4375 1671 4430 ἀπὸ

1773 3179 2016 3234 dilucide
2044 3192 2155 3235 tres
2207 3179 2531 3249 interpretes
2572 3180 2882 3235 ediderunt.
2945 3178 3078 3248 Soli,
3147 3182 3343 3251 inquit,

1773 3272 1956 3341 posuit
1986 3272 2397 3327 tabernaculum
2444 3274 2497 3326 in
2552 3272 2705 3343 ipsis,
2765 3274 3013 3329 videlicet
3056 3276 3113 3353 in
3170 3276 3344 3331 caelis.

1777 3365 1870 3421 Sic
1895 3367 2040 3420 enim
2079 3375 2134 3420 et
2166 3380 2399 3435 magnus
2428 3365 2604 3421 Moses
2620 3366 2807 3421 docuit
2838 3387 2850 3420 :
2890 3386 2908 3418 ι
2952 3365 3016 3421 Ει
3042 3367 3169 3422 fecit
3194 3367 3343 3422 Deus

1776 3455 1887 3511 duo
1918 3455 2212 3511 luminaria
2239 3469 2459 3524 magna,
2500 3464 2552 3509 et
2579 3454 2764 3524 posuit
2791 3454 2881 3508 illa
2918 3454 2972 3509 in
3008 3457 3347 3509 lirmamento

1776 3550 1922 3617 cteli,
1954 3560 2012 3605 ut
2038 3550 2283 3605 lueerent
2315 3563 2479 3617 super
2510 3558 2706 3602 terram
2737 3546 2787 3602 ἀ.
2833 3566 2851 3599 ›
2887 3547 2998 3602 11οο
3057 3550 3234 3617 ipsum
3292 3555 3347 3601 et

1775 3643 1993 3698 divinus
2028 3641 2190 3697 David
2226 3642 2385 3705 dixit,
2418 3641 2561 3710 quod
2604 3644 2848 3709 posuerit
2878 3640 2978 3693 soli
3014 3641 3345 3694 tabernacu-

1775 3736 1886 3789 lum
1918 3736 1970 3788 in
2024 3734 2200 3795 cmlis.
2232 3744 2290 3786 ut
2331 3733 2445 3801 ipse
2474 3747 2636 3799 super
2669 3731 2778 3784 illis
2813 3732 3040 3785 vehatur
3069 3750 3081 3784 :
3115 3742 3167 3785 et
3234 3731 3348 3799 pul-

1778 3826 2090 3881 chritudine
2131 3826 2348 3894 quidem
2386 3836 2645 3892 sponsum
2708 3821 2949 3874 imitetur
3004 3836 3067 3874 ex
3108 3820 3347 3873 thalamo

1776 3918 1947 3972 multo
1982 3931 2106 3971 cum
2138 3915 2334 3971 decore
2368 3922 2679 3979 exeuntem,
2713 3913 2997 3967 velocitate
3026 3922 3206 3966 autem
3266 3912 3345 3981 gi-

1776 4016 1993 4078 gantem
2024 4006 2316 4077 quemdam
2341 4020 2539 4073 magno
2592 4019 2715 4058 cum
2758 4004 2959 4073 impetu
3013 4014 3345 4065 currentem,

1778 4099 1928 4153 nulla
1965 4113 2025 4153 re
2072 4097 2349 4159 obstante,
2382 4110 2483 4149 nec
2539 4092 2868 4162 impediente
2915 4095 3209 4162 quominus
3262 4096 3344 4146 ul-

1776 4190 1948 4245 terius
1981 4188 2231 4258 progredi
2258 4186 2450 4258 possit.
2490 4182 2583 4239 Sic
2633 4184 2798 4238 etiam
2846 4184 2959 4254 ipse
3015 4185 3083 4239 ab
3137 4184 3347 4239 oriente
3449 4255 3456 4263 .

1778 4284 2049 4347 exoritur,
2090 4289 2145 4336 et
2182 4282 2345 4335 unius
2375 4278 2480 4333 diei
2517 4277 2696 4348 spatio
2748 4294 3095 4348 percurrens,
3158 4278 3224 4332 ad
3256 4294 3350 4333 oc-

1779 4375 2051 4432 cidentem
2083 4375 2349 4446 pervenit,
2379 4372 2635 4427 omnibus
2662 4372 2989 4427 animalibus
3016 4387 3175 4426 suum
3205 4373 3348 4426 calo-

138 4467 213 4538 τῆς
244 4470 406 4537 ἒω,ὲν
439 4470 550 4541 μιᾷ
576 4469 631 4523 δὲ
661 4468 844 4541 ἡμέρᾳ
883 4468 975 4522 τὸν
1011 4469 1241 4540 οὐρανὸν
1277 4470 1551 4541 διατρέχει
1573 4470 1667 4541 τὴν

1779 4485 1895 4525 rem
1932 4468 2265 4539 impertiens.
2299 4484 2318 4519 ι
2354 4461 2464 4521 Nec
2489 4463 2675 4535 estqui
2702 4479 2762 4521 se
2790 4464 3090 4520 abscondat
3114 4478 3145 4518 a
3170 4464 3349 4519 calere

192 4646 211 4684 δ
254 4646 379 4703 Gen.
422 4662 465 4713 ι,
510 4649 599 4715 16,
635 4648 722 4701 17.

1195 4757 1430 4814 VARUE
1466 4753 1849 4812 LECTIONES
1881 4752 1971 4809 ET
1998 4753 2233 4812 NOT/E.

192 4922 227 4994 ’Ἴ
251 4921 727 4994 ’Υποδείκν-υᾳιν.
757 4923 880 4994 cod.
908 4921 1239 4994 ίδείκνυσιν.
1313 4919 1358 4994 δέ
1381 4919 1456 4994 *Τό
1474 4920 1667 4994 χρέοςἶ

1772 4922 1977 4977 [1.2τὸν
1997 4924 2209 4994 χρόνον.
2286 4924 2331 4959 ⁸⁸
2364 4924 2834 4994 Τὸ--ὐμνῳὸίαν.
2863 4922 2983 4979 Des.
3013 4924 3151 4993 apud
3178 4923 3341 4980 Cord.

139 4990 398 5063 "39,390,,
440 4994 566 5049 εοά,
594 4992 631 5063 2
657 4992 866 5063 ἡμέρα.
908 4993 984 5063 γει
1020 4991 1228 5053 δόξαν.
1257 4990 1415 5045 codd.
1448 4991 1599 5063 addit
1632 4992 1667 5063 ,ε

1772 4994 1797 5046 ὲ.
1875 4994 1920 5025 θ’
1943 4990 2200 5060 Πάντας.
2236 4997 2357 5051 eod.
2403 4995 2437 5048 2
2474 4990 2625 5049 addit
2669 4993 3008 5063 ἀνθρώπους.

134 5059 349 5126 γεῖσθὰι.
371 5066 499 5119 cod.
531 5064 583 5129 1,
611 5062 647 5117 2
673 5059 1009 5133 όδηγεῖσθαι.
1100 5063 1147 5093 ⁸⁸
1176 5064 1343 5133 Θεόις.
1379 5061 1587 5133 cod._l,
1620 5062 1655 5115 2
1684 5063 1713 5115 δ

138 5146 226 5185 rec.
260 5135 410 5189 lectio
436 5134 544 5187 τῶν
575 5132 655 5189 0'.
732 5130 793 5165 ⁸⁸⁷
814 5132 998 5187 Τοῦτο
1028 5162 1098 5172 -
1120 5131 1449 5200 ὑμνῳδίαν.
1486 5130 1620 5187 Fere
1650 5149 1713 5187 ea

136 5270 315 5341 λόγους.
388 5278 407 5306 ¹
436 5276 569 5331 Cod.
606 5276 641 5329 2
670 5275 875 5341 φωνάς.

138 5421 286 5485 tamen
316 5417 467 5469 obelo
499 5424 744 5485 notatum
776 5430 834 5470 se
864 5414 1137 5485 invenisse
1167 5422 1399 5468 testatur
1427 5414 1648 5469 Hieron.
1688 5416 1740 5468 in
1775 5415 1943 5485 Epist.
1968 5419 2033 5472 ad
2070 5418 2205 5473 Sun.
2241 5429 2293 5474 et
2326 5418 2470 5473 Fret.
2548 5420 2568 5450 ⁸

135 5481 162 5531 ‘2

1756 5064 2038 5136 μιουργόν.
2141 5066 2188 5099 ⁵³
2222 5069 2364 5121 Οὐκ.
2390 5066 2550 5121 codd.
2593 5074 2707 5119 tres
2742 5066 2878 5135 Aug.
2924 5065 3066 5136 οὐχὶ,
3091 5080 3212 5135 ουκ
3261 5075 3346 5123 est

1757 5150 1841 5206 em
1896 5145 2023 5190 sunt
2051 5177 2065 5197 ,
2093 5152 2213 5204 qua),
2261 5136 2428 5191 Cord.
2468 5152 2520 5204 p.
2549 5136 2652 5190 ’547
2682 5144 2735 5189 et
2758 5135 2864 5188 556
2902 5135 3176 5206 ἀνωνυμεὶ
3215 5152 3346 5204 pro-

137 5203 257 5272 tulit.
326 5206 365 5235 "
398 5204 602 5259 εἰπών.
627 5204 797 5258 Abest
821 5218 852 5257 a
884 5204 1006 5258 cod.
1041 5205 1091 5270 1,
1123 5202 1178 5255 Ξ.
1256 5202 1300 5272 θέε
1330 5204 1454 5272 eod.
1489 5205 1523 5254 2
1564 5205 1667 5257 ἀνα

1777 5203 1876 5258 λεί.

953 5272 975 5304 ³
1003 5277 1115 5347 det
1141 5271 1365 5347 ατίθτιξῦν·ἒ
1384 5271 1596 5347 D_es._in
1646 5271 1803 5347 codd.
1836 5277 1973 5347 Aug.

136 5338 248 5412 Aug.
278 5344 450 5411 λόγον,
484 5338 969 5414 φησὶνζάφιετσαι.
1044 5344 1065 5374 ⁶
1098 5344 1224 5398 cod.
1256 5345 1305 5407 1,
1338 5344 1373 5396 2
1405 5342 1875 5401 ὑποδεικνύουσαι.

3084 4994 3127 5026 ⁹³
3151 4995 3346 5061 H0613-

2141 5066 2188 5099 ⁸³
2222 5069 2364 5121 Οὐκ.
2390 5066 2550 5121 codd.
2593 5074 2707 5119 tres
2742 5066 2878 5136 Aug.
2924 5065 3066 5136 οὐχὶ,
3091 5080 3212 5135 quae
3261 5075 3347 5123 est

1980 5206 2024 5237 "
2057 5206 2362 5277 Ῥήονεονιν.
2406 5206 2563 5261 codd.
2596 5207 2630 5260 5
2667 5208 2804 5276 Aug.
2852 5206 3028 5277 ῥῆσιν.
3109 5208 3122 5237 ¹
3154 5208 3276 5277 cod.
3309 5208 3344 5260 5

2052 5276 2073 5307 ⁵
2100 5280 2270 5332 eod.1
2324 5280 2377 5331 2.
2411 5279 2593 5340 αὑτός.
2671 5277 2691 5307 ⁵
2730 5276 2979 5344 Λόγους.
3028 5276 3188 5331 codd.
3237 5287 3346 5332 tres

1968 5347 1988 5377 "
2026 5347 2214 5403 Ὀδόν.
2248 5349 2306 5401 lu
2339 5365 2484 5408 vers.
2528 5347 2639 5401 τῶν
2663 5349 2717 5401 0'
2742 5347 2960 5400 additur
2987 5346 3176 5410 αὑτοῦ,
3199 5347 3348 5416 quod

2608 5420 2822 5486 Φησίν.
2866 5417 3035 5471 Abest
3079 5432 3106 5470 a
3137 5421 3257 5470 eod.
3291 5418 3343 5482 1,

169 5522 179 5533 .
243 5485 261 5514 ⁹
289 5487 384 5550 Εἰς
414 5487 666 5555 φαῦσιν.
705 5484 834 5540 Rec.
870 5485 1032 5539 lectio
1063 5484 1098 5536 l.
1128 5500 1177 5538 c.
1215 5494 1295 5538 est
1337 5485 1481 5538 ὥστε
1515 5486 1667 5552 φαίνε

1820 5484 1869 5518 ί¹⁰
1899 5489 2020 5542 cod.
2062 5492 2111 5553 1,
2155 5489 2190 5542 ‘2
2217 5490 2406 5542 ταύτό.
2484 5488 2526 5519 ¹¹
2570 5484 2701 5542 Kal.
2761 5488 2931 5540 Abest
2977 5503 3008 5541 a
3054 5487 3173 5541 cod.
3214 5486 3264 5549 1,
3292 5496 3349 5542 et

134 5550 179 5602 2.
244 5555 282 5584 “
307 5550 670 5626 Καϊὶσχύος.
707 5555 829 5611 Des.
861 5557 917 5609 in
947 5557 1182 5627 utroque
1206 5554 1329 5608 cod.
1399 5555 1452 5627 λ¹³
1482 5550 1667 5623 Μηδετ

1795 5550 2264 5627 -θερμότῄτος.
2318 5559 2593 5614 Lacunam
2639 5573 2761 5626 qua:
2792 5560 2846 5611 h.
2883 5556 2919 5609 1.
2956 5558 3007 5610 in
3058 5559 3144 5611 ed.
3174 5555 3345 5611 Sirm.

135 5634 250 5700 erat,
272 5640 300 5678 e
326 5629 442 5679 eod.
476 5625 505 5681 1⁷
533 5638 586 5681 et
609 5627 644 5679 2
672 5630 914 5700 August.
932 5626 1182 5700 potuisse
1206 5625 1409 5700 enpleri
1461 5642 1527 5680 eo
1567 5628 1743 5695 magis
1790 5625 2061 5693 laetamur,
2107 5625 2217 5700 uno
2278 5629 2491 5684 felicius
2530 5631 2631 5685 hoc
2656 5625 2775 5682 loco
2812 5628 3084 5700 consentit
3118 5637 3349 5700 uterque

135 5694 301 5767 codex,
336 5707 522 5767 praeter
548 5694 777 5752 unicam
806 5694 1104 5750 variantem
1128 5694 1453 5767 lectionem.
1486 5712 1607 5765 quae
1639 5694 1818 5753 tamen
1862 5701 1994 5753 levis
2022 5694 2138 5754 est:
2160 5700 2339 5754 Pauca
2370 5717 2436 5754 ex
2488 5702 2610 5755 istis
2638 5699 2914 5767 άνωνυμεὶ
2943 5698 3162 5754 exhibet
3179 5694 3345 5754 δοιά.

137 5769 171 5814 t.
198 5761 235 5830 1,
267 5780 316 5834 p.
339 5761 437 5822 317
458 5785 473 5835 ;
496 5772 693 5825 desunt
717 5778 897 5822 autem
931 5767 1004 5823 ibi
1031 5765 1191 5821 verba
1224 5765 1313 5821 illa
1346 5761 1560 5837 καὶτῆς
1591 5797 1650 5807 —

1772 5770 2116 5839 ιαλαμόάνει.
2200 5772 2241 5803 ιδ
2278 5772 2460 5827 Οὕτω.
2493 5773 2616 5827 cod.
2652 5772 2686 5823 ‘2
2716 5761 2863 5825 addit
2895 5768 3023 5835 γάρ.
3350 5774 3362 5787 ‘
