3850 6526
110 282 195 348 997
1407 276 1487 336 ΙΝ
1522 276 1725 337 PSAL.
1786 277 2005 338 XVIII.

3206 282 3311 346 998

106 395 213 459 χήν,
240 386 346 440 τῶν
371 384 606 439 αἰωνίων
641 382 863 452 ἀγαθῶν
906 385 1155 456 προξενεῖ
1192 385 1289 455 τὴν
1328 385 1647 440 ἀπόλαυσιν.

1768 386 1842 439 )ei
1876 387 2127 441 timorem
2161 400 2353 455 purum
2403 387 2656 458 appellat,
2713 388 2965 444 videlicet
3016 392 3312 462 reprehen-

107 480 319 541 Εἰκότως
338 476 394 529 δὲ
426 477 520 530 τὸν
546 477 634 530 τοῦ
659 476 794 529 Θεοῦ
823 476 987 546 φόϐον
1025 476 1188 545 ἁγνὸν
1216 476 1644 548 προσηγόρευσε,

104 572 321 626 τουτέστι
380 570 640 639 μέμψεως
698 569 973 639 καθαρόν·
1032 569 1109 633 ὡς
1167 568 1261 621 τοῦ
1306 567 1645 639 ἀνθρωπείου

104 659 247 731 φόϐου
279 658 606 728 ψεγομένου,
636 658 730 711 καὶ
756 657 958 721 δειλίας
980 659 1358 729 προσηγορίαν
1396 657 1609 728 ἔχοντος
1628 674 1645 690 ·

102 756 158 805 τὰ
188 753 239 803 δὲ
268 750 511 819 κρίματα
562 751 813 817 ἀληθινὰ
838 751 933 805 καὶ
964 750 1391 820 δεδικαιωμένα
1432 751 1648 821 ώνόμα-

106 858 210 896 σεν·
243 843 333 895 at;
390 840 455 911 δὴ
502 843 599 895 καὶ
635 841 679 871 ³·
717 842 885 912 τιμὰς
912 842 1007 895 καὶ
1039 842 1311 912 τιμωρίας
1342 842 1578 905 ἐνδίκους
1600 843 1646 875 ⁸⁵

105 934 409 1002 ἐπιφέροντα
444 934 562 995 τοῖς
584 931 913 1002 ἀνθρώποις.
936 932 1120 987 Ταῦτα
1150 933 1194 963 ³⁸
1227 929 1319 986 οὖν
1346 932 1387 963 ³τ
1419 934 1522 1003 ἔφη
1554 934 1648 986 καὶ

105 1023 281 1097 χρυ,σοῦ
313 1024 408 1077 καὶ
445 1023 613 1077 λίθων
643 1025 843 1095 τιμίων
873 1024 918 1056 ³⁸
955 1024 1279 1097 τιμιώτερα,
1307 1026 1401 1078 καὶ
1435 1025 1648 1095 μέλιτος

105 1114 220 1170 εἶναι
250 1113 562 1184 γλυκύτερα
582 1131 597 1146 ·
626 1115 740 1168 ἀλλ’
768 1116 829 1167 οὐ
875 1116 1041 1169 πᾶσιν
1083 1116 1409 1187 ἀνθρώποις,
1440 1115 1574 1168 ἀλλά
1602 1116 1646 1149 ⁸⁹

106 1212 196 1270 τοίς
216 1206 423 1275 άληθῶς
454 1205 790 1277 ἀνθρώποις,
822 1200 897 1261 ὧν
935 1208 964 1260 ό
1007 1207 1119 1278 βίος
1154 1207 1215 1260 οὐ
1245 1206 1648 1277 παραϐάλλεται

109 1304 196 1361 τοῖς
220 1299 429 1366 ἀλόγοις
452 1299 706 1371 κτήνεσι,
739 1299 881 1353 κατά
901 1300 1001 1371 τὴν
1028 1298 1194 1354 αὐτοῦ
1241 1299 1334 1352 τοῦ
1364 1301 1649 1371 Προφήτου

109 1392 280 1460 φωνήν.

166 1486 239 1553 ιβ’.
292 1502 309 1533 ι
359 1481 473 1535 Kal.
523 1482 636 1553 γὰρ
676 1484 705 1535 ὁ
747 1481 933 1547 δοῦλός
980 1500 1074 1535 σου
1124 1483 1390 1553 φυλάσσει
1436 1482 1594 1538 αὐτά.
1627 1501 1644 1534 ι

119 1578 217 1630 Ἐπὶ
263 1574 368 1627 τίνι
420 1573 637 1643 κέρδει,
689 1574 1021 1646 σαφέστερον
1072 1574 1315 1642 δίδαξον·
1370 1594 1387 1627 ι
1450 1576 1537 1628 Ἑν
1575 1575 1653 1645 τῷ

114 1668 364 1738 φυλάσσειν
431 1665 583 1719 αὐτὰ
648 1664 1003 1729 ἀνταπόδοσις
1071 1666 1260 1737 πολλή.
1303 1684 1321 1717 ι
1373 1666 1649 1737 Μεγίστη,

1748 476 1903 530 sione
1931 484 2229 539 carentem,
2260 482 2524 545 tanquam
2557 476 2797 531 humano
2847 478 3046 534 timore
3109 482 3314 553 impro-

1746 568 1899 633 bato,
1929 575 1990 621 ut
2012 567 2107 636 qui
2139 566 2441 622 timiditatis
2468 569 2883 637 appellationem
2915 572 3175 627 continet.
3219 572 3315 627 Ju-

1748 656 1887 711 dicia
1918 663 2097 709 autem
2127 671 2249 709 vera
2294 664 2457 726 atque
2482 656 2785 725 justi/irata
2818 659 3139 723 nominavit,
3195 662 3311 716 vel-

1751 748 1825 801 uti
1857 747 2089 801 honores
2111 751 2126 769 '
2164 755 2220 801 et
2251 748 2513 817 supplicia
2558 748 2705 819 justa
2738 749 3058 806 hominibus
3083 751 3315 806 aﬂ'eren~

1751 840 1846 893 tia.
1876 837 2002 894 Ha-c
2032 838 2198 909 igitur
2222 854 2358 894 auro
2386 840 2768 911 lapidibusque
2826 842 3080 912 pretiosis
3111 843 3315 912 pretio-

1751 931 1923 993 siora,
1956 940 2119 1000 atque
2156 929 2315 985 melle
2346 931 2589 985 dulciora
2616 947 2736 986 esse
2766 931 2901 987 dicit
2933 952 2946 987 :
2980 941 3037 988 at
3060 949 3165 987 non
3196 948 3317 987 om-

1752 1021 1913 1075 nibus
1951 1020 2286 1086 bominibus,
2313 1020 2407 1075 sed
2441 1019 2507 1075 iis
2540 1022 2631 1091 qui
2660 1037 2845 1077 revera
2877 1023 3128 1079 homines
3166 1034 3315 1088 sunt,

1750 1128 1985 1183 quorum
2016 1114 2122 1167 vita
2153 1129 2261 1168 non
2310 1123 2657 1183 comparatur
2703 1115 2984 1184 jumentis,
3018 1131 3138 1186 qua:
3190 1126 3320 1172 sunt

1754 1203 1987 1259 rationis
2012 1203 2278 1274 expertia,
2326 1204 2623 1259 secundum
2680 1205 2852 1273 ipsius
2897 1206 3174 1275 prophetae
3222 1222 3320 1262 vo-

1751 1309 1867 1349 cem
1894 1296 1941 1350 ε.

1824 1476 1991 1534 Vens.
2027 1478 2115 1533 l2.
2152 1497 2171 1531 ι
2212 1478 2421 1534 Etenim
2449 1494 2641 1535 servus
2702 1488 2832 1536 tuus
2889 1480 3125 1536 custodit
3171 1497 3255 1537 ea.
3296 1501 3315 1533 ι

1758 1570 1823 1626 Ει
1868 1586 1979 1642 quo
2009 1571 2162 1626 lucro
2193 1572 2246 1626 id
2283 1572 2379 1627 ﬁat
2421 1574 2599 1643 magis
2628 1572 2866 1627 dilucide
2918 1574 3152 1629 edocet:
3204 1576 3225 1625 ι
3265 1575 3321 1629 In

1756 1665 2129 1720 custodiendis
2184 1664 2293 1720 illis
2347 1665 2636 1721 retributio
2684 1668 2875 1720 multa.
2929 1684 2948 1718 ι
3028 1665 3321 1720 Maximum

114 1762 276 1829 φησιν,
313 1757 591 1820 ἀντίδοσις
656 1757 945 1827 πρόκειται
977 1760 1090 1821 τοῖς
1149 1758 1322 1811 ταῦτα
1367 1757 1654 1826 φυλάττειν

1768 1758 1919 1821 enim,
1948 1757 2108 1829 723
2138 1758 2233 1823 ait,
2262 1758 2545 1828 praemium
2571 1758 2879 1814 volentibus
2897 1760 3012 1814 haec
3041 1758 3325 1814 custodire

116 1848 539 1921 προαιρουμένοις
573 1848 643 1879 ⁵⁸·
703 1848 799 1901 καὶ
879 1849 1177 1920 ἐπειδήπερ
1243 1850 1432 1920 εἴρηκε
1459 1849 1502 1879 ⁸⁸
1558 1847 1652 1901 τοῦ

114 1942 220 1996 Θεοῦ
270 1940 561 2009 φυλάττειν
616 1940 687 1993 τὰ
725 1941 989 2011 κρίματα,
1039 1942 1120 2005 είς
1162 1939 1286 1995 νοῦν
1321 1940 1500 1993 λαϐὼν
1558 1940 1655 2010 τὴν

116 2032 426 2102 ἀνθρωπίνην
479 2031 796 2097 ἀσθένειαν,
849 2033 1067 2086 καὶτοῦ
1104 2035 1348 2105 ῥήματος
1388 2033 1450 2086 τὸ
1488 2033 1657 2103 ὑπέρ-

114 2142 244 2192 ογκον
261 2124 649 2195 λογισάμενος,
688 2125 849 2189 εὐθὺς
890 2128 1137 2198 ἐπήγαγε
1162 2144 1177 2157 ·

168 2224 241 2285 ιγ’.
275 2236 291 2268 ι
342 2217 794 2289 Παραπτώματα
854 2219 939 2283 τίς
985 2224 1247 2291 συνήσεις
1323 2221 1487 2275 duo“
1546 2221 1658 2275 τῶν

117 2311 321 2379 κρυφίων
348 2327 454 2379 μου
493 2310 807 2382 καθάρισόν
830 2329 922 2383 με.
965 2331 983 2364 ι
1023 2312 1141 2366 Κᾶν
1156 2312 1203 2344 ⁸³
1236 2311 1346 2385 γὰρ
1376 2312 1660 2386 προθυμίᾳ

118 2402 250 2472 πολλῇ
276 2401 510 2470 φυλάξαι
564 2402 810 2472 βουληθῶ
839 2402 935 2457 τοῦ
974 2404 1109 2457 Θεοῦ
1141 2405 1241 2469 τὰς
1287 2405 1529 2471 ἐντολὰς,
1554 2405 1660 2459 ὑπὸ

120 2496 191 2560 τῆς
232 2494 465 2563 φυσικῆς
530 2496 816 2560 ἀσθενείας
879 2498 959 2560 εἰς
1016 2498 1188 2552 πολλὰ
1234 2498 1385 2570 παρὰ
1434 2498 1661 2569 γνώμην

119 2585 415 2655 ιαθίλκομαι
435 2586 483 2617 ⁸⁸
502 2602 523 2615 ·
556 2587 648 2640 καί
671 2604 793 2640 τινα
826 2588 924 2658 μὲν
954 2589 1164 2657 ἀγνοῶν
1192 2589 1298 2661 πλη
1308 2589 1517 2662 μμελῶ,
1534 2594 1655 2645 τινὰ

120 2678 163 2728 δὲ
209 2677 301 2729 ὑπὸ
357 2676 468 2730 τῶν
517 2679 983 2750 προσπιπτουσῶν
1046 2680 1349 2752 νικώμενος
1398 2684 1661 2755 περιστά-

124 2784 229 2821 σεων
243 2769 304 2822 ⁸⁸.
326 2769 446 2823 Κᾶν
473 2769 733 2840 διαφύγω
747 2771 804 2825 δὲ
821 2771 930 2825 τῶν
952 2771 1129 2843 ἔργων
1153 2774 1252 2843 τὴν
1274 2776 1578 2847 μαρτυρίαν
1593 2774 1660 2837 *⁸.

128 2861 266 2928 ῥύπου
303 2878 369 2931 με
400 2862 618 2926 παντὸς
642 2863 1072 2934 ἀναπιμπλῶσιν
1126 2866 1178 2919 οί
1219 2866 1495 2938 λογισμοί.
1552 2867 1653 2922 Διά

124 2952 249 3004 τοῦτο
276 2952 503 3007 ἱκετεύω
545 2970 604 3007 σε
640 2955 733 3007 τὸν
761 2955 1003 3027 καθᾶραι
1030 2956 1351 3027 δυνάμενον,
1377 2959 1474 3013 καὶ
1516 2957 1625 3031 βοῶ
1644 2974 1659 2989 ·

132 3063 145 3094 ι
172 3044 281 3097 ’Διοὺ
305 3045 410 3098 τῶν
436 3046 695 3117 κρυφίων
719 3064 825 3118 μου
852 3048 1152 3120 καθάρισόν
1188 3067 1311 3120 με.»

1755 1851 2077 1918 proponitur
2107 1867 2119 1902 :
2174 1858 2228 1903 et
2252 1850 2380 1919 quia
2413 1848 2507 1904 Dei
2532 1849 2739 1919 judicia
2768 1850 3042 1905 custodire
3076 1865 3135 1905 se
3163 1850 3321 1915 dixit,

1759 1941 2054 1996 humanam
2089 1942 2511 1997 imbecillitatem
2561 1942 2616 1996 in
2668 1943 2986 1997 memoriam
3038 1957 3324 2009 revocans,

1756 2044 1920 2104 atque
1974 2034 2137 2104 hujus
2163 2035 2311 2089 verbi
2342 2032 2543 2089 fastum
2572 2035 2947 2099 considerans,
2973 2035 3155 2090 statim
3186 2036 3322 2090 sub-

1752 2124 1975 2194 junxn:

1834 2214 2001 2271 Vens.
2048 2216 2136 2270 l5.
2192 2236 2210 2267 ι
2247 2216 2451 2272 Delicta
2504 2218 2626 2288 quis
2660 2217 2964 2287 intelliget?
3007 2217 3074 2272 ab
3098 2216 3327 2273 occultis

1758 2312 1895 2366 meis
1948 2313 2147 2365 munda
2178 2327 2281 2366 me.
2318 2331 2336 2363 ι
2370 2310 2483 2366 Etsi
2511 2312 2658 2365 enim
2693 2310 2783 2365 Dei
2822 2311 3077 2365 mandata
3130 2326 3326 2380 tnagua

1760 2418 1883 2457 cum
1916 2402 2193 2457 alacritate
2225 2403 2390 2456 animi
2424 2418 2643 2457 servare
2677 2403 2821 2465 volo,
2851 2412 3029 2456 tamen
3080 2418 3109 2456 a
3170 2412 3329 2457 natu-

1762 2496 1862 2550 rali
1893 2495 2208 2550 inﬁrmitate
2238 2496 2303 2550 ad
2336 2496 2503 2550 multa
2539 2506 2735 2565 praeter
2764 2496 3075 2565 opinionem
3098 2497 3285 2549 trahor
3311 2513 3327 2550 :

1761 2596 1815 2642 et
1862 2587 2123 2642 nonnulla
2156 2588 2373 2658 quidem
2409 2588 2709 2642 inscienter
2738 2603 2920 2657 pecco,
2951 2588 3210 2642 nonnulla
3240 2602 3333 2642 ve-

1763 2696 1824 2735 ro
1871 2681 2213 2736 irruentibus
2270 2681 2672 2735 calamitatibus
2709 2688 3027 2749 oppressus.
3062 2681 3140 2733 Ac
3208 2679 3331 2733 licet

1764 2772 2023 2843 operibus
2074 2780 2359 2842 peccatum
2392 2771 2686 2834 declinem,
2733 2780 2911 2824 tamen
2969 2769 3333 2838 cogitationes

1764 2865 1913 2919 omni
1986 2864 2148 2919 sorde
2187 2878 2274 2918 me
2316 2862 2587 2930 polluuut.
2641 2861 2935 2930 Propterea
2976 2871 3029 2915 te
3082 2860 3331 2927 obsecro,

1765 2956 1857 3026 qui
1888 2971 1975 3010 me
1995 2954 2216 3025 expiare
2244 2963 2419 3024 potes,
2449 2965 2502 3009 et
2525 2955 2704 3010 clamo
2734 2970 2747 3006 :
2790 2973 2807 3004 ι
2837 2953 2920 3007 Ab
2946 2952 3173 3007 occultis
3195 2952 3335 3008 meis

1768 3047 1969 3103 munda
1994 3061 2102 3101 me.
2148 3065 2166 3098 ι

183 3138 248 3191 ιδ’.
274 3156 291 3189 ι
320 3140 429 3194 Καὶ
449 3112 896 3212 ἀλλοτρίων
926 3112 1110 3213 φείσαι
1139 3112 1235 3197 τοῦ
1262 3144 1452 3198 δούλου
1484 3162 1598 3198 σου.
1637 3163 1657 3199 ι

1844 3139 2010 3195 Vnns.
2048 3140 2138 3194 M.
2175 3157 2195 3189 ι
2230 3138 2295 3193 Et
2326 3138 2395 3193 ab
2419 3138 2613 3193 alienis
2634 3153 2795 3207 parce
2825 3152 2985 3192 servo
3012 3148 3125 3192 tuo.
3154 3155 3174 3190 ι
3212 3134 3330 3190 Non

131 3228 233 3279 Οὐδ’
267 3227 369 3301 γὰρ
416 3230 594 3302 μόνον
625 3248 689 3302 με
725 3234 774 3285 oi
807 3231 1067 3304 λογισμοὶ
1103 3233 1482 3302 κυκλοῦσινδθ,
1526 3234 1663 3289 ἀλλὰ

130 3320 204 3373 καὶ
231 3322 324 3374 τῶν
350 3324 633 3393 δαιμόνων
669 3324 732 3378 τὸ
768 3326 955 3395 στῖφος
995 3326 1304 3400 πολιορκεῖ·
1342 3327 1434 3382 καὶ
1475 3329 1524 3381 οί
1567 3328 1665 3399 μὲν

133 3409 788 3480 ἑξωθενὲπιϐουλεύουσιν,
848 3417 896 3470 οἱ
940 3416 997 3470 δὲ
1048 3418 1494 3489 συμπράττουσιν
1519 3417 1666 3471 ἐνδο-

134 3502 222 3556 θεν.
249 3504 481 3569 Εἰκότως
535 3506 591 3559 δὲ
650 3508 849 3571 αὐτοὺς
882 3508 1197 3581 ἀλλοτρίους
1248 3508 1554 3580 ὠνόμασεν,
1591 3509 1667 3574 ὡς

134 3593 373 3663 δυσμενεῖς
418 3598 525 3650 καὶ
582 3598 895 3668 πολεμίους,
952 3601 1049 3653 καὶ
1098 3600 1376 3664 παντελῶς
1428 3602 1666 3673 ἀρνησα⁸

137 3687 296 3752 μένους
329 3689 423 3758 τὴν
471 3690 620 3759 πρὸς
654 3692 799 3760 ἡμᾶς
829 3692 1158 3762 οἰκειότητα.

148 3807 157 3817 -
192 3796 207 3829 ι
249 3778 364 3833 Ἐὰν
402 3782 475 3852 μή
533 3798 633 3850 μου
666 3783 1248 3853 κατακυριεύσουσιδθ,
1279 3786 1399 3839 τότε
1431 3786 1665 3857 ἄμωμος

137 3867 293 3935 ἔσομαι
316 3886 328 3899 ⁸
367 3874 462 3926 xui.
507 3872 987 3946 καθαρισθήσομαι
1037 3878 1145 3929 ἀπὸ
1180 3879 1456 3950 ἁμαρτίας
1493 3880 1667 3950 μεγὰ-

140 3958 233 4027 λης.
397 3966 517 4018 Καὶ
566 3965 776 4019 ἔσονται
833 3970 913 4030 είς
976 3970 1222 4023 εὐδοκίαν
1262 3972 1330 4025 τά
1375 3972 1534 4040 λόγια
1572 3972 1667 4025 τοῦ

141 4052 367 4119 στόματός
411 4073 545 4124 μου,
585 4059 679 4111 καὶ
710 4060 742 4128 ή
778 4058 975 4131 μελέτη
1005 4061 1102 4130 τῆς
1138 4064 1367 4132 καρδίας
1432 4080 1532 4133 μου
1582 4064 1670 4116 ὲν-

139 4141 276 4195 ώπιὸν
308 4148 404 4215 μού
429 4150 477 4180 ⁸⁸
505 4150 623 4202 ἐστι
651 4150 961 4214 διαπαντός.
994 4173 1011 4201 ι
1039 4154 1148 4224 Τῆς
1173 4155 1214 4184 ⁸¹
1240 4156 1295 4207 δὲ
1330 4154 1427 4224 σῆς
1448 4156 1670 4207 ἐπικου-

143 4232 236 4297 ρὲις
275 4238 582 4293 ἀπολαῦσαι
625 4241 806 4294 ποθῶ·
858 4244 943 4296 ἵνα
973 4244 1072 4306 τὰς
1119 4245 1323 4298 τούτων
1374 4245 1670 4309 ἐπιϐουλὰς

140 4322 344 4396 διαδρὰς,
378 4332 579 4402 μώμου
630 4349 713 4385 σοι
764 4334 967 4397 παντὸς
1007 4335 1301 4407 ἐλευθέραν
1355 4335 1455 4405 τὴν
1494 4336 1671 4406 ψυχὴν

1771 3234 1918 3289 enim
1951 3243 2162 3287 tantum
2205 3247 2293 3288 me
2324 3231 2679 3301 cogitationes
2709 3230 3093 3294 circumstant,
3148 3243 3337 3283 verum

1770 3328 1934 3381 etiam
1964 3325 2272 3380 daemonum
2306 3326 2522 3396 agmine
2570 3324 2844 3379 obsideor.
2903 3323 2970 3377 Et
3019 3323 3072 3376 hi
3116 3323 3335 3392 quidem

1771 3420 2148 3474 exstrinsecus
2198 3418 2548 3480 insidiantur,
2609 3416 2690 3470 hae
2740 3431 2870 3472 vero
2920 3418 3067 3471 intus
3119 3416 3340 3483 conspi-

1771 3520 1915 3565 rant.
1978 3508 2172 3564 Merito
2212 3519 2393 3563 autem
2453 3509 2602 3579 ipsos
2643 3508 2845 3561 alienos
2908 3508 3218 3579 appellarit,
3280 3514 3342 3560 ut

1772 3600 2025 3657 inimicos
2072 3608 2127 3653 et
2154 3598 2363 3663 hostes,
2397 3606 2452 3652 et
2508 3598 2725 3668 penitus
2752 3599 3001 3652 nolentes
3054 3597 3339 3651 nobiscum

1772 3690 2198 3746 familiaritatem
2230 3690 2450 3745 habere.

1850 3802 1869 3836 ι
1913 3784 1969 3837 Si
2001 3783 2135 3838 mihi
2169 3797 2275 3836 non
2314 3781 2575 3837 dominati
2616 3780 2833 3845 fuerint,
2872 3789 3001 3833 tunc
3034 3778 3341 3832 immacula-

1774 3887 1991 3940 tusero,
2030 3885 2085 3929 et
2105 3875 2440 3929 emundabor
2464 3892 2493 3928 a
2514 3874 2710 3929 delicto
2749 3888 2966 3943 magno.
3000 3871 3187 3943 [Vens
3226 3871 3337 3943 15.]

1776 3967 1840 4021 Et
1885 3966 2111 4020 omnino
2135 3966 2424 4035 placebunt
2462 3966 2680 4035 eloquia
2715 3967 2827 4020 oris
2856 3965 2980 4028 mei,
3009 3975 3061 4018 et
3112 3963 3341 4017 medita-

1777 4059 1852 4112 tio
1892 4058 2072 4112 cordis
2116 4059 2221 4112 mei
2273 4058 2325 4111 in
2373 4068 2668 4127 conspectu
2710 4073 2829 4112 meo
2883 4072 3117 4126 semper.
3156 4075 3174 4107 ι
3228 4053 3338 4109 Tua

1778 4160 1959 4205 autem
1986 4165 2086 4220 ope
2114 4150 2319 4220 perfrui
2357 4151 2628 4216 desidero,
2659 4150 2821 4221 724,
2853 4160 2911 4204 ut
2970 4150 3164 4202 horum
3202 4148 3337 4203 iusi-

1778 4247 1897 4299 dias
1928 4244 2354 4315 subterl‘ugiens,
2385 4246 2622 4298 animam
2674 4245 2887 4314 penitus
2922 4243 2991 4297 ab
3029 4242 3178 4296 oltmi
3220 4242 3341 4295 labe

1778 4340 2003 4395 liberam
2040 4339 2135 4392 tibi
2182 4339 2468 4393 exhibeam
2501 4352 2515 4391 :
2572 4348 2623 4393 ct
2661 4337 3052 4406 praeteritorum
3096 4344 3342 4406 peccato-

143 4423 477 4489 παραστήσω·
538 4424 631 4475 καὶ
685 4424 795 4476 τῶν
851 4426 1342 4495 προεπταισμένων
1378 4429 1531 4498 παρὰ
1577 4428 1658 4480 σοῐ

1782 4446 1901 4486 rum
1939 4431 2098 4486 venia
2129 4446 2157 4483 a
2186 4439 2237 4484 te
2269 4432 2579 4500 impetrata.
2614 4431 3001 4500 sempiternam
3029 4428 3124 4481 tibi
3188 4428 3343 4496 hym-
3402 4454 3429 4473 κ

143 4504 291 4561 λαϐὼν
320 4513 414 4582 τὴν
448 4516 806 4584 συγγνώμην,
836 4516 1054 4569 αἰώνιόν
1086 4534 1166 4569 σοι
1199 4519 1549 4587 προσενέγκω
1576 4518 1658 4589 τὴη

1782 4535 1979 4574 norum
2035 4521 2363 4573 cantilenam
2413 4520 2633 4573 ollerani
2666 4561 2681 4585 ,
2747 4532 2835 4573 tua
2875 4517 3096 4571 oracula
3130 4530 3343 4585 semper

145 4595 403 4668 ὑμνῳδίαν,
435 4604 551 4657 τῶν
602 4606 709 4657 σῶν
753 4606 948 4673 λογίων
974 4608 1196 4677 διηνεκῆ
1219 4610 1264 4639 δ’
1309 4608 1409 4679 τὴν
1443 4608 1675 4679 μελέτην

146 4699 454 4769 ποιούμενος.
506 4707 602 4759 Διά
637 4708 844 4761 τούτων
903 4710 1085 4777 μέντοι
1116 4712 1215 4781 τὴν
1265 4712 1457 4781 καινὴν
1485 4711 1676 4782 διαθή-

204 4843 224 4880 σ
250 4834 378 4889 Psal.
423 4852 597 4901 χχιιι,
624 4839 677 4891 9.

1780 4613 2069 4667 meditans.
2123 4611 2225 4665 Per
2302 4612 2415 4665 haec
2476 4612 2638 4679 igitur
2699 4626 2898 4666 norum
2959 4618 3341 4664 testamentum

1783 4704 2045 4775 praedicit,
2084 4715 2137 4757 et
2168 4705 2421 4773 baptismi
2462 4706 2711 4775 gratiam,
2771 4713 2823 4758 et
2880 4702 3115 4772 Spiritus
3172 4701 3343 4756 sancti

1204 4949 1439 5006 VARIIE
1481 4945 1865 5006 LECTIONES
1895 4944 1982 5000 ET
2020 4943 2250 5000 ΝΟΤΑΞ.

152 5148 187 5178 κ
406 5118 491 5178 -ἒ
506 5088 802 5178 τιμωρίας.
830 5088 958 5178 .cod.
982 5088 1023 5171 ,Ι
1055 5089 1327 5178 τινάςηκαὶ
1342 5088 1657 5178 τιμωρίαῇ
1672 5089 1795 5178 cod.
1831 5090 1866 5143 2
1895 5086 2400 5178 animumquia}
2428 5088 2611 5178 τιμάς.

213 5155 805 5224 Ταῦτα-ἀνθρώποις.
830 5159 953 5213 Des.
980 5159 1032 5213 in
1063 5159 1185 5214 cod.
1210 5160 1264 5214 5.
1340 5161 1383 5193 ³⁷
1411 5155 1556 5215 Ὁῦἰκ
1581 5159 1658 5214 Ab

1770 5176 1799 5214 a
1825 5161 1948 5214 cod.
1981 5157 2030 5221 1,
2057 5155 2113 5211 2.

2712 5088 2757 5122 ³⁸
2781 5087 2903 5143 cod.
2920 5158 2925 5159 γ
2940 5088 3077 5159 Aug.
3106 5089 3347 5154 ἐνδίκως.

2190 5158 2235 5189 ³⁸
2258 5160 2487 5227 Τιμίων.
2512 5158 2676 5214 Abest
2706 5175 2734 5212 a
2760 5159 2881 5213 cod.
2903 5158 2960 5212 2.
3035 5158 3079 5191 "
3096 5160 3352 5213 Ἀλλὰ-

154 5218 470 5299 ἀνᾷρῴειοις.
492 5218 632 5299 Des.
666 5232 719 5282 in
748 5218 871 5284 cod.
901 5230 955 5283 2.
1030 5229 1076 5261 ⁸⁸
1101 5230 1433 5283 Φυλάττειν
1457 5230 1968 5299 προαιρουμένοις.
2010 5218 2130 5281 cod.
2154 5226 2189 5280 2
2220 5218 2601 5299 φυλάττουσιν.
2677 5231 2719 5261 ⁸³
2758 5228 3349 5299 Ἐπειδήπερ-ετρηκε.

152 5292 253 5343 cod.
280 5297 311 5346 2
334 5296 450 5349 ἐπει

454 5297 516 5370 δὴ
538 5294 679 5351 οἶδεν
712 5301 793 5353 ὃτι
820 5301 1031 5370 εἴρηκε.
1107 5301 1152 5331 δ’
1185 5301 1348 5354 Ἀπό.
1388 5294 1511 5355 cod.
1545 5300 1579 5353 3
1629 5294 1655 5351 ἒ

1794 5300 1838 5331 ⁵³
1872 5294 2019 5354 Κᾶν.
2050 5299 2169 5370 cod.
2213 5294 2249 5351 2
2287 5298 2427 5370 ἐάν.-
2477 5298 2671 5370 “cod.
2708 5299 2744 5352 2
2788 5299 3034 5370 ἕλκομαι.

3111 5297 3157 5328 ⁸⁵
3186 5302 3354 5367 Περι-

155 5359 415 5439 σζάσεων.
442 5359 697 5422 Eamdem
736 5370 791 5423 h.
818 5370 857 5426 ι.
877 5359 1052 5424 ἰιὲιιιει
1084 5370 1536 5439 signiﬁcationem
1569 5386 1690 5439 qua:
1720 5371 1923 5440 passim
1951 5369 2195 5440 occurrit
2219 5369 2359 5437 apud
2390 5367 2707 5440 Eusebium,
2739 5369 2827 5423 cui
2860 5359 3036 5440 tamen
3059 5368 3184 5440 haec
3208 5385 3238 5422 a
3263 5359 3351 5440 ne-

157 5431 277 5504 {Pinc
307 5448 587 5503 .quantum
615 5440 751 5504 scio,
778 5440 1047 5494 vindicata
1078 5431 1227 5494 su'nt.

1302 5441 1348 5471 “
1377 5438 1658 5511 Maptvplt

1768 5440 1891 5509 Leg.
1922 5454 2042 5511 esse
2068 5438 2283 5492 videtur
2312 5438 2698 5511 apag-clamat
2722 5441 2885 5494 habet
2906 5509 2913 5511 Α
2933 5438 3098 5511 Cord,

3132 5454 3185 5507 p.
3227 5439 3350 5494 549.

157 5494 195 5594 :1
220 5494 373 5594 Odm—-
403 5494 752 5575 οικειότηταί
782 5509 909 5593 Haec
945 5510 999 5563 in
1031 5509 1344 5594 codLFJ-or.
1384 5512 1450 5594 3'1}
1464 5494 1639 5594 'praf'c.

1768 5494 2034 5566 saurelata
2059 5518 2233 5594 usunt.
2326 5494 2373 5539 ⁸⁵
2398 5494 2773 5563 Κυκλάῦσιν.
2820 5509 2941 5594 (εοιΙς
2997 5509 3019 5561 1
3046 5578 3062 5594 _
3083 5494 3351 5594 κυκῶσιν.

178 5568 195 5651 ξ
228 5573 365 5627 codd.
402 5587 535 5652 tres,
568 5568 1076 5652 κατακυριεύσωσι.
1142 5581 1188 5615 ⁸⁸
1219 5583 1370 5652 Mog.
1401 5568 1527 5634 Rcc.
1564 5580 1658 5634 lect

1778 5592 1861 5636 est
1902 5596 2016 5652 σου.
2058 5577 2311 5652 Nostram
2358 5589 2558 5652 autem
2601 5589 2806 5652 tuetur;
2838 5578 3065 5652 eodeni
3118 5580 3352 5652 August.

161 5640 373 5727 §et1ufns
398 5649 509 5701 ἐστὶ
525 5640 686 5705 abest
712 5667 741 5705 a
774 5640 895 5705 cod.
930 5652 951 5705 l
982 5662 1033 5707 ct
1056 5651 1108 5717 2.
1185 5652 1229 5682 ⁵⁸
1270 5640 1658 5722 Τῆς---ποιού⁴

1771 5671 1858 5718 ος.
1901 5649 2021 5704 Des.
2056 5650 2110 5704 in
2142 5650 2264 5705 cod.
2297 5660 2483 5705 nostro
2532 5650 2565 5703 5
2595 5659 2647 5704 et
2691 5650 2743 5705 in
2767 5648 2915 5706 Flor.
2988 5649 3034 5682 ⁸¹
3061 5651 3184 5705 cod.
3206 5640 3250 5703 Ξ
3276 5648 3375 5727 δισσι

162 5712 357 5775 nam};
