3850 6536
135 305 252 374 1013

191 426 225 449 .‘9

129 517 300 578 όνειδος
331 513 621 585 ἀνθρώπου
638 515 700 580 θ’,
747 515 841 568 καὶ
876 514 1211 586 ἐξουθένημα
1260 513 1412 568 λαοῦ.
1464 535 1482 566 ι
1533 512 1674 580 Ἐγὼ

128 612 191 671 δὲ,
236 607 377 676 φησὶ,
421 607 581 677 δίκην
632 606 930 678 σκώληκος,
973 608 1192 678 εὐτελής
1231 625 1291 660 τε
1337 607 1544 677 ὤφθην,
1583 606 1676 659 καὶ

127 700 500 767 καταγέλαστος
528 702 818 771 ὲγενόμην.
868 700 1023 764 Τινὲς
1064 701 1118 752 δὲ
1147 699 1236 753 διὰ
1264 699 1358 752 τοῦ
1397 699 1676 769 σκώληκος

126 791 254 845 εἶπον
278 792 715 862 παραδηλοῦσθαι
742 794 836 846 καὶ
862 792 960 864 τὴν
988 797 1050 845 ἐκ
1082 793 1360 864 Παρθένου
1393 793 1644 862 γέννησιν
1661 809 1675 822 ·

126 886 208 938 οὐκ
229 886 286 936 ἐκ
315 884 603 948 συνουσίας
633 884 742 956 γὰρ
774 880 926 948 οὗτος
942 887 987 916 ⁹⁰
1018 886 1130 956 ἔχει
1161 887 1221 939 τὸ
1255 882 1413 940 εἶναι.
1454 886 1594 954 Ἐγὼ
1621 886 1678 939 δὲ

126 973 336 1044 ἠγοῦμαι
381 972 480 1042 τὴν
529 973 805 1028 εὐτέλειαν
851 973 941 1027 διὰ
985 973 1078 1027 τοῦ
1128 972 1408 1042 σκώληκος
1445 972 1679 1026 ἐνταῦθα

128 1064 318 1136 μόνον⁹¹
349 1063 798 1133 παραδηλοῦσθαι
818 1067 1246 1135 τεκμαιρόμενος
1264 1068 1309 1098 "
1329 1107 1342 1128 ,
1369 1067 1502 1136 φησι
1530 1066 1636 1135 γάρ
1661 1081 1674 1094 ⁶

1453 308 1532 366 ΙΝ
1563 309 1766 368 PSAL.
1822 309 1983 368 XXI.

185 426 242 489 ξ’.
296 441 314 474 ι
344 422 484 490 Ἐγὼ
531 423 589 477 δέ
641 425 750 493 εἰμι
804 423 1039 494 σκώληξ,
1087 424 1179 477 καὶ
1211 424 1312 477 οὐκ
1344 423 1626 493 ἄνθρωπος
1657 436 1669 450 ‘
1705 435 1745 486 Α

3207 307 3360 376 1014.

1852 422 2014 476 Vens.
2060 423 2110 476 7.
2162 442 2178 474 ι
2217 423 2330 492 Ego
2368 434 2545 478 autem
2588 441 2709 479 sum
2743 424 2966 487 vermis,
2999 433 3051 479 ct
3091 441 3200 479 non
3245 440 3343 480 no-

1781 531 1889 576 mo,
1933 515 2286 585 opprobrium
2313 517 2573 578 hominis,
2606 525 2658 570 et
2686 515 2921 585 abjectio
2949 516 3142 585 plebis.
3179 534 3197 566 ι
3233 518 3344 586 Ego

1776 618 1980 674 autem,
2008 609 2105 675 ait,
2135 618 2187 665 et
2217 610 2390 664 instar
2417 610 2620 664 vermis
2665 610 2785 664 vilis
2816 611 2967 664 visus
3000 626 3144 674 sum,
3190 619 3242 663 et
3275 611 3347 662 rio

1778 700 1994 754 diculus
2031 698 2227 753 factus.
2261 699 2443 768 Aliqui
2472 715 2566 768 per
2594 712 2816 753 vermen
2845 697 3058 752 ostendi
3091 695 3348 749 dixerunt

1779 792 2119 846 nativitatem
2143 807 2209 845 ex
2239 789 2462 860 Virgine
2490 809 2503 846 :
2537 806 2661 845 nam
2691 791 2892 844 vermis
2930 805 3038 844 non
3078 788 3254 842 oritur
3283 802 3347 840 ex

1777 883 2094 938 concubitu.
2129 882 2240 954 Ego
2263 898 2393 938 vero
2423 892 2553 950 puto
2609 897 2704 952 per
2730 897 2969 937 vermem
2997 883 3101 936 hoc
3136 881 3190 934 in
3229 880 3349 933 loco

1779 984 1989 1029 tantum
2020 975 2279 1031 vilitatem
2325 975 2562 1031 ostendi.
2602 973 2719 1031 Hoc
2755 990 2820 1030 ex
2843 990 2910 1030 eo
2935 973 3190 1044 coniicio,
3223 971 3350 1042 quia

1778 1067 1910 1123 dicit
1946 1088 1960 1121 :

183 1165 242 1227 η’,
277 1156 337 1209 θ’.
384 1179 400 1206 ι
438 1157 652 1218 Πάντες
678 1157 726 1208 οἱ
757 1156 1089 1229 θεωροῦντες
1119 1176 1208 1228 με,
1243 1158 1678 1229 ἐξεμυκτήρισάν

131 1267 183 1320 με
201 1267 212 1279 ο
239 1246 496 1316 ἐλάλησαν
526 1250 588 1300 ἐν
622 1248 876 1318 χείλεσιν,
905 1249 1162 1318 ἐκίνησαν
1187 1251 1451 1322 κεφαλήν.
1486 1251 1679 1303 Ἤλπι-

131 1361 204 1394 σεν
231 1343 312 1393 ἐπὶ
347 1341 578 1409 Κύριον,
621 1342 874 1412 ῥυσάσθω
901 1343 1059 1396 αὐτόν
1079 1358 1093 1372 ⁸
1128 1344 1356 1397 σωσάτω
1385 1343 1567 1407 αὑτὸν,
1597 1343 1679 1395 ὅτι

129 1433 244 1485 θέλει
267 1431 439 1484 αὐτόν.
477 1451 497 1482 ›
546 1434 658 1484 Καὶ
687 1431 858 1485 ταῦτα
888 1434 1092 1485 tactv”
1127 1437 1184 1486 ἐν
1211 1437 1322 1498 τοῖς
1376 1434 1540 1504 ἱεροῖς
1571 1434 1679 1486 Εὑ-

129 1523 364 1590 αγγελίοις
394 1524 806 1593 προσκείμενα·
849 1545 868 1576 ι
902 1525 1093 1578 Πολλοὶ
1122 1526 1251 1595 γὰρ,
1285 1526 1439 1594 φησὶ,
1469 1525 1681 1579 κινοῦν-

1851 1157 2016 1215 Vens.
2044 1158 2097 1224 8,
2128 1159 2183 1214 9.
2230 1177 2249 1212 ι
2286 1157 2488 1215 Omnes
2509 1159 2757 1214 videntes
2779 1175 2882 1225 me,
2913 1158 3349 1218 tleriscruutmc,

1779 1259 1832 1304 ct
1859 1249 2030 1305 locuti
2067 1261 2197 1306 sunt
2230 1251 2412 1312 labiis,
2457 1260 2511 1305 et
2557 1259 2845 1304 moverunt
2885 1258 3068 1319 caput.
3103 1247 3356 1318 Speravit

1784 1342 1838 1394 in
1869 1339 2124 1403 Domino,
2157 1341 2354 1410 eripiat
2380 1330 2502 1395 etim
2540 1359 2551 1392 :
2594 1341 2802 1394 salvum
2835 1338 2998 1393 faciat
3035 1353 3178 1401 eum,
3218 1351 3354 1406 quo-

1787 1432 1934 1485 niam
1963 1432 2266 1486 delectatur
2292 1431 2406 1485 illo.
2440 1451 2459 1484 ι
2492 1430 2557 1485 Ει
2587 1431 2702 1485 haec
2743 1431 2796 1484 in
2835 1430 3008 1484 sacris
3049 1426 3358 1497 Evangeliis

1782 1524 1961 1593 posita
1986 1531 2134 1578 sunt.
2176 1542 2194 1574 ι
2233 1522 2384 1578 Multi
2411 1524 2578 1587 enim,
2612 1523 2810 1592 inquit,
2841 1530 3121 1575 moventes
3154 1519 3352 1587 capita,

129 1632 198 1676 τες
220 1615 305 1676 τὰς
330 1614 578 1683 κεφαλὰς
592 1617 660 1678 9",
687 1616 870 1684 ἔλεγον
888 1633 902 1650 ο
934 1617 1124 1681 ἄλλους
1155 1617 1378 1684 ἔσωσεν,
1407 1617 1596 1672 ἑαυτὸν
1619 1619 1680 1672 οὐ

1797 1615 2068 1669 licebant:
2094 1616 2246 1672 Alios
2271 1618 2452 1672 salvos
2479 1617 2626 1682 fecit,
2650 1631 2706 1670 se
2731 1615 2907 1684 ipsum
2941 1613 3150 1667 salvum
3178 1610 3356 1665 facere

130 1705 312 1758 δύναται
343 1707 539 1761 σῶσαι.
577 1726 598 1758 ι
652 1710 761 1762 Καὶ
799 1707 908 1762 τῶν
941 1709 1154 1782 λῃστῶν
1188 1708 1412 1780 θάτερος
1455 1709 1634 1778 ἔλεγεν
1661 1727 1676 1741 ο

1797 1723 1893 1760 non
1931 1707 2091 1778 737
2134 1716 2385 1778 potest'.
2424 1727 2442 1759 ι
2493 1707 2557 1762 Et
2600 1708 2737 1761 alter
2775 1705 3046 1758 latronum
3095 1701 3305 1756 dicebat
3339 1718 3352 1752 :

136 1800 223 1851 «Εἰ
251 1799 367 1862 Υἱὸς
401 1797 452 1853 εἴ
493 1802 595 1854 τοῦ
641 1801 797 1866 Θεοῦ,
834 1803 1006 1856 σῶσον
1055 1803 1278 1855 σεαυτὸν
1318 1802 1411 1856 καὶ
1443 1804 1611 1873 ἡμᾶς.
1654 1822 1672 1853 ι

1797 1821 1804 1850 l
1845 1799 1899 1853 Si
1927 1810 1980 1853 tu
2007 1817 2065 1854 es
2091 1799 2260 1854 Filius
2286 1801 2406 1864 Dei,
2437 1801 2645 1855 salvum
2671 1799 2756 1853 fac
2779 1806 2832 1850 te
2853 1796 3029 1866 ipsum
3056 1805 3108 1848 et
3131 1809 3230 1847 nos
3248 1799 3295 1845 ⁸.
3333 1810 3352 1841 ι

132 1894 216 1944 Καὶ
245 1892 414 1961 μέντοι
446 1893 547 1946 καὶ¹
580 1895 670 1948 τοο
709 1915 727 1946 ι
754 1894 1023 1947 Ἤλπισεν
1049 1897 1141 1948 ἐπὶ
1170 1895 1396 1966 Κύριον,
1424 1894 1679 1965 ῥυσάσθω

1797 1898 1962 1965 Atque
2011 1897 2116 1950 hoc
2165 1895 2373 1949 etiam:
2426 1913 2443 1945 ι
2478 1894 2730 1963 Speravit
2775 1894 2827 1947 in
2874 1892 3129 1950 Domino,
3163 1889 3358 1959 eripiat

130 1982 276 2045 αὑτὸν,
315 1986 544 2038 sonitm
586 1985 770 2046 αὑτὸν,
813 1989 895 2042 ὅτι
936 1986 1077 2040 θέλει
1112 1987 1296 2052 αὐτὸν,
1340 2007 1358 2036 ι
1416 1988 1475 2039 ἐν
1491 1989 1536 2019 ⁸⁸
1565 1989 1679 2050 τοῖς

1797 2004 1932 2053 eum,
1971 1987 2183 2041 salvum
2214 1987 2377 2041 faciat
2401 2001 2549 2049 cum,
2581 1986 2840 2055 quoniam
2873 1985 3174 2039 delectatur
3203 1995 3290 2042 co,
3333 1998 3352 2031 ι

1785 2082 1838 2135 in
1868 2083 2037 2135 sacris
2063 2079 2374 2151 Evangeliis
2399 2079 2631 2133 inveniri
2658 2087 2853 2149 potest.

1858 2173 2023 2228 Vens.
2079 2173 2177 2236 10,
2219 2172 2304 2227 11.
2347 2192 2365 2224 ι
2405 2170 2674 2238 Quoniam
2719 2182 2776 2225 tu
2842 2185 2901 2223 es
2941 2169 3032 2238 qui
3072 2165 3356 2222 extraxisti

1787 2281 1872 2320 me
1895 2280 1925 2319 e
1953 2273 2168 2330 ventre;
2203 2278 2329 2332 spes
2357 2279 2476 2318 mea
2501 2263 2568 2316 ab
2596 2262 2856 2318 uberibus
2892 2260 3082 2314 matris
3115 2274 3266 2312 mete.
3301 2258 3358 2310 In

1787 2367 1837 2412 te
1867 2355 2142 2426 proiectus
2189 2372 2309 2409 sum
2343 2372 2410 2408 ex
2456 2364 2638 2417 utero,
2691 2351 2816 2408 inde
2856 2369 2886 2407 a
2932 2362 3121 2406 ventre
3169 2349 3360 2404 matris

1787 2466 1920 2503 mea:
1951 2449 2093 2504 Deus
2139 2464 2291 2502 meus
2333 2465 2392 2502 es
2441 2457 2519 2502 tu.
2556 2467 2574 2500 ι
2618 2447 2744 2502 llaec
2769 2446 2934 2500 etiam
2975 2445 3164 2499 beatus
3194 2441 3362 2497 Isaias

1786 2543 2115 2598 vaticinatus
2145 2552 2248 2598 est.
2279 2541 2415 2597 Cum
2449 2543 2594 2595 enim
2631 2540 2862 2594 dixisset
2905 2557 2918 2593 :
2965 2558 2982 2589 ι
3030 2537 3169 2592 Ecce
3211 2535 3363 2604 virgo

1785 2633 2056 2702 concipiet
2097 2633 2152 2686 in
2193 2643 2374 2695 utero,
2424 2644 2480 2686 et
2524 2631 2698 2696 pariet
2744 2632 2935 2697 tilium,
2986 2638 3039 2685 et
3090 2627 3364 2683 vocabunt

1787 2743 1986 2781 nomen
2037 2727 2156 2797 ejus
2202 2725 2546 2790 Emmanuel,
2586 2745 2603 2776 ι
2663 2723 2986 2793 subjunxit:
3037 2739 3054 2773 ι
3105 2720 3362 2790 Butyrum

1785 2828 1838 2872 et
1890 2818 1996 2872 mel
2053 2809 2346 2885 comc'dct,
2407 2829 2462 2872 et
2520 2817 2841 2888 priusquam
2901 2815 3018 2884 ipse
3072 2820 3365 2883 c0gnoscat

1785 2910 2022 2974 bonum,
2086 2911 2172 2964 vel
2232 2910 2479 2975 malum,
2539 2925 2648 2963 non
2718 2908 3059 2976 obtemperat
3117 2903 3360 2964 malitia:,

136 2987 317 3054 ἀγαθόν.
373 3011 388 3040 ι
445 2993 561 3044 Καὶ
612 2994 639 3045 6
685 2994 994 3065 ι.ιακόιριος⁹⁸
1027 2994 1206 3048 τοίνυν
1248 2995 1435 3057 Δαῧὶδ,
1479 2995 1556 3064 τῷ
1583 2993 1677 3046 τοῦ

1797 3011 1848 3057 ut
1903 3003 2068 3070 eligat
2131 3003 2334 3057 bonum
2373 3004 2392 3039 ί
2435 3023 2453 3054 ι
2511 3001 2712 3056 Beatus
2774 3001 2937 3071 igitur
3013 2996 3203 3064 David,
3252 2994 3364 3050 Do-

134 3082 394 3136 Δεσπότου⁵
421 3084 672 3155 Χριστοῦ
704 3087 1042 3158 κεχρημένος
1073 3087 1349 3159 προσώπῳ
1381 3089 1566 3158 φησὶν,
1597 3089 1678 3142 ὅτι

1797 3094 1922 3149 mini
1951 3093 2156 3149 Christi
2189 3110 2381 3165 gerens
2432 3109 2747 3164 personam,
2787 3092 2862 3146 ait
2893 3110 2904 3144 :
2939 3090 3018 3145 Tu
3058 3099 3112 3144 et
3162 3089 3366 3142 forma-

132 3173 187 3225 Σύ
213 3193 268 3244 με
297 3177 380 3228 καὶ
415 3179 724 3243 διέπλασας
767 3180 826 3231 ἐν
867 3181 1067 3251 μήτρᾳ,
1117 3181 1210 3235 καὶ
1263 3182 1471 3232 ἐκεῖθεν
1518 3179 1678 3232 πάλιν

1797 3186 1855 3241 sti
1900 3201 1989 3241 me
2033 3187 2086 3240 in
2128 3195 2304 3251 utero,
2343 3194 2398 3239 et
2429 3185 2578 3240 illine
2616 3199 2811 3239 rursus
2852 3181 3086 3238 eduxisti
3126 3198 3139 3234 :
3180 3188 3234 3232 et
3269 3177 3363 3230 ad-

132 3267 372 3336 ἐξήγαγες,
405 3271 506 3324 καὶ
560 3270 639 3323 ἔτι
684 3269 1092 3341 τιθηνούμενος,
1145 3273 1238 3325 καὶ
1281 3272 1379 3342 τὴν
1419 3270 1678 3342 μητρῴαν

1797 3281 1898 3334 huc
1939 3277 2165 3344 lactens,
2206 3277 2506 3348 matrisque
2545 3276 2711 3332 ubera
2746 3291 2966 3346 sugens,
3011 3274 3066 3327 in
3107 3281 3195 3326 tua
3234 3285 3372 3326 cura.

133 3356 269 3410 ἕλκων
293 3360 476 3429 θηλὴν,
525 3361 622 3430 τῆς
654 3360 753 3430 σῆς
780 3361 1104 3431 κηδεμονίας
1137 3362 1235 3425 τὰς
1279 3361 1417 3430 ἐμὰς
1456 3360 1677 3424 ἐλπίδας

1797 3385 1939 3440 spem
1972 3385 2149 3425 meam
2186 3369 2468 3425 collocavi.

135 3448 381 3520 ἐξήρτησα.

134 2077 266 2145 ἱεροῖς
291 2077 651 2145 Εὐαγγελίοις
681 2077 828 2130 ἔστιν
858 2079 1058 2149 εὑρεῖν.

185 2175 227 2228 ι’,
251 2175 331 2221 ια’.
378 2188 396 2218 ι
426 2170 551 2222 ’Ὁτι
589 2170 655 2222 σὺ
688 2166 739 2223 εἴ
767 2171 795 2222 ὁ
825 2171 1107 2233 ἐκσπάσας
1137 2187 1203 2240 με
1241 2171 1303 2222 ἐκ
1335 2169 1572 2240 γαστρός
1592 2186 1607 2200 ο
1643 2171 1677 2240 ἡ

133 2260 252 2322 ἐλπίς
295 2277 392 2329 μου
446 2260 561 2314 ἀπὸ
621 2261 844 2330 μασθῶν
886 2263 984 2332 τῆς
1041 2261 1245 2333 μητρός
1289 2280 1412 2331 μου.
1463 2262 1588 2314 Ἐπὶ
1621 2263 1679 2314 σε

132 2351 390 2419 ὲπερῤίφην
438 2351 506 2402 ὲκ
541 2351 793 2421 μήτρας⁴
846 2352 952 2404 ἀπὸ
998 2352 1232 2422 γαστρὸς
1265 2353 1311 2382 ⁹⁶
1347 2351 1550 2422 μητρός
1577 2368 1677 2421 μου

133 2438 234 2502 Θεὸς
263 2457 354 2508 μου
382 2436 432 2492 εἷ
463 2441 556 2494 σύ.
590 2461 614 2494 ι
663 2442 847 2495 Ταῦτα
880 2443 974 2495 καὶ
1001 2444 1029 2495 6
1061 2443 1330 2512 μακάριος
1357 2443 1680 2514 προεθέσπι-

135 2533 246 2581 cev"
282 2533 507 2596 Ἡσαΐας
541 2550 558 2564 ·
609 2534 847 2605 εἰρηκὼς
882 2536 1011 2606 γὰρ,
1043 2537 1125 2589 ὅτι
1175 2555 1192 2587 ι
1231 2535 1292 2588 Ἦ
1329 2536 1594 2606 παρθένος
1622 2539 1679 2590 ὲν

135 2624 294 2693 γαστρὶ
333 2625 587 2692 λήψεται,
629 2626 725 2679 καὶ
758 2627 968 2691 τέξεται
999 2628 1133 2694 υἱὸν,
1171 2629 1263 2680 καὶ
1300 2628 1589 2680 καλέσουσι
1618 2629 1680 2680 τὸ

134 2712 266 2779 ὄνομα
308 2713 468 2765 αὐτοῦ
513 2713 894 2786 Ἐμμανουὴλ,
937 2738 954 2766 ι
1007 2717 1296 2786 ἐπήγαγε*
1353 2737 1369 2766 ‹
1408 2717 1678 2787 Βούτυρον

135 2802 207 2854 καὶ
233 2802 396 2872 piis.”
429 2805 698 2874 φάγεται,
726 2809 908 2880 πρὶνῆ
941 2809 1141 2876 γνῶναι
1173 2809 1336 2861 αὐτὸν
1355 2810 1400 2842 ⁹⁹
1436 2809 1638 2877 ἀγαθὸν
1658 2810 1674 2840 ¹

136 2896 160 2962 ἦ
199 2899 347 2948 κακόν
379 2900 420 2959 ³,
471 2899 701 2952 ἀπειθεῖ
752 2901 986 2973 πονηρία
1015 2903 1058 2965 ³,
1108 2901 1203 2954 τοῦ
1255 2901 1574 2967 ἐκλέξασθαι
1618 2901 1680 2955 τὸ

1865 3530 2028 3585 Vens.
2067 3528 2158 3582 12.
2200 3547 2217 3579 ‹
2260 3525 2336 3582 Ne
2365 3527 2690 3583 discesseris
2737 3541 2766 3579 a
2815 3539 2924 3590 me,
2970 3521 3232 3594 quoniam
3266 3517 3364 3573 tri-

1787 3623 1998 3678 bulatio
2019 3624 2267 3693 proxima
2294 3631 2398 3689 est,
2425 3621 2681 3693 quoniam
2712 3635 2823 3675 non
2850 3627 2936 3673 est
2958 3618 3052 3687 qui
3081 3614 3360 3684 adjuvet.»

1787 3716 2001 3771 Etenim
2035 3716 2430 3786 discipulorum
2455 3716 2657 3770 chorus
2681 3725 2811 3768 tunc
2835 3711 3015 3782 ipsum
3043 3711 3360 3784 dereliquit.

1788 3809 1990 3865 Deinde
2017 3809 2331 3865 aﬂlictionis
2363 3811 2587 3879 species
2603 3807 2869 3878 praedicit.
3053 3795 3058 3798 ’

1862 3902 2026 3957 Vens.
2062 3902 2150 3965 1'5,
2187 3901 2272 3955 14.
2313 3920 2330 3952 ι
2353 3901 2844 3956 Circumdederunt
2874 3915 2960 3954 me
2983 3899 3136 3954 vituli
3168 3901 3364 3968 multi;

1789 3994 1931 4047 tauri
1983 3993 2215 4062 pingues
2262 3993 2597 4048 obsederunt
2651 4007 2758 4047 me.
2813 3993 3161 4062 Aperuerunt
3203 4007 3369 4062 super

1789 4100 1874 4138 me
1901 4097 1966 4138 os
1999 4099 2184 4147 suum,
2216 4084 2358 4138 sicut
2391 4084 2476 4138 lco
2519 4083 2737 4153 rapiens
2797 4091 2852 4136 et
2879 4081 3124 4150 rugiens.
3166 4101 3184 4132 ι
3228 4081 3369 4136 Tau-

1789 4194 1872 4230 ros
1901 4185 2082 4231 autem
2107 4187 2268 4232 vocat
2293 4177 2612 4231 sacerdotes
2638 4189 2692 4230 et
2728 4175 2969 4235 Scrihas,
2994 4174 3194 4245 quibus
3220 4176 3368 4243 priu-

140 4273 242 4330 λαοῦ
267 4280 737 4351 πεπιστευμένους
779 4281 973 4352 ἀρχὴν,
1021 4283 1114 4334 καὶ
1167 4281 1334 4352 πολλῇ
1385 4280 1681 4352 θρασύτητι

1797 4270 2003 4338 cipatus
2028 4269 2213 4338 pepuli
2256 4269 2588 4323 commissus
2613 4279 2749 4331 erat,
2788 4267 2994 4336 quique
3022 4267 3192 4320 multa
3226 4267 3368 4321 fero-

140 4370 502 4436 κεχρημένουςσ
541 4372 819 4438 μόσχους
851 4370 926 4433 δὲ,
956 4371 1082 4433 τοὺς
1105 4371 1147 4400 ¹⁰
1178 4371 1271 4422 ὑπ’
1302 4371 1500 4432 αὐτοὺς
1530 4387 1681 4422 τετα-

1797 4363 1871 4417 cia
1905 4363 2200 4417 utebantur
2228 4380 2240 4415 :
2272 4359 2438 4432 738
2469 4361 2662 4414 vitulos
2691 4376 2842 4422 vero,
2873 4375 3062 4416 eorum
3097 4360 3364 4415 subditos.

140 4461 333 4526 γμένους
357 4481 369 4493 ·
419 4465 644 4529 πίονας
674 4463 731 4516 δὲ
777 4463 973 4527 αὐτοὺς
1007 4464 1284 4533 ὀνομάζει,
1332 4463 1407 4524 ώς
1444 4466 1560 4526 τοῖς
1591 4464 1681 4516 ὑπ’

1797 4459 1802 4476 ³
1839 4453 2012 4509 Vocat
2039 4453 2203 4509 etiam
2232 4469 2330 4508 eos
2359 4454 2599 4522 pingues,
2634 4461 2895 4521 tanquam
2936 4452 3095 4506 bonis
3137 4452 3206 4506 ab
3250 4451 3368 4520 ipso

141 4544 325 4599 axi-.06“
359 4551 749 4621 χορηγηθείσιν
794 4553 1241 4622 ὲντρυφὴσαντας
1289 4551 1533 4619 ἀγαθοῖς.
1579 4553 1681 4605 Οὖ-

1797 4548 2152 4618 suppetlitatis
2193 4547 2562 4602 abundantius
2600 4545 2861 4601 fruentes.
2911 4545 3002 4600 Sic
3045 4545 3189 4598 enim
3226 4559 3366 4613 prm-

141 4634 244 4684 τωη
269 4637 367 4708 γάρ
399 4643 498 4692 καὶ
543 4641 570 4692 ὁ
607 4640 780 4710 μέγας
836 4643 1190 4712 προείρηκε¹³
1225 4643 1429 4712 Μωσῆς
1453 4656 1466 4670 ⁸
1524 4662 1541 4693 t
1575 4644 1681 4696 Καὶ

1797 4642 1927 4696 dixit
1956 4641 2124 4696 etiam
2159 4655 2392 4711 magnus
2432 4639 2608 4696 Moses
2639 4657 2651 4694 :
2692 4657 2710 4690 ‹
2744 4638 2807 4692 Et
2833 4637 3068 4692 comedit
3095 4635 3285 4700 Jacob,
3314 4643 3370 4690 et

142 4720 304 4790 ἔφαγεν
350 4728 566 4790 Ἰακὼϐ,
623 4733 712 4783 καὶ
745 4732 1068 4802 ἐνεπλήσθη,
1111 4733 1207 4785 καὶ
1245 4733 1608 4787 ἀπελάκτισεν
1653 4737 1681 4788 6

1797 4733 1910 4788 cibo
1933 4734 2173 4803 repletus
2197 4741 2281 4786 est
2303 4747 2318 4796 ;
2337 4731 2571 4786 dilectus
2595 4728 2980 4790 recalcitravit,
3008 4729 3365 4787 incrassatus,

143 4814 476 4889 ἠγαπημένος,
527 4823 809 4894 ἐλιπάνθη,
853 4825 1154 4894 ἐπαχύνθη,
1205 4825 1533 4897 ὲπλατύνθη.
1587 4828 1681 4879 καὶ

1797 4825 2188 4896 impinguatus,
2234 4833 2290 4879 et
2329 4824 2588 4878 dilatatus
2629 4830 2733 4883 est,
2765 4829 2818 4874 et
2855 4820 3149 4890 dereliquit
3201 4817 3372 4875 Deum

188 3540 259 3609 ιβ’.
301 3561 317 3592 ι
344 3543 430 3614 Μὴ
467 3545 725 3614 ἐιποστῇς
757 3544 852 3597 ἀπ’
883 3543 1039 3614 ἐμοῦ,
1068 3545 1149 3596 ὅτι
1181 3542 1357 3612 θλίψις
1387 3545 1574 3613 ἐγγὺς,
1603 3546 1684 3599 ὅτι

136 3631 212 3684 οὐκ
235 3633 364 3685 ἔστιν
388 3637 415 3688 6
446 3635 675 3705 βοηθῶν
702 3637 849 3706 pet“.
882 3656 899 3687 ι
933 3636 1042 3689 Καὶ
1067 3636 1174 3706 γὰρ
1197 3635 1319 3687 τότε
1339 3636 1358 3666 ⁷
1380 3636 1491 3688 τῶν
1519 3636 1690 3708 μαθη-

136 3724 218 3776 τῶν
259 3728 408 3779 αὑτὸν
463 3727 846 3780 κατελελοίπει
894 3728 1085 3797 χορόςο
1141 3723 1258 3780 εἶτα
1301 3728 1554 3798 προλέγει
1586 3731 1686 3800 τῆς

137 3812 326 3884 θλίψεως
354 3820 420 3871 τι
450 3819 635 3889 εἴδηδ.

192 3913 264 3975 ιγ’,
296 3908 350 3962 ιδ’
357 3951 369 3963 .
417 3931 434 3962 ι
465 3910 935 3980 Περιεκύκλωσάν
972 3927 1037 3981 με
1069 3912 1262 3981 μόσχοι
1299 3912 1515 3964 πολλοί·
1549 3913 1682 3966 ταῦ-

141 4014 203 4067 ροι
227 4001 391 4065 πίονες
421 4004 718 4074 περιέσχον
757 4019 842 4071 με.
889 4003 1147 4068 Ἤνοιξαν
1180 4004 1266 4054 ἐπ’
1294 4003 1396 4073 ἐμὲ
1423 4005 1482 4056 τὸ
1511 4004 1684 4072 στόμα

140 4093 310 4157 αὐτῶν,
348 4096 421 4160 ὡς
453 4097 600 4148 λέων
630 4097 894 4166 ἁρπάζων
929 4099 1022 4150 καὶ
1051 4099 1384 4168 ώρυόμενος.
1422 4116 1440 4149 ι
1477 4097 1683 4151 Kak?”

138 4182 181 4235 δὲ
216 4187 470 4255 ταύρους,
513 4190 638 4250 τους
674 4187 854 4259 ἱερέας
885 4190 976 4242 καὶ
1004 4189 1396 4261 Γραμματὲας,
1441 4188 1539 4258 τὴν
1591 4188 1683 4240 τοῦ

202 4981 221 5010 τ
245 4975 417 5035 Matth.
455 4996 628 5047 xxvu,
661 4982 748 5036 49..

827 4995 852 5030 s
885 4982 1020 5037 Luc.
1057 4999 1214 5049 χχιιι,
1247 4985 1335 5039 59.
1421 4986 1436 5020 ι
1481 4984 1583 5038 lsa.
1622 5002 1720 5051 vn,
1759 4986 1844 5052 L1,

1233 5125 1467 5180 VARle
1509 5125 1897 5182 LECTIONES
1936 5126 2025 5180 ET
2065 5124 2303 5179 NOTAE.

204 5275 250 5353 ‘1
273 5281 382 5332 cod.
420 5283 466 5340 Ι,
517 5281 552 5333 9..
591 5280 915 5353 ἀνθρώπων.
1027 5284 1074 5315 ⁸ο
1110 5281 1319 5349 Οὗτος.
1357 5285 1478 5337 cod.
1525 5284 1576 5350 1,
1604 5283 1639 5336 2
1672 5302 1681 5338 :

1797 5284 1913 5338 'lor.
1953 5301 2140 5353 praeut.
2196 5284 2341 5338 οὐδέ.
2447 5287 2489 5316 ¹¹
2527 5286 2752 5338 Μόνον,
2782 5284 2950 5338 Abest
2981 5300 3008 5335 τι
3042 5283 3162 5353 cod.
3211 5280 3361 5353 Flor.

151 5345 673 5424 “.Tsxttctfpdyeroc.
697 5345 829 5405 'cod.
864 5351 1007 5424 Flor.
1051 5371 1240 5423 prietn.
1266 5345 1378 5417 τοῖς
1411 5345 1573 5424 ὲξῆςί
1634 5357 1681 5386 ⁸³

1797 5345 1966 5408 στινξ
1988 5355 2110 5408 cod.
2148 5354 2198 5416 1,
2230 5355 2265 5408 2
2300 5355 2429 5407 add.
2467 5357 2668 5424 εὑρεῖν.
2747 5355 2790 5386 ⁸³
2831 5352 3133 5421 Κεφαλάς.
3168 5355 3291 5424 coll.
3330 5351 3360 5404 ὓ

152 5416 485 5473 κύψαῦτῶνξ
530 5423 575 5452 9"
617 5425 718 5474 Ἑν
751 5452 823 5464 --
849 5416 1069 5490 εὑρεῖν.
1110 5425 1235 5478 Des.
1264 5429 1314 5476 in
1346 5416 1470 5479 cod.
1493 5416 1558 5478 ’2.
1637 5425 1681 5455 ⁹⁶

1801 5426 1879 5477 πὸ
1904 5425 2189 5492 γαστρός.
2230 5425 2358 5478 Hec.
2399 5416 2558 5480 lectio
2589 5428 2651 5477 ἐκ
2681 5416 2929 5487 κοιλίας(
2986 5425 3030 5455 ⁹⁷
3068 5420 3364 5490 ΙΙροεθέσ-

152 5498 317 5542 πισεν.
342 5492 500 5546 Abest
533 5511 561 5544 a
596 5494 717 5546 cod.
754 5494 801 5548 1.
844 5494 888 5524 νδ
917 5492 1087 5548 Μέλι.
1123 5497 1245 5548 cod.
1284 5495 1320 5545 ‘2
1350 5495 1510 5560 γάλα.
1550 5497 1594 5526 ⁸⁹
1619 5501 1681 5548 Λι

1797 5513 1837 5548 r.
1864 5495 2032 5548 Abest
2060 5494 2243 5564 acod.
2272 5495 2327 5548 2.
2407 5497 2423 5526 ⁸
2471 5495 2729 5564 Ἀγαθόν.
2769 5494 2912 5549 Inter
2941 5494 3081 5546 hanc
3119 5501 3172 5546 et
3201 5505 3361 5558 praec.

155 5567 306 5635 vocent
341 5564 590 5635 quietiam
624 5564 923 5632 supplenda
947 5577 1074 5618 sunt
1096 5581 1125 5616 ο
1148 5565 1396 5618 versione
1415 5564 1526 5617 τῶν
1558 5567 1632 5618 Ο’.

1797 5567 1976 5635 ῗακόζν.
2012 5563 2133 5617 cod.
2156 5563 2191 5616 9
2215 5565 2506 5635 qupévL
2537 5563 2572 5596 ⁷³
2603 5565 2725 5619 cod.
2760 5565 2795 5618 ‘2.
2825 5564 3113 5635 πονηρίαν.
3244 5565 3367 5635 Μιξ-

155 5631 341 5696 ξιᾱριος.
367 5634 478 5684 cod.
508 5633 542 5684 2
572 5631 741 5695 θεῖος.
779 5635 800 5664 ⁵
835 5636 1163 5688 Δεσπότου.
1198 5635 1365 5687 Abest
1387 5651 1415 5687 a
1444 5637 1562 5689 eod.
1590 5637 1645 5688 2.

1797 5636 1870 5688 οἱ.
1902 5633 2073 5688 Abest
2107 5650 2136 5686 a
2161 5636 2282 5688 eod.
2315 5631 2372 5687 5.
2409 5636 2426 5664 ⁷
2466 5633 2626 5690 Τότε.
2666 5637 2788 5690 cod.
2824 5635 2879 5696 1,
2909 5631 2992 5687 2‘6
3014 5632 3145 5684 τῶν.
3187 5631 3212 5662 ⁸
3239 5633 3359 5682 (δοιΙ.

158 5692 250 5778 1A."?-
266 5692 324 5777 τέὶ
351 5701 448 5778 τῆςῇ
475 5692 709 5778 θλίψεως
733 5703 877 5778 εἴδηἒ
950 5703 970 5733 ⁹
999 5704 1183 5759 Καλςῐ
1203 5705 1681 5778 -τεταγμᾷνουᾳ

1797 5724 1842 5758 s.
1872 5706 1925 5778 in
1954 5705 2074 5758 cod.
2104 5704 2155 5778 5Ζ
2209 5705 2280 5778 _‘°
2314 5703 2637 5778 fabre-(bc.
2669 5704 2792 5778 Des.
2907 5703 3030 5778 eod:
3060 5702 3114 5754 2.-
3159 5703 3197 5735 “
3235 5702 3364 5752 ’Υπῗ

156 5767 330 5822 αὐτοῦ.
360 5767 471 5829 cod.
495 5775 529 5829 5
557 5767 685 5846 παρ’
717 5767 900 5830 αὑτοῦ..
982 5777 1023 5809 ¹¹
1047 5776 1210 5830 Οὕτω
1236 5806 1305 5816 -
1341 5767 1607 5841 ἐπιθήσω
1643 5767 1681 5836 ᾗ

1797 5794 1836 5829 ν.
1871 5776 1989 5831 Des.
2017 5774 2157 5844 apud
2199 5774 2363 5831 Cord.
2397 5767 2456 5845 pi
2480 5767 2608 5833 587.
2684 5777 2725 5807 ¹³
2755 5776 2877 5832 cod.
2919 5777 2951 5830 5
2977 5773 3186 5844 εἴρηκε.
