  <div class='ocr_page' id='page_1' title='image "/cluster/home/n/w/nwhite01/storage/ocr_20150623/80/hvd.32044009825613/530.png"; bbox 0 0 3850 6504; ppageno 0'>
   <div class='ocr_carea' id='block_1_1' title="bbox 144 344 258 407">
    <p class='ocr_par' dir='ltr' id='par_1_1' title="bbox 144 344 258 407">
     <span class='ocr_line' id='line_1_1' title="bbox 144 344 258 407; baseline 0 -1"><span class='ocrx_word' id='word_1_1' title='bbox 144 344 258 407; x_wconf 74' lang='grc'><strong>1025</strong></span> 
     </span>
    </p>
   </div>
   <div class='ocr_carea' id='block_1_2' title="bbox 1452 336 1767 399">
    <p class='ocr_par' dir='ltr' id='par_1_2' title="bbox 1452 336 1767 399">
     <span class='ocr_line' id='line_1_2' title="bbox 1452 336 1767 399; baseline -0.003 -2"><span class='ocrx_word' id='word_1_2' title='bbox 1452 336 1530 399; x_wconf 73' lang='lat' dir='ltr'><strong>IN</strong></span> <span class='ocrx_word' id='word_1_3' title='bbox 1566 339 1767 398; x_wconf 79' lang='lat' dir='ltr'><strong>PSAL.</strong></span> 
     </span>
    </p>
   </div>
   <div class='ocr_carea' id='block_1_3' title="bbox 1834 336 3347 403">
    <p class='ocr_par' dir='ltr' id='par_1_3' title="bbox 1834 336 3347 403">
     <span class='ocr_line' id='line_1_3' title="bbox 1834 336 3347 403; baseline 0.004 -7"><span class='ocrx_word' id='word_1_4' title='bbox 1834 336 2025 396; x_wconf 74' lang='lat' dir='ltr'><strong>XXII.</strong></span> <span class='ocrx_word' id='word_1_5' title='bbox 3211 338 3347 403; x_wconf 70' lang='grc'><strong>1026</strong></span> 
     </span>
    </p>
   </div>
   <div class='ocr_carea' id='block_1_4' title="bbox 135 441 1674 518">
    <p class='ocr_par' dir='ltr' id='par_1_4' title="bbox 135 444 1671 518">
     <span class='ocr_line' id='line_1_4' title="bbox 135 444 1671 518; baseline -0.006 -12"><span class='ocrx_word' id='word_1_6' title='bbox 135 454 184 506; x_wconf 77' lang='grc' dir='ltr'>ὃν</span> <span class='ocrx_word' id='word_1_7' title='bbox 211 447 448 518; x_wconf 68' lang='grc' dir='ltr'>ἐποίησεν</span> <span class='ocrx_word' id='word_1_8' title='bbox 492 449 521 501; x_wconf 99' lang='lat'><strong>6</strong></span> <span class='ocrx_word' id='word_1_9' title='bbox 559 447 789 518; x_wconf 82' lang='grc' dir='ltr'>Κύριος·</span> <span class='ocrx_word' id='word_1_10' title='bbox 839 444 1241 518; x_wconf 79' lang='grc' dir='ltr'><strong>μνησθήσονται</strong></span> <span class='ocrx_word' id='word_1_11' title='bbox 1277 446 1371 498; x_wconf 73' lang='grc' dir='ltr'>καὶ</span> <span class='ocrx_word' id='word_1_12' title='bbox 1414 447 1671 515; x_wconf 76' lang='grc' dir='ltr'>ἐπιστρα-</span> 
     </span>
    </p>
   </div>
   <div class='ocr_carea' id='block_1_5' title="bbox 1782 441 3346 518">
    <p class='ocr_par' dir='ltr' id='par_1_5' title="bbox 1782 441 3346 507">
     <span class='ocr_line' id='line_1_5' title="bbox 1782 441 3346 507; baseline 0.002 -9"><span class='ocrx_word' id='word_1_13' title='bbox 1782 459 1898 498; x_wconf 90' lang='lat' dir='ltr'><strong>nus.</strong></span> <span class='ocrx_word' id='word_1_14' title='bbox 1926 441 2393 507; x_wconf 82' lang='lat' dir='ltr'><strong>Reminiscentur,</strong></span> <span class='ocrx_word' id='word_1_15' title='bbox 2423 450 2476 495; x_wconf 90' lang='lat' dir='ltr'><strong>et</strong></span> <span class='ocrx_word' id='word_1_16' title='bbox 2498 450 2887 496; x_wconf 80' lang='lat' dir='ltr'><strong>convertentur</strong></span> <span class='ocrx_word' id='word_1_17' title='bbox 2917 444 2983 496; x_wconf 88' lang='lat' dir='ltr'><strong>ad</strong></span> <span class='ocrx_word' id='word_1_18' title='bbox 3053 443 3346 501; x_wconf 85' lang='lat' dir='ltr'><strong>Dominum</strong></span> 
     </span>
    </p>
   </div>
   <div class='ocr_carea' id='block_1_6' title="bbox 136 536 1665 613">
    <p class='ocr_par' dir='ltr' id='par_1_6' title="bbox 136 536 1665 613">
     <span class='ocr_line' id='line_1_6' title="bbox 136 536 1665 613; baseline -0.005 -19"><span class='ocrx_word' id='word_1_19' title='bbox 136 546 368 613; x_wconf 68' lang='grc' dir='ltr'>φήσονται</span> <span class='ocrx_word' id='word_1_20' title='bbox 412 540 551 610; x_wconf 79' lang='grc' dir='ltr'>πρὸς</span> <span class='ocrx_word' id='word_1_21' title='bbox 598 539 797 610; x_wconf 80' lang='grc' dir='ltr'><strong>Κύριον</strong></span> <span class='ocrx_word' id='word_1_22' title='bbox 830 540 1009 592; x_wconf 77' lang='grc' dir='ltr'>πάντα</span> <span class='ocrx_word' id='word_1_23' title='bbox 1047 536 1117 589; x_wconf 80' lang='grc' dir='ltr'>τὰ</span> <span class='ocrx_word' id='word_1_24' title='bbox 1156 536 1369 607; x_wconf 83' lang='grc' dir='ltr'>πέρατα</span> <span class='ocrx_word' id='word_1_25' title='bbox 1399 537 1497 605; x_wconf 75' lang='grc' dir='ltr'>τῆς</span> <span class='ocrx_word' id='word_1_26' title='bbox 1527 537 1665 605; x_wconf 75' lang='grc' dir='ltr'>γῆς’</span> 
     </span>
    </p>
   </div>
   <div class='ocr_carea' id='block_1_7' title="bbox 135 629 1671 704">
    <p class='ocr_par' dir='ltr' id='par_1_7' title="bbox 135 629 1671 704">
     <span class='ocr_line' id='line_1_7' title="bbox 135 629 1671 704; baseline -0.005 -16"><span class='ocrx_word' id='word_1_27' title='bbox 135 636 209 689; x_wconf 78' lang='grc' dir='ltr'>καὶ</span> <span class='ocrx_word' id='word_1_28' title='bbox 232 632 685 704; x_wconf 70' lang='grc' dir='ltr'><strong>προσκυνήσουσιν</strong></span> <span class='ocrx_word' id='word_1_29' title='bbox 715 632 945 685; x_wconf 81' lang='grc' dir='ltr'>ἐνώπιον</span> <span class='ocrx_word' id='word_1_30' title='bbox 971 629 1137 682; x_wconf 81' lang='grc' dir='ltr'>αὑτοῦ</span> <span class='ocrx_word' id='word_1_31' title='bbox 1164 632 1335 682; x_wconf 82' lang='grc' dir='ltr'>πᾶσαι</span> <span class='ocrx_word' id='word_1_32' title='bbox 1362 630 1419 680; x_wconf 80' lang='grc' dir='ltr'>αξ</span> <span class='ocrx_word' id='word_1_33' title='bbox 1444 629 1671 700; x_wconf 68' lang='grc' dir='ltr'>πατριαὶ</span> 
     </span>
    </p>
   </div>
   <div class='ocr_carea' id='block_1_8' title="bbox 132 721 1671 792">
    <p class='ocr_par' dir='ltr' id='par_1_8' title="bbox 132 721 1671 792">
     <span class='ocr_line' id='line_1_8' title="bbox 132 721 1671 792; baseline -0.003 -15"><span class='ocrx_word' id='word_1_34' title='bbox 132 727 223 777; x_wconf 77' lang='grc' dir='ltr'><strong>τῶν</strong></span> <span class='ocrx_word' id='word_1_35' title='bbox 252 723 430 777; x_wconf 82' lang='grc' dir='ltr'>ἐθνῶν.</span> <span class='ocrx_word' id='word_1_36' title='bbox 488 724 600 777; x_wconf 71' lang='grc' dir='ltr'><strong>Καὶ</strong></span> <span class='ocrx_word' id='word_1_37' title='bbox 637 722 861 791; x_wconf 77' lang='grc' dir='ltr'>ἔφαγον,</span> <span class='ocrx_word' id='word_1_38' title='bbox 912 726 1008 775; x_wconf 71' lang='grc' dir='ltr'><strong>καὶ</strong></span> <span class='ocrx_word' id='word_1_39' title='bbox 1060 721 1472 792; x_wconf 81' lang='grc' dir='ltr'>προσεκύνησαν</span> <span class='ocrx_word' id='word_1_40' title='bbox 1522 721 1671 792; x_wconf 78' lang='grc' dir='ltr'>αὐτῷ</span> 
     </span>
    </p>
   </div>
   <div class='ocr_carea' id='block_1_9' title="bbox 132 811 1671 885">
    <p class='ocr_par' dir='ltr' id='par_1_9' title="bbox 132 811 1671 885">
     <span class='ocr_line' id='line_1_9' title="bbox 132 811 1671 885; baseline -0.005 -14"><span class='ocrx_word' id='word_1_41' title='bbox 132 818 301 878; x_wconf 74' lang='grc' dir='ltr'>πάντες</span> <span class='ocrx_word' id='word_1_42' title='bbox 334 816 373 849; x_wconf 88' lang='grc'><strong>¹⁹</strong></span> <span class='ocrx_word' id='word_1_43' title='bbox 405 817 453 868; x_wconf 86' lang='grc' dir='ltr'><strong>οί</strong></span> <span class='ocrx_word' id='word_1_44' title='bbox 488 816 669 877; x_wconf 86' lang='grc' dir='ltr'>πίονες</span> <span class='ocrx_word' id='word_1_45' title='bbox 717 817 818 883; x_wconf 68' lang='grc' dir='ltr'>τῆς</span> <span class='ocrx_word' id='word_1_46' title='bbox 864 815 986 885; x_wconf 81' lang='grc' dir='ltr'>γῆς.</span> <span class='ocrx_word' id='word_1_47' title='bbox 1045 832 1063 864; x_wconf 77' lang='grc' dir='ltr'><strong>ι</strong></span> <span class='ocrx_word' id='word_1_48' title='bbox 1106 812 1322 865; x_wconf 81' lang='grc' dir='ltr'><strong>Τούτων</strong></span> <span class='ocrx_word' id='word_1_49' title='bbox 1368 815 1477 879; x_wconf 74' lang='grc' dir='ltr'>γὰρ</span> <span class='ocrx_word' id='word_1_50' title='bbox 1517 811 1671 864; x_wconf 75' lang='grc' dir='ltr'>οὐδὲν</span> 
     </span>
    </p>
   </div>
   <div class='ocr_carea' id='block_1_10' title="bbox 131 903 1671 979">
    <p class='ocr_par' dir='ltr' id='par_1_10' title="bbox 131 903 1671 979">
     <span class='ocr_line' id='line_1_10' title="bbox 131 903 1671 979; baseline -0.007 -15"><span class='ocrx_word' id='word_1_51' title='bbox 131 912 206 965; x_wconf 71' lang='grc' dir='ltr'><strong>ἐπὶ</strong></span> <span class='ocrx_word' id='word_1_52' title='bbox 231 910 315 961; x_wconf 77' lang='grc' dir='ltr'>τοῦ</span> <span class='ocrx_word' id='word_1_53' title='bbox 351 907 515 961; x_wconf 76' lang='grc' dir='ltr'>Δαῦὶδ</span> <span class='ocrx_word' id='word_1_54' title='bbox 547 907 763 979; x_wconf 82' lang='grc' dir='ltr'>ὁρῶμεν</span> <span class='ocrx_word' id='word_1_55' title='bbox 795 906 1179 975; x_wconf 78' lang='grc' dir='ltr'>γεγενημένον.</span> <span class='ocrx_word' id='word_1_56' title='bbox 1227 905 1350 956; x_wconf 80' lang='grc' dir='ltr'>οὐδὲ</span> <span class='ocrx_word' id='word_1_57' title='bbox 1395 903 1483 956; x_wconf 77' lang='grc' dir='ltr'>ἐπί</span> <span class='ocrx_word' id='word_1_58' title='bbox 1526 920 1671 966; x_wconf 88' lang='grc' dir='ltr'>τινος</span> 
     </span>
    </p>
   </div>
   <div class='ocr_carea' id='block_1_11' title="bbox 132 996 1671 1066">
    <p class='ocr_par' dir='ltr' id='par_1_11' title="bbox 132 996 1671 1066">
     <span class='ocr_line' id='line_1_11' title="bbox 132 996 1671 1066; baseline -0.005 -12"><span class='ocrx_word' id='word_1_59' title='bbox 132 1003 219 1054; x_wconf 83' lang='grc' dir='ltr'><strong>τῶν</strong></span> <span class='ocrx_word' id='word_1_60' title='bbox 252 1002 309 1052; x_wconf 77' lang='grc' dir='ltr'>ἐκ</span> <span class='ocrx_word' id='word_1_61' title='bbox 342 998 526 1052; x_wconf 82' lang='grc' dir='ltr'>Δαὸίδ.</span> <span class='ocrx_word' id='word_1_62' title='bbox 570 1001 747 1063; x_wconf 84' lang='grc' dir='ltr'>Μόνος</span> <span class='ocrx_word' id='word_1_63' title='bbox 791 998 848 1051; x_wconf 76' lang='grc' dir='ltr'>δὲ</span> <span class='ocrx_word' id='word_1_64' title='bbox 879 998 905 1051; x_wconf 89' lang='lat'><strong>6</strong></span> <span class='ocrx_word' id='word_1_65' title='bbox 932 998 1208 1066; x_wconf 78' lang='grc' dir='ltr'><strong>Δεσπότης</strong></span> <span class='ocrx_word' id='word_1_66' title='bbox 1255 996 1509 1065; x_wconf 71' lang='grc' dir='ltr'>Χριστὸς,</span> <span class='ocrx_word' id='word_1_67' title='bbox 1555 998 1581 1046; x_wconf 92' lang='lat'><strong>6</strong></span> <span class='ocrx_word' id='word_1_68' title='bbox 1608 997 1671 1047; x_wconf 85' lang='grc' dir='ltr'>ὲκ</span> 
     </span>
    </p>
   </div>
   <div class='ocr_carea' id='block_1_12' title="bbox 132 1086 1672 1159">
    <p class='ocr_par' dir='ltr' id='par_1_12' title="bbox 132 1086 1672 1159">
     <span class='ocr_line' id='line_1_12' title="bbox 132 1086 1672 1159; baseline -0.003 -17"><span class='ocrx_word' id='word_1_69' title='bbox 132 1090 267 1142; x_wconf 70' lang='grc' dir='ltr'>Δαδιδ</span> <span class='ocrx_word' id='word_1_70' title='bbox 295 1087 428 1140; x_wconf 78' lang='grc' dir='ltr'>κατὰ</span> <span class='ocrx_word' id='word_1_71' title='bbox 464 1088 665 1159; x_wconf 80' lang='grc' dir='ltr'><strong>σάρκα,</strong></span> <span class='ocrx_word' id='word_1_72' title='bbox 713 1090 741 1140; x_wconf 90' lang='grc' dir='ltr'>ὁ</span> <span class='ocrx_word' id='word_1_73' title='bbox 774 1086 1202 1158; x_wconf 81' lang='grc' dir='ltr'>ἐνανθρωπήσας</span> <span class='ocrx_word' id='word_1_74' title='bbox 1252 1087 1383 1148; x_wconf 79' lang='grc' dir='ltr'>Θεὸς</span> <span class='ocrx_word' id='word_1_75' title='bbox 1421 1086 1616 1153; x_wconf 76' lang='grc' dir='ltr'>Λόγος,</span> <span class='ocrx_word' id='word_1_76' title='bbox 1643 1086 1672 1137; x_wconf 90' lang='lat'><strong>6</strong></span> 
     </span>
    </p>
   </div>
   <div class='ocr_carea' id='block_1_13' title="bbox 130 1177 1673 1249">
    <p class='ocr_par' dir='ltr' id='par_1_13' title="bbox 130 1177 1673 1249">
     <span class='ocr_line' id='line_1_13' title="bbox 130 1177 1673 1249; baseline 0 -18"><span class='ocrx_word' id='word_1_77' title='bbox 130 1184 181 1231; x_wconf 80' lang='grc' dir='ltr'>ἐκ</span> <span class='ocrx_word' id='word_1_78' title='bbox 202 1178 353 1231; x_wconf 79' lang='grc' dir='ltr'>Δασὶδ</span> <span class='ocrx_word' id='word_1_79' title='bbox 381 1177 565 1233; x_wconf 76' lang='grc' dir='ltr'>λαϐὼν</span> <span class='ocrx_word' id='word_1_80' title='bbox 593 1179 691 1249; x_wconf 84' lang='grc' dir='ltr'>τὴν</span> <span class='ocrx_word' id='word_1_81' title='bbox 718 1179 813 1232; x_wconf 83' lang='grc' dir='ltr'>τοῦ</span> <span class='ocrx_word' id='word_1_82' title='bbox 843 1179 1031 1232; x_wconf 85' lang='grc' dir='ltr'>δούλου</span> <span class='ocrx_word' id='word_1_83' title='bbox 1063 1180 1281 1248; x_wconf 79' lang='grc' dir='ltr'>μορφήν</span> <span class='ocrx_word' id='word_1_84' title='bbox 1302 1195 1314 1207; x_wconf 80' lang='lat'>&#39;</span> <span class='ocrx_word' id='word_1_85' title='bbox 1348 1180 1531 1231; x_wconf 81' lang='grc' dir='ltr'>πᾶσαν</span> <span class='ocrx_word' id='word_1_86' title='bbox 1564 1179 1673 1247; x_wconf 76' lang='grc' dir='ltr'>γὰρ</span> 
     </span>
    </p>
   </div>
   <div class='ocr_carea' id='block_1_14' title="bbox 131 1269 1671 1342">
    <p class='ocr_par' dir='ltr' id='par_1_14' title="bbox 131 1269 1671 1342">
     <span class='ocr_line' id='line_1_14' title="bbox 131 1269 1671 1342; baseline 0 -19"><span class='ocrx_word' id='word_1_87' title='bbox 131 1273 214 1341; x_wconf 80' lang='grc' dir='ltr'>γῆν</span> <span class='ocrx_word' id='word_1_88' title='bbox 247 1269 331 1322; x_wconf 79' lang='grc' dir='ltr'>καὶ</span> <span class='ocrx_word' id='word_1_89' title='bbox 359 1270 639 1324; x_wconf 74' lang='grc' dir='ltr'><strong>Θάλασσαν</strong></span> <span class='ocrx_word' id='word_1_90' title='bbox 690 1275 791 1342; x_wconf 85' lang='grc' dir='ltr'>τῆς</span> <span class='ocrx_word' id='word_1_91' title='bbox 839 1270 1169 1339; x_wconf 87' lang='grc' dir='ltr'>θεογνωσίας</span> <span class='ocrx_word' id='word_1_92' title='bbox 1218 1269 1531 1341; x_wconf 79' lang='grc' dir='ltr'>ἐπλήρωσε,</span> <span class='ocrx_word' id='word_1_93' title='bbox 1575 1272 1671 1323; x_wconf 72' lang='grc' dir='ltr'><strong>καὶ</strong></span> 
     </span>
    </p>
   </div>
   <div class='ocr_carea' id='block_1_15' title="bbox 134 1360 1671 1433">
    <p class='ocr_par' dir='ltr' id='par_1_15' title="bbox 134 1360 1671 1433">
     <span class='ocr_line' id='line_1_15' title="bbox 134 1360 1671 1433; baseline 0 -19"><span class='ocrx_word' id='word_1_94' title='bbox 134 1365 326 1416; x_wconf 81' lang='grc' dir='ltr'><strong>πέπεικε</strong></span> <span class='ocrx_word' id='word_1_95' title='bbox 351 1366 477 1426; x_wconf 76' lang='grc' dir='ltr'>τοὺς</span> <span class='ocrx_word' id='word_1_96' title='bbox 510 1364 682 1419; x_wconf 81' lang='grc' dir='ltr'>πάλαι</span> <span class='ocrx_word' id='word_1_97' title='bbox 722 1364 1105 1433; x_wconf 77' lang='grc' dir='ltr'><strong>πλανωμένους</strong></span> <span class='ocrx_word' id='word_1_98' title='bbox 1137 1364 1205 1427; x_wconf 78' lang='grc' dir='ltr'><strong>ὀ,</strong></span> <span class='ocrx_word' id='word_1_99' title='bbox 1239 1363 1334 1417; x_wconf 71' lang='grc' dir='ltr'>καὶ</span> <span class='ocrx_word' id='word_1_100' title='bbox 1372 1365 1482 1426; x_wconf 83' lang='grc' dir='ltr'>τοῖς</span> <span class='ocrx_word' id='word_1_101' title='bbox 1518 1360 1671 1415; x_wconf 75' lang='grc' dir='ltr'>εἰδώ-</span> 
     </span>
    </p>
   </div>
   <div class='ocr_carea' id='block_1_16' title="bbox 1774 534 3348 606">
    <p class='ocr_par' dir='ltr' id='par_1_16' title="bbox 1774 534 3348 606">
     <span class='ocr_line' id='line_1_16' title="bbox 1774 534 3348 606; baseline 0.003 -17"><span class='ocrx_word' id='word_1_102' title='bbox 1774 536 2016 590; x_wconf 82' lang='lat' dir='ltr'><strong>universi</strong></span> <span class='ocrx_word' id='word_1_103' title='bbox 2051 536 2186 590; x_wconf 80' lang='lat' dir='ltr'><strong>lines</strong></span> <span class='ocrx_word' id='word_1_104' title='bbox 2218 546 2399 600; x_wconf 61' lang='lat' dir='ltr'><strong>terrae,</strong></span> <span class='ocrx_word' id='word_1_105' title='bbox 2461 546 2515 591; x_wconf 82' lang='lat' dir='ltr'><strong>et</strong></span> <span class='ocrx_word' id='word_1_106' title='bbox 2556 534 2716 606; x_wconf 70' lang='grc'><strong>747</strong></span> <span class='ocrx_word' id='word_1_107' title='bbox 2750 534 3061 589; x_wconf 87' lang='lat' dir='ltr'><strong>adorabunt</strong></span> <span class='ocrx_word' id='word_1_108' title='bbox 3110 539 3163 591; x_wconf 93' lang='lat' dir='ltr'><strong>in</strong></span> <span class='ocrx_word' id='word_1_109' title='bbox 3212 554 3348 593; x_wconf 86' lang='lat' dir='ltr'><strong>con-</strong></span> 
     </span>
    </p>
   </div>
   <div class='ocr_carea' id='block_1_17' title="bbox 1773 625 3348 698">
    <p class='ocr_par' dir='ltr' id='par_1_17' title="bbox 1773 625 3348 698">
     <span class='ocr_line' id='line_1_17' title="bbox 1773 625 3348 698; baseline 0 -14"><span class='ocrx_word' id='word_1_110' title='bbox 1773 637 1965 698; x_wconf 87' lang='lat' dir='ltr'><strong>spectu</strong></span> <span class='ocrx_word' id='word_1_111' title='bbox 2004 626 2124 695; x_wconf 87' lang='lat' dir='ltr'><strong>ejus</strong></span> <span class='ocrx_word' id='word_1_112' title='bbox 2158 626 2427 683; x_wconf 63' lang='lat' dir='ltr'><strong>universae</strong></span> <span class='ocrx_word' id='word_1_113' title='bbox 2460 625 2681 681; x_wconf 75' lang='lat' dir='ltr'><strong>familia:</strong></span> <span class='ocrx_word' id='word_1_114' title='bbox 2704 628 2947 696; x_wconf 81' lang='lat' dir='ltr'><strong>gentium</strong></span> <span class='ocrx_word' id='word_1_115' title='bbox 2978 646 2991 681; x_wconf 92' lang='lat'><strong>:</strong></span> <span class='ocrx_word' id='word_1_116' title='bbox 3028 637 3083 681; x_wconf 87' lang='lat' dir='ltr'><strong>et</strong></span> <span class='ocrx_word' id='word_1_117' title='bbox 3113 631 3348 684; x_wconf 76' lang='lat' dir='ltr'><strong>mandu-</strong></span> 
     </span>
    </p>
   </div>
   <div class='ocr_carea' id='block_1_18' title="bbox 1774 720 3349 792">
    <p class='ocr_par' dir='ltr' id='par_1_18' title="bbox 1774 720 3349 792">
     <span class='ocr_line' id='line_1_18' title="bbox 1774 720 3349 792; baseline 0.001 -16"><span class='ocrx_word' id='word_1_118' title='bbox 1774 732 2053 783; x_wconf 84' lang='lat' dir='ltr'><strong>caverunt,</strong></span> <span class='ocrx_word' id='word_1_119' title='bbox 2086 730 2140 775; x_wconf 89' lang='lat' dir='ltr'><strong>et</strong></span> <span class='ocrx_word' id='word_1_120' title='bbox 2166 720 2531 776; x_wconf 89' lang='lat' dir='ltr'><strong>adoraverunt</strong></span> <span class='ocrx_word' id='word_1_121' title='bbox 2565 722 2717 774; x_wconf 92' lang='lat' dir='ltr'><strong>illum</strong></span> <span class='ocrx_word' id='word_1_122' title='bbox 2754 736 2946 775; x_wconf 89' lang='lat' dir='ltr'><strong>onmes</strong></span> <span class='ocrx_word' id='word_1_123' title='bbox 2983 722 3215 792; x_wconf 85' lang='lat' dir='ltr'><strong>pingues</strong></span> <span class='ocrx_word' id='word_1_124' title='bbox 3238 732 3349 779; x_wconf 89' lang='lat' dir='ltr'><strong>ter-</strong></span> 
     </span>
    </p>
   </div>
   <div class='ocr_carea' id='block_1_19' title="bbox 1774 813 3348 881">
    <p class='ocr_par' dir='ltr' id='par_1_19' title="bbox 1774 813 3348 881">
     <span class='ocr_line' id='line_1_19' title="bbox 1774 813 3348 881; baseline 0 -12"><span class='ocrx_word' id='word_1_125' title='bbox 1774 830 1869 870; x_wconf 64' lang='lat' dir='ltr'><strong>rae.</strong></span> <span class='ocrx_word' id='word_1_126' title='bbox 1904 833 1923 866; x_wconf 79' lang='grc' dir='ltr'><strong><em>ι</em></strong></span> <span class='ocrx_word' id='word_1_127' title='bbox 1968 813 2105 868; x_wconf 86' lang='lat' dir='ltr'><strong>Nam</strong></span> <span class='ocrx_word' id='word_1_128' title='bbox 2138 814 2275 869; x_wconf 82' lang='lat' dir='ltr'><strong>nihil</strong></span> <span class='ocrx_word' id='word_1_129' title='bbox 2303 814 2502 869; x_wconf 89' lang='lat' dir='ltr'><strong>horum</strong></span> <span class='ocrx_word' id='word_1_130' title='bbox 2537 814 2729 868; x_wconf 88' lang='lat' dir='ltr'><strong>Davidi</strong></span> <span class='ocrx_word' id='word_1_131' title='bbox 2759 815 3028 869; x_wconf 89' lang='lat' dir='ltr'><strong>accidisse</strong></span> <span class='ocrx_word' id='word_1_132' title='bbox 3074 816 3348 881; x_wconf 85' lang='lat' dir='ltr'><strong>videmus,</strong></span> 
     </span>
    </p>
   </div>
   <div class='ocr_carea' id='block_1_20' title="bbox 1774 905 3348 977">
    <p class='ocr_par' dir='ltr' id='par_1_20' title="bbox 1774 905 3348 977">
     <span class='ocr_line' id='line_1_20' title="bbox 1774 905 3348 977; baseline 0.002 -18"><span class='ocrx_word' id='word_1_133' title='bbox 1774 923 1875 962; x_wconf 91' lang='lat' dir='ltr'><strong>nec</strong></span> <span class='ocrx_word' id='word_1_134' title='bbox 1929 907 2092 961; x_wconf 84' lang='lat' dir='ltr'><strong>alicui</strong></span> <span class='ocrx_word' id='word_1_135' title='bbox 2135 923 2327 961; x_wconf 92' lang='lat' dir='ltr'><strong>eorum</strong></span> <span class='ocrx_word' id='word_1_136' title='bbox 2406 907 2499 977; x_wconf 86' lang='lat' dir='ltr'><strong>qui</strong></span> <span class='ocrx_word' id='word_1_137' title='bbox 2534 922 2599 960; x_wconf 80' lang='lat' dir='ltr'><strong>ex</strong></span> <span class='ocrx_word' id='word_1_138' title='bbox 2648 905 2849 960; x_wconf 87' lang='lat' dir='ltr'><strong>Davide</strong></span> <span class='ocrx_word' id='word_1_139' title='bbox 2893 910 3144 977; x_wconf 79' lang='lat' dir='ltr'><strong>prognati</strong></span> <span class='ocrx_word' id='word_1_140' title='bbox 3203 920 3348 964; x_wconf 91' lang='lat' dir='ltr'><strong>sunt.</strong></span> 
     </span>
    </p>
   </div>
   <div class='ocr_carea' id='block_1_21' title="bbox 1776 998 3352 1069">
    <p class='ocr_par' dir='ltr' id='par_1_21' title="bbox 1776 998 3352 1069">
     <span class='ocr_line' id='line_1_21' title="bbox 1776 998 3352 1069; baseline 0.001 -15"><span class='ocrx_word' id='word_1_141' title='bbox 1776 998 1938 1054; x_wconf 88' lang='lat' dir='ltr'><strong>Solus</strong></span> <span class='ocrx_word' id='word_1_142' title='bbox 1988 1010 2169 1053; x_wconf 88' lang='lat' dir='ltr'><strong>autem</strong></span> <span class='ocrx_word' id='word_1_143' title='bbox 2203 998 2471 1052; x_wconf 86' lang='lat' dir='ltr'><strong>Dominus</strong></span> <span class='ocrx_word' id='word_1_144' title='bbox 2500 998 2773 1065; x_wconf 79' lang='lat' dir='ltr'><strong>Christus,</strong></span> <span class='ocrx_word' id='word_1_145' title='bbox 2805 1000 2898 1069; x_wconf 87' lang='lat' dir='ltr'><strong>qui</strong></span> <span class='ocrx_word' id='word_1_146' title='bbox 2928 1016 2993 1053; x_wconf 84' lang='lat' dir='ltr'><strong>ex</strong></span> <span class='ocrx_word' id='word_1_147' title='bbox 3027 1000 3231 1055; x_wconf 88' lang='lat' dir='ltr'><strong>Davidc</strong></span> <span class='ocrx_word' id='word_1_148' title='bbox 3264 1018 3352 1056; x_wconf 85' lang='lat' dir='ltr'><strong>se-</strong></span> 
     </span>
    </p>
   </div>
   <div class='ocr_carea' id='block_1_22' title="bbox 1774 1089 3351 1158">
    <p class='ocr_par' dir='ltr' id='par_1_22' title="bbox 1774 1089 3351 1158">
     <span class='ocr_line' id='line_1_22' title="bbox 1774 1089 3351 1158; baseline 0.001 -11"><span class='ocrx_word' id='word_1_149' title='bbox 1774 1091 2017 1147; x_wconf 90' lang='lat' dir='ltr'><strong>cundum</strong></span> <span class='ocrx_word' id='word_1_150' title='bbox 2046 1108 2267 1147; x_wconf 88' lang='lat' dir='ltr'><strong>carnem</strong></span> <span class='ocrx_word' id='word_1_151' title='bbox 2302 1092 2448 1146; x_wconf 91' lang='lat' dir='ltr'><strong>Deus</strong></span> <span class='ocrx_word' id='word_1_152' title='bbox 2508 1089 2749 1145; x_wconf 81' lang='lat' dir='ltr'><strong>Verbum</strong></span> <span class='ocrx_word' id='word_1_153' title='bbox 2787 1091 2967 1147; x_wconf 81' lang='lat' dir='ltr'><strong>factus</strong></span> <span class='ocrx_word' id='word_1_154' title='bbox 3016 1102 3098 1147; x_wconf 86' lang='lat' dir='ltr'><strong>est</strong></span> <span class='ocrx_word' id='word_1_155' title='bbox 3169 1097 3351 1158; x_wconf 90' lang='lat' dir='ltr'><strong>homo,</strong></span> 
     </span>
    </p>
   </div>
   <div class='ocr_carea' id='block_1_23' title="bbox 1773 1185 3350 1255">
    <p class='ocr_par' dir='ltr' id='par_1_23' title="bbox 1773 1185 3350 1255">
     <span class='ocr_line' id='line_1_23' title="bbox 1773 1185 3350 1255; baseline 0.001 -17"><span class='ocrx_word' id='word_1_156' title='bbox 1773 1186 1865 1255; x_wconf 87' lang='lat' dir='ltr'><strong>qui</strong></span> <span class='ocrx_word' id='word_1_157' title='bbox 1928 1202 1992 1239; x_wconf 78' lang='lat' dir='ltr'><strong>ex</strong></span> <span class='ocrx_word' id='word_1_158' title='bbox 2049 1185 2249 1240; x_wconf 86' lang='lat' dir='ltr'><strong>Davide</strong></span> <span class='ocrx_word' id='word_1_159' title='bbox 2280 1186 2513 1240; x_wconf 82' lang='lat' dir='ltr'><strong>formam</strong></span> <span class='ocrx_word' id='word_1_160' title='bbox 2548 1186 2690 1239; x_wconf 84' lang='lat' dir='ltr'><strong>servi</strong></span> <span class='ocrx_word' id='word_1_161' title='bbox 2723 1187 2951 1255; x_wconf 85' lang='lat' dir='ltr'><strong>accepit,</strong></span> <span class='ocrx_word' id='word_1_162' title='bbox 2988 1202 3202 1240; x_wconf 81' lang='lat' dir='ltr'><strong>onmem</strong></span> <span class='ocrx_word' id='word_1_163' title='bbox 3240 1199 3350 1241; x_wconf 90' lang='lat' dir='ltr'><strong>ter-</strong></span> 
     </span>
    </p>
   </div>
   <div class='ocr_carea' id='block_1_24' title="bbox 1773 1276 3350 1348">
    <p class='ocr_par' dir='ltr' id='par_1_24' title="bbox 1773 1276 3350 1348">
     <span class='ocr_line' id='line_1_24' title="bbox 1773 1276 3350 1348; baseline 0.003 -19"><span class='ocrx_word' id='word_1_164' title='bbox 1773 1292 1889 1330; x_wconf 91' lang='lat' dir='ltr'><strong>ram</strong></span> <span class='ocrx_word' id='word_1_165' title='bbox 1920 1292 1983 1331; x_wconf 90' lang='lat' dir='ltr'><strong>ac</strong></span> <span class='ocrx_word' id='word_1_166' title='bbox 2012 1293 2160 1331; x_wconf 88' lang='lat' dir='ltr'><strong>mare</strong></span> <span class='ocrx_word' id='word_1_167' title='bbox 2189 1277 2367 1331; x_wconf 82' lang='lat' dir='ltr'><strong>divina</strong></span> <span class='ocrx_word' id='word_1_168' title='bbox 2393 1276 2701 1346; x_wconf 78' lang='lat' dir='ltr'><strong>cognitione</strong></span> <span class='ocrx_word' id='word_1_169' title='bbox 2732 1276 2998 1347; x_wconf 80' lang='lat' dir='ltr'><strong>implevit,</strong></span> <span class='ocrx_word' id='word_1_170' title='bbox 3032 1286 3083 1331; x_wconf 89' lang='lat' dir='ltr'><strong>et</strong></span> <span class='ocrx_word' id='word_1_171' title='bbox 3125 1294 3350 1348; x_wconf 81' lang='lat' dir='ltr'><strong>persua-</strong></span> 
     </span>
    </p>
   </div>
   <div class='ocr_carea' id='block_1_25' title="bbox 1774 1368 3351 1439">
    <p class='ocr_par' dir='ltr' id='par_1_25' title="bbox 1774 1368 3351 1439">
     <span class='ocr_line' id='line_1_25' title="bbox 1774 1368 3351 1439; baseline 0 -16"><span class='ocrx_word' id='word_1_172' title='bbox 1774 1369 1846 1423; x_wconf 84' lang='lat' dir='ltr'><strong>sit</strong></span> <span class='ocrx_word' id='word_1_173' title='bbox 1880 1370 1947 1423; x_wconf 90' lang='lat' dir='ltr'><strong>iis</strong></span> <span class='ocrx_word' id='word_1_174' title='bbox 2001 1370 2095 1439; x_wconf 89' lang='lat' dir='ltr'><strong>qui</strong></span> <span class='ocrx_word' id='word_1_175' title='bbox 2127 1369 2255 1423; x_wconf 89' lang='lat' dir='ltr'><strong>olim</strong></span> <span class='ocrx_word' id='word_1_176' title='bbox 2286 1368 2564 1432; x_wconf 84' lang='lat' dir='ltr'><strong>errabam,</strong></span> <span class='ocrx_word' id='word_1_177' title='bbox 2596 1378 2758 1437; x_wconf 87' lang='lat' dir='ltr'><strong>atque</strong></span> <span class='ocrx_word' id='word_1_178' title='bbox 2781 1369 2921 1421; x_wconf 84' lang='lat' dir='ltr'><strong>idola</strong></span> <span class='ocrx_word' id='word_1_179' title='bbox 2954 1370 3224 1435; x_wconf 77' lang='lat' dir='ltr'><strong>colebant,</strong></span> <span class='ocrx_word' id='word_1_180' title='bbox 3254 1387 3351 1439; x_wconf 88' lang='lat' dir='ltr'><strong>pro</strong></span> 
     </span>
    </p>
   </div>
   <div class='ocr_carea' id='block_1_26' title="bbox 132 1455 1673 1528">
    <p class='ocr_par' dir='ltr' id='par_1_26' title="bbox 132 1455 1673 1528">
     <span class='ocr_line' id='line_1_26' title="bbox 132 1455 1673 1528; baseline 0.001 -21"><span class='ocrx_word' id='word_1_181' title='bbox 132 1456 223 1519; x_wconf 80' lang='grc' dir='ltr'>λοις</span> <span class='ocrx_word' id='word_1_182' title='bbox 249 1456 656 1527; x_wconf 77' lang='grc' dir='ltr'><strong>προσφέροντας</strong></span> <span class='ocrx_word' id='word_1_183' title='bbox 685 1457 783 1528; x_wconf 77' lang='grc' dir='ltr'><strong>τὴν</strong></span> <span class='ocrx_word' id='word_1_184' title='bbox 834 1457 1223 1527; x_wconf 82' lang='grc' dir='ltr'>προσκύνησιν,</span> <span class='ocrx_word' id='word_1_185' title='bbox 1274 1456 1396 1509; x_wconf 77' lang='grc' dir='ltr'>ἀντὶ</span> <span class='ocrx_word' id='word_1_186' title='bbox 1440 1455 1547 1508; x_wconf 91' lang='grc' dir='ltr'><strong>τῶν</strong></span> <span class='ocrx_word' id='word_1_187' title='bbox 1574 1455 1673 1508; x_wconf 80' lang='grc' dir='ltr'>οὐκ</span> 
     </span>
    </p>
   </div>
   <div class='ocr_carea' id='block_1_27' title="bbox 131 1545 1673 1616">
    <p class='ocr_par' dir='ltr' id='par_1_27' title="bbox 131 1545 1673 1616">
     <span class='ocr_line' id='line_1_27' title="bbox 131 1545 1673 1616; baseline 0.001 -18"><span class='ocrx_word' id='word_1_188' title='bbox 131 1546 268 1598; x_wconf 68' lang='grc' dir='ltr'>ὄντων</span> <span class='ocrx_word' id='word_1_189' title='bbox 291 1546 377 1597; x_wconf 74' lang='grc' dir='ltr'>τὸν</span> <span class='ocrx_word' id='word_1_190' title='bbox 405 1545 543 1597; x_wconf 74' lang='grc' dir='ltr'>ὄντα</span> <span class='ocrx_word' id='word_1_191' title='bbox 591 1548 968 1616; x_wconf 84' lang='grc' dir='ltr'>προσκυνῆσαι</span> <span class='ocrx_word' id='word_1_192' title='bbox 998 1546 1149 1601; x_wconf 85' lang='grc' dir='ltr'>Θεόν.</span> <span class='ocrx_word' id='word_1_193' title='bbox 1182 1545 1343 1599; x_wconf 80' lang='grc' dir='ltr'>Ἀλλὰ</span> <span class='ocrx_word' id='word_1_194' title='bbox 1383 1546 1510 1609; x_wconf 74' lang='grc' dir='ltr'>τοὺς</span> <span class='ocrx_word' id='word_1_195' title='bbox 1536 1545 1673 1616; x_wconf 81' lang='grc' dir='ltr'>πρὸς</span> 
     </span>
    </p>
   </div>
   <div class='ocr_carea' id='block_1_28' title="bbox 132 1636 1670 1706">
    <p class='ocr_par' dir='ltr' id='par_1_28' title="bbox 132 1636 1670 1706">
     <span class='ocr_line' id='line_1_28' title="bbox 132 1636 1670 1706; baseline -0.001 -17"><span class='ocrx_word' id='word_1_196' title='bbox 132 1638 231 1699; x_wconf 75' lang='grc' dir='ltr'>τοὺς</span> <span class='ocrx_word' id='word_1_197' title='bbox 254 1636 535 1699; x_wconf 81' lang='grc' dir='ltr'>Ἰουδαίους</span> <span class='ocrx_word' id='word_1_198' title='bbox 579 1638 775 1706; x_wconf 88' lang='grc' dir='ltr'>λόγους</span> <span class='ocrx_word' id='word_1_199' title='bbox 816 1638 861 1669; x_wconf 80' lang='grc'>²¹</span> <span class='ocrx_word' id='word_1_200' title='bbox 888 1637 1305 1700; x_wconf 80' lang='grc' dir='ltr'><strong>καταλιπόντες,</strong></span> <span class='ocrx_word' id='word_1_201' title='bbox 1338 1636 1429 1687; x_wconf 72' lang='grc' dir='ltr'><strong>ἐπὶ</strong></span> <span class='ocrx_word' id='word_1_202' title='bbox 1458 1636 1584 1698; x_wconf 82' lang='grc' dir='ltr'>τοὺς</span> <span class='ocrx_word' id='word_1_203' title='bbox 1625 1637 1670 1666; x_wconf 83' lang='grc'>²¹</span> 
     </span>
    </p>
   </div>
   <div class='ocr_carea' id='block_1_29' title="bbox 133 1726 1673 1800">
    <p class='ocr_par' dir='ltr' id='par_1_29' title="bbox 133 1726 1673 1800">
     <span class='ocr_line' id='line_1_29' title="bbox 133 1726 1673 1800; baseline -0.001 -20"><span class='ocrx_word' id='word_1_204' title='bbox 133 1730 366 1799; x_wconf 74' lang='grc' dir='ltr'>παρόντας</span> <span class='ocrx_word' id='word_1_205' title='bbox 391 1730 643 1798; x_wconf 85' lang='grc' dir='ltr'>ἀγῶνας,</span> <span class='ocrx_word' id='word_1_206' title='bbox 663 1730 758 1783; x_wconf 77' lang='grc' dir='ltr'>καὶ</span> <span class='ocrx_word' id='word_1_207' title='bbox 784 1730 829 1760; x_wconf 81' lang='grc'><strong>’⁸</strong></span> <span class='ocrx_word' id='word_1_208' title='bbox 850 1729 941 1782; x_wconf 73' lang='grc' dir='ltr'><strong>ἐπὶ</strong></span> <span class='ocrx_word' id='word_1_209' title='bbox 966 1730 1065 1800; x_wconf 79' lang='grc' dir='ltr'><strong>τὴν</strong></span> <span class='ocrx_word' id='word_1_210' title='bbox 1085 1729 1192 1782; x_wconf 91' lang='grc' dir='ltr'><strong>τῶν</strong></span> <span class='ocrx_word' id='word_1_211' title='bbox 1219 1727 1425 1782; x_wconf 83' lang='grc' dir='ltr'>λοιπῶν</span> <span class='ocrx_word' id='word_1_212' title='bbox 1444 1726 1673 1797; x_wconf 75' lang='grc' dir='ltr'>ψαλμῶν</span> 
     </span>
    </p>
   </div>
   <div class='ocr_carea' id='block_1_30' title="bbox 133 1820 764 1892">
    <p class='ocr_par' dir='ltr' id='par_1_30' title="bbox 133 1820 764 1892">
     <span class='ocr_line' id='line_1_30' title="bbox 133 1820 764 1892; baseline -0.002 -18"><span class='ocrx_word' id='word_1_213' title='bbox 133 1820 388 1892; x_wconf 71' lang='grc' dir='ltr'>ἑρμηνείαν</span> <span class='ocrx_word' id='word_1_214' title='bbox 428 1820 637 1891; x_wconf 86' lang='grc' dir='ltr'>βαδίσω</span> <span class='ocrx_word' id='word_1_215' title='bbox 644 1836 764 1889; x_wconf 90' lang='grc' dir='ltr'>μεν.</span> 
     </span>
    </p>
   </div>
   <div class='ocr_carea' id='block_1_31' title="bbox 414 1934 1344 1991">
    <p class='ocr_par' dir='ltr' id='par_1_31' title="bbox 414 1934 1344 1991">
     <span class='ocr_line' id='line_1_31' title="bbox 414 1934 1344 1991; baseline 0 -2"><span class='ocrx_word' id='word_1_216' title='bbox 414 1936 694 1991; x_wconf 75' lang='grc' dir='ltr'><strong>ΕΡΜῙΙΝ.</strong></span> <span class='ocrx_word' id='word_1_217' title='bbox 723 1935 860 1990; x_wconf 82' lang='grc' dir='ltr'><strong>ΤΟΥ</strong></span> <span class='ocrx_word' id='word_1_218' title='bbox 889 1934 996 1989; x_wconf 81' lang='grc' dir='ltr'><strong>ΚΒ’</strong></span> <span class='ocrx_word' id='word_1_219' title='bbox 1025 1936 1344 1990; x_wconf 79' lang='grc' dir='ltr'><strong>ΨΑΛΜΟΥ.</strong></span> 
     </span>
    </p>
   </div>
   <div class='ocr_carea' id='block_1_32' title="bbox 186 2045 1676 2121">
    <p class='ocr_par' dir='ltr' id='par_1_32' title="bbox 186 2045 1676 2121">
     <span class='ocr_line' id='line_1_32' title="bbox 186 2045 1676 2121; baseline -0.008 -11"><span class='ocrx_word' id='word_1_220' title='bbox 186 2054 243 2109; x_wconf 85' lang='grc' dir='ltr'>α’.</span> <span class='ocrx_word' id='word_1_221' title='bbox 270 2055 357 2115; x_wconf 72' lang='lat' dir='ltr'><strong>Et;</strong></span> <span class='ocrx_word' id='word_1_222' title='bbox 383 2052 446 2105; x_wconf 85' lang='grc' dir='ltr'><strong>τὸ</strong></span> <span class='ocrx_word' id='word_1_223' title='bbox 468 2050 630 2114; x_wconf 79' lang='grc' dir='ltr'>τέλος</span> <span class='ocrx_word' id='word_1_224' title='bbox 656 2050 725 2116; x_wconf 74' lang='grc'><strong>’⁸,</strong></span> <span class='ocrx_word' id='word_1_225' title='bbox 758 2049 972 2121; x_wconf 75' lang='grc' dir='ltr'>ψαλμὸς</span> <span class='ocrx_word' id='word_1_226' title='bbox 996 2048 1073 2117; x_wconf 81' lang='grc' dir='ltr'>τῷ</span> <span class='ocrx_word' id='word_1_227' title='bbox 1102 2048 1288 2101; x_wconf 81' lang='grc' dir='ltr'>Δαϐίδ.</span> <span class='ocrx_word' id='word_1_228' title='bbox 1316 2068 1333 2098; x_wconf 71' lang='grc' dir='ltr'><strong>ι</strong></span> <span class='ocrx_word' id='word_1_229' title='bbox 1359 2046 1429 2118; x_wconf 75' lang='grc'><strong>[¹1⁵</strong></span> <span class='ocrx_word' id='word_1_230' title='bbox 1454 2045 1676 2117; x_wconf 74' lang='grc' dir='ltr'>’ᾼδεται</span> 
     </span>
    </p>
   </div>
   <div class='ocr_carea' id='block_1_33' title="bbox 131 2140 1677 2217">
    <p class='ocr_par' dir='ltr' id='par_1_33' title="bbox 131 2140 1677 2217">
     <span class='ocr_line' id='line_1_33' title="bbox 131 2140 1677 2217; baseline -0.006 -17"><span class='ocrx_word' id='word_1_231' title='bbox 131 2149 155 2200; x_wconf 98' lang='lat'><strong>6</strong></span> <span class='ocrx_word' id='word_1_232' title='bbox 176 2146 519 2217; x_wconf 80' lang='grc' dir='ltr'>προκείμενος</span> <span class='ocrx_word' id='word_1_233' title='bbox 541 2142 761 2214; x_wconf 73' lang='grc' dir='ltr'>ψαλμδς</span> <span class='ocrx_word' id='word_1_234' title='bbox 779 2143 842 2196; x_wconf 84' lang='grc' dir='ltr'>ὲκ</span> <span class='ocrx_word' id='word_1_235' title='bbox 864 2141 1161 2214; x_wconf 82' lang='grc' dir='ltr'>προσώπου</span> <span class='ocrx_word' id='word_1_236' title='bbox 1182 2140 1291 2193; x_wconf 87' lang='grc' dir='ltr'><strong>τῶν</strong></span> <span class='ocrx_word' id='word_1_237' title='bbox 1314 2140 1483 2193; x_wconf 74' lang='grc' dir='ltr'>ἐθνῶν</span> <span class='ocrx_word' id='word_1_238' title='bbox 1508 2140 1677 2207; x_wconf 74' lang='grc' dir='ltr'>ἀγαλο-</span> 
     </span>
    </p>
   </div>
   <div class='ocr_carea' id='block_1_34' title="bbox 135 2230 1677 2312">
    <p class='ocr_par' dir='ltr' id='par_1_34' title="bbox 135 2230 1677 2312">
     <span class='ocr_line' id='line_1_34' title="bbox 135 2230 1677 2312; baseline -0.008 -19"><span class='ocrx_word' id='word_1_239' title='bbox 135 2240 336 2312; x_wconf 77' lang='grc' dir='ltr'>λομένων</span> <span class='ocrx_word' id='word_1_240' title='bbox 377 2238 474 2290; x_wconf 70' lang='grc' dir='ltr'>ἐπὶ</span> <span class='ocrx_word' id='word_1_241' title='bbox 522 2236 610 2306; x_wconf 79' lang='grc' dir='ltr'>τῷ</span> <span class='ocrx_word' id='word_1_242' title='bbox 659 2237 924 2306; x_wconf 86' lang='grc' dir='ltr'>ποιμᾶναι</span> <span class='ocrx_word' id='word_1_243' title='bbox 958 2234 1131 2287; x_wconf 81' lang='grc' dir='ltr'>αὑτά·</span> <span class='ocrx_word' id='word_1_244' title='bbox 1162 2232 1257 2286; x_wconf 77' lang='grc' dir='ltr'>καὶ</span> <span class='ocrx_word' id='word_1_245' title='bbox 1312 2232 1417 2302; x_wconf 79' lang='grc' dir='ltr'><strong>μὴν</strong></span> <span class='ocrx_word' id='word_1_246' title='bbox 1459 2232 1550 2283; x_wconf 77' lang='grc' dir='ltr'>καὶ</span> <span class='ocrx_word' id='word_1_247' title='bbox 1578 2230 1677 2301; x_wconf 84' lang='grc' dir='ltr'><strong>τὴν</strong></span> 
     </span>
    </p>
   </div>
   <div class='ocr_carea' id='block_1_35' title="bbox 136 2324 1678 2402">
    <p class='ocr_par' dir='ltr' id='par_1_35' title="bbox 136 2324 1678 2402">
     <span class='ocr_line' id='line_1_35' title="bbox 136 2324 1678 2402; baseline -0.006 -18"><span class='ocrx_word' id='word_1_248' title='bbox 136 2330 363 2402; x_wconf 83' lang='grc' dir='ltr'>μυστικὴν</span> <span class='ocrx_word' id='word_1_249' title='bbox 412 2328 750 2399; x_wconf 75' lang='grc' dir='ltr'>ἐξηγοῦνται</span> <span class='ocrx_word' id='word_1_250' title='bbox 792 2328 1026 2397; x_wconf 70' lang='grc' dir='ltr'>εὐωχίαν</span> <span class='ocrx_word' id='word_1_251' title='bbox 1054 2326 1120 2395; x_wconf 80' lang='grc' dir='ltr'>ἢν</span> <span class='ocrx_word' id='word_1_252' title='bbox 1155 2324 1463 2395; x_wconf 75' lang='grc' dir='ltr'>παρέθηκεν</span> <span class='ocrx_word' id='word_1_253' title='bbox 1494 2324 1678 2384; x_wconf 79' lang='grc' dir='ltr'>αὐτοῖς</span> 
     </span>
    </p>
   </div>
   <div class='ocr_carea' id='block_1_36' title="bbox 134 2413 1681 2493">
    <p class='ocr_par' dir='ltr' id='par_1_36' title="bbox 134 2413 1681 2493">
     <span class='ocr_line' id='line_1_36' title="bbox 134 2413 1681 2493; baseline -0.008 -17"><span class='ocrx_word' id='word_1_254' title='bbox 134 2423 450 2493; x_wconf 76' lang='grc' dir='ltr'>ὀποιμαίνων</span> <span class='ocrx_word' id='word_1_255' title='bbox 497 2418 780 2491; x_wconf 83' lang='grc' dir='ltr'>αὐτούς.]</span> <span class='ocrx_word' id='word_1_256' title='bbox 819 2438 836 2469; x_wconf 78' lang='grc' dir='ltr'><strong>ι</strong></span> <span class='ocrx_word' id='word_1_257' title='bbox 890 2418 1097 2488; x_wconf 83' lang='grc' dir='ltr'>Κύριος</span> <span class='ocrx_word' id='word_1_258' title='bbox 1148 2415 1427 2484; x_wconf 81' lang='grc' dir='ltr'>ποιμαίνει</span> <span class='ocrx_word' id='word_1_259' title='bbox 1466 2430 1555 2481; x_wconf 86' lang='grc' dir='ltr'>με,</span> <span class='ocrx_word' id='word_1_260' title='bbox 1586 2413 1681 2467; x_wconf 74' lang='grc' dir='ltr'>καὶ</span> 
     </span>
    </p>
   </div>
   <div class='ocr_carea' id='block_1_37' title="bbox 135 2502 1681 2581">
    <p class='ocr_par' dir='ltr' id='par_1_37' title="bbox 135 2502 1681 2581">
     <span class='ocr_line' id='line_1_37' title="bbox 135 2502 1681 2581; baseline -0.008 -15"><span class='ocrx_word' id='word_1_261' title='bbox 135 2513 254 2566; x_wconf 72' lang='grc' dir='ltr'>οὐδέν</span> <span class='ocrx_word' id='word_1_262' title='bbox 288 2527 352 2581; x_wconf 89' lang='grc' dir='ltr'><strong>με</strong></span> <span class='ocrx_word' id='word_1_263' title='bbox 393 2511 718 2580; x_wconf 79' lang='grc' dir='ltr'>ὑστερήσει.</span> <span class='ocrx_word' id='word_1_264' title='bbox 763 2527 781 2559; x_wconf 73' lang='grc' dir='ltr'><strong>ι</strong></span> <span class='ocrx_word' id='word_1_265' title='bbox 834 2507 946 2577; x_wconf 85' lang='grc' dir='ltr'><strong>Τὴν</strong></span> <span class='ocrx_word' id='word_1_266' title='bbox 985 2506 1154 2576; x_wconf 80' lang='grc' dir='ltr'>αὐτὴν</span> <span class='ocrx_word' id='word_1_267' title='bbox 1213 2506 1327 2574; x_wconf 73' lang='grc' dir='ltr'>ἔχει</span> <span class='ocrx_word' id='word_1_268' title='bbox 1365 2504 1460 2556; x_wconf 74' lang='grc' dir='ltr'>καὶ</span> <span class='ocrx_word' id='word_1_269' title='bbox 1510 2502 1681 2557; x_wconf 79' lang='grc' dir='ltr'>ταῦτα</span> 
     </span>
    </p>
   </div>
   <div class='ocr_carea' id='block_1_38' title="bbox 135 2596 1681 2673">
    <p class='ocr_par' dir='ltr' id='par_1_38' title="bbox 135 2596 1681 2673">
     <span class='ocr_line' id='line_1_38' title="bbox 135 2596 1681 2673; baseline -0.006 -16"><span class='ocrx_word' id='word_1_270' title='bbox 135 2607 221 2668; x_wconf 76' lang='grc' dir='ltr'>τοῖς</span> <span class='ocrx_word' id='word_1_271' title='bbox 259 2601 760 2673; x_wconf 84' lang='grc' dir='ltr'>προερμηνευθεῖσι</span> <span class='ocrx_word' id='word_1_272' title='bbox 790 2600 836 2631; x_wconf 79' lang='grc'><strong>³⁸</strong></span> <span class='ocrx_word' id='word_1_273' title='bbox 888 2600 1152 2653; x_wconf 85' lang='grc' dir='ltr'>διάνοιαν.</span> <span class='ocrx_word' id='word_1_274' title='bbox 1189 2596 1441 2668; x_wconf 84' lang='grc' dir='ltr'>Είρηκὼς</span> <span class='ocrx_word' id='word_1_275' title='bbox 1470 2597 1581 2667; x_wconf 88' lang='grc' dir='ltr'>γὰρ</span> <span class='ocrx_word' id='word_1_276' title='bbox 1624 2596 1681 2648; x_wconf 79' lang='grc' dir='ltr'>ὲν</span> 
     </span>
    </p>
   </div>
   <div class='ocr_carea' id='block_1_39' title="bbox 135 2689 1682 2768">
    <p class='ocr_par' dir='ltr' id='par_1_39' title="bbox 135 2689 1682 2768">
     <span class='ocr_line' id='line_1_39' title="bbox 135 2689 1682 2768; baseline -0.005 -19"><span class='ocrx_word' id='word_1_277' title='bbox 226 2698 323 2767; x_wconf 78' lang='grc' dir='ltr'>πρὸ</span> <span class='ocrx_word' id='word_1_278' title='bbox 364 2699 569 2750; x_wconf 86' lang='grc' dir='ltr'>τούτου</span> <span class='ocrx_word' id='word_1_279' title='bbox 614 2694 863 2766; x_wconf 52' lang='grc' dir='ltr'>ψαλμῶν</span> <span class='ocrx_word' id='word_1_280' title='bbox 894 2712 912 2745; x_wconf 75' lang='grc' dir='ltr'><strong>ι</strong></span> <span class='ocrx_word' id='word_1_281' title='bbox 946 2694 1219 2760; x_wconf 82' lang='grc' dir='ltr'>Φάγονται</span> <span class='ocrx_word' id='word_1_282' title='bbox 1269 2690 1530 2759; x_wconf 83' lang='grc' dir='ltr'>πένητες,</span> <span class='ocrx_word' id='word_1_283' title='bbox 1589 2689 1682 2742; x_wconf 76' lang='grc' dir='ltr'>καὶ</span> 
     </span>
    </p>
   </div>
   <div class='ocr_carea' id='block_1_40' title="bbox 138 2780 1681 2860">
    <p class='ocr_par' dir='ltr' id='par_1_40' title="bbox 138 2780 1681 2860">
     <span class='ocr_line' id='line_1_40' title="bbox 138 2780 1681 2860; baseline -0.004 -19"><span class='ocrx_word' id='word_1_284' title='bbox 138 2788 589 2860; x_wconf 72' lang='grc' dir='ltr'>ἑμπλησθήσονται</span> <span class='ocrx_word' id='word_1_285' title='bbox 620 2791 689 2853; x_wconf 76' lang='grc'><strong>³⁷,</strong></span> <span class='ocrx_word' id='word_1_286' title='bbox 727 2787 823 2840; x_wconf 63' lang='grc' dir='ltr'><strong>καὶ⁵</strong></span> <span class='ocrx_word' id='word_1_287' title='bbox 858 2785 1131 2839; x_wconf 84' lang='grc' dir='ltr'>αίνέσουσι</span> <span class='ocrx_word' id='word_1_288' title='bbox 1162 2785 1367 2855; x_wconf 82' lang='grc' dir='ltr'>Κύριον</span> <span class='ocrx_word' id='word_1_289' title='bbox 1413 2784 1461 2835; x_wconf 83' lang='grc' dir='ltr'><strong>οἱ</strong></span> <span class='ocrx_word' id='word_1_290' title='bbox 1516 2780 1681 2851; x_wconf 80' lang='grc' dir='ltr'><strong>ἐκζη-</strong></span> 
     </span>
    </p>
   </div>
   <div class='ocr_carea' id='block_1_41' title="bbox 1774 1459 3357 1530">
    <p class='ocr_par' dir='ltr' id='par_1_41' title="bbox 1774 1459 3357 1530">
     <span class='ocr_line' id='line_1_41' title="bbox 1774 1459 3357 1530; baseline 0.001 -17"><span class='ocrx_word' id='word_1_291' title='bbox 1774 1460 1881 1515; x_wconf 89' lang='lat' dir='ltr'><strong>illis</strong></span> <span class='ocrx_word' id='word_1_292' title='bbox 1911 1460 2004 1530; x_wconf 90' lang='lat' dir='ltr'><strong>qui</strong></span> <span class='ocrx_word' id='word_1_293' title='bbox 2038 1476 2141 1514; x_wconf 90' lang='lat' dir='ltr'><strong>non</strong></span> <span class='ocrx_word' id='word_1_294' title='bbox 2164 1469 2312 1526; x_wconf 90' lang='lat' dir='ltr'><strong>sunt,</strong></span> <span class='ocrx_word' id='word_1_295' title='bbox 2347 1459 2539 1524; x_wconf 90' lang='lat' dir='ltr'><strong>Deum,</strong></span> <span class='ocrx_word' id='word_1_296' title='bbox 2564 1460 2773 1529; x_wconf 86' lang='lat' dir='ltr'><strong>quiest,</strong></span> <span class='ocrx_word' id='word_1_297' title='bbox 2811 1461 3060 1514; x_wconf 81' lang='lat' dir='ltr'><strong>adorare.</strong></span> <span class='ocrx_word' id='word_1_298' title='bbox 3092 1460 3357 1515; x_wconf 82' lang='lat' dir='ltr'><strong>Porrois-</strong></span> 
     </span>
    </p>
   </div>
   <div class='ocr_carea' id='block_1_42' title="bbox 1777 1549 3355 1621">
    <p class='ocr_par' dir='ltr' id='par_1_42' title="bbox 1777 1549 3355 1621">
     <span class='ocr_line' id='line_1_42' title="bbox 1777 1549 3355 1621; baseline -0.001 -15"><span class='ocrx_word' id='word_1_299' title='bbox 1777 1554 1845 1607; x_wconf 90' lang='lat' dir='ltr'><strong>tis</strong></span> <span class='ocrx_word' id='word_1_300' title='bbox 1872 1568 1995 1607; x_wconf 91' lang='lat' dir='ltr'><strong>cum</strong></span> <span class='ocrx_word' id='word_1_301' title='bbox 2024 1550 2225 1605; x_wconf 73' lang='lat' dir='ltr'><strong>Judzcis</strong></span> <span class='ocrx_word' id='word_1_302' title='bbox 2258 1552 2605 1605; x_wconf 87' lang='lat' dir='ltr'><strong>sermonibus</strong></span> <span class='ocrx_word' id='word_1_303' title='bbox 2627 1549 2853 1614; x_wconf 85' lang='lat' dir='ltr'><strong>relictis,</strong></span> <span class='ocrx_word' id='word_1_304' title='bbox 2875 1566 2974 1604; x_wconf 90' lang='lat' dir='ltr'><strong>nos</strong></span> <span class='ocrx_word' id='word_1_305' title='bbox 2993 1554 3055 1603; x_wconf 73' lang='lat' dir='ltr'><strong>ad</strong></span> <span class='ocrx_word' id='word_1_306' title='bbox 3081 1552 3355 1621; x_wconf 88' lang='lat' dir='ltr'><strong>inceptum</strong></span> 
     </span>
    </p>
   </div>
   <div class='ocr_carea' id='block_1_43' title="bbox 1774 1640 3357 1711">
    <p class='ocr_par' dir='ltr' id='par_1_43' title="bbox 1774 1640 3357 1711">
     <span class='ocr_line' id='line_1_43' title="bbox 1774 1640 3357 1711; baseline -0.001 -14"><span class='ocrx_word' id='word_1_307' title='bbox 1774 1652 2074 1709; x_wconf 85' lang='lat' dir='ltr'><strong>certamen,</strong></span> <span class='ocrx_word' id='word_1_308' title='bbox 2108 1652 2163 1698; x_wconf 91' lang='lat' dir='ltr'><strong>et</strong></span> <span class='ocrx_word' id='word_1_309' title='bbox 2196 1643 2263 1698; x_wconf 88' lang='lat' dir='ltr'><strong>ad</strong></span> <span class='ocrx_word' id='word_1_310' title='bbox 2304 1642 2639 1711; x_wconf 81' lang='lat' dir='ltr'><strong>reliquorum</strong></span> <span class='ocrx_word' id='word_1_311' title='bbox 2699 1640 3033 1709; x_wconf 81' lang='lat' dir='ltr'><strong>psalmorum</strong></span> <span class='ocrx_word' id='word_1_312' title='bbox 3090 1642 3357 1710; x_wconf 87' lang='lat' dir='ltr'><strong>interpre-</strong></span> 
     </span>
    </p>
   </div>
   <div class='ocr_carea' id='block_1_44' title="bbox 1775 1736 2438 1790">
    <p class='ocr_par' dir='ltr' id='par_1_44' title="bbox 1775 1736 2438 1790">
     <span class='ocr_line' id='line_1_44' title="bbox 1775 1736 2438 1790; baseline 0 -1"><span class='ocrx_word' id='word_1_313' title='bbox 1775 1736 2034 1790; x_wconf 85' lang='lat' dir='ltr'><strong>tationem</strong></span> <span class='ocrx_word' id='word_1_314' title='bbox 2071 1745 2438 1790; x_wconf 84' lang='lat' dir='ltr'><strong>transeamus.</strong></span> 
     </span>
    </p>
   </div>
   <div class='ocr_carea' id='block_1_45' title="bbox 2196 1936 2949 1992">
    <p class='ocr_par' dir='ltr' id='par_1_45' title="bbox 2196 1936 2949 1992">
     <span class='ocr_line' id='line_1_45' title="bbox 2196 1936 2949 1992; baseline 0 -1"><span class='ocrx_word' id='word_1_315' title='bbox 2196 1936 2470 1992; x_wconf 80' lang='lat' dir='ltr'><strong>INTERP.</strong></span> <span class='ocrx_word' id='word_1_316' title='bbox 2497 1936 2752 1991; x_wconf 79' lang='lat' dir='ltr'><strong>PSALMI</strong></span> <span class='ocrx_word' id='word_1_317' title='bbox 2784 1936 2949 1991; x_wconf 79' lang='lat' dir='ltr'><strong>XXII.</strong></span> 
     </span>
    </p>
   </div>
   <div class='ocr_carea' id='block_1_46' title="bbox 1850 2051 3361 2127">
    <p class='ocr_par' dir='ltr' id='par_1_46' title="bbox 1850 2051 3361 2127">
     <span class='ocr_line' id='line_1_46' title="bbox 1850 2051 3361 2127; baseline 0.003 -22"><span class='ocrx_word' id='word_1_318' title='bbox 1850 2051 2015 2106; x_wconf 66' lang='lat' dir='ltr'><strong>Vens.</strong></span> <span class='ocrx_word' id='word_1_319' title='bbox 2054 2052 2110 2106; x_wconf 81' lang='lat' dir='ltr'><strong>l.</strong></span> <span class='ocrx_word' id='word_1_320' title='bbox 2169 2071 2186 2103; x_wconf 83' lang='grc' dir='ltr'><strong>ι</strong></span> <span class='ocrx_word' id='word_1_321' title='bbox 2228 2052 2284 2106; x_wconf 91' lang='lat' dir='ltr'><strong>In</strong></span> <span class='ocrx_word' id='word_1_322' title='bbox 2313 2052 2498 2116; x_wconf 89' lang='lat' dir='ltr'><strong>linem,</strong></span> <span class='ocrx_word' id='word_1_323' title='bbox 2550 2054 2796 2122; x_wconf 88' lang='lat' dir='ltr'><strong>psalmus</strong></span> <span class='ocrx_word' id='word_1_324' title='bbox 2828 2054 3043 2109; x_wconf 82' lang='lat' dir='ltr'><strong>Davidi.</strong></span> <span class='ocrx_word' id='word_1_325' title='bbox 3078 2074 3096 2107; x_wconf 69' lang='grc' dir='ltr'><strong>ι</strong></span> <span class='ocrx_word' id='word_1_326' title='bbox 3174 2053 3361 2127; x_wconf 81' lang='lat' dir='ltr'><strong>[Cani-</strong></span> 
     </span>
    </p>
   </div>
   <div class='ocr_carea' id='block_1_47' title="bbox 1781 2145 3359 2217">
    <p class='ocr_par' dir='ltr' id='par_1_47' title="bbox 1781 2145 3359 2217">
     <span class='ocr_line' id='line_1_47' title="bbox 1781 2145 3359 2217; baseline 0 -18"><span class='ocrx_word' id='word_1_327' title='bbox 1781 2155 1869 2199; x_wconf 91' lang='lat' dir='ltr'><strong>tur</strong></span> <span class='ocrx_word' id='word_1_328' title='bbox 1898 2145 1987 2199; x_wconf 90' lang='lat' dir='ltr'><strong>hic</strong></span> <span class='ocrx_word' id='word_1_329' title='bbox 2008 2146 2253 2215; x_wconf 90' lang='lat' dir='ltr'><strong>psalmus</strong></span> <span class='ocrx_word' id='word_1_330' title='bbox 2283 2162 2349 2199; x_wconf 81' lang='lat' dir='ltr'><strong>ex</strong></span> <span class='ocrx_word' id='word_1_331' title='bbox 2380 2162 2616 2215; x_wconf 88' lang='lat' dir='ltr'><strong>persona</strong></span> <span class='ocrx_word' id='word_1_332' title='bbox 2665 2148 2907 2217; x_wconf 87' lang='lat' dir='ltr'><strong>gentium</strong></span> <span class='ocrx_word' id='word_1_333' title='bbox 2974 2148 3359 2202; x_wconf 78' lang='lat' dir='ltr'><strong>exsultantium</strong></span> 
     </span>
    </p>
   </div>
   <div class='ocr_carea' id='block_1_48' title="bbox 1779 2239 3358 2311">
    <p class='ocr_par' dir='ltr' id='par_1_48' title="bbox 1779 2239 3358 2311">
     <span class='ocr_line' id='line_1_48' title="bbox 1779 2239 3358 2311; baseline 0.001 -21"><span class='ocrx_word' id='word_1_334' title='bbox 1779 2249 2066 2307; x_wconf 86' lang='lat' dir='ltr'><strong>pr0pterea</strong></span> <span class='ocrx_word' id='word_1_335' title='bbox 2117 2239 2260 2307; x_wconf 86' lang='lat' dir='ltr'><strong>quod</strong></span> <span class='ocrx_word' id='word_1_336' title='bbox 2292 2240 2469 2307; x_wconf 88' lang='lat' dir='ltr'><strong>pascit</strong></span> <span class='ocrx_word' id='word_1_337' title='bbox 2518 2255 2631 2294; x_wconf 83' lang='lat' dir='ltr'><strong>eas.</strong></span> <span class='ocrx_word' id='word_1_338' title='bbox 2672 2241 2870 2309; x_wconf 79' lang='lat' dir='ltr'><strong>Sicque</strong></span> <span class='ocrx_word' id='word_1_339' title='bbox 2925 2242 3212 2311; x_wconf 86' lang='lat' dir='ltr'><strong>mysticum</strong></span> <span class='ocrx_word' id='word_1_340' title='bbox 3261 2257 3358 2291; x_wconf 78' lang='lat' dir='ltr'><strong>ex-</strong></span> 
     </span>
    </p>
   </div>
   <div class='ocr_carea' id='block_1_49' title="bbox 1780 2328 3361 2401">
    <p class='ocr_par' dir='ltr' id='par_1_49' title="bbox 1780 2328 3361 2401">
     <span class='ocr_line' id='line_1_49' title="bbox 1780 2328 3361 2401; baseline 0.003 -21"><span class='ocrx_word' id='word_1_341' title='bbox 1780 2328 2352 2397; x_wconf 88' lang='lat' dir='ltr'><strong>ponuntconvivium,</strong></span> <span class='ocrx_word' id='word_1_342' title='bbox 2386 2329 2534 2397; x_wconf 90' lang='lat' dir='ltr'><strong>quod</strong></span> <span class='ocrx_word' id='word_1_343' title='bbox 2574 2332 2666 2399; x_wconf 88' lang='lat' dir='ltr'><strong>qui</strong></span> <span class='ocrx_word' id='word_1_344' title='bbox 2724 2330 2986 2399; x_wconf 88' lang='lat' dir='ltr'><strong>pascebat</strong></span> <span class='ocrx_word' id='word_1_345' title='bbox 3036 2345 3147 2393; x_wconf 85' lang='lat' dir='ltr'><strong>eas,</strong></span> <span class='ocrx_word' id='word_1_346' title='bbox 3193 2346 3361 2401; x_wconf 85' lang='lat' dir='ltr'><strong>appo-</strong></span> 
     </span>
    </p>
   </div>
   <div class='ocr_carea' id='block_1_50' title="bbox 1782 2416 3355 2489">
    <p class='ocr_par' dir='ltr' id='par_1_50' title="bbox 1782 2416 3355 2489">
     <span class='ocr_line' id='line_1_50' title="bbox 1782 2416 3355 2489; baseline -0.001 -18"><span class='ocrx_word' id='word_1_347' title='bbox 1782 2416 1940 2488; x_wconf 78' lang='lat' dir='ltr'><strong>suit.]</strong></span> <span class='ocrx_word' id='word_1_348' title='bbox 1972 2437 1991 2468; x_wconf 77' lang='grc' dir='ltr'><strong>ι</strong></span> <span class='ocrx_word' id='word_1_349' title='bbox 2034 2417 2295 2472; x_wconf 89' lang='lat' dir='ltr'><strong>Dominus</strong></span> <span class='ocrx_word' id='word_1_350' title='bbox 2326 2419 2502 2489; x_wconf 89' lang='lat' dir='ltr'><strong>pascit</strong></span> <span class='ocrx_word' id='word_1_351' title='bbox 2532 2435 2638 2485; x_wconf 92' lang='lat' dir='ltr'><strong>me,</strong></span> <span class='ocrx_word' id='word_1_352' title='bbox 2660 2428 2714 2472; x_wconf 90' lang='lat' dir='ltr'><strong>et</strong></span> <span class='ocrx_word' id='word_1_353' title='bbox 2762 2420 2898 2473; x_wconf 86' lang='lat' dir='ltr'><strong>nihil</strong></span> <span class='ocrx_word' id='word_1_354' title='bbox 2928 2420 3057 2473; x_wconf 90' lang='lat' dir='ltr'><strong>mihi</strong></span> <span class='ocrx_word' id='word_1_355' title='bbox 3113 2422 3299 2473; x_wconf 87' lang='lat' dir='ltr'><strong>deerit.</strong></span> <span class='ocrx_word' id='word_1_356' title='bbox 3338 2442 3355 2470; x_wconf 74' lang='grc' dir='ltr'><strong><em>ο</em></strong></span> 
     </span>
    </p>
   </div>
   <div class='ocr_carea' id='block_1_51' title="bbox 1782 2509 3360 2583">
    <p class='ocr_par' dir='ltr' id='par_1_51' title="bbox 1782 2509 3360 2583">
     <span class='ocr_line' id='line_1_51' title="bbox 1782 2509 3360 2583; baseline 0.001 -20"><span class='ocrx_word' id='word_1_357' title='bbox 1782 2509 1955 2565; x_wconf 85' lang='lat' dir='ltr'><strong>Etiam</strong></span> <span class='ocrx_word' id='word_1_358' title='bbox 1999 2513 2113 2567; x_wconf 76' lang='lat' dir='ltr'><strong>ha:c</strong></span> <span class='ocrx_word' id='word_1_359' title='bbox 2143 2512 2387 2566; x_wconf 88' lang='lat' dir='ltr'><strong>eamdem</strong></span> <span class='ocrx_word' id='word_1_360' title='bbox 2415 2512 2613 2567; x_wconf 87' lang='lat' dir='ltr'><strong>habent</strong></span> <span class='ocrx_word' id='word_1_361' title='bbox 2642 2514 2990 2577; x_wconf 88' lang='lat' dir='ltr'><strong>sententiam,</strong></span> <span class='ocrx_word' id='word_1_362' title='bbox 3050 2528 3213 2583; x_wconf 92' lang='lat' dir='ltr'><strong>quam</strong></span> <span class='ocrx_word' id='word_1_363' title='bbox 3265 2530 3360 2568; x_wconf 86' lang='lat' dir='ltr'><strong>sn-</strong></span> 
     </span>
    </p>
   </div>
   <div class='ocr_carea' id='block_1_52' title="bbox 1782 2601 3355 2674">
    <p class='ocr_par' dir='ltr' id='par_1_52' title="bbox 1782 2601 3355 2674">
     <span class='ocr_line' id='line_1_52' title="bbox 1782 2601 3355 2674; baseline 0.003 -19"><span class='ocrx_word' id='word_1_364' title='bbox 1782 2601 2019 2670; x_wconf 87' lang='lat' dir='ltr'><strong>periora.</strong></span> <span class='ocrx_word' id='word_1_365' title='bbox 2049 2602 2186 2656; x_wconf 90' lang='lat' dir='ltr'><strong>Cum</strong></span> <span class='ocrx_word' id='word_1_366' title='bbox 2215 2602 2360 2656; x_wconf 90' lang='lat' dir='ltr'><strong>enim</strong></span> <span class='ocrx_word' id='word_1_367' title='bbox 2387 2602 2617 2657; x_wconf 81' lang='lat' dir='ltr'><strong>dixisset</strong></span> <span class='ocrx_word' id='word_1_368' title='bbox 2649 2603 2701 2656; x_wconf 88' lang='lat' dir='ltr'><strong>in</strong></span> <span class='ocrx_word' id='word_1_369' title='bbox 2730 2603 2940 2674; x_wconf 84' lang='lat' dir='ltr'><strong>psalmo</strong></span> <span class='ocrx_word' id='word_1_370' title='bbox 2974 2604 3309 2674; x_wconf 71' lang='lat' dir='ltr'><strong>prmcedente</strong></span> <span class='ocrx_word' id='word_1_371' title='bbox 3341 2624 3355 2659; x_wconf 89' lang='lat'><strong>:</strong></span> 
     </span>
    </p>
   </div>
   <div class='ocr_carea' id='block_1_53' title="bbox 1789 2691 3362 2764">
    <p class='ocr_par' dir='ltr' id='par_1_53' title="bbox 1789 2691 3362 2764">
     <span class='ocr_line' id='line_1_53' title="bbox 1789 2691 3362 2764; baseline 0.002 -20"><span class='ocrx_word' id='word_1_372' title='bbox 1789 2710 1807 2743; x_wconf 88' lang='grc' dir='ltr'><strong>ι</strong></span> <span class='ocrx_word' id='word_1_373' title='bbox 1843 2691 2018 2747; x_wconf 89' lang='lat' dir='ltr'><strong>Edent</strong></span> <span class='ocrx_word' id='word_1_374' title='bbox 2042 2708 2336 2764; x_wconf 87' lang='lat' dir='ltr'><strong>pauperes,</strong></span> <span class='ocrx_word' id='word_1_375' title='bbox 2368 2702 2423 2749; x_wconf 89' lang='lat' dir='ltr'><strong>et</strong></span> <span class='ocrx_word' id='word_1_376' title='bbox 2450 2696 2867 2761; x_wconf 86' lang='lat' dir='ltr'><strong>saturabuntur,</strong></span> <span class='ocrx_word' id='word_1_377' title='bbox 2910 2696 3211 2749; x_wconf 90' lang='lat' dir='ltr'><strong>laudabunt</strong></span> <span class='ocrx_word' id='word_1_378' title='bbox 3258 2696 3362 2747; x_wconf 83' lang='lat' dir='ltr'><strong>Do-</strong></span> 
     </span>
    </p>
   </div>
   <div class='ocr_carea' id='block_1_54' title="bbox 1784 2785 3367 2857">
    <p class='ocr_par' dir='ltr' id='par_1_54' title="bbox 1784 2785 3367 2857">
     <span class='ocr_line' id='line_1_54' title="bbox 1784 2785 3367 2857; baseline -0.001 -16"><span class='ocrx_word' id='word_1_379' title='bbox 1784 2786 1997 2842; x_wconf 89' lang='lat' dir='ltr'><strong>minum</strong></span> <span class='ocrx_word' id='word_1_380' title='bbox 2058 2790 2150 2857; x_wconf 93' lang='lat' dir='ltr'><strong>qui</strong></span> <span class='ocrx_word' id='word_1_381' title='bbox 2181 2790 2471 2857; x_wconf 86' lang='lat' dir='ltr'><strong>requirunt</strong></span> <span class='ocrx_word' id='word_1_382' title='bbox 2511 2804 2659 2854; x_wconf 86' lang='lat' dir='ltr'><strong>eum,</strong></span> <span class='ocrx_word' id='word_1_383' title='bbox 2697 2809 2714 2840; x_wconf 72' lang='grc' dir='ltr'><strong>ι</strong></span> <span class='ocrx_word' id='word_1_384' title='bbox 2762 2796 2816 2841; x_wconf 89' lang='lat' dir='ltr'><strong>et</strong></span> <span class='ocrx_word' id='word_1_385' title='bbox 2862 2803 3099 2841; x_wconf 85' lang='lat' dir='ltr'><strong>rursus:</strong></span> <span class='ocrx_word' id='word_1_386' title='bbox 3164 2806 3181 2837; x_wconf 84' lang='grc' dir='ltr'><strong>ι</strong></span> <span class='ocrx_word' id='word_1_387' title='bbox 3215 2785 3367 2840; x_wconf 86' lang='lat' dir='ltr'><strong>Man-</strong></span> 
     </span>
    </p>
   </div>
   <div class='ocr_carea' id='block_1_55' title="bbox 138 2877 1674 2951">
    <p class='ocr_par' dir='ltr' id='par_1_55' title="bbox 138 2877 1674 2947">
     <span class='ocr_line' id='line_1_55' title="bbox 138 2877 1674 2947; baseline -0.002 -15"><span class='ocrx_word' id='word_1_388' title='bbox 138 2881 313 2945; x_wconf 74' lang='grc' dir='ltr'>τοῦντες</span> <span class='ocrx_word' id='word_1_389' title='bbox 341 2882 501 2934; x_wconf 78' lang='grc' dir='ltr'>αὐτόν</span> <span class='ocrx_word' id='word_1_390' title='bbox 530 2897 545 2910; x_wconf 89' lang='grc'><strong>·</strong></span> <span class='ocrx_word' id='word_1_391' title='bbox 593 2900 613 2933; x_wconf 78' lang='grc' dir='ltr'><strong>ι</strong></span> <span class='ocrx_word' id='word_1_392' title='bbox 662 2880 759 2934; x_wconf 69' lang='grc' dir='ltr'>καὶ</span> <span class='ocrx_word' id='word_1_393' title='bbox 793 2878 980 2943; x_wconf 83' lang='grc' dir='ltr'>πάλιν,</span> <span class='ocrx_word' id='word_1_394' title='bbox 1022 2896 1040 2929; x_wconf 79' lang='grc' dir='ltr'><strong>ι</strong></span> <span class='ocrx_word' id='word_1_395' title='bbox 1072 2878 1338 2946; x_wconf 83' lang='grc' dir='ltr'>Ἔφαγον,</span> <span class='ocrx_word' id='word_1_396' title='bbox 1388 2877 1483 2928; x_wconf 72' lang='grc' dir='ltr'>καὶ</span> <span class='ocrx_word' id='word_1_397' title='bbox 1515 2892 1674 2947; x_wconf 88' lang='grc' dir='ltr'>προσ-</span> 
     </span>
    </p>
   </div>
   <div class='ocr_carea' id='block_1_56' title="bbox 1782 2877 3359 2951">
    <p class='ocr_par' dir='ltr' id='par_1_56' title="bbox 1784 2880 3359 2951">
     <span class='ocr_line' id='line_1_56' title="bbox 1784 2880 3359 2951; baseline -0.002 -18"><span class='ocrx_word' id='word_1_398' title='bbox 1784 2880 2141 2944; x_wconf 88' lang='lat' dir='ltr'><strong>ducaverunt,</strong></span> <span class='ocrx_word' id='word_1_399' title='bbox 2172 2890 2225 2935; x_wconf 90' lang='lat' dir='ltr'><strong>et</strong></span> <span class='ocrx_word' id='word_1_400' title='bbox 2253 2882 2621 2937; x_wconf 79' lang='lat' dir='ltr'><strong>adoraverunt</strong></span> <span class='ocrx_word' id='word_1_401' title='bbox 2647 2896 2836 2936; x_wconf 90' lang='lat' dir='ltr'><strong>omnes</strong></span> <span class='ocrx_word' id='word_1_402' title='bbox 2859 2880 3089 2951; x_wconf 84' lang='lat' dir='ltr'><strong>pingues</strong></span> <span class='ocrx_word' id='word_1_403' title='bbox 3117 2891 3308 2947; x_wconf 59' lang='lat' dir='ltr'><strong>terra};</strong></span> <span class='ocrx_word' id='word_1_404' title='bbox 3340 2897 3359 2930; x_wconf 71' lang='grc' dir='ltr'><strong><em>ι</em></strong></span> 
     </span>
    </p>
   </div>
   <div class='ocr_carea' id='block_1_57' title="bbox 138 2968 1674 3043">
    <p class='ocr_par' dir='ltr' id='par_1_57' title="bbox 138 2968 1674 3039">
     <span class='ocr_line' id='line_1_57' title="bbox 138 2968 1674 3039; baseline -0.002 -15"><span class='ocrx_word' id='word_1_405' title='bbox 138 2971 367 3039; x_wconf 76' lang='grc' dir='ltr'>εκύνησαν</span> <span class='ocrx_word' id='word_1_406' title='bbox 391 2971 437 3003; x_wconf 75' lang='grc'><strong>³⁸</strong></span> <span class='ocrx_word' id='word_1_407' title='bbox 465 2973 682 3035; x_wconf 71' lang='grc' dir='ltr'>πάντες</span> <span class='ocrx_word' id='word_1_408' title='bbox 709 2973 757 3025; x_wconf 89' lang='grc' dir='ltr'><strong>οί</strong></span> <span class='ocrx_word' id='word_1_409' title='bbox 794 2972 977 3034; x_wconf 91' lang='grc' dir='ltr'>πίονες</span> <span class='ocrx_word' id='word_1_410' title='bbox 1008 2972 1106 3039; x_wconf 85' lang='grc' dir='ltr'>τῆς</span> <span class='ocrx_word' id='word_1_411' title='bbox 1130 2970 1233 3039; x_wconf 83' lang='grc' dir='ltr'>γῆς</span> <span class='ocrx_word' id='word_1_412' title='bbox 1263 2986 1278 3001; x_wconf 91' lang='grc'><strong>·</strong></span> <span class='ocrx_word' id='word_1_413' title='bbox 1313 2989 1332 3022; x_wconf 70' lang='grc' dir='ltr'><strong>ι</strong></span> <span class='ocrx_word' id='word_1_414' title='bbox 1368 2968 1674 3022; x_wconf 80' lang='grc' dir='ltr'>ὑποδείκνυ-</span> 
     </span>
    </p>
   </div>
   <div class='ocr_carea' id='block_1_58' title="bbox 1782 2968 3367 3043">
    <p class='ocr_par' dir='ltr' id='par_1_58' title="bbox 1787 2974 3367 3043">
     <span class='ocr_line' id='line_1_58' title="bbox 1787 2974 3367 3043; baseline 0.001 -17"><span class='ocrx_word' id='word_1_415' title='bbox 1787 2974 1991 3027; x_wconf 87' lang='lat' dir='ltr'><strong>indicat</strong></span> <span class='ocrx_word' id='word_1_416' title='bbox 2020 2974 2122 3027; x_wconf 90' lang='lat' dir='ltr'><strong>hoc</strong></span> <span class='ocrx_word' id='word_1_417' title='bbox 2169 2974 2288 3028; x_wconf 89' lang='lat' dir='ltr'><strong>loco</strong></span> <span class='ocrx_word' id='word_1_418' title='bbox 2321 2974 2485 3043; x_wconf 82' lang='lat' dir='ltr'><strong>hujus</strong></span> <span class='ocrx_word' id='word_1_419' title='bbox 2520 2974 2627 3028; x_wconf 92' lang='lat' dir='ltr'><strong>cibi</strong></span> <span class='ocrx_word' id='word_1_420' title='bbox 2665 2974 3008 3043; x_wconf 77' lang='lat' dir='ltr'><strong>largitorem,</strong></span> <span class='ocrx_word' id='word_1_421' title='bbox 3036 2984 3089 3029; x_wconf 89' lang='lat' dir='ltr'><strong>et</strong></span> <span class='ocrx_word' id='word_1_422' title='bbox 3133 2974 3367 3028; x_wconf 84' lang='lat' dir='ltr'><strong>nutrito-</strong></span> 
     </span>
    </p>
   </div>
   <div class='ocr_carea' id='block_1_59' title="bbox 139 3062 1674 3138">
    <p class='ocr_par' dir='ltr' id='par_1_59' title="bbox 139 3062 1674 3136">
     <span class='ocr_line' id='line_1_59' title="bbox 139 3062 1674 3136; baseline -0.003 -18"><span class='ocrx_word' id='word_1_423' title='bbox 139 3063 435 3119; x_wconf 63' lang='grc' dir='ltr'>σινὲνταίέθα</span> <span class='ocrx_word' id='word_1_424' title='bbox 466 3065 565 3119; x_wconf 69' lang='grc' dir='ltr'>τὸν</span> <span class='ocrx_word' id='word_1_425' title='bbox 620 3067 718 3136; x_wconf 84' lang='grc' dir='ltr'>τῆς</span> <span class='ocrx_word' id='word_1_426' title='bbox 752 3064 1009 3135; x_wconf 81' lang='grc' dir='ltr'>τοιαύτης</span> <span class='ocrx_word' id='word_1_427' title='bbox 1039 3064 1249 3135; x_wconf 80' lang='grc' dir='ltr'>τροφῆς</span> <span class='ocrx_word' id='word_1_428' title='bbox 1282 3063 1518 3133; x_wconf 81' lang='grc' dir='ltr'>χορηγόν</span> <span class='ocrx_word' id='word_1_429' title='bbox 1541 3080 1553 3092; x_wconf 90' lang='grc'>·</span> <span class='ocrx_word' id='word_1_430' title='bbox 1591 3062 1674 3115; x_wconf 76' lang='grc' dir='ltr'>καΊ</span> 
     </span>
    </p>
   </div>
   <div class='ocr_carea' id='block_1_60' title="bbox 1782 3062 3364 3138">
    <p class='ocr_par' dir='ltr' id='par_1_60' title="bbox 1787 3066 3364 3138">
     <span class='ocr_line' id='line_1_60' title="bbox 1787 3066 3364 3138; baseline -0.001 -18"><span class='ocrx_word' id='word_1_431' title='bbox 1787 3082 1901 3120; x_wconf 89' lang='lat' dir='ltr'><strong>rem</strong></span> <span class='ocrx_word' id='word_1_432' title='bbox 1951 3066 2115 3138; x_wconf 67' lang='grc'><strong>748</strong></span> <span class='ocrx_word' id='word_1_433' title='bbox 2144 3067 2377 3136; x_wconf 84' lang='lat' dir='ltr'><strong>appellat</strong></span> <span class='ocrx_word' id='word_1_434' title='bbox 2405 3075 2702 3135; x_wconf 88' lang='lat' dir='ltr'><strong>pastorem.</strong></span> <span class='ocrx_word' id='word_1_435' title='bbox 2740 3066 2831 3122; x_wconf 87' lang='lat' dir='ltr'><strong>Sic</strong></span> <span class='ocrx_word' id='word_1_436' title='bbox 2867 3066 3013 3120; x_wconf 89' lang='lat' dir='ltr'><strong>enim</strong></span> <span class='ocrx_word' id='word_1_437' title='bbox 3066 3082 3126 3121; x_wconf 89' lang='lat' dir='ltr'><strong>se</strong></span> <span class='ocrx_word' id='word_1_438' title='bbox 3184 3066 3364 3135; x_wconf 89' lang='lat' dir='ltr'><strong>ipsum</strong></span> 
     </span>
    </p>
   </div>
   <div class='ocr_carea' id='block_1_61' title="bbox 137 3153 1674 3229">
    <p class='ocr_par' dir='ltr' id='par_1_61' title="bbox 137 3153 1674 3229">
     <span class='ocr_line' id='line_1_61' title="bbox 137 3153 1674 3229; baseline -0.003 -19"><span class='ocrx_word' id='word_1_439' title='bbox 137 3157 262 3210; x_wconf 72' lang='grc' dir='ltr'>καλεῖ</span> <span class='ocrx_word' id='word_1_440' title='bbox 297 3158 385 3211; x_wconf 85' lang='grc' dir='ltr'>τὸν</span> <span class='ocrx_word' id='word_1_441' title='bbox 412 3158 634 3229; x_wconf 81' lang='grc' dir='ltr'>τροφέα</span> <span class='ocrx_word' id='word_1_442' title='bbox 674 3156 909 3227; x_wconf 83' lang='grc' dir='ltr'>ποιμένα</span> <span class='ocrx_word' id='word_1_443' title='bbox 929 3174 941 3186; x_wconf 90' lang='grc'><strong>·</strong></span> <span class='ocrx_word' id='word_1_444' title='bbox 980 3156 1136 3209; x_wconf 81' lang='grc' dir='ltr'>Οὖτω</span> <span class='ocrx_word' id='word_1_445' title='bbox 1158 3154 1269 3223; x_wconf 85' lang='grc' dir='ltr'><strong>γὰρ</strong></span> <span class='ocrx_word' id='word_1_446' title='bbox 1300 3154 1398 3208; x_wconf 75' lang='grc' dir='ltr'><strong>καὶ</strong></span> <span class='ocrx_word' id='word_1_447' title='bbox 1422 3156 1450 3206; x_wconf 91' lang='grc' dir='ltr'><strong>ό</strong></span> <span class='ocrx_word' id='word_1_448' title='bbox 1478 3153 1674 3206; x_wconf 73' lang='grc' dir='ltr'><strong>Δεσπό⁴</strong></span> 
     </span>
    </p>
   </div>
   <div class='ocr_carea' id='block_1_62' title="bbox 1782 3153 3365 3229">
    <p class='ocr_par' dir='ltr' id='par_1_62' title="bbox 1787 3156 3365 3227">
     <span class='ocr_line' id='line_1_62' title="bbox 1787 3156 3365 3227; baseline -0.001 -17"><span class='ocrx_word' id='word_1_449' title='bbox 1787 3156 2051 3211; x_wconf 90' lang='lat' dir='ltr'><strong>Dominus</strong></span> <span class='ocrx_word' id='word_1_450' title='bbox 2095 3157 2345 3212; x_wconf 78' lang='lat' dir='ltr'><strong>Christus</strong></span> <span class='ocrx_word' id='word_1_451' title='bbox 2402 3158 2745 3212; x_wconf 85' lang='lat' dir='ltr'><strong>nominavit:</strong></span> <span class='ocrx_word' id='word_1_452' title='bbox 2795 3176 2813 3208; x_wconf 82' lang='grc' dir='ltr'><strong>ι</strong></span> <span class='ocrx_word' id='word_1_453' title='bbox 2846 3156 2958 3226; x_wconf 83' lang='lat' dir='ltr'><strong>Ego</strong></span> <span class='ocrx_word' id='word_1_454' title='bbox 3018 3172 3139 3211; x_wconf 91' lang='lat' dir='ltr'><strong>sum</strong></span> <span class='ocrx_word' id='word_1_455' title='bbox 3178 3166 3365 3227; x_wconf 90' lang='lat' dir='ltr'><strong>pastor</strong></span> 
     </span>
    </p>
   </div>
   <div class='ocr_carea' id='block_1_63' title="bbox 136 3244 1674 3322">
    <p class='ocr_par' dir='ltr' id='par_1_63' title="bbox 136 3244 1674 3322">
     <span class='ocr_line' id='line_1_63' title="bbox 136 3244 1674 3322; baseline -0.004 -18"><span class='ocrx_word' id='word_1_456' title='bbox 136 3252 264 3321; x_wconf 79' lang='grc' dir='ltr'>της²⁹</span> <span class='ocrx_word' id='word_1_457' title='bbox 284 3252 521 3322; x_wconf 81' lang='grc' dir='ltr'>Χριστὸς</span> <span class='ocrx_word' id='word_1_458' title='bbox 582 3251 777 3304; x_wconf 78' lang='grc' dir='ltr'>ἑαυτὸν</span> <span class='ocrx_word' id='word_1_459' title='bbox 798 3250 1264 3321; x_wconf 78' lang='grc' dir='ltr'>προσηγόρευσενο</span> <span class='ocrx_word' id='word_1_460' title='bbox 1300 3267 1318 3299; x_wconf 81' lang='grc' dir='ltr'><strong>ι</strong></span> <span class='ocrx_word' id='word_1_461' title='bbox 1360 3244 1501 3315; x_wconf 86' lang='grc' dir='ltr'><strong>Ἐγώ</strong></span> <span class='ocrx_word' id='word_1_462' title='bbox 1522 3246 1674 3315; x_wconf 73' lang='grc' dir='ltr'>είμιί</span> 
     </span>
    </p>
   </div>
   <div class='ocr_carea' id='block_1_64' title="bbox 1782 3244 3365 3322">
    <p class='ocr_par' dir='ltr' id='par_1_64' title="bbox 1786 3250 3365 3320">
     <span class='ocr_line' id='line_1_64' title="bbox 1786 3250 3365 3320; baseline -0.002 -15"><span class='ocrx_word' id='word_1_463' title='bbox 1786 3250 1988 3313; x_wconf 89' lang='lat' dir='ltr'><strong>bonus,</strong></span> <span class='ocrx_word' id='word_1_464' title='bbox 2016 3261 2069 3305; x_wconf 90' lang='lat' dir='ltr'><strong>et</strong></span> <span class='ocrx_word' id='word_1_465' title='bbox 2102 3264 2378 3320; x_wconf 77' lang='lat' dir='ltr'><strong>cognosco</strong></span> <span class='ocrx_word' id='word_1_466' title='bbox 2422 3264 2551 3305; x_wconf 90' lang='lat' dir='ltr'><strong>oves</strong></span> <span class='ocrx_word' id='word_1_467' title='bbox 2587 3265 2758 3317; x_wconf 89' lang='lat' dir='ltr'><strong>meas,</strong></span> <span class='ocrx_word' id='word_1_468' title='bbox 2792 3260 2845 3305; x_wconf 86' lang='lat' dir='ltr'><strong>et</strong></span> <span class='ocrx_word' id='word_1_469' title='bbox 2896 3259 3233 3320; x_wconf 89' lang='lat' dir='ltr'><strong>cognoscunt</strong></span> <span class='ocrx_word' id='word_1_470' title='bbox 3280 3266 3365 3302; x_wconf 82' lang='lat' dir='ltr'><strong>me</strong></span> 
     </span>
    </p>
   </div>
   <div class='ocr_carea' id='block_1_65' title="bbox 135 3338 1674 3415">
    <p class='ocr_par' dir='ltr' id='par_1_65' title="bbox 135 3338 1674 3415">
     <span class='ocr_line' id='line_1_65' title="bbox 135 3338 1674 3415; baseline -0.004 -17"><span class='ocrx_word' id='word_1_471' title='bbox 135 3344 298 3415; x_wconf 75' lang='grc' dir='ltr'>ποιμὴν</span> <span class='ocrx_word' id='word_1_472' title='bbox 324 3348 352 3398; x_wconf 90' lang='lat'><strong>6</strong></span> <span class='ocrx_word' id='word_1_473' title='bbox 385 3345 583 3407; x_wconf 79' lang='grc' dir='ltr'>καλὸς,</span> <span class='ocrx_word' id='word_1_474' title='bbox 626 3345 721 3396; x_wconf 76' lang='grc' dir='ltr'>καὶ</span> <span class='ocrx_word' id='word_1_475' title='bbox 749 3343 1004 3411; x_wconf 81' lang='grc' dir='ltr'>γινώσκω</span> <span class='ocrx_word' id='word_1_476' title='bbox 1033 3342 1102 3395; x_wconf 73' lang='grc' dir='ltr'><strong>τὰ</strong></span> <span class='ocrx_word' id='word_1_477' title='bbox 1137 3341 1269 3411; x_wconf 79' lang='grc' dir='ltr'>ὲμὰ,</span> <span class='ocrx_word' id='word_1_478' title='bbox 1301 3341 1397 3393; x_wconf 78' lang='grc' dir='ltr'>καὶ</span> <span class='ocrx_word' id='word_1_479' title='bbox 1418 3338 1674 3409; x_wconf 87' lang='grc' dir='ltr'>γινώσκο-</span> 
     </span>
    </p>
   </div>
   <div class='ocr_carea' id='block_1_66' title="bbox 1782 3338 3361 3415">
    <p class='ocr_par' dir='ltr' id='par_1_66' title="bbox 1786 3341 3361 3413">
     <span class='ocr_line' id='line_1_66' title="bbox 1786 3341 3361 3413; baseline -0.003 -15"><span class='ocrx_word' id='word_1_480' title='bbox 1786 3359 1919 3398; x_wconf 67' lang='lat' dir='ltr'><strong>mea:</strong></span> <span class='ocrx_word' id='word_1_481' title='bbox 1941 3352 2001 3397; x_wconf 75' lang='grc' dir='ltr'>ω.</span> <span class='ocrx_word' id='word_1_482' title='bbox 2032 3362 2050 3394; x_wconf 74' lang='grc' dir='ltr'><strong>ι</strong></span> <span class='ocrx_word' id='word_1_483' title='bbox 2082 3341 2285 3397; x_wconf 87' lang='lat' dir='ltr'><strong>Eodem</strong></span> <span class='ocrx_word' id='word_1_484' title='bbox 2324 3343 2495 3396; x_wconf 91' lang='lat' dir='ltr'><strong>modo</strong></span> <span class='ocrx_word' id='word_1_485' title='bbox 2528 3352 2581 3397; x_wconf 92' lang='lat' dir='ltr'><strong>et</strong></span> <span class='ocrx_word' id='word_1_486' title='bbox 2621 3358 2717 3412; x_wconf 86' lang='lat' dir='ltr'><strong>per</strong></span> <span class='ocrx_word' id='word_1_487' title='bbox 2757 3343 3076 3413; x_wconf 89' lang='lat' dir='ltr'><strong>prophetam</strong></span> <span class='ocrx_word' id='word_1_488' title='bbox 3103 3342 3361 3397; x_wconf 81' lang='lat' dir='ltr'><strong>Ezechie-</strong></span> 
     </span>
    </p>
   </div>
   <div class='ocr_carea' id='block_1_67' title="bbox 138 3432 1674 3506">
    <p class='ocr_par' dir='ltr' id='par_1_67' title="bbox 138 3432 1674 3505">
     <span class='ocr_line' id='line_1_67' title="bbox 138 3432 1674 3505; baseline -0.001 -18"><span class='ocrx_word' id='word_1_489' title='bbox 138 3453 213 3503; x_wconf 80' lang='grc' dir='ltr'><strong>μαι</strong></span> <span class='ocrx_word' id='word_1_490' title='bbox 241 3436 337 3488; x_wconf 80' lang='grc' dir='ltr'>ὑπὸ</span> <span class='ocrx_word' id='word_1_491' title='bbox 367 3436 477 3489; x_wconf 92' lang='grc' dir='ltr'><strong>τῶν</strong></span> <span class='ocrx_word' id='word_1_492' title='bbox 525 3437 695 3505; x_wconf 80' lang='grc' dir='ltr'>ἐμῶν.</span> <span class='ocrx_word' id='word_1_493' title='bbox 728 3455 749 3487; x_wconf 70' lang='grc' dir='ltr'><strong>ι</strong></span> <span class='ocrx_word' id='word_1_494' title='bbox 810 3435 996 3498; x_wconf 76' lang='grc' dir='ltr'>Οὕτως</span> <span class='ocrx_word' id='word_1_495' title='bbox 1042 3434 1238 3487; x_wconf 76' lang='grc' dir='ltr'>ἑαυτὸν</span> <span class='ocrx_word' id='word_1_496' title='bbox 1274 3434 1367 3486; x_wconf 82' lang='grc' dir='ltr'>καὶ</span> <span class='ocrx_word' id='word_1_497' title='bbox 1390 3432 1477 3487; x_wconf 82' lang='grc' dir='ltr'>διὰ</span> <span class='ocrx_word' id='word_1_498' title='bbox 1520 3433 1674 3497; x_wconf 77' lang='grc' dir='ltr'>Ἰεζε-</span> 
     </span>
    </p>
   </div>
   <div class='ocr_carea' id='block_1_68' title="bbox 1782 3432 3365 3506">
    <p class='ocr_par' dir='ltr' id='par_1_68' title="bbox 1786 3434 3365 3506">
     <span class='ocr_line' id='line_1_68' title="bbox 1786 3434 3365 3506; baseline -0.001 -17"><span class='ocrx_word' id='word_1_499' title='bbox 1786 3436 1889 3489; x_wconf 92' lang='lat' dir='ltr'><strong>lem</strong></span> <span class='ocrx_word' id='word_1_500' title='bbox 1924 3445 1950 3471; x_wconf 68' lang='grc'><strong><em>⁸</em></strong></span> <span class='ocrx_word' id='word_1_501' title='bbox 1999 3450 2057 3490; x_wconf 91' lang='lat' dir='ltr'><strong>se</strong></span> <span class='ocrx_word' id='word_1_502' title='bbox 2088 3436 2265 3505; x_wconf 89' lang='lat' dir='ltr'><strong>ipsum</strong></span> <span class='ocrx_word' id='word_1_503' title='bbox 2320 3434 2632 3503; x_wconf 79' lang='lat' dir='ltr'><strong>appellavit.</strong></span> <span class='ocrx_word' id='word_1_504' title='bbox 2676 3434 2743 3488; x_wconf 87' lang='lat' dir='ltr'><strong>Et</strong></span> <span class='ocrx_word' id='word_1_505' title='bbox 2811 3436 2902 3489; x_wconf 92' lang='lat' dir='ltr'><strong>hic</strong></span> <span class='ocrx_word' id='word_1_506' title='bbox 2966 3436 3130 3506; x_wconf 88' lang='lat' dir='ltr'><strong>igitur</strong></span> <span class='ocrx_word' id='word_1_507' title='bbox 3176 3449 3365 3489; x_wconf 86' lang='lat' dir='ltr'><strong>omnes</strong></span> 
     </span>
    </p>
   </div>
   <div class='ocr_carea' id='block_1_69' title="bbox 136 3524 1674 3600">
    <p class='ocr_par' dir='ltr' id='par_1_69' title="bbox 136 3524 1674 3597">
     <span class='ocr_line' id='line_1_69' title="bbox 136 3524 1674 3597; baseline -0.001 -19"><span class='ocrx_word' id='word_1_508' title='bbox 136 3525 235 3597; x_wconf 82' lang='grc' dir='ltr'>κιὴλ</span> <span class='ocrx_word' id='word_1_509' title='bbox 259 3527 477 3579; x_wconf 74' lang='grc' dir='ltr'>ἐκάλεσε</span> <span class='ocrx_word' id='word_1_510' title='bbox 508 3528 602 3580; x_wconf 83' lang='grc' dir='ltr'>τοῦ</span> <span class='ocrx_word' id='word_1_511' title='bbox 627 3527 927 3596; x_wconf 81' lang='grc' dir='ltr'>προφήτου.</span> <span class='ocrx_word' id='word_1_512' title='bbox 955 3524 1251 3578; x_wconf 80' lang='grc' dir='ltr'>Κάνταῦθα</span> <span class='ocrx_word' id='word_1_513' title='bbox 1279 3524 1461 3576; x_wconf 86' lang='grc' dir='ltr'>τοίνυν</span> <span class='ocrx_word' id='word_1_514' title='bbox 1505 3525 1674 3577; x_wconf 83' lang='grc' dir='ltr'>ᾶπαν-</span> 
     </span>
    </p>
   </div>
   <div class='ocr_carea' id='block_1_70' title="bbox 1782 3524 3359 3600">
    <p class='ocr_par' dir='ltr' id='par_1_70' title="bbox 1785 3526 3359 3600">
     <span class='ocr_line' id='line_1_70' title="bbox 1785 3526 3359 3600; baseline -0.003 -17"><span class='ocrx_word' id='word_1_515' title='bbox 1785 3531 1877 3600; x_wconf 89' lang='lat' dir='ltr'><strong>qui</strong></span> <span class='ocrx_word' id='word_1_516' title='bbox 1925 3529 2150 3584; x_wconf 89' lang='lat' dir='ltr'><strong>salutari</strong></span> <span class='ocrx_word' id='word_1_517' title='bbox 2184 3529 2308 3583; x_wconf 92' lang='lat' dir='ltr'><strong>cibo</strong></span> <span class='ocrx_word' id='word_1_518' title='bbox 2363 3528 2519 3598; x_wconf 89' lang='lat' dir='ltr'><strong>potiti</strong></span> <span class='ocrx_word' id='word_1_519' title='bbox 2550 3539 2697 3593; x_wconf 88' lang='lat' dir='ltr'><strong>sunt,</strong></span> <span class='ocrx_word' id='word_1_520' title='bbox 2732 3528 3064 3593; x_wconf 75' lang='lat' dir='ltr'><strong>exclamant,</strong></span> <span class='ocrx_word' id='word_1_521' title='bbox 3109 3546 3127 3577; x_wconf 78' lang='grc' dir='ltr'><strong>ι</strong></span> <span class='ocrx_word' id='word_1_522' title='bbox 3175 3526 3359 3580; x_wconf 86' lang='lat' dir='ltr'><strong>Domi-</strong></span> 
     </span>
    </p>
   </div>
   <div class='ocr_carea' id='block_1_71' title="bbox 136 3614 1674 3690">
    <p class='ocr_par' dir='ltr' id='par_1_71' title="bbox 136 3614 1674 3687">
     <span class='ocr_line' id='line_1_71' title="bbox 136 3614 1674 3687; baseline -0.001 -19"><span class='ocrx_word' id='word_1_523' title='bbox 136 3634 205 3679; x_wconf 82' lang='grc' dir='ltr'><strong>τες</strong></span> <span class='ocrx_word' id='word_1_524' title='bbox 228 3619 269 3669; x_wconf 88' lang='grc' dir='ltr'><strong>οί</strong></span> <span class='ocrx_word' id='word_1_525' title='bbox 296 3618 390 3687; x_wconf 79' lang='grc' dir='ltr'>τῆς</span> <span class='ocrx_word' id='word_1_526' title='bbox 447 3618 733 3686; x_wconf 79' lang='grc' dir='ltr'>σωτηρίου</span> <span class='ocrx_word' id='word_1_527' title='bbox 776 3616 983 3687; x_wconf 72' lang='grc' dir='ltr'>τροφῆς</span> <span class='ocrx_word' id='word_1_528' title='bbox 1029 3614 1437 3677; x_wconf 81' lang='grc' dir='ltr'>ἀπολαύσαντες</span> <span class='ocrx_word' id='word_1_529' title='bbox 1493 3614 1674 3683; x_wconf 77' lang='grc' dir='ltr'>βοῶσι⁴</span> 
     </span>
    </p>
   </div>
   <div class='ocr_carea' id='block_1_72' title="bbox 1782 3614 3362 3690">
    <p class='ocr_par' dir='ltr' id='par_1_72' title="bbox 1790 3619 3362 3690">
     <span class='ocr_line' id='line_1_72' title="bbox 1790 3619 3362 3690; baseline -0.003 -14"><span class='ocrx_word' id='word_1_530' title='bbox 1790 3639 1892 3677; x_wconf 92' lang='lat' dir='ltr'><strong>nus</strong></span> <span class='ocrx_word' id='word_1_531' title='bbox 1924 3624 2097 3690; x_wconf 83' lang='lat' dir='ltr'><strong>pascit</strong></span> <span class='ocrx_word' id='word_1_532' title='bbox 2128 3639 2235 3685; x_wconf 89' lang='lat' dir='ltr'><strong>me,</strong></span> <span class='ocrx_word' id='word_1_533' title='bbox 2266 3622 2401 3675; x_wconf 91' lang='lat' dir='ltr'><strong>nihil</strong></span> <span class='ocrx_word' id='word_1_534' title='bbox 2436 3621 2570 3675; x_wconf 90' lang='lat' dir='ltr'><strong>mihi</strong></span> <span class='ocrx_word' id='word_1_535' title='bbox 2602 3621 2795 3675; x_wconf 87' lang='lat' dir='ltr'><strong>deerit.</strong></span> <span class='ocrx_word' id='word_1_536' title='bbox 2846 3640 2864 3672; x_wconf 75' lang='grc' dir='ltr'><strong>ι</strong></span> <span class='ocrx_word' id='word_1_537' title='bbox 2904 3619 3037 3673; x_wconf 87' lang='lat' dir='ltr'><strong>Nam</strong></span> <span class='ocrx_word' id='word_1_538' title='bbox 3061 3619 3240 3673; x_wconf 90' lang='lat' dir='ltr'><strong>omnis</strong></span> <span class='ocrx_word' id='word_1_539' title='bbox 3269 3634 3362 3688; x_wconf 89' lang='lat' dir='ltr'><strong>ge-</strong></span> 
     </span>
    </p>
   </div>
   <div class='ocr_carea' id='block_1_73' title="bbox 141 3704 1674 3781">
    <p class='ocr_par' dir='ltr' id='par_1_73' title="bbox 141 3704 1674 3777">
     <span class='ocr_line' id='line_1_73' title="bbox 141 3704 1674 3777; baseline -0.001 -22"><span class='ocrx_word' id='word_1_540' title='bbox 141 3723 155 3755; x_wconf 77' lang='grc' dir='ltr'><strong>ι</strong></span> <span class='ocrx_word' id='word_1_541' title='bbox 190 3707 373 3777; x_wconf 82' lang='grc' dir='ltr'>Κύριος</span> <span class='ocrx_word' id='word_1_542' title='bbox 419 3706 713 3776; x_wconf 82' lang='grc' dir='ltr'>ποιμαίνει</span> <span class='ocrx_word' id='word_1_543' title='bbox 736 3722 825 3775; x_wconf 84' lang='grc' dir='ltr'>με,</span> <span class='ocrx_word' id='word_1_544' title='bbox 863 3706 957 3758; x_wconf 61' lang='grc' dir='ltr'><strong>κα)⁵</strong></span> <span class='ocrx_word' id='word_1_545' title='bbox 1008 3706 1163 3757; x_wconf 76' lang='grc' dir='ltr'>οὐδέν</span> <span class='ocrx_word' id='word_1_546' title='bbox 1195 3722 1262 3775; x_wconf 89' lang='grc' dir='ltr'><strong>με</strong></span> <span class='ocrx_word' id='word_1_547' title='bbox 1292 3704 1603 3773; x_wconf 74' lang='grc' dir='ltr'>ὑστερήσει.</span> <span class='ocrx_word' id='word_1_548' title='bbox 1658 3722 1674 3754; x_wconf 80' lang='grc' dir='ltr'><strong>ι</strong></span> 
     </span>
    </p>
   </div>
   <div class='ocr_carea' id='block_1_74' title="bbox 1782 3704 3364 3781">
    <p class='ocr_par' dir='ltr' id='par_1_74' title="bbox 1791 3709 3364 3781">
     <span class='ocr_line' id='line_1_74' title="bbox 1791 3709 3364 3781; baseline -0.006 -14"><span class='ocrx_word' id='word_1_549' title='bbox 1791 3715 1938 3768; x_wconf 91' lang='lat' dir='ltr'><strong>neris</strong></span> <span class='ocrx_word' id='word_1_550' title='bbox 1974 3715 2243 3767; x_wconf 87' lang='lat' dir='ltr'><strong>bonorum</strong></span> <span class='ocrx_word' id='word_1_551' title='bbox 2282 3714 2523 3767; x_wconf 80' lang='lat' dir='ltr'><strong>fructum</strong></span> <span class='ocrx_word' id='word_1_552' title='bbox 2576 3713 2665 3767; x_wconf 90' lang='lat' dir='ltr'><strong>hic</strong></span> <span class='ocrx_word' id='word_1_553' title='bbox 2708 3722 2897 3781; x_wconf 87' lang='lat' dir='ltr'><strong>pastor</strong></span> <span class='ocrx_word' id='word_1_554' title='bbox 2938 3712 3005 3766; x_wconf 91' lang='lat' dir='ltr'><strong>iis</strong></span> <span class='ocrx_word' id='word_1_555' title='bbox 3030 3713 3123 3780; x_wconf 90' lang='lat' dir='ltr'><strong>qui</strong></span> <span class='ocrx_word' id='word_1_556' title='bbox 3177 3709 3244 3762; x_wconf 95' lang='lat' dir='ltr'><strong>ab</strong></span> <span class='ocrx_word' id='word_1_557' title='bbox 3300 3726 3364 3764; x_wconf 81' lang='lat' dir='ltr'><strong>eo</strong></span> 
     </span>
    </p>
   </div>
   <div class='ocr_carea' id='block_1_75' title="bbox 139 3789 1674 3876">
    <p class='ocr_par' dir='ltr' id='par_1_75' title="bbox 139 3789 1674 3869">
     <span class='ocr_line' id='line_1_75' title="bbox 139 3789 1674 3869; baseline -0.001 -19"><span class='ocrx_word' id='word_1_558' title='bbox 139 3796 456 3869; x_wconf 75' lang='grc' dir='ltr'>Παντοδαπὴν</span> <span class='ocrx_word' id='word_1_559' title='bbox 497 3798 609 3868; x_wconf 79' lang='grc' dir='ltr'><strong>γὰρ</strong></span> <span class='ocrx_word' id='word_1_560' title='bbox 636 3798 935 3852; x_wconf 83' lang='grc' dir='ltr'>ἀπόλαυσιν</span> <span class='ocrx_word' id='word_1_561' title='bbox 962 3798 1185 3865; x_wconf 82' lang='grc' dir='ltr'>ἀγαθῶν</span> <span class='ocrx_word' id='word_1_562' title='bbox 1218 3800 1247 3850; x_wconf 90' lang='grc' dir='ltr'><strong>ό</strong></span> <span class='ocrx_word' id='word_1_563' title='bbox 1292 3795 1496 3865; x_wconf 79' lang='grc' dir='ltr'>ποιμὴν</span> <span class='ocrx_word' id='word_1_564' title='bbox 1530 3789 1674 3859; x_wconf 71' lang='grc' dir='ltr'>οὗτος</span> 
     </span>
    </p>
   </div>
   <div class='ocr_carea' id='block_1_76' title="bbox 1782 3789 2364 3876">
    <p class='ocr_par' dir='ltr' id='par_1_76' title="bbox 1790 3806 2364 3876">
     <span class='ocr_line' id='line_1_76' title="bbox 1790 3806 2364 3876; baseline 0 -17"><span class='ocrx_word' id='word_1_565' title='bbox 1790 3815 2090 3876; x_wconf 89' lang='lat' dir='ltr'><strong>pascuntur</strong></span> <span class='ocrx_word' id='word_1_566' title='bbox 2116 3806 2364 3876; x_wconf 85' lang='lat' dir='ltr'><strong>largitur.</strong></span> 
     </span>
    </p>
   </div>
   <div class='ocr_carea' id='block_1_77' title="bbox 137 3887 1357 3959">
    <p class='ocr_par' dir='ltr' id='par_1_77' title="bbox 137 3887 1357 3959">
     <span class='ocr_line' id='line_1_77' title="bbox 137 3887 1357 3959; baseline 0.002 -20"><span class='ocrx_word' id='word_1_567' title='bbox 137 3888 223 3948; x_wconf 79' lang='grc' dir='ltr'>τοῖς</span> <span class='ocrx_word' id='word_1_568' title='bbox 249 3887 333 3940; x_wconf 80' lang='grc' dir='ltr'><strong>ὐπ’</strong></span> <span class='ocrx_word' id='word_1_569' title='bbox 362 3887 541 3939; x_wconf 75' lang='grc' dir='ltr'>αὐτοῦ</span> <span class='ocrx_word' id='word_1_570' title='bbox 580 3887 1028 3957; x_wconf 83' lang='grc' dir='ltr'>ποιμαινομένοις</span> <span class='ocrx_word' id='word_1_571' title='bbox 1050 3887 1357 3959; x_wconf 74' lang='grc' dir='ltr'>χαρίζεται.</span> 
     </span>
    </p>
   </div>
   <div class='ocr_carea' id='block_1_78' title="bbox 194 3977 1674 4055">
    <p class='ocr_par' dir='ltr' id='par_1_78' title="bbox 194 3977 1674 4055">
     <span class='ocr_line' id='line_1_78' title="bbox 194 3977 1674 4055; baseline 0.003 -22"><span class='ocrx_word' id='word_1_572' title='bbox 194 3977 248 4048; x_wconf 87' lang='grc' dir='ltr'><strong>β’.</strong></span> <span class='ocrx_word' id='word_1_573' title='bbox 283 3999 299 4031; x_wconf 76' lang='grc' dir='ltr'><strong>ι</strong></span> <span class='ocrx_word' id='word_1_574' title='bbox 339 3983 430 4044; x_wconf 78' lang='lat' dir='ltr'><strong>El;</strong></span> <span class='ocrx_word' id='word_1_575' title='bbox 462 3982 639 4033; x_wconf 83' lang='grc' dir='ltr'>τόπον</span> <span class='ocrx_word' id='word_1_576' title='bbox 696 3980 883 4050; x_wconf 82' lang='grc' dir='ltr'>χλόης,</span> <span class='ocrx_word' id='word_1_577' title='bbox 918 3982 1034 4034; x_wconf 80' lang='grc' dir='ltr'>ἐκεῖ</span> <span class='ocrx_word' id='word_1_578' title='bbox 1072 4000 1137 4051; x_wconf 85' lang='grc' dir='ltr'><strong>με</strong></span> <span class='ocrx_word' id='word_1_579' title='bbox 1175 3987 1618 4055; x_wconf 86' lang='grc' dir='ltr'>κατεσκήνωσεν.</span> <span class='ocrx_word' id='word_1_580' title='bbox 1660 4005 1674 4038; x_wconf 93' lang='lat' dir='ltr'><strong>l</strong></span> 
     </span>
    </p>
   </div>
   <div class='ocr_carea' id='block_1_79' title="bbox 1782 3977 3357 4055">
    <p class='ocr_par' dir='ltr' id='par_1_79' title="bbox 1870 3980 3357 4054">
     <span class='ocr_line' id='line_1_79' title="bbox 1870 3980 3357 4054; baseline -0.005 -17"><span class='ocrx_word' id='word_1_581' title='bbox 1870 3983 2109 4043; x_wconf 48' lang='grc' dir='ltr'>νείκεε.</span> <span class='ocrx_word' id='word_1_582' title='bbox 2151 4006 2169 4037; x_wconf 78' lang='grc' dir='ltr'><strong>ι</strong></span> <span class='ocrx_word' id='word_1_583' title='bbox 2216 3983 2273 4039; x_wconf 87' lang='grc' dir='ltr'><strong>1η</strong></span> <span class='ocrx_word' id='word_1_584' title='bbox 2305 3986 2427 4042; x_wconf 91' lang='lat' dir='ltr'><strong>loco</strong></span> <span class='ocrx_word' id='word_1_585' title='bbox 2479 3984 2666 4054; x_wconf 92' lang='lat' dir='ltr'><strong>pascui</strong></span> <span class='ocrx_word' id='word_1_586' title='bbox 2717 3982 2789 4037; x_wconf 90' lang='lat' dir='ltr'><strong>ibi</strong></span> <span class='ocrx_word' id='word_1_587' title='bbox 2843 3998 2930 4035; x_wconf 90' lang='lat' dir='ltr'><strong>me</strong></span> <span class='ocrx_word' id='word_1_588' title='bbox 2997 3980 3357 4035; x_wconf 64' lang='lat' dir='ltr'><strong>collocavit.»</strong></span> 
     </span>
    </p>
   </div>
   <div class='ocr_carea' id='block_1_80' title="bbox 149 4072 1674 4149">
    <p class='ocr_par' dir='ltr' id='par_1_80' title="bbox 149 4072 1674 4149">
     <span class='ocr_line' id='line_1_80' title="bbox 149 4072 1674 4149; baseline 0.003 -24"><span class='ocrx_word' id='word_1_589' title='bbox 149 4072 334 4144; x_wconf 57' lang='grc' dir='ltr'>Ἐπειδὴ</span> <span class='ocrx_word' id='word_1_590' title='bbox 383 4074 631 4143; x_wconf 81' lang='grc' dir='ltr'>ποιμένα</span> <span class='ocrx_word' id='word_1_591' title='bbox 690 4073 783 4125; x_wconf 83' lang='grc' dir='ltr'><strong>τὸν</strong></span> <span class='ocrx_word' id='word_1_592' title='bbox 832 4073 940 4126; x_wconf 87' lang='grc' dir='ltr'><strong>τῶν</strong></span> <span class='ocrx_word' id='word_1_593' title='bbox 1008 4075 1232 4142; x_wconf 79' lang='grc' dir='ltr'>ἀγαθῶν</span> <span class='ocrx_word' id='word_1_594' title='bbox 1281 4079 1674 4149; x_wconf 81' lang='grc' dir='ltr'>προσηγόρευσε</span> 
     </span>
    </p>
   </div>
   <div class='ocr_carea' id='block_1_81' title="bbox 1782 4072 3363 4149">
    <p class='ocr_par' dir='ltr' id='par_1_81' title="bbox 1794 4072 3363 4147">
     <span class='ocr_line' id='line_1_81' title="bbox 1794 4072 3363 4147; baseline -0.003 -19"><span class='ocrx_word' id='word_1_595' title='bbox 1794 4074 2092 4147; x_wconf 86' lang='lat' dir='ltr'><strong>Postquam</strong></span> <span class='ocrx_word' id='word_1_596' title='bbox 2129 4086 2404 4145; x_wconf 86' lang='lat' dir='ltr'><strong>pastorem</strong></span> <span class='ocrx_word' id='word_1_597' title='bbox 2454 4077 2722 4129; x_wconf 88' lang='lat' dir='ltr'><strong>honorum</strong></span> <span class='ocrx_word' id='word_1_598' title='bbox 2762 4074 3006 4129; x_wconf 89' lang='lat' dir='ltr'><strong>datorem</strong></span> <span class='ocrx_word' id='word_1_599' title='bbox 3047 4072 3363 4141; x_wconf 83' lang='lat' dir='ltr'><strong>appellavit,</strong></span> 
     </span>
    </p>
   </div>
   <div class='ocr_carea' id='block_1_82' title="bbox 140 4164 1674 4239">
    <p class='ocr_par' dir='ltr' id='par_1_82' title="bbox 140 4164 1674 4239">
     <span class='ocr_line' id='line_1_82' title="bbox 140 4164 1674 4239; baseline 0.001 -19"><span class='ocrx_word' id='word_1_600' title='bbox 140 4164 361 4235; x_wconf 77' lang='grc' dir='ltr'>χορηγὸν,</span> <span class='ocrx_word' id='word_1_601' title='bbox 422 4166 660 4229; x_wconf 83' lang='grc' dir='ltr'>εἰκότως</span> <span class='ocrx_word' id='word_1_602' title='bbox 718 4167 813 4218; x_wconf 81' lang='grc' dir='ltr'>καὶ</span> <span class='ocrx_word' id='word_1_603' title='bbox 857 4166 957 4235; x_wconf 84' lang='grc' dir='ltr'><strong>τῆς</strong></span> <span class='ocrx_word' id='word_1_604' title='bbox 1009 4168 1117 4219; x_wconf 87' lang='grc' dir='ltr'><strong>τῶν</strong></span> <span class='ocrx_word' id='word_1_605' title='bbox 1166 4168 1455 4238; x_wconf 78' lang='grc' dir='ltr'>προϐάτων</span> <span class='ocrx_word' id='word_1_606' title='bbox 1486 4171 1674 4239; x_wconf 70' lang='grc' dir='ltr'>τροφῆς</span> 
     </span>
    </p>
   </div>
   <div class='ocr_carea' id='block_1_83' title="bbox 1782 4164 3369 4239">
    <p class='ocr_par' dir='ltr' id='par_1_83' title="bbox 1796 4165 3369 4238">
     <span class='ocr_line' id='line_1_83' title="bbox 1796 4165 3369 4238; baseline -0.004 -16"><span class='ocrx_word' id='word_1_607' title='bbox 1796 4169 1993 4222; x_wconf 89' lang='lat' dir='ltr'><strong>merito</strong></span> <span class='ocrx_word' id='word_1_608' title='bbox 2018 4179 2072 4222; x_wconf 89' lang='lat' dir='ltr'><strong>et</strong></span> <span class='ocrx_word' id='word_1_609' title='bbox 2096 4168 2162 4222; x_wconf 86' lang='lat' dir='ltr'><strong>de</strong></span> <span class='ocrx_word' id='word_1_610' title='bbox 2208 4169 2390 4222; x_wconf 87' lang='lat' dir='ltr'><strong>ovium</strong></span> <span class='ocrx_word' id='word_1_611' title='bbox 2425 4178 2581 4238; x_wconf 90' lang='lat' dir='ltr'><strong>pastu</strong></span> <span class='ocrx_word' id='word_1_612' title='bbox 2614 4184 2678 4224; x_wconf 79' lang='lat' dir='ltr'><strong>ex</strong></span> <span class='ocrx_word' id='word_1_613' title='bbox 2740 4166 3100 4221; x_wconf 89' lang='lat' dir='ltr'><strong>translatione</strong></span> <span class='ocrx_word' id='word_1_614' title='bbox 3138 4165 3369 4218; x_wconf 82' lang='lat' dir='ltr'><strong>tuentiu-</strong></span> 
     </span>
    </p>
   </div>
   <div class='ocr_carea' id='block_1_84' title="bbox 140 4257 1674 4332">
    <p class='ocr_par' dir='ltr' id='par_1_84' title="bbox 140 4258 1674 4332">
     <span class='ocr_line' id='line_1_84' title="bbox 140 4258 1674 4332; baseline 0.005 -27"><span class='ocrx_word' id='word_1_615' title='bbox 140 4260 384 4325; x_wconf 84' lang='grc' dir='ltr'>τροπικῶς</span> <span class='ocrx_word' id='word_1_616' title='bbox 409 4261 556 4330; x_wconf 80' lang='grc' dir='ltr'>ὲμνη</span> <span class='ocrx_word' id='word_1_617' title='bbox 569 4261 820 4329; x_wconf 86' lang='grc' dir='ltr'>μόνευσε,</span> <span class='ocrx_word' id='word_1_618' title='bbox 854 4260 1060 4327; x_wconf 77' lang='grc' dir='ltr'>Χλόην</span> <span class='ocrx_word' id='word_1_619' title='bbox 1076 4260 1131 4312; x_wconf 82' lang='grc' dir='ltr'>δὲ</span> <span class='ocrx_word' id='word_1_620' title='bbox 1154 4258 1389 4313; x_wconf 72' lang='grc' dir='ltr'>ἐνταῦθα</span> <span class='ocrx_word' id='word_1_621' title='bbox 1409 4262 1507 4330; x_wconf 81' lang='grc' dir='ltr'>τὴν</span> <span class='ocrx_word' id='word_1_622' title='bbox 1539 4261 1674 4332; x_wconf 72' lang='grc' dir='ltr'>ἱερὰι</span> 
     </span>
    </p>
   </div>
   <div class='ocr_carea' id='block_1_85' title="bbox 1782 4257 3369 4332">
    <p class='ocr_par' dir='ltr' id='par_1_85' title="bbox 1798 4257 3369 4314">
     <span class='ocr_line' id='line_1_85' title="bbox 1798 4257 3369 4314; baseline -0.004 -1"><span class='ocrx_word' id='word_1_623' title='bbox 1798 4275 1919 4314; x_wconf 91' lang='lat' dir='ltr'><strong>nem</strong></span> <span class='ocrx_word' id='word_1_624' title='bbox 1950 4258 2097 4312; x_wconf 81' lang='lat' dir='ltr'><strong>fecit.</strong></span> <span class='ocrx_word' id='word_1_625' title='bbox 2155 4259 2418 4313; x_wconf 78' lang='lat' dir='ltr'><strong>l’ascuum</strong></span> <span class='ocrx_word' id='word_1_626' title='bbox 2456 4270 2633 4314; x_wconf 89' lang='lat' dir='ltr'><strong>autem</strong></span> <span class='ocrx_word' id='word_1_627' title='bbox 2668 4260 2769 4313; x_wconf 87' lang='lat' dir='ltr'><strong>hoc</strong></span> <span class='ocrx_word' id='word_1_628' title='bbox 2802 4259 2854 4312; x_wconf 94' lang='lat' dir='ltr'><strong>in</strong></span> <span class='ocrx_word' id='word_1_629' title='bbox 2901 4257 3023 4312; x_wconf 85' lang='lat' dir='ltr'><strong>loco</strong></span> <span class='ocrx_word' id='word_1_630' title='bbox 3050 4271 3259 4311; x_wconf 88' lang='lat' dir='ltr'><strong>sacram</strong></span> <span class='ocrx_word' id='word_1_631' title='bbox 3293 4257 3369 4309; x_wconf 84' lang='lat' dir='ltr'><strong>di-</strong></span> 
     </span>
    </p>
   </div>
   <div class='ocr_carea' id='block_1_86' title="bbox 142 4347 1674 4423">
    <p class='ocr_par' dir='ltr' id='par_1_86' title="bbox 142 4347 1674 4423">
     <span class='ocr_line' id='line_1_86' title="bbox 142 4347 1674 4423; baseline 0.005 -25"><span class='ocrx_word' id='word_1_632' title='bbox 142 4347 229 4400; x_wconf 81' lang='grc' dir='ltr'><strong>τῶν</strong></span> <span class='ocrx_word' id='word_1_633' title='bbox 253 4349 405 4403; x_wconf 89' lang='grc' dir='ltr'>θείων</span> <span class='ocrx_word' id='word_1_634' title='bbox 440 4350 645 4418; x_wconf 80' lang='grc' dir='ltr'>λογίων</span> <span class='ocrx_word' id='word_1_635' title='bbox 682 4350 1039 4403; x_wconf 86' lang='grc' dir='ltr'>διδασκαλίαν</span> <span class='ocrx_word' id='word_1_636' title='bbox 1070 4350 1246 4407; x_wconf 84' lang='grc' dir='ltr'>καλεῖ.</span> <span class='ocrx_word' id='word_1_637' title='bbox 1275 4352 1549 4422; x_wconf 82' lang='grc' dir='ltr'>Πρότερον</span> <span class='ocrx_word' id='word_1_638' title='bbox 1581 4356 1674 4423; x_wconf 59' lang='grc' dir='ltr'><strong>γὰρ</strong></span> 
     </span>
    </p>
   </div>
   <div class='ocr_carea' id='block_1_87' title="bbox 1782 4347 3366 4423">
    <p class='ocr_par' dir='ltr' id='par_1_87' title="bbox 1795 4348 3366 4407">
     <span class='ocr_line' id='line_1_87' title="bbox 1795 4348 3366 4407; baseline -0.001 -4"><span class='ocrx_word' id='word_1_639' title='bbox 1795 4352 2049 4406; x_wconf 86' lang='lat' dir='ltr'><strong>vinorum</strong></span> <span class='ocrx_word' id='word_1_640' title='bbox 2111 4353 2453 4407; x_wconf 87' lang='lat' dir='ltr'><strong>oraculorum</strong></span> <span class='ocrx_word' id='word_1_641' title='bbox 2503 4352 2806 4406; x_wconf 88' lang='lat' dir='ltr'><strong>doctrinam</strong></span> <span class='ocrx_word' id='word_1_642' title='bbox 2842 4356 2856 4370; x_wconf 87' lang='lat'>&#39;</span> <span class='ocrx_word' id='word_1_643' title='bbox 2888 4360 3066 4404; x_wconf 79' lang='lat' dir='ltr'><strong>vocat.</strong></span> <span class='ocrx_word' id='word_1_644' title='bbox 3122 4348 3366 4402; x_wconf 86' lang='lat' dir='ltr'><strong>Primum</strong></span> 
     </span>
    </p>
   </div>
   <div class='ocr_carea' id='block_1_88' title="bbox 142 4416 1674 4516">
    <p class='ocr_par' dir='ltr' id='par_1_88' title="bbox 142 4416 1674 4516">
     <span class='ocr_line' id='line_1_88' title="bbox 142 4416 1674 4516; baseline 0.002 -22"><span class='ocrx_word' id='word_1_645' title='bbox 142 4440 365 4510; x_wconf 64' lang='grc' dir='ltr'>ἐκτρέφει</span> <span class='ocrx_word' id='word_1_646' title='bbox 403 4416 532 4505; x_wconf 28' lang='grc' dir='ltr'>τοῖς.</span> <span class='ocrx_word' id='word_1_647' title='bbox 577 4442 782 4510; x_wconf 83' lang='grc' dir='ltr'>λόγοις,</span> <span class='ocrx_word' id='word_1_648' title='bbox 812 4444 905 4495; x_wconf 71' lang='grc' dir='ltr'><strong>καλ⁸</strong></span> <span class='ocrx_word' id='word_1_649' title='bbox 946 4443 1067 4495; x_wconf 88' lang='grc' dir='ltr'>τότε</span> <span class='ocrx_word' id='word_1_650' title='bbox 1121 4443 1219 4514; x_wconf 76' lang='grc' dir='ltr'><strong>τὴν</strong></span> <span class='ocrx_word' id='word_1_651' title='bbox 1273 4416 1674 4516; x_wconf 47' lang='grc' dir='ltr'>μυστικωτέραι</span> 
     </span>
    </p>
   </div>
   <div class='ocr_carea' id='block_1_89' title="bbox 1782 4416 3364 4516">
    <p class='ocr_par' dir='ltr' id='par_1_89' title="bbox 1798 4441 3364 4511">
     <span class='ocr_line' id='line_1_89' title="bbox 1798 4441 3364 4511; baseline -0.004 -12"><span class='ocrx_word' id='word_1_652' title='bbox 1798 4445 1945 4499; x_wconf 90' lang='lat' dir='ltr'><strong>enim</strong></span> <span class='ocrx_word' id='word_1_653' title='bbox 1987 4445 2225 4499; x_wconf 83' lang='lat' dir='ltr'><strong>oraculis</strong></span> <span class='ocrx_word' id='word_1_654' title='bbox 2265 4460 2364 4498; x_wconf 87' lang='lat' dir='ltr'><strong>nos</strong></span> <span class='ocrx_word' id='word_1_655' title='bbox 2398 4446 2511 4510; x_wconf 90' lang='lat' dir='ltr'><strong>alit,</strong></span> <span class='ocrx_word' id='word_1_656' title='bbox 2540 4454 2594 4497; x_wconf 92' lang='lat' dir='ltr'><strong>et</strong></span> <span class='ocrx_word' id='word_1_657' title='bbox 2622 4444 2818 4498; x_wconf 84' lang='lat' dir='ltr'><strong>deinde</strong></span> <span class='ocrx_word' id='word_1_658' title='bbox 2847 4443 3017 4511; x_wconf 83' lang='lat' dir='ltr'><strong>magis</strong></span> <span class='ocrx_word' id='word_1_659' title='bbox 3079 4441 3364 4511; x_wconf 81' lang='lat' dir='ltr'><strong>mysticum</strong></span> 
     </span>
    </p>
   </div>
   <div class='ocr_carea' id='block_1_90' title="bbox 143 4534 1674 4607">
    <p class='ocr_par' dir='ltr' id='par_1_90' title="bbox 143 4534 1674 4606">
     <span class='ocr_line' id='line_1_90' title="bbox 143 4534 1674 4606; baseline 0.006 -24"><span class='ocrx_word' id='word_1_660' title='bbox 143 4535 415 4606; x_wconf 74' lang='grc' dir='ltr'>προσφέρει</span> <span class='ocrx_word' id='word_1_661' title='bbox 455 4538 691 4606; x_wconf 72' lang='grc' dir='ltr'>τροφήν.</span> <span class='ocrx_word' id='word_1_662' title='bbox 717 4554 735 4585; x_wconf 73' lang='grc' dir='ltr'><strong>ι</strong></span> <span class='ocrx_word' id='word_1_663' title='bbox 769 4534 891 4587; x_wconf 74' lang='grc' dir='ltr'><strong>Ἐπὶ</strong></span> <span class='ocrx_word' id='word_1_664' title='bbox 914 4535 958 4566; x_wconf 86' lang='grc'>³⁸</span> <span class='ocrx_word' id='word_1_665' title='bbox 983 4535 1176 4600; x_wconf 79' lang='grc' dir='ltr'>ὓδατος</span> <span class='ocrx_word' id='word_1_666' title='bbox 1212 4536 1573 4602; x_wconf 78' lang='grc' dir='ltr'>ἀναπαύσεως</span> <span class='ocrx_word' id='word_1_667' title='bbox 1605 4539 1674 4603; x_wconf 77' lang='grc' dir='ltr'><strong>ἐξ·</strong></span> 
     </span>
    </p>
   </div>
   <div class='ocr_carea' id='block_1_91' title="bbox 1782 4534 3368 4607">
    <p class='ocr_par' dir='ltr' id='par_1_91' title="bbox 1801 4535 3368 4607">
     <span class='ocr_line' id='line_1_91' title="bbox 1801 4535 3368 4607; baseline -0.004 -16"><span class='ocrx_word' id='word_1_668' title='bbox 1801 4537 1957 4592; x_wconf 76' lang='lat' dir='ltr'><strong>allert</strong></span> <span class='ocrx_word' id='word_1_669' title='bbox 1986 4538 2191 4593; x_wconf 88' lang='lat' dir='ltr'><strong>cibum.</strong></span> <span class='ocrx_word' id='word_1_670' title='bbox 2254 4558 2270 4587; x_wconf 84' lang='grc'><strong><em>‹</em></strong></span> <span class='ocrx_word' id='word_1_671' title='bbox 2310 4538 2486 4607; x_wconf 89' lang='lat' dir='ltr'><strong>Super</strong></span> <span class='ocrx_word' id='word_1_672' title='bbox 2520 4553 2716 4607; x_wconf 87' lang='lat' dir='ltr'><strong>aquam</strong></span> <span class='ocrx_word' id='word_1_673' title='bbox 2750 4536 3069 4591; x_wconf 81' lang='lat' dir='ltr'><strong>refectionis</strong></span> <span class='ocrx_word' id='word_1_674' title='bbox 3116 4535 3368 4587; x_wconf 78' lang='lat' dir='ltr'><strong>educavit</strong></span> 
     </span>
    </p>
   </div>
   <div class='ocr_carea' id='block_1_92' title="bbox 144 4624 1674 4700">
    <p class='ocr_par' dir='ltr' id='par_1_92' title="bbox 144 4624 1669 4700">
     <span class='ocr_line' id='line_1_92' title="bbox 144 4624 1669 4700; baseline 0.005 -25"><span class='ocrx_word' id='word_1_675' title='bbox 144 4624 309 4693; x_wconf 75' lang='grc' dir='ltr'>ἐθρεψέ</span> <span class='ocrx_word' id='word_1_676' title='bbox 333 4644 421 4695; x_wconf 90' lang='grc' dir='ltr'><strong>με.</strong></span> <span class='ocrx_word' id='word_1_677' title='bbox 449 4647 469 4679; x_wconf 75' lang='grc' dir='ltr'><strong><em>ι</em></strong></span> <span class='ocrx_word' id='word_1_678' title='bbox 508 4627 583 4679; x_wconf 85' lang='grc' dir='ltr'>Τὸ</span> <span class='ocrx_word' id='word_1_679' title='bbox 611 4629 710 4696; x_wconf 81' lang='grc' dir='ltr'>τῆς</span> <span class='ocrx_word' id='word_1_680' title='bbox 737 4627 1162 4695; x_wconf 80' lang='grc' dir='ltr'>παλιγγενεσίας</span> <span class='ocrx_word' id='word_1_681' title='bbox 1187 4628 1331 4700; x_wconf 77' lang='grc' dir='ltr'>ὕδωρ</span> <span class='ocrx_word' id='word_1_682' title='bbox 1370 4630 1669 4683; x_wconf 85' lang='grc' dir='ltr'>αἰνίττεται</span> 
     </span>
    </p>
   </div>
   <div class='ocr_carea' id='block_1_93' title="bbox 1782 4624 3369 4700">
    <p class='ocr_par' dir='ltr' id='par_1_93' title="bbox 1792 4626 3369 4700">
     <span class='ocr_line' id='line_1_93' title="bbox 1792 4626 3369 4700; baseline -0.004 -15"><span class='ocrx_word' id='word_1_683' title='bbox 1792 4646 1897 4685; x_wconf 89' lang='lat' dir='ltr'><strong>me.</strong></span> <span class='ocrx_word' id='word_1_684' title='bbox 1937 4650 1956 4680; x_wconf 74' lang='grc' dir='ltr'><strong>ι</strong></span> <span class='ocrx_word' id='word_1_685' title='bbox 2012 4628 2460 4700; x_wconf 75' lang='lat' dir='ltr'><strong>Regenerationis</strong></span> <span class='ocrx_word' id='word_1_686' title='bbox 2503 4646 2700 4700; x_wconf 88' lang='lat' dir='ltr'><strong>aquam</strong></span> <span class='ocrx_word' id='word_1_687' title='bbox 2752 4629 2953 4690; x_wconf 88' lang='lat' dir='ltr'><strong>innuit,</strong></span> <span class='ocrx_word' id='word_1_688' title='bbox 3018 4628 3072 4680; x_wconf 90' lang='lat' dir='ltr'><strong>in</strong></span> <span class='ocrx_word' id='word_1_689' title='bbox 3105 4642 3209 4695; x_wconf 86' lang='lat' dir='ltr'><strong>qua</strong></span> <span class='ocrx_word' id='word_1_690' title='bbox 3239 4626 3369 4679; x_wconf 83' lang='lat' dir='ltr'><strong>dum</strong></span> 
     </span>
    </p>
   </div>
   <div class='ocr_carea' id='block_1_94' title="bbox 144 4711 1674 4793">
    <p class='ocr_par' dir='ltr' id='par_1_94' title="bbox 144 4711 1674 4793">
     <span class='ocr_line' id='line_1_94' title="bbox 144 4711 1674 4793; baseline 0.006 -26"><span class='ocrx_word' id='word_1_691' title='bbox 144 4718 189 4768; x_wconf 73' lang='grc' dir='ltr'><strong>ὲν</strong></span> <span class='ocrx_word' id='word_1_692' title='bbox 214 4711 252 4786; x_wconf 82' lang='grc' dir='ltr'><strong>ᾧ</strong></span> <span class='ocrx_word' id='word_1_693' title='bbox 286 4716 687 4791; x_wconf 62' lang='grc' dir='ltr'>βαπτιζόμενος</span> <span class='ocrx_word' id='word_1_694' title='bbox 739 4722 767 4772; x_wconf 88' lang='lat'><strong>6</strong></span> <span class='ocrx_word' id='word_1_695' title='bbox 811 4722 908 4791; x_wconf 80' lang='grc' dir='ltr'>τῆς</span> <span class='ocrx_word' id='word_1_696' title='bbox 944 4722 1168 4793; x_wconf 85' lang='grc' dir='ltr'>χάριτος</span> <span class='ocrx_word' id='word_1_697' title='bbox 1218 4724 1527 4793; x_wconf 78' lang='grc' dir='ltr'>ἐφιέμενος,</span> <span class='ocrx_word' id='word_1_698' title='bbox 1557 4725 1674 4778; x_wconf 86' lang='grc' dir='ltr'>ἁπο-</span> 
     </span>
    </p>
   </div>
   <div class='ocr_carea' id='block_1_95' title="bbox 1782 4711 3371 4793">
    <p class='ocr_par' dir='ltr' id='par_1_95' title="bbox 1793 4716 3371 4788">
     <span class='ocr_line' id='line_1_95' title="bbox 1793 4716 3371 4788; baseline -0.001 -19"><span class='ocrx_word' id='word_1_699' title='bbox 1793 4716 2101 4784; x_wconf 83' lang='lat' dir='ltr'><strong>haptizatur</strong></span> <span class='ocrx_word' id='word_1_700' title='bbox 2122 4717 2216 4786; x_wconf 90' lang='lat' dir='ltr'><strong>qui</strong></span> <span class='ocrx_word' id='word_1_701' title='bbox 2254 4719 2483 4787; x_wconf 89' lang='lat' dir='ltr'><strong>gratiam</strong></span> <span class='ocrx_word' id='word_1_702' title='bbox 2550 4718 2913 4788; x_wconf 90' lang='lat' dir='ltr'><strong>concupiscit,</strong></span> <span class='ocrx_word' id='word_1_703' title='bbox 2941 4724 3221 4771; x_wconf 88' lang='lat' dir='ltr'><strong>senectute</strong></span> <span class='ocrx_word' id='word_1_704' title='bbox 3247 4716 3371 4785; x_wconf 85' lang='lat' dir='ltr'><strong>qui-</strong></span> 
     </span>
    </p>
   </div>
   <div class='ocr_carea' id='block_1_96' title="bbox 144 4800 1674 4883">
    <p class='ocr_par' dir='ltr' id='par_1_96' title="bbox 144 4805 1674 4883">
     <span class='ocr_line' id='line_1_96' title="bbox 144 4805 1674 4883; baseline 0.007 -26"><span class='ocrx_word' id='word_1_705' title='bbox 144 4805 305 4861; x_wconf 80' lang='grc' dir='ltr'>δύεται</span> <span class='ocrx_word' id='word_1_706' title='bbox 343 4811 441 4880; x_wconf 82' lang='grc' dir='ltr'>μὲν</span> <span class='ocrx_word' id='word_1_707' title='bbox 498 4811 561 4864; x_wconf 84' lang='grc' dir='ltr'>τὸ</span> <span class='ocrx_word' id='word_1_708' title='bbox 620 4810 801 4883; x_wconf 83' lang='grc' dir='ltr'>γῆρας</span> <span class='ocrx_word' id='word_1_709' title='bbox 856 4811 955 4883; x_wconf 81' lang='grc' dir='ltr'>τῆς</span> <span class='ocrx_word' id='word_1_710' title='bbox 987 4812 1283 4883; x_wconf 81' lang='grc' dir='ltr'>ἁμαρτίας,</span> <span class='ocrx_word' id='word_1_711' title='bbox 1328 4815 1445 4878; x_wconf 86' lang='grc' dir='ltr'>νέος</span> <span class='ocrx_word' id='word_1_712' title='bbox 1475 4814 1533 4868; x_wconf 75' lang='grc' dir='ltr'>δὲ</span> <span class='ocrx_word' id='word_1_713' title='bbox 1574 4815 1674 4867; x_wconf 80' lang='grc' dir='ltr'><strong>ἀντ</strong></span> 
     </span>
    </p>
   </div>
   <div class='ocr_carea' id='block_1_97' title="bbox 1782 4800 3372 4883">
    <p class='ocr_par' dir='ltr' id='par_1_97' title="bbox 1793 4800 3372 4882">
     <span class='ocr_line' id='line_1_97' title="bbox 1793 4800 3372 4882; baseline 0 -18"><span class='ocrx_word' id='word_1_714' title='bbox 1793 4810 1914 4864; x_wconf 91' lang='lat' dir='ltr'><strong>dem</strong></span> <span class='ocrx_word' id='word_1_715' title='bbox 1947 4814 2153 4880; x_wconf 89' lang='lat' dir='ltr'><strong>peccati</strong></span> <span class='ocrx_word' id='word_1_716' title='bbox 2204 4812 2446 4878; x_wconf 81' lang='lat' dir='ltr'><strong>exuitur,</strong></span> <span class='ocrx_word' id='word_1_717' title='bbox 2483 4800 2698 4882; x_wconf 76' lang='lat' dir='ltr'><strong>juvenis</strong></span> <span class='ocrx_word' id='word_1_718' title='bbox 2785 4826 2914 4866; x_wconf 83' lang='lat' dir='ltr'><strong>vero</strong></span> <span class='ocrx_word' id='word_1_719' title='bbox 2970 4826 3068 4881; x_wconf 91' lang='lat' dir='ltr'><strong>pro</strong></span> <span class='ocrx_word' id='word_1_720' title='bbox 3096 4827 3222 4866; x_wconf 88' lang='lat' dir='ltr'><strong>sene</strong></span> <span class='ocrx_word' id='word_1_721' title='bbox 3261 4813 3372 4865; x_wconf 86' lang='lat' dir='ltr'><strong>clli-</strong></span> 
     </span>
    </p>
   </div>
   <div class='ocr_carea' id='block_1_98' title="bbox 145 4902 1674 4969">
    <p class='ocr_par' dir='ltr' id='par_1_98' title="bbox 145 4902 885 4969">
     <span class='ocr_line' id='line_1_98' title="bbox 145 4902 885 4969; baseline 0.005 -17"><span class='ocrx_word' id='word_1_722' title='bbox 145 4904 494 4969; x_wconf 65' lang='grc' dir='ltr'><strong>⁸ῖεγηριικότος</strong></span> <span class='ocrx_word' id='word_1_723' title='bbox 517 4902 885 4956; x_wconf 83' lang='grc' dir='ltr'>ἀποτελεῖται.</span> 
     </span>
    </p>
   </div>
   <div class='ocr_carea' id='block_1_99' title="bbox 1782 4902 1956 4969">
    <p class='ocr_par' dir='ltr' id='par_1_99' title="bbox 1794 4902 1956 4957">
     <span class='ocr_line' id='line_1_99' title="bbox 1794 4902 1956 4957; baseline -0.006 0"><span class='ocrx_word' id='word_1_724' title='bbox 1794 4902 1956 4957; x_wconf 88' lang='lat' dir='ltr'><strong>citur.</strong></span> 
     </span>
    </p>
   </div>
   <div class='ocr_carea' id='block_1_100' title="bbox 204 5072 1478 5150">
    <p class='ocr_par' dir='ltr' id='par_1_100' title="bbox 204 5072 1478 5150">
     <span class='ocr_line' id='line_1_100' title="bbox 204 5072 1478 5150; baseline 0.004 -22"><span class='ocrx_word' id='word_1_725' title='bbox 204 5084 239 5110; x_wconf 73' lang='grc' dir='ltr'>ιι</span> <span class='ocrx_word' id='word_1_726' title='bbox 268 5072 424 5130; x_wconf 79' lang='lat' dir='ltr'><strong>Joan.</strong></span> <span class='ocrx_word' id='word_1_727' title='bbox 457 5092 514 5143; x_wconf 69' lang='grc' dir='ltr'><strong>ι,</strong></span> <span class='ocrx_word' id='word_1_728' title='bbox 563 5089 637 5139; x_wconf 61' lang='lat' dir='ltr'><strong>se.</strong></span> <span class='ocrx_word' id='word_1_729' title='bbox 716 5086 743 5116; x_wconf 69' lang='grc' dir='ltr'><strong>τι</strong></span> <span class='ocrx_word' id='word_1_730' title='bbox 772 5076 969 5133; x_wconf 86' lang='lat' dir='ltr'><strong>Ezech.</strong></span> <span class='ocrx_word' id='word_1_731' title='bbox 1006 5093 1190 5145; x_wconf 77' lang='lat' dir='ltr'><strong>xxxiv,</strong></span> <span class='ocrx_word' id='word_1_732' title='bbox 1222 5077 1287 5132; x_wconf 80' lang='grc'><strong>10</strong></span> <span class='ocrx_word' id='word_1_733' title='bbox 1324 5093 1478 5150; x_wconf 87' lang='lat' dir='ltr'><strong>seqq.</strong></span> 
     </span>
    </p>
   </div>
   <div class='ocr_carea' id='block_1_101' title="bbox 1221 5235 2275 5297">
    <p class='ocr_par' dir='ltr' id='par_1_101' title="bbox 1221 5235 2275 5297">
     <span class='ocr_line' id='line_1_101' title="bbox 1221 5235 2275 5297; baseline 0.003 -3"><span class='ocrx_word' id='word_1_734' title='bbox 1221 5237 1457 5294; x_wconf 64' lang='grc' dir='ltr'><strong>ΥΑΠΙΑΕ</strong></span> <span class='ocrx_word' id='word_1_735' title='bbox 1494 5235 1877 5292; x_wconf 84' lang='lat' dir='ltr'><strong>LECTIONES</strong></span> <span class='ocrx_word' id='word_1_736' title='bbox 1916 5235 2005 5291; x_wconf 83' lang='lat' dir='ltr'><strong>ET</strong></span> <span class='ocrx_word' id='word_1_737' title='bbox 2044 5237 2275 5297; x_wconf 70' lang='grc' dir='ltr'>ΝΟΤιΕ.</span> 
     </span>
    </p>
   </div>
   <div class='ocr_carea' id='block_1_102' title="bbox 210 5372 1674 5452">
    <p class='ocr_par' dir='ltr' id='par_1_102' title="bbox 210 5372 1674 5452">
     <span class='ocr_line' id='line_1_102' title="bbox 210 5372 1674 5452; baseline -0.003 -23"><span class='ocrx_word' id='word_1_738' title='bbox 210 5374 249 5452; x_wconf 83' lang='lat'><strong>&#39;_&#39;</strong></span> <span class='ocrx_word' id='word_1_739' title='bbox 271 5375 515 5442; x_wconf 80' lang='grc' dir='ltr'>Πάντες.</span> <span class='ocrx_word' id='word_1_740' title='bbox 554 5376 720 5452; x_wconf 64' lang='lat' dir='ltr'><strong>Abest</strong></span> <span class='ocrx_word' id='word_1_741' title='bbox 741 5392 768 5428; x_wconf 86' lang='lat' dir='ltr'><strong>a</strong></span> <span class='ocrx_word' id='word_1_742' title='bbox 801 5375 925 5452; x_wconf 80' lang='lat' dir='ltr'><strong>eod.</strong></span> <span class='ocrx_word' id='word_1_743' title='bbox 966 5376 1019 5452; x_wconf 68' lang='grc'>1.</span> <span class='ocrx_word' id='word_1_744' title='bbox 1080 5374 1126 5452; x_wconf 60' lang='grc' dir='ltr'><strong>ξ’</strong></span> <span class='ocrx_word' id='word_1_745' title='bbox 1148 5372 1674 5452; x_wconf 40' lang='grc' dir='ltr'>οοὰ;-1-πεπλανρημέ</span> 
     </span>
    </p>
   </div>
   <div class='ocr_carea' id='block_1_103' title="bbox 1782 5372 3377 5452">
    <p class='ocr_par' dir='ltr' id='par_1_103' title="bbox 1782 5374 3377 5452">
     <span class='ocr_line' id='line_1_103' title="bbox 1782 5374 3377 5452; baseline 0.006 -27"><span class='ocrx_word' id='word_1_746' title='bbox 1782 5390 1823 5435; x_wconf 90' lang='grc' dir='ltr'><strong>ς.</strong></span> <span class='ocrx_word' id='word_1_747' title='bbox 1844 5374 2429 5452; x_wconf 35' lang='grc' dir='ltr'><strong>ξι-ΛᾲγοιτζΛὶῳςι-ξὶ</strong></span> <span class='ocrx_word' id='word_1_748' title='bbox 2460 5378 2581 5452; x_wconf 81' lang='lat' dir='ltr'><strong>cod.</strong></span> <span class='ocrx_word' id='word_1_749' title='bbox 2618 5379 2670 5452; x_wconf 64' lang='lat' dir='ltr'><strong>l,</strong></span> <span class='ocrx_word' id='word_1_750' title='bbox 2700 5378 2755 5431; x_wconf 74' lang='grc'><strong>2.</strong></span> <span class='ocrx_word' id='word_1_751' title='bbox 2816 5380 2862 5411; x_wconf 79' lang='grc'><strong>²²</strong></span> <span class='ocrx_word' id='word_1_752' title='bbox 2896 5380 3377 5450; x_wconf 68' lang='grc' dir='ltr'>Τοὺς-ἀγῶνας.</span> 
     </span>
    </p>
   </div>
   <div class='ocr_carea' id='block_1_104' title="bbox 154 5444 1674 5517">
    <p class='ocr_par' dir='ltr' id='par_1_104' title="bbox 154 5444 1648 5517">
     <span class='ocr_line' id='line_1_104' title="bbox 154 5444 1648 5517; baseline -0.003 -19"><span class='ocrx_word' id='word_1_753' title='bbox 154 5444 257 5517; x_wconf 46' lang='lat' dir='ltr'><strong>09d;</strong></span> <span class='ocrx_word' id='word_1_754' title='bbox 295 5459 539 5514; x_wconf 88' lang='lat' dir='ltr'><strong>uterque,</strong></span> <span class='ocrx_word' id='word_1_755' title='bbox 572 5445 664 5498; x_wconf 78' lang='grc' dir='ltr'><strong>τοῦ</strong></span> <span class='ocrx_word' id='word_1_756' title='bbox 698 5448 964 5517; x_wconf 89' lang='grc' dir='ltr'>παρόντος</span> <span class='ocrx_word' id='word_1_757' title='bbox 996 5445 1227 5513; x_wconf 85' lang='grc' dir='ltr'>ἀγῶνος.</span> <span class='ocrx_word' id='word_1_758' title='bbox 1257 5445 1302 5474; x_wconf 80' lang='grc'><strong>’³</strong></span> <span class='ocrx_word' id='word_1_759' title='bbox 1330 5444 1648 5517; x_wconf 30' lang='lat' dir='ltr'><strong>meror.</strong></span> 
     </span>
    </p>
   </div>
   <div class='ocr_carea' id='block_1_105' title="bbox 1782 5444 3370 5517">
    <p class='ocr_par' dir='ltr' id='par_1_105' title="bbox 1793 5444 3370 5517">
     <span class='ocr_line' id='line_1_105' title="bbox 1793 5444 3370 5517; baseline 0.006 -22"><span class='ocrx_word' id='word_1_760' title='bbox 1908 5446 1999 5497; x_wconf 81' lang='grc' dir='ltr'>ἐπί</span> <span class='ocrx_word' id='word_1_761' title='bbox 2020 5444 2089 5498; x_wconf 86' lang='grc' dir='ltr'><strong>τε</strong></span> <span class='ocrx_word' id='word_1_762' title='bbox 2121 5447 2250 5500; x_wconf 89' lang='grc' dir='ltr'>τῶν.</span> <span class='ocrx_word' id='word_1_763' title='bbox 2279 5448 2325 5479; x_wconf 59' lang='grc'><strong>³³</strong></span> <span class='ocrx_word' id='word_1_764' title='bbox 2351 5450 2453 5511; x_wconf 78' lang='grc' dir='ltr'><strong>Εἰς</strong></span> <span class='ocrx_word' id='word_1_765' title='bbox 2495 5448 2559 5499; x_wconf 80' lang='grc' dir='ltr'>τὸ</span> <span class='ocrx_word' id='word_1_766' title='bbox 2593 5448 2783 5514; x_wconf 79' lang='grc' dir='ltr'>τέλος.</span> <span class='ocrx_word' id='word_1_767' title='bbox 2817 5453 2983 5503; x_wconf 84' lang='lat' dir='ltr'><strong>Abest</strong></span> <span class='ocrx_word' id='word_1_768' title='bbox 3010 5468 3037 5503; x_wconf 85' lang='lat' dir='ltr'><strong>a</strong></span> <span class='ocrx_word' id='word_1_769' title='bbox 3080 5444 3198 5503; x_wconf 81' lang='lat' dir='ltr'><strong>emi.</strong></span> <span class='ocrx_word' id='word_1_770' title='bbox 3243 5456 3289 5514; x_wconf 86' lang='lat' dir='ltr'><strong>l,</strong></span> <span class='ocrx_word' id='word_1_771' title='bbox 3317 5444 3370 5505; x_wconf 64' lang='grc' dir='ltr'>εξ.</span> 
     </span>
    </p>
   </div>
   <div class='ocr_carea' id='block_1_106' title="bbox 156 5512 3383 5587">
    <p class='ocr_par' dir='ltr' id='par_1_106' title="bbox 156 5512 3383 5587">
     <span class='ocr_line' id='line_1_106' title="bbox 156 5512 3383 5587; baseline 0.002 -19"><span class='ocrx_word' id='word_1_772' title='bbox 156 5513 192 5541; x_wconf 83' lang='grc'><strong>’⁸</strong></span> <span class='ocrx_word' id='word_1_773' title='bbox 214 5512 258 5587; x_wconf 83' lang='lat' dir='ltr'><strong>_E</strong></span> <span class='ocrx_word' id='word_1_774' title='bbox 281 5517 398 5571; x_wconf 85' lang='lat' dir='ltr'><strong>cod.</strong></span> <span class='ocrx_word' id='word_1_775' title='bbox 426 5512 605 5587; x_wconf 68' lang='lat' dir='ltr'><strong>Suppl.</strong></span> <span class='ocrx_word' id='word_1_776' title='bbox 636 5512 837 5587; x_wconf 48' lang='lat' dir='ltr'><strong>eam&quot;</strong></span> <span class='ocrx_word' id='word_1_777' title='bbox 874 5516 986 5570; x_wconf 79' lang='lat' dir='ltr'><strong>fere</strong></span> <span class='ocrx_word' id='word_1_778' title='bbox 1021 5512 1149 5569; x_wconf 89' lang='lat' dir='ltr'><strong>sunt</strong></span> <span class='ocrx_word' id='word_1_779' title='bbox 1200 5530 1322 5582; x_wconf 74' lang='lat' dir='ltr'><strong>quze</strong></span> <span class='ocrx_word' id='word_1_780' title='bbox 1351 5514 1516 5587; x_wconf 78' lang='lat' dir='ltr'><strong>Gord.</strong></span> <span class='ocrx_word' id='word_1_781' title='bbox 1552 5524 1593 5569; x_wconf 85' lang='lat' dir='ltr'><strong>t.</strong></span> <span class='ocrx_word' id='word_1_782' title='bbox 1623 5515 1664 5572; x_wconf 87' lang='lat' dir='ltr'><strong>l.</strong></span> <span class='ocrx_word' id='word_1_783' title='bbox 1696 5529 1747 5587; x_wconf 90' lang='lat' dir='ltr'><strong>p.</strong></span> <span class='ocrx_word' id='word_1_784' title='bbox 1778 5514 1903 5573; x_wconf 71' lang='lat' dir='ltr'><strong>M2,</strong></span> <span class='ocrx_word' id='word_1_785' title='bbox 1936 5523 1990 5569; x_wconf 91' lang='lat' dir='ltr'><strong>et</strong></span> <span class='ocrx_word' id='word_1_786' title='bbox 2028 5519 2129 5587; x_wconf 85' lang='lat' dir='ltr'><strong>sub</strong></span> <span class='ocrx_word' id='word_1_787' title='bbox 2163 5520 2271 5571; x_wconf 88' lang='lat' dir='ltr'><strong>alio</strong></span> <span class='ocrx_word' id='word_1_788' title='bbox 2301 5520 2519 5571; x_wconf 90' lang='lat' dir='ltr'><strong>nomine</strong></span> <span class='ocrx_word' id='word_1_789' title='bbox 2553 5535 2604 5587; x_wconf 89' lang='lat' dir='ltr'><strong>p.</strong></span> <span class='ocrx_word' id='word_1_790' title='bbox 2634 5512 2752 5573; x_wconf 20' lang='lat'><strong>“87</strong></span> <span class='ocrx_word' id='word_1_791' title='bbox 2774 5522 3015 5575; x_wconf 77' lang='lat' dir='ltr'><strong>exhibet.</strong></span> <span class='ocrx_word' id='word_1_792' title='bbox 3107 5523 3151 5553; x_wconf 71' lang='grc'><strong>’⁸</strong></span> <span class='ocrx_word' id='word_1_793' title='bbox 3182 5512 3383 5575; x_wconf 67' lang='grc' dir='ltr'><strong>Ταῦτα⁹</strong></span> 
     </span>
    </p>
   </div>
   <div class='ocr_carea' id='block_1_107' title="bbox 160 5581 3377 5661">
    <p class='ocr_par' dir='ltr' id='par_1_107' title="bbox 160 5581 3377 5661">
     <span class='ocr_line' id='line_1_107' title="bbox 160 5581 3377 5661; baseline 0.004 -28"><span class='ocrx_word' id='word_1_794' title='bbox 160 5582 260 5661; x_wconf 59' lang='grc' dir='ltr'>τοῖς</span> <span class='ocrx_word' id='word_1_795' title='bbox 288 5581 671 5661; x_wconf 56' lang='grc' dir='ltr'>προερμξέοάέ</span> <span class='ocrx_word' id='word_1_796' title='bbox 696 5586 731 5639; x_wconf 67' lang='lat'><strong>9-</strong></span> <span class='ocrx_word' id='word_1_797' title='bbox 753 5581 906 5661; x_wconf 55' lang='grc' dir='ltr'><strong>οὗῖος</strong></span> <span class='ocrx_word' id='word_1_798' title='bbox 924 5588 1007 5661; x_wconf 84' lang='grc' dir='ltr'>τῷ</span> <span class='ocrx_word' id='word_1_799' title='bbox 1034 5581 1548 5661; x_wconf 25' lang='grc' dir='ltr'>προερμηνευᾳθέντι.</span> <span class='ocrx_word' id='word_1_800' title='bbox 1625 5587 1667 5661; x_wconf 64' lang='grc' dir='ltr'><strong>ξτ</strong></span> <span class='ocrx_word' id='word_1_801' title='bbox 1697 5586 2284 5661; x_wconf 62' lang='grc' dir='ltr'><strong>Ἐμίτλησθήσσντω.</strong></span> <span class='ocrx_word' id='word_1_802' title='bbox 2315 5589 2437 5641; x_wconf 75' lang='lat' dir='ltr'><strong>end.</strong></span> <span class='ocrx_word' id='word_1_803' title='bbox 2472 5590 2490 5640; x_wconf 84' lang='grc'>1</span> <span class='ocrx_word' id='word_1_804' title='bbox 2530 5581 3013 5661; x_wconf 74' lang='grc' dir='ltr'>εὐφρανθήσονται.</span> <span class='ocrx_word' id='word_1_805' title='bbox 3104 5593 3148 5623; x_wconf 78' lang='grc'><strong>’⁸</strong></span> <span class='ocrx_word' id='word_1_806' title='bbox 3182 5596 3377 5658; x_wconf 58' lang='grc' dir='ltr'>Προσα</span> 
     </span>
    </p>
   </div>
   <div class='ocr_carea' id='block_1_108' title="bbox 153 5654 1674 5730">
    <p class='ocr_par' dir='ltr' id='par_1_108' title="bbox 153 5654 1669 5725">
     <span class='ocr_line' id='line_1_108' title="bbox 153 5654 1669 5725; baseline 0 -19"><span class='ocrx_word' id='word_1_807' title='bbox 153 5654 621 5721; x_wconf 59' lang='grc' dir='ltr'>εκύνησακζϐοιι.</span> <span class='ocrx_word' id='word_1_808' title='bbox 655 5660 678 5711; x_wconf 81' lang='grc'><strong>1</strong></span> <span class='ocrx_word' id='word_1_809' title='bbox 717 5667 769 5711; x_wconf 86' lang='lat' dir='ltr'><strong>et</strong></span> <span class='ocrx_word' id='word_1_810' title='bbox 799 5657 835 5709; x_wconf 76' lang='lat'><strong>‘2</strong></span> <span class='ocrx_word' id='word_1_811' title='bbox 867 5654 1070 5711; x_wconf 83' lang='lat' dir='ltr'><strong>addunt</strong></span> <span class='ocrx_word' id='word_1_812' title='bbox 1107 5656 1271 5725; x_wconf 76' lang='grc' dir='ltr'>αὐτῷ.</span> <span class='ocrx_word' id='word_1_813' title='bbox 1370 5654 1412 5685; x_wconf 78' lang='grc'><strong>²⁹</strong></span> <span class='ocrx_word' id='word_1_814' title='bbox 1441 5655 1669 5707; x_wconf 79' lang='grc' dir='ltr'>Δεσπότ</span> 
     </span>
    </p>
   </div>
   <div class='ocr_carea' id='block_1_109' title="bbox 1782 5654 3381 5730">
    <p class='ocr_par' dir='ltr' id='par_1_109' title="bbox 1798 5654 3381 5730">
     <span class='ocr_line' id='line_1_109' title="bbox 1798 5654 3381 5730; baseline 0.005 -23"><span class='ocrx_word' id='word_1_815' title='bbox 1798 5654 1921 5708; x_wconf 85' lang='lat' dir='ltr'><strong>Des.</strong></span> <span class='ocrx_word' id='word_1_816' title='bbox 1954 5656 2007 5708; x_wconf 86' lang='lat' dir='ltr'><strong>in</strong></span> <span class='ocrx_word' id='word_1_817' title='bbox 2037 5658 2153 5711; x_wconf 79' lang='lat' dir='ltr'><strong>cod.</strong></span> <span class='ocrx_word' id='word_1_818' title='bbox 2192 5660 2243 5713; x_wconf 69' lang='lat'><strong>2.</strong></span> <span class='ocrx_word' id='word_1_819' title='bbox 2344 5660 2385 5689; x_wconf 70' lang='grc' dir='ltr'><strong>³ο</strong></span> <span class='ocrx_word' id='word_1_820' title='bbox 2417 5661 2544 5711; x_wconf 73' lang='grc' dir='ltr'><strong>Ἐπὶ</strong></span> <span class='ocrx_word' id='word_1_821' title='bbox 2577 5654 2647 5703; x_wconf 50' lang='grc' dir='ltr'><strong>νέξ</strong></span> <span class='ocrx_word' id='word_1_822' title='bbox 2671 5654 2954 5730; x_wconf 68' lang='grc' dir='ltr'><strong>ἐξέθρεψέ</strong></span> <span class='ocrx_word' id='word_1_823' title='bbox 2982 5679 3072 5729; x_wconf 69' lang='grc' dir='ltr'>με.</span> <span class='ocrx_word' id='word_1_824' title='bbox 3120 5662 3173 5715; x_wconf 86' lang='lat' dir='ltr'><strong>In</strong></span> <span class='ocrx_word' id='word_1_825' title='bbox 3210 5654 3381 5718; x_wconf 64' lang='lat' dir='ltr'><strong>Hebr.</strong></span> 
     </span>
    </p>
   </div>
   <div class='ocr_carea' id='block_1_110' title="bbox 156 5731 1674 5825">
    <p class='ocr_par' dir='ltr' id='par_1_110' title="bbox 156 5731 1655 5825">
     <span class='ocr_line' id='line_1_110' title="bbox 156 5731 1655 5825; baseline 0.001 -24"><span class='ocrx_word' id='word_1_826' title='bbox 156 5742 249 5817; x_wconf 69' lang='lat' dir='ltr'><strong>leg.</strong></span> <span class='ocrx_word' id='word_1_827' title='bbox 273 5731 438 5825; x_wconf 51' lang='grc' dir='ltr'><strong>ἰι-[Ψ</strong></span> <span class='ocrx_word' id='word_1_828' title='bbox 472 5746 675 5824; x_wconf 60' lang='lat' dir='ltr'><strong>mur:</strong></span> <span class='ocrx_word' id='word_1_829' title='bbox 711 5733 888 5825; x_wconf 62' lang='grc' dir='ltr'><strong>’ππ-⁸η</strong></span> <span class='ocrx_word' id='word_1_830' title='bbox 923 5760 989 5804; x_wconf 81' lang='lat' dir='ltr'><strong>aa</strong></span> <span class='ocrx_word' id='word_1_831' title='bbox 1026 5766 1192 5820; x_wconf 80' lang='lat' dir='ltr'><strong>aquas</strong></span> <span class='ocrx_word' id='word_1_832' title='bbox 1226 5746 1411 5802; x_wconf 79' lang='lat' dir='ltr'><strong>leniter</strong></span> <span class='ocrx_word' id='word_1_833' title='bbox 1436 5747 1655 5814; x_wconf 76' lang='lat' dir='ltr'><strong>ﬂuentes</strong></span> 
     </span>
    </p>
   </div>
   <div class='ocr_carea' id='block_1_111' title="bbox 1782 5731 1963 5825">
    <p class='ocr_par' dir='ltr' id='par_1_111' title="bbox 1782 5756 1963 5801">
     <span class='ocr_line' id='line_1_111' title="bbox 1782 5756 1963 5801; baseline -0.006 0"><span class='ocrx_word' id='word_1_834' title='bbox 1782 5756 1836 5801; x_wconf 76' lang='grc' dir='ltr'><strong>ἐι</strong></span> <span class='ocrx_word' id='word_1_835' title='bbox 1864 5765 1963 5800; x_wconf 78' lang='lat' dir='ltr'><strong>me.</strong></span> 
     </span>
    </p>
   </div>
  </div>
