3842 6510
172 380 285 446 1029

1439 366 1516 426 IN
1556 367 1755 425 PSAL.
1799 364 2025 423 XXIII.

3230 365 3365 429 1030

169 498 312 550 λωσεν
331 484 558 559 εἰρηκώς
582 500 594 513 ·
625 500 642 534 ι
666 479 761 543 Εἰς
795 481 1114 551 μακρότητα
1146 477 1368 549 ἡμερῶν
1393 478 1460 541 ³⁸,
1502 497 1520 527 ι
1546 476 1694 528 τοῦτ’
1722 528 1727 537 η

1810 474 2031 539 Iierum,
2074 493 2092 526 ι
2140 474 2191 529 id
2229 482 2344 542 est,
2402 489 2636 544 semper,
2687 484 2740 529 et
2785 475 3062 529 continue.
3110 474 3223 530 Iloc
3266 493 3367 528 ιιιι-

166 590 289 640 ἔστιν
311 580 410 643 ἀεὶ,
441 578 534 630 καὶ
562 571 843 644 διηνεκῶς.
886 570 1060 623 Τοῦτο
1092 569 1149 621 δὲ
1178 572 1291 630 τοῖς
1323 567 1513 620 αἰῶσιν
1542 565 1686 619 ὲκεί-

165 694 258 739 νοις
281 672 551 743 ἁρμόττει,
589 666 633 719 οἳ
663 665 837 735 πέρας
863 663 964 716 οὐκ
994 664 1233 731 ἔχουσιν.

419 780 681 835 ΕΡΜΗΝ.
726 778 865 831 ΤΟΥ
919 777 1023 829 Kl"
1068 775 1385 829 ΨΑΛΜΟΥ.

221 906 281 954 α’.
313 918 330 949 ι
366 892 588 964 Ψαλμὺς
651 892 727 960 τῷ
784 890 967 944 Δαϐίδ.
1011 909 1029 940 ι
1081 889 1168 941 Ἐν
1195 891 1239 920 ⁵⁸
1282 890 1446 951 ὲνίοις
1469 890 1515 919 ⁵³
1545 890 1691 941 ἀντι-

164 992 363 1061 γράφοις
391 980 567 1053 εὗρον,
606 1003 624 1033 ι
656 982 753 1049 τῆς
800 982 928 1051 μιᾶς
962 981 1067 1032 τῶν
1100 980 1415 1033 Σαϐϐἁτων.
1452 998 1469 1029 ι
1516 981 1605 1031 Ἐν
1636 979 1691 1031 δέ

162 1101 212 1150 γε
240 1080 307 1151 τῷ
332 1076 573 1144 Ἐξαπλῷ
607 1073 763 1128 τοῦτο
789 1074 847 1125 οὐ
879 1072 1219 1142 πρόσκειται.
1254 1072 1397 1141 Πλὴν
1431 1072 1517 1123 ἵνα
1556 1072 1691 1141 μηδὲ

162 1173 293 1226 τοῦτο
367 1167 754 1234 καταλίπωμεν
811 1164 1239 1234 ἀνερμήνευτον,
1315 1163 1509 1215 εἰδέναι
1585 1162 1690 1232 χρὴ

162 1262 279 1328 ὼςιδ
307 1260 399 1331 τὴν
434 1257 758 1328 δεσποτικὴν
795 1256 1091 1310 ἀνάστασιν
1138 1256 1533 1325 προσημαίνει,
1571 1255 1689 1324 μεθ’

163 1360 215 1426 ἢν
235 1356 370 1407 πᾶσα
398 1352 468 1419 γῆ
507 1351 605 1403 καὶ
647 1349 888 1402 θάλασσα
920 1348 1020 1410 τὰς
1049 1348 1147 1417 τῆς
1176 1348 1509 1415 θεογνωσίας
1540 1348 1691 1399 ἀκτῖ-

165 1464 238 1510 νας
278 1445 517 1510 ἐδέξατο*
553 1442 757 1495 οὓιτωκ⁵
787 1442 843 1493 δὲ
883 1442 977 1493 καὶ
1010 1442 1039 1493 ὁ
1066 1440 1277 1511 ψαλμὸς
1305 1440 1688 1512 προαγορεύει,

165 1536 379 1606 καὶπρὸς
396 1534 577 1603 τούτῳ
603 1534 701 1603 τὴν
737 1534 816 1595 είς
842 1532 1107 1603 οὐρανοὺς
1144 1532 1329 1585 ἄνοδον
1354 1531 1447 1584 τοῦ
1483 1532 1692 1584 Δεσπό-

163 1645 254 1681 τον.
287 1643 306 1676 ι
338 1624 438 1677 Τοῦ
466 1623 676 1694 Κυρίου
702 1624 733 1693 ἡ
771 1626 865 1693 γῆ,
894 1625 987 1675 καὶ
1020 1623 1079 1675 τὸ
1108 1622 1383 1694 πλήρωμα
1413 1625 1581 1692 αὐτῆς
1605 1640 1617 1654 ·
1656 1626 1690 1693 ἡ

164 1715 439 1783 οἰκουμένη,
485 1714 586 1766 καὶ
636 1713 835 1773 πάντες
881 1713 932 1764 οί
963 1714 1346 1776 κατοικοῦντες
1382 1716 1439 1766 ὲν
1463 1716 1623 1783 αὐτῇ.
1668 1733 1687 1764 ι

173 1806 357 1874 Ἐπειδὴ
380 1804 487 1875 γὰρ
540 1804 928 1873 ὑπελάμϐανον
945 1804 990 1835 ⁸⁸
1036 1805 1278 1859 Ἰουδαῖοι
1324 1804 1489 1875 μόνης
1532 1805 1693 1859 αὐτὸν

164 1896 403 1957 δεσπόζειν
432 1893 532 1962 τῆς
574 1891 965 1962 Παλαιστίνης,
992 1894 1086 1946 καὶ
1125 1894 1302 1963 μόνων
1342 1895 1524 1947 αὐτῶν
1560 1912 1696 1965 προ-

168 1984 439 2054 μηθείσθαι,
485 1984 670 2052 μόνων
722 1984 903 2037 αὐτῶν
926 1984 972 2016 ⁵⁷
1041 1984 1170 2039 ὄντα
1210 1985 1361 2048 Θεὸν,
1396 1986 1617 2049 εἰκότως
1669 1988 1696 2040 ὁ

165 2076 459 2146 προφητικὸς
477 2075 732 2129 διδάσκει
762 2076 920 2145 λόγος
943 2119 958 2141 ,
989 2077 1072 2130 δτι
1107 2077 1287 2148 πάσης
1317 2079 1570 2143 δεσπόζει
1592 2079 1697 2148 τῆς

164 2169 469 2239 οἰκουμένης.
502 2168 771 2232 Δεσπόζει
792 2169 837 2200 ⁸⁸
882 2169 937 2222 δὲ
973 2170 1160 2240 αὐτῆς,
1186 2171 1281 2241 οὐχ
1317 2171 1566 2244 ἁρπάσας
1598 2173 1697 2243 τὴν

166 2261 395 2327 ἐξουσίαν,
426 2261 553 2313 οὐδὲ
594 2261 751 2315 ἄλλον
781 2263 900 2314 τινὰ
924 2262 1021 2331 τῆς
1050 2261 1370 2326 δεσποτείας
1400 2256 1693 2333 στερήσας·

167 2353 256 2405 ἀλλ’
279 2352 430 2414 αὐτὸς
452 2352 629 2421 αὐτὴν
651 2351 1085 2421 δημιουργήσας,
1116 2353 1212 2405 καὶ
1230 2354 1292 2405 ὲκ
1313 2352 1408 2405 τοῦ
1445 2354 1518 2424 μὴ
1548 2353 1699 2417 ὄντος

168 2447 227 2508 εἰς
248 2445 300 2497 τὸ
327 2440 462 2498 εἷναι
492 2441 857 2514 παραγαγών.

222 2534 276 2603 β’.
312 2554 328 2585 ι
362 2533 534 2596 Αὐτὸς
567 2535 680 2604 γὰρ
705 2533 799 2585 ἐπὶ
816 2533 1095 2587 Θαλασσῶν
1125 2535 1485 2604 ὲθεμελίωσεν
1506 2534 1696 2605 αὐτὴν,

168 2625 241 2678 καὶ
264 2624 347 2676 ἐπὶ
380 2640 516 2677 ποτα
529 2623 649 2694 μῶν
674 2624 971 2695 ἡτοίμασεν
1002 2624 1192 2693 αὐτήν.
1221 2644 1238 2676 ι
1264 2625 1362 2677 Διὰ
1393 2626 1594 2678 τούτων
1624 2626 1699 2691 δὲ,

167 2718 212 2769 οὐ
237 2716 380 2784 μόνον
422 2717 523 2784 τὴν
572 2717 962 2786 δημιουργίαν,
1001 2717 1137 2771 ἀλλὰ
1183 2718 1277 2771 καὶ
1314 2719 1411 2788 τὴν
1447 2719 1702 2788 πρόνοιαν

169 2808 397 2861 ἰεῖχνυσι·
431 2809 600 2877 φύσει
638 2809 745 2880 γὰρ
772 2812 803 2880 ἡ
830 2811 873 2840 ⁵9
927 2811 997 2880 γῆ
1051 2806 1184 2863 οὖσα
1220 2810 1380 2881 ξηρὰ,
1413 2811 1704 2880 ἀναλογοῦ-

171 2915 245 2949 an
268 2899 433 2951 νοτίδα
457 2898 791 2970 δεδώρηται,
821 2899 1017 2966 ἔξωθεν
1042 2900 1138 2971 μὲν
1165 2901 1259 2954 καί¹
1288 2900 1375 2954 διὰ
1398 2903 1562 2971 μέσου
1592 2906 1705 2967 τοῖς

169 2989 412 3056 μεγίστοις
464 2989 644 3059 αὐτὴν
698 2989 943 3059 συνάψας
983 2989 1269 3057 πελάγεσι,
1314 2994 1592 3061 ποταμοὺς
1649 2992 1705 3045 δὲ

167 3082 231 3133 ῧτι
259 3081 479 3150 μάλιστα
517 3080 831 3145 πλείστους,
886 3083 980 3134 καὶ
1034 3083 1344 3151 μεγίστους,
1381 3084 1475 3137 καλ⁴
1525 3084 1706 3154 μέντοι

168 3173 241 3224 καὶ
276 3174 469 3241 πηγὰς,
500 3177 562 3227 ὲν
629 3173 824 3244 μέσαις
863 3178 984 3238 ταῖς
1011 3176 1056 3205 ⁸ο
1116 3175 1390 3244 ἠπείροις,
1427 3176 1553 3239 τοὺς
1608 3176 1705 3245 μὲν

166 3265 434 3336 διατρέχειν
489 3265 614 3331 ἀεὶ,
661 3267 760 3329 τὰς
790 3266 845 3320 δὲ
878 3267 1304 3321 ἁναϐλυστάνειν
1351 3268 1706 3338 παρασκευά-

166 3370 260 3416 σας.
287 3355 434 3407 Οὕτω
468 3357 571 3409 καὶ
608 3354 702 3409 τοῦ
736 3355 870 3408 Θεοῦ
904 3357 1002 3426 τὴν
1044 3356 1366 3409 δεσποτείαν
1397 3357 1703 3421 ὑποδείξας,

166 3445 357 3501 καὶτῶν
384 3446 566 3499 ἐθνῶν
597 3448 694 3519 τὴν
717 3447 1009 3515 ἐπίγνωσιν
1029 3448 1428 3519 προθεσπίσας,
1456 3449 1552 3520 τὴν
1579 3450 1706 3520 περὶ

165 3538 243 3605 τῆς
280 3538 473 3607 ἀρετῆς
534 3538 835 3609 προσφέρει
867 3539 1207 3609 παραίνεσιν,
1246 3542 1325 3603 εἰς
1353 3541 1395 3571 ⁸⁸
1442 3542 1706 3611 ἐρώτησιν

168 3632 240 3683 καί
263 3630 553 3701 ἀπόκρισιν
582 3630 743 3683 πάλιν
776 3630 1118 3700 σχηματίσας
1154 3632 1241 3684 τὸν
1274 3632 1447 3701 λόγον.

222 3729 280 3788 γ’.
320 3741 338 3774 ι
372 3723 467 3785 Τίς
542 3721 694 3793 (γὰρ,
746 3724 971 3792 φησὶν,)
1019 3723 1349 3793 ἀναϐήσεται
1379 3725 1458 3787 είς
1494 3723 1553 3776 τὸ
1584 3724 1708 3793 ὅρος

165 3812 241 3864 τοῦ
272 3814 468 3884 Κυρίου
496 3831 513 3878 ;
546 3812 642 3865 καὶ
664 3815 707 3843 δ’
756 3812 839 3877 τίς
875 3814 1130 3884 στήσεται
1173 3816 1231 3866 ὲν
1258 3814 1411 3883 τόπῳ
1442 3815 1580 3884 ἁγίῳ
1609 3816 1706 3866 αὖ·

167 3901 268 3966 τοίη
295 3922 312 3954 ι
349 3906 536 3972 Ὄρος
558 3903 616 3955 δὲ
644 3902 687 3933 ⁸³
721 3902 976 3966 ἐνταῦθα,
1008 3904 1068 3956 οὐ
1101 3903 1161 3956 τὸ
1191 3904 1429 3972 ἐπίγειον
1461 3904 1614 3971 λέγει
1649 3906 1709 3957 τὸ

166 3993 246 4061 τῆς
290 3992 442 4056 Σιὼν,
503 3993 639 4046 ἀλλὰ
663 3993 724 4045 τὸ
779 3993 1117 4064 ἐπουράνιον,
1170 3995 1305 4065 ὅπερ
1352 3996 1380 4047 ὁ
1441 3995 1711 4065 μακάριος

168 4085 381 4154 ὑπέδειξε
405 4088 453 4119 ⁸⁸
504 4086 716 4149 Παῦλος
737 4102 751 4117 ·
794 4104 812 4137 ι
841 4085 1314 4157 Προσεληλύθατε,
1351 4088 1546 4156 λέγων,
1574 4088 1712 4140 Σιὼν

168 4176 283 4248 ὄρει,
320 4180 413 4233 καὶ
456 4178 617 4231 πόλει
643 4178 776 4232 Θεοῦ
838 4178 1039 4243 ζῶντος
1086 4180 1443 4252 Ἰερουσαλὴμ
1476 4184 1712 4253 ἐπουρα-

169 4270 265 4339 νίῳ.
307 4289 323 4320 ι
379 4270 607 4339 Ἐπειδὴ
641 4273 748 4343 γὰρ
782 4269 1148 4343 προεδίδαξεν,
1202 4273 1283 4325 ὅτι
1318 4275 1546 4344 ποιητής
1597 4275 1711 4327 ἐστι

172 4363 249 4411 καὶ
276 4360 611 4432 δημιουργὸς
650 4363 678 4414 ὀ
730 4362 841 4415 τῶν
903 4363 1060 4415 ὅλων.
1103 4362 1257 4431 Θεὸς,
1327 4365 1551 4428 εἰκότως
1614 4368 1712 4436 τὴν

1790 575 1896 620 tem
1942 565 2052 621 illis
2080 564 2293 620 szeculis
2330 564 2606 635 congruit,
2647 581 2768 635 quae
2799 567 2963 619 linem
3000 565 3227 621 minime
3266 567 3365 622 ha-

1787 655 1935 709 bent.

2174 763 2450 819 INTERP.
2494 763 2747 818 PSALMI
2786 763 2977 819 XXIII.

1860 876 2025 931 Vens.
2055 877 2108 931 1.
2133 896 2151 929 ι
2183 877 2432 933 Psalmus
2461 877 2671 933 Davidi.
2702 897 2720 927 ›
2754 878 2810 931 In
2836 878 3162 947 quibusdam
3186 895 3367 933 exem-

1791 967 2036 1033 plaribus
2069 967 2286 1032 inveni,
2341 986 2359 1018 ι
2399 984 2504 1020 tina
2540 966 2929 1020 Sabbatorum.
2970 987 2988 1020 ι
3038 970 3095 1021 In
3128 969 3368 1037 Hexapln

1792 1075 1920 1113 vero
1953 1059 2058 1111 hoc
2091 1074 2199 1113 non
2248 1060 2559 1126 apponitur.
2595 1058 2864 1113 Caeterum
2897 1074 2964 1113 ne
3008 1060 3111 1113 hoc
3161 1060 3369 1129 absque

1793 1152 2137 1220 expositione
2187 1153 2583 1221 relinquamus,
2623 1153 2903 1207 sciendum
2950 1163 3031 1207 cst
3077 1155 3220 1223 quod
3254 1154 3361 1207 Do-

1790 1243 1923 1296 mini
1969 1244 2431 1297 resurrectionem
2483 1245 2777 1313 signiﬁcat,
2833 1256 3124 1313 postquam
3177 1248 3357 1300 omnis

1792 1342 1935 1397 terra
1981 1343 2035 1388 et
2090 1350 2241 1388 mare
2278 1335 2474 1388 divinae
2522 1338 2851 1405 cognitionis
2900 1338 3083 1392 radios
3135 1340 3357 1407 recepit.

1792 1424 1906 1480 Hoc
1933 1436 2118 1480 autem
2151 1442 2372 1495 quoque
2405 1427 2651 1495 psalmus
2685 1428 2809 1491 iste,
2833 1440 2885 1483 et
2909 1431 3128 1498 insuper
3151 1430 3369 1483 Domini

1792 1518 2029 1570 reditum
2060 1517 2112 1569 in
2147 1518 2338 1581 caelos,
2375 1518 2639 1586 prmdieit.
2678 1538 2695 1568 ι
2738 1518 2952 1573 Domini
3001 1532 3079 1573 est
3114 1529 3281 1581 terra,
3317 1531 3372 1574 et

1796 1608 2083 1678 plenitudo
2137 1610 2277 1679 ejus,
2338 1611 2486 1665 orbis
2536 1621 2829 1676 terrarum,
2884 1622 2938 1665 et
2989 1612 3226 1666 universi
3277 1613 3371 1681 qui

1797 1702 2041 1754 habitant
2065 1701 2116 1753 in
2140 1717 2225 1755 eo.
2260 1721 2277 1751 ι
2309 1701 2577 1768 Quoniam
2611 1704 2756 1756 enim
2790 1703 2945 1773 751
2976 1702 3147 1758 Judeei
3192 1703 3373 1773 suspi-

1726 1817 1771 1879 B
1797 1794 2063 1847 cabantur
2112 1794 2213 1847 soli
2248 1794 2549 1848 Palaestinae
2582 1795 2759 1865 ipsum
2793 1797 3091 1859 dominari,
3138 1805 3192 1850 et
3226 1796 3373 1865 ipso-

1797 1902 1916 1939 rum
1945 1888 2326 1940 tantummodo
2346 1903 2535 1941 curam
2567 1901 2777 1957 gerere,
2810 1904 2934 1942 cum
2967 1889 3208 1958 ipsorum
3236 1889 3375 1941 dun-

1796 1988 1945 2033 taxat
1977 1979 2119 2033 Deus
2177 1991 2341 2045 esset,
2371 1981 2567 2034 merito
2603 1980 2963 2049 propheticus
3005 1997 3185 2034 sermo
3216 1981 3376 2034 docet

1798 2085 1921 2123 eum
1957 2070 2054 2123 toti
2092 2078 2364 2124 terrarum
2407 2071 2525 2125 orbi
2575 2072 2868 2141 imperare.
2921 2072 3158 2141 Imperat
3190 2080 3372 2125 autem

1797 2163 1844 2215 ei
1882 2177 1988 2215 non
2032 2161 2296 2215 violenter
2321 2174 2533 2233 arrepta
2564 2172 2856 2233 potestate,
2892 2181 3066 2234 neque
3095 2166 3203 2218 alio
3236 2179 3375 2234 quo-

1799 2254 1941 2322 piam
1974 2254 2189 2323 privato
2240 2254 2341 2308 hac
2384 2255 2788 2321 dominatione;
2837 2257 2929 2310 sed
2971 2273 3093 2310 curn
3137 2256 3250 2325 ipse
3285 2271 3350 2308 or

1803 2346 1924 2400 bem
1965 2348 2357 2411 construxerit,
2403 2355 2456 2399 et
2488 2363 2555 2400 ex
2587 2347 2759 2402 nihilo
2788 2348 2855 2401 ad
2903 2347 2957 2402 id
2988 2348 3132 2417 quod
3164 2357 3247 2402 est
3277 2348 3373 2400 de-

1800 2437 2032 2492 duxerit.

1871 2528 2035 2584 Vens.
2073 2529 2125 2581 2.
2169 2547 2185 2579 ι
2230 2527 2368 2593 Quia
2405 2528 2521 2597 ipse
2554 2544 2717 2598 super
2747 2530 2919 2584 maria
2951 2530 3195 2585 fundavit
3225 2546 3374 2599 eum,

1800 2631 1854 2677 et
1884 2638 2045 2691 super
2076 2623 2299 2676 ﬂumina
2331 2623 2651 2691 praeparavit
2675 2638 2821 2676 eum.
2857 2643 2874 2673 ι
2913 2622 3017 2677 Per
3049 2625 3163 2679 haec
3194 2633 3377 2680 autem

1804 2728 1909 2765 non
1946 2712 2112 2765 modo
2139 2714 2500 2777 creationem,
2537 2728 2724 2766 verum
2771 2715 2935 2767 etiam
2977 2716 3375 2782 providentiam

1802 2804 2063 2858 ostendit.
2097 2801 2233 2857 Cum
2265 2804 2411 2857 enim
2448 2805 2608 2858 tellus
2636 2815 2827 2858 natura
2858 2816 3003 2859 esset
3030 2807 3208 2869 arida,
3233 2807 3380 2861 dedit

1804 2897 1854 2951 ei
1892 2895 2279 2949 humiditatem
2316 2906 2728 2965 congruentem,
2770 2909 2881 2950 tum
2927 2899 3295 2965 extrinsecus,
3326 2908 3380 2954 et

1805 2989 1859 3042 in
1892 2991 2089 3052 medio,
2122 2990 2356 3042 maxima
2377 2991 2425 3043 ei
2452 2991 2625 3044 maria
2651 2991 3010 3060 conjungens,
3043 3000 3154 3046 tum
3185 2994 3381 3049 ﬂuvios

1807 3097 1968 3151 quam
2001 3082 2269 3150 plurimos
2299 3090 2353 3134 et
2390 3082 2684 3145 maximos,
2719 3098 2819 3136 nec
2849 3100 2956 3136 non
2986 3084 3147 3137 etiam
3179 3083 3381 3152 fontes,

1807 3190 1899 3244 per
1931 3174 2172 3228 medium
2205 3173 2554 3235 continentis,
2605 3174 2689 3226 vel
2737 3190 2953 3243 semper
2996 3191 3242 3241 currere,
3295 3176 3380 3229 vel

1807 3265 2072 3319 scaturire
2106 3264 2334 3318 faciens.
2374 3264 2449 3317 Ita
2483 3280 2606 3318 cum
2645 3264 2738 3319 Dei
2775 3268 3073 3335 potentiam
3102 3268 3379 3323 ostendis-

1808 3364 1910 3419 set,
1946 3363 2000 3408 et
2026 3356 2268 3426 gentium
2302 3357 2669 3423 cognitionem
2702 3359 3075 3426 prmdixisset,
3130 3360 3284 3414 aﬂ‘ert
3317 3362 3374 3414 in

1807 3446 2048 3500 medium
2089 3447 2525 3501 exhortationem
2569 3448 2635 3501 ad
2678 3448 2955 3512 virtutem,
2994 3450 3241 3506 Iormans
3282 3450 3382 3506 ite-

1808 3556 1928 3593 rum
1958 3539 2256 3595 orationem
2291 3540 2344 3593 in
2377 3554 2583 3593 morem
2611 3540 2829 3610 dialogi.
2868 3540 3005 3595 Dicit
3038 3544 3183 3596 enim
3214 3561 3228 3596 :

1880 3712 2046 3770 Vsus.
2080 3717 2133 3771 5.
2174 3737 2191 3769 ι
2221 3717 2355 3783 Quis
2383 3718 2640 3772 ascendet
2670 3718 2722 3772 in
2754 3730 2988 3774 montem
3022 3722 3259 3788 Domini,
3292 3736 3385 3780 aut

1810 3806 1935 3875 quis
1961 3807 2126 3861 Stabit
2173 3806 2228 3860 in
2286 3807 2405 3861 loco
2448 3817 2636 3861 sancto
2668 3808 2829 3876 ejus?
2866 3828 2883 3859 ι
2930 3814 2947 3831 ⁴
2984 3810 3217 3864 Montem
3256 3829 3385 3867 vero

1812 3899 1923 3960 hic,
1961 3912 2067 3951 non
2106 3908 2422 3953 terrestrem
2455 3900 2638 3953 Sionis
2670 3911 2934 3962 montem,
2986 3903 3077 3956 sed
3108 3905 3385 3960 coalestem

1815 3988 2087 4059 signiﬁcat
2122 4006 2134 4041 :
2166 4006 2327 4059 quem
2369 3991 2563 4045 beatus
2612 3993 2853 4046 ostendit
2903 3992 3107 4049 Paulus
3161 3996 3381 4063 dicens,

1822 4104 1839 4135 ι
1876 4086 2201 4140 Accessistis
2235 4087 2301 4138 ad
2349 4086 2479 4139 Sion
2531 4094 2807 4147 montem,
2868 4096 2922 4141 et
2963 4087 3236 4141 civitatem
3290 4089 3387 4143 Dei

1812 4176 2046 4231 viventis
2104 4176 2536 4246 Ilierosolymam
2606 4178 2881 4231 caelestem
2922 4187 2970 4233 ο.
3014 4199 3033 4230 ›
3096 4181 3386 4250 Postquam

1815 4268 1958 4323 enim
1989 4268 2149 4337 paulo
2173 4277 2298 4321 ante
2328 4268 2517 4322 docuit
2574 4268 2745 4322 Deum
2772 4272 3013 4325 omnium
3050 4289 3232 4328 rerum
3265 4288 3387 4329 esse

1816 4371 2096 4417 auctorem
2146 4370 2201 4415 et
2244 4361 2527 4430 opificem,
2564 4361 2688 4430 jure
2729 4364 2966 4417 ostendit
3016 4364 3175 4435 752
3239 4368 3384 4421 viam

172 4451 287 4521 πρὸς
312 4453 476 4506 αὐτὸν
508 4454 778 4525 φέρουσαν
806 4455 921 4508 ὁδὸν
942 4455 1202 4521 δείκνυσι,
1230 4458 1320 4511 καὶ
1348 4460 1581 4511 ποιεῖται
1613 4460 1713 4528 τὴν

1817 4470 1937 4525 qua:
1982 4454 2049 4508 ad
2098 4456 2276 4524 ipsum
2326 4470 2430 4509 nos
2479 4454 2650 4519 ducit,
2700 4466 2753 4509 et
2801 4457 2866 4510 ad
2919 4457 3255 4529 interrogata
3303 4474 3387 4513 re-

172 4543 438 4615 ἀπόκρισιν
476 4546 523 4578 ⁸⁸
553 4546 690 4617 πρὸς
722 4547 820 4618 τὴν
868 4546 1157 4619 ἐρώτησιν.

227 4634 283 4688 δ’.
312 4654 330 4687 ι
385 4635 590 4699 Ἀθῶος
634 4638 809 4709 χερσὶ,
858 4638 953 4690 καὶ
996 4638 1236 4709 καθαρὸς
1264 4641 1330 4709 τῇ
1377 4640 1612 4711 καρδία·
1656 4640 1714 4703 ὃς

170 4725 255 4778 οὐκ
272 4729 315 4759 ⁸⁸
342 4727 537 4782 ἔλαϐεν
570 4729 665 4781 ἐπὶ
697 4729 910 4803 ματαίῳ
943 4731 1042 4802 τὴν
1069 4731 1245 4802 ψυχὴν
1274 4731 1459 4796 αὐτοῦ,
1495 4732 1588 4785 καὶ
1614 4733 1714 4785 οὐκ

170 4815 362 4887 ὤμοσεν
408 4822 507 4875 ἐπὶ
540 4820 678 4892 δόλῳ
716 4822 795 4893 τῷ
841 4823 1070 4893 πλησίον
1104 4823 1291 4877 αὑτοῦ.
1353 4843 1370 4874 ι
1415 4826 1714 4895 Προσήκει,

173 4911 306 4980 φησί,
336 4913 424 4967 τὸν
450 4916 531 4977 είς
566 4916 740 4969 ἐκεῖνο
771 4915 832 4969 τὸ
868 4916 994 4987 ὅρος
1014 4917 1277 4986 ἀναϐῆναι
1306 4917 1594 4982 ποθοῦντα,
1621 4918 1715 4970 καὶ

234 5082 257 5110 °
294 5075 454 5134 Hebr.
488 5096 584 5146 xu,
616 5079 704 5134 22.

1818 4547 2066 4617 spondet.

1888 4640 2053 4698 Vens.
2088 4641 2141 4697 4.
2188 4662 2205 4694 ι
2243 4642 2511 4699 lnnocens
2532 4646 2805 4710 manibus,
2836 4655 2889 4698 et
2920 4644 3157 4697 mundus
3181 4643 3344 4696 corde
3370 4660 3383 4695 :

1818 4735 1911 4805 qui
1943 4750 2051 4790 non
2091 4735 2300 4805 accepit
2338 4736 2392 4789 in
2418 4750 2558 4790 vano
2589 4738 2825 4790 animam
2850 4750 3026 4799 suam,
3054 4748 3152 4787 nec
3185 4732 3388 4800 iuravit

1818 4827 1872 4880 in
1894 4827 2018 4881 dolo
2051 4826 2303 4897 proximo
2330 4842 2450 4882 suo.
2488 4847 2507 4880 ›
2536 4829 2639 4882 Par
2668 4837 2772 4892 est,
2802 4826 3002 4895 inquit,
3035 4832 3090 4877 ut
3119 4823 3210 4892 qui
3237 4825 3384 4877 illum

1818 4925 2055 4972 montem
2078 4918 2750 4987 conscenderedesiderat,
2781 4917 3033 4972 absurdis
3048 4915 3389 4986 cogitationi-

1260 5214 1494 5270 VARI/E
1532 5214 1911 5272 LECTIONES
1952 5215 2038 5270 ET
2076 5215 2303 5272 NOTAE.

239 5330 276 5361 “
311 5332 590 5401 'Hyspdw.
649 5334 813 5387 Abest
873 5346 900 5383 a
960 5330 1079 5384 cod.
1122 5331 1194 5401 ,1.

182 5474 286 5544 cod.
318 5474 370 5544 ί,
403 5474 438 5526 9;.
463 5473 665 5544 addunt
696 5474 813 5544 μέν.
888 5471 935 5544 "f
958 5471 1094 5544 ΔὩς.
1126 5471 1247 5544 cod.
1283 5471 1316 5523 ἓ
1340 5470 1443 5544 ὅτι.

182 5539 217 5568 ⁸⁷
245 5542 434 5595 Μόνον
464 5539 841 5597 αὐτῶν.ὀο‹1.
892 5542 927 5595 2
958 5540 1118 5594 habet
1149 5540 1259 5591 τόν.

184 5750 199 5817 ξ
208 5749 426 5817 πὲδειξε.

1321 5331 1366 5361 ⁵⁸
1413 5329 1615 5382 Ἐν-
1665 5330 2032 5397 πρόσκειται.
2077 5327 2335 5383 Eamdem
2398 5326 2590 5381 Notam
2652 5342 2712 5397 ιιΔ
2741 5324 2861 5397 cod.

181 5402 342 5454 attulit
373 5394 574 5457 'Montl‘.
608 5403 830 5470 Hexapl.
868 5402 1013 5470 Orig.
1050 5409 1087 5452 t.
1119 5400 1159 5463 I,
1192 5415 1241 5467 p.
1277 5399 1400 5452 505.
1432 5399 1614 5452 Prima
1644 5394 1763 5463 ejus
1792 5415 1917 5468 pars
1948 5408 2127 5454 exstat
2150 5414 2365 5468 quoque.
2390 5400 2527 5465 apud
2558 5395 2756 5450 Euseb.
2793 5396 2857 5447 ad
2882 5394 2917 5447 I.
2953 5410 3003 5446 c.

182 5474 286 5522 cod.
321 5474 370 5522 I.
403 5474 438 5522 9.
463 5473 665 5522 addunt
697 5474 813 5522 uév.
888 5471 935 5503 ⁸⁸
976 5471 1094 5522 Ὠσ.
1126 5471 1247 5522 cod.
1283 5471 1316 5522 2
1340 5470 1443 5522 ὃτι.
1534 5471 1578 5501 ⁵⁸
1613 5470 1794 5522 Οὕτω.
1827 5470 1951 5522 cod.
1981 5472 2013 5522 5
2062 5470 2243 5522 τοῦτο.
2321 5468 2367 5499 ⁸⁸
2403 5470 2416 5485 '
2437 5465 2863 5522 Υπελάιιεανον
2892 5465 3003 5516 cod

1658 5487 1794 5522 υτω.
1827 5486 1951 5524 000.
1981 5486 2013 5522 ί)
2062 5486 2243 5522 τουτο.

1366 5539 1411 5570 ⁵⁸
1434 5539 1709 5601 Δεσπόζει
1750 5570 1818 5580 -
1867 5538 2242 5608 παραγαγών.
2300 5537 2426 5592 Des.
2469 5535 2804 5608 apudrCord.

182 5608 338 5684 Enpd.
365 5613 484 5684 eod.
516 5613 539 5665 I
577 5607 964 5684 οὖσανλξηρὰν.
998 5609 1120 5684 cod.
1146 5611 1192 5684 __2_
1216 5605 1350 5662 οὖσα
1380 5610 1536 5684 ξηρᾲ.
1569 5609 1727 5684 Ut_erq

1837 5605 2045 5684 omiItit'
2069 5605 2225 5684 ήξγῆ.
2272 5609 2316 5684 °_°
2352 5608 2473 5684 cod.
2507 5605 2756 5684 ειμεσοις
2786 5606 2920 5663 τοῖς.

183 5694 207 5729 a
239 5681 352 5733 cod.
383 5681 437 5737 Ξ.
508 5684 551 5714 ⁸³
582 5685 709 5739 Καί.
741 5679 873 5737 Cod.
910 5682 958 5745 I,
991 5682 1025 5734 2
1054 5680 1111 5749 ἡ.
1142 5681 1231 5733 Sic
1258 5679 1472 5748 quoque
1502 5681 1602 5749 leg.
1631 5681 1680 5732 in
1713 5697 1727 5734 ε

1810 5689 1841 5733 ι.
1876 5680 1995 5735 Ald.
2025 5692 2077 5735 et
2094 5679 2316 5747 Cotttpl.

517 5754 561 5787 ⁵⁸
593 5755 927 5821 Ἀπόκρισιν
952 5780 1018 5790 —-
1046 5749 1355 5817 ἐρώτησιν.
1392 5751 1513 5804 cod.
1555 5748 1628 5815 ii,
1678 5749 1713 5802 ἓ
1760 5751 2027 5821 ἐρώτησιν
2068 5750 2336 5821 πρὸςντὴν
2402 5748 2714 5821 ἀπόκρισιν.

2933 5323 3162 5392 quodam
3224 5318 3392 5388 Regio

3080 5393 3125 5423 ³³
3153 5392 3389 5455 Ἐνιόις.

2321 5468 2367 5499 ⁸⁸
2403 5458 2863 5533 ’Ὺπελὰμεανον
2892 5465 3013 5533 cod.
3046 5462 3079 5516 3
3122 5458 3389 5533 ἐνόμιζον·

2851 5548 2902 5602 ρ.
2937 5532 3060 5585 ιεδ.
3158 5532 3202 5562 ιο
3240 5530 3393 5602 fn—

3001 5602 3041 5633 ⁸¹
3074 5604 3195 5665 Εἲς.
3229 5600 3395 5651 Abest

2421 5679 2464 5708 ⁸³
2492 5668 2584 5729 Δέξ
2614 5678 2775 5731 Abest
2798 5691 2824 5727 a
2849 5673 2971 5727 cod.
3001 5673 3055 5729 ὅ.
3133 5672 3177 5702 ⁸⁸
3207 5668 3324 5724 cod.
3364 5671 3385 5721 1

2820 5746 2865 5776 ⁶⁶
2895 5745 3012 5798 Οὐκ
3038 5770 3105 5783 --
3143 5739 3391 5810 ματαίῳ.

186 5815 400 5878 Felicio:
433 5824 649 5891 phrasin
696 5815 817 5880 h.'l.
850 5824 903 5878 in
940 5815 1085 5876 texui
1122 5820 1281 5875 Hebr.
1313 5821 1526 5875 obviam
1575 5815 2080 5890 interpretati'sunt
2114 5815 2162 5871 ei
2197 5820 2269 5872 0’.
2306 5818 2447 5874 Psal.
2478 5815 2625 5884 xxiv,
2660 5818 2711 5870 l.
