3842 6520
452 325 581 391 1031

1436 318 1922 380 THEODORETI
1950 315 2288 376 EPISCOPI
2320 315 2685 375 CYRENSIS

3537 292 3674 378 1032

445 443 550 496 bus
591 438 829 493 animam
858 445 1142 507 purgatam
1191 435 1408 500 habeat.
1452 443 1506 490 et
1529 451 1726 490 manus
1746 435 1815 489 ab
1835 431 2024 489 istius-

2132 429 2406 500 λογισμῶν
2439 430 2661 484 ἀτόπων
2685 429 2785 500 τὴν
2812 427 3014 502 ψυχὴν,
3044 428 3396 500 καθαρεύειν,
3429 429 3521 484 καὶ
3562 434 3697 499 πρὸ.-

445 531 595 587 modi
627 530 938 586 actionibus
977 529 1211 584 innodas
1241 538 1413 596 gerat.
1447 527 1655 586 Etenim
1699 543 1887 580 manus
1917 540 2018 596 pro

447 622 757 676 actionibus
787 621 989 690 posuit,
1030 634 1127 689 per
1167 634 1257 672 cor
1302 627 1482 672 autem
1536 617 1894 687 cogitationes
1937 616 2022 668 in-

446 713 589 768 nuit.
628 711 742 767 Hoc
784 711 928 766 enim
964 711 1360 773 consultamus,
1401 708 1509 764 illis
1536 723 1667 761 vero
1705 722 2018 777 operamur.

447 807 614 862 Decet
653 814 858 871 autem,
892 804 1088 873 inquit,
1126 801 1442 872 hujusmodi
1485 800 1761 854 hominem
1813 799 2020 853 nullam

445 914 561 954 rem
612 897 816 952 ﬂuxam
866 904 922 952 et
971 895 1229 951 caducam
1277 890 1835 963 concupiscere.‘ilas
1873 891 2021 944 enim

445 988 788 1058 nuncupavit
817 1003 898 1040 res
932 1001 1137 1040 vanas:
1166 984 1435 1052 siquidem
1465 984 1629 1036 etiam
1668 981 2023 1036 Ecclesiastes

445 1084 529 1138 sic
553 1097 646 1136 eas
680 1080 926 1134 nominat
957 1096 972 1132 :
1013 1093 1043 1129 ι·
1073 1076 1319 1142 Vanitas,
1365 1075 1574 1138 dicens,
1615 1074 1935 1139 vanitatum,
1971 1079 2026 1125 et

443 1175 628 1229 omnia
661 1173 872 1227 vanitas
899 1183 945 1226 Ρ.
976 1190 995 1223 ι
1031 1169 1096 1224 Et
1121 1171 1380 1240 quoniam
1405 1168 1563 1223 dolus
1585 1182 1638 1222 et
1658 1166 2024 1238 transgressio

445 1265 808 1335 iurisiurandi
850 1263 1093 1317 avaritiae
1141 1263 1436 1332 conjuncta
1475 1267 1623 1324 sunt,
1674 1261 1870 1314 merito
1907 1259 2024 1314 haec

443 1373 568 1413 cum
598 1358 687 1410 illa
727 1356 935 1424 respuit
968 1373 981 1408 :
1022 1374 1040 1404 ι
1074 1354 1138 1408 Et
1160 1369 1267 1406 non
1297 1351 1501 1421 juravit
1533 1350 1588 1404 in
1620 1350 1745 1405 dolo
1769 1349 2022 1418 proximo

442 1464 567 1507 suo.
605 1468 626 1502 ι
669 1447 874 1503 Deinde
910 1448 1252 1502 demonstrat
1290 1444 1487 1499 horum
1519 1451 1670 1498 recte
1745 1439 2021 1498 factorum

440 1539 707 1596 fructum.

524 1752 684 1802 1eus.
711 1737 762 1792 5.
799 1755 817 1787 ι
860 1735 956 1789 llic
986 1733 1216 1803 accipiet
1241 1732 1674 1788 benedictionem
1701 1747 1729 1784 a
1764 1730 2019 1796 Domino,

2127 522 2262 586 ξεων
2294 523 2726 595 τοιουτοτρόπων
2745 524 2789 554 ⁸⁷
2827 522 3122 594 ἐλευθέρας
3154 523 3303 594 ἔχειν
3343 523 3443 586 τὰς
3494 525 3696 594 χεῖρας.

2127 613 2241 677 Τὰς
2268 613 2380 684 γὰρ
2408 613 2472 685 δὴ
2514 613 2740 682 χεῖρας,
2774 615 2896 668 ἀντὶ
2933 614 3189 686 πράξεων
3233 615 3448 668 τέθεικε
3473 632 3488 645 ·
3520 615 3607 668 διὰ
3646 615 3700 667 δὲ

2124 708 2226 779 τῆς
2256 707 2524 777 καρδίας,
2557 707 2659 771 τὰς
2687 707 3019 780 ἐνθυμήσεις
3069 709 3314 780 ᾐνίξατο.
3351 710 3428 779 Τῇ
3461 709 3559 778 μὲν
3598 712 3700 778 γὰρ

2127 800 2530 873 βουλευόμεθα,
2587 805 2712 866 ταῖς
2763 802 2821 854 δὲ
2884 803 3222 872 πράττομεν.
3296 803 3572 871 Προσήκει
3623 802 3699 866 δὲ,

2125 894 2281 964 φησὶ,
2315 894 2408 947 τὸν
2439 892 2680 946 τοιοῦτον
2707 893 2938 964 μηδενὸς
2975 892 3086 946 τῶν
3117 892 3353 965 ῥεόντων
3405 894 3505 947 καὶ
3562 892 3703 962 φθει-

2128 987 2374 1057 ρομένων
2436 985 2688 1054 ἐφίεσθαι
2721 1001 2733 1014 ·
2774 985 2952 1038 ταῦτα
3003 984 3113 1056 γὰρ
3157 986 3386 1040 ἐκάλεσε
3446 983 3700 1054 μάταια·

2125 1077 2268 1131 οὕτω
2295 1078 2403 1150 γὰρ
2431 1079 2477 1112 θ’
2535 1077 2674 1131 αὐτὰ
2714 1080 2828 1131 καί
2857 1080 2884 1131 ὁ
2928 1077 3366 1149 Ἐκκλησιαστὴς
3427 1078 3701 1147 ὀνομάζει,

2133 1190 2150 1220 ι
2171 1170 2508 1240 Ματαιότης,
2528 1170 2723 1238 λέγων,
2751 1171 3149 1241 ματαιοτήτων,
3179 1170 3252 1223 τὰ
3281 1171 3464 1224 πάντα
3488 1171 3705 1240 ματαιό-

2123 1275 2243 1328 της.
2280 1277 2298 1308 ι
2345 1259 2453 1310 Καὶ
2491 1259 2678 1329 ἐπειδὴ
2733 1260 2826 1311 καὶ
2863 1258 3014 1321 δόλος
3039 1258 3136 1313 καὶ
3173 1260 3496 1329 παράὁασις
3534 1260 3705 1330 ὅρκων

2126 1354 2192 1423 τῇ
2233 1351 2643 1424 φιλοχρηματίᾳ
2685 1351 3063 1418 συνέζευκται,
3125 1354 3354 1417 εἰκότως
3408 1354 3509 1408 καὶ
3542 1353 3706 1408 ταῦτα

2129 1443 2249 1514 μετ’
2292 1443 2512 1514 ἐκείνης
2538 1445 2906 1516 ἀπαγορεύει’
2947 1463 2966 1492 σ
3007 1445 3186 1498 Καὶ⁸⁹
3220 1445 3322 1499 οὐκ
3354 1445 3575 1517 ὤμοσεν
3622 1450 3704 1501 ἐπὶ

2125 1533 2263 1604 δόλῳ
2301 1534 2380 1605 τῷ
2438 1534 2665 1604 πλησίον
2706 1535 2892 1589 αὑτοῦ.
2942 1554 2960 1586 ι
3001 1530 3135 1589 Εἶτα
3187 1537 3431 1591 δείκνυσι
3461 1537 3558 1590 τὸν
3607 1540 3704 1590 τῶν

2126 1615 2576 1694 κατορθωμάτων
2601 1626 2647 1656 ⁷⁵
2670 1626 2877 1679 τούτων
2903 1627 3136 1696 καρπόν.

2196 1737 2259 1793 ε’,
2303 1755 2321 1788 ι
2366 1732 2534 1802 Οὗτος
2580 1738 2813 1809 λήψεται
2865 1741 3119 1810 εὐλογίαν
3150 1741 3300 1812 παρὰ
3353 1743 3595 1813 Κυρίου,
3622 1745 3706 1797 καὶ

441 1841 497 1888 et
525 1828 960 1886 misericordiam
999 1843 1029 1881 a
1055 1826 1166 1881 Deo
1197 1826 1469 1881 salvatore
1500 1839 1622 1879 suo.
1655 1843 1673 1876 ι
1710 1823 2018 1878 Admodum

2132 1831 2501 1902 ἐλεημοσύνην
2558 1833 2710 1904 παρὰ
2754 1833 2891 1888 Θεοῦ
2933 1836 3177 1906 σωτῆρος
3203 1835 3391 1890 αὑτοῦ.
3440 1855 3460 1888 ι
3498 1837 3702 1907 Κομιδῆ

443 1937 685 1992 congrue
703 1919 1138 1976 misericordiam
1165 1934 1287 1972 cum
1312 1917 1690 1971 benedictione
1715 1915 2020 1985 conjunxit.

443 2013 656 2069 Etenim
693 2029 816 2082 quze
849 2011 1238 2066 existimantur
1278 2008 1774 2070 remunerationes,
1806 2022 1902 2076 per
1937 2023 2024 2060 sn-

443 2105 550 2158 lam
601 2103 844 2157 divinam
898 2100 1286 2170 benignitatem
1338 2098 1653 2151 hominibus
1694 2099 2021 2167 ptaebentur.

440 2195 647 2252 Omnes
676 2195 820 2249 enim
856 2194 1142 2247 hominum
1171 2191 1397 2260 justitia:
1430 2191 1566 2243 nihil
1597 2201 1724 2245 sunt
1763 2190 1829 2244 ad
1881 2191 2024 2245 dona

440 2306 564 2360 quae
593 2304 622 2342 a
664 2287 776 2341 Deo
805 2286 917 2356 jam
951 2284 1110 2338 nobis
1141 2282 1485 2352 suppeditata
1524 2292 1686 2345 sunt,
1726 2281 1924 2336 nedum
1958 2283 2024 2334 ad

443 2383 628 2437 futura
659 2394 913 2441 munera,
943 2392 1064 2446 quae
1087 2385 1140 2430 ct
1167 2389 1386 2429 omnem
1420 2374 1716 2427 humanam
1744 2372 2027 2442 cogitatio-

443 2490 570 2530 nem
598 2471 1016 2528 transcendunt.

515 2611 679 2683 753
715 2609 880 2666 Vsus.
920 2608 974 2662 ϐ.
1022 2628 1039 2659 ι
1075 2607 1200 2662 "rec
1235 2615 1321 2662 est
1350 2606 1632 2676 generatio
1665 2605 2022 2674 quatientium

443 2706 759 2768 Dominum,
790 2700 1154 2772 quaerentium
1203 2699 1400 2754 faciem
1453 2699 1548 2752 Dei
1590 2696 1801 2752 Jacobi.
1841 2719 1858 2748 ι
1897 2697 2022 2762 Qui,

443 2799 660 2866 inquit,
709 2791 1012 2850 secundum
1066 2792 1188 2847 hanc
1226 2790 1455 2848 consilia
1512 2790 1694 2844 vivere
1739 2797 2022 2853 statuunt,

441 2905 634 2946 revera
681 2889 1000 2966 desiderant
1036 2886 1226 2942 videre
1270 2885 1454 2956 ipsum
1493 2883 1710 2938 virtutis
1750 2882 2026 2952 legislato—

442 2999 582 3048 rem,
618 2982 711 3053 qui
761 2981 874 3052 jam
927 2981 1057 3036 olim
1105 2981 1271 3034 etiam
1321 2992 1582 3047 magnum
1624 2975 1887 3031 Iacobum
1924 2989 2026 3030 suo

443 3078 619 3148 ipsius
671 3083 898 3145 aspectu
956 3074 1214 3144 dignatus
1260 3081 1366 3127 est.
1419 3069 1478 3124 ln
1526 3068 1819 3124 undecimo
1862 3069 2027 3138 igitur

2126 1925 2184 1978 δὲ
2234 1925 2532 1996 προσφυῶς
2567 1926 2665 1996 τὴν
2689 1926 3064 1998 ἐλεημοσύνην
3099 1932 3163 1999 τῇ
3197 1930 3422 1999 εὐλογίᾳ.
3453 1931 3702 1994 συνέζευ-

2129 2017 2206 2083 ξε.
2249 2019 2359 2071 Καὶ
2405 2019 2516 2090 γὰρ
2570 2021 2626 2072 αἰ
2665 2020 3022 2090 νομιζόμεναι
3061 2022 3357 2085 ἀντιδόσεις
3401 2022 3493 2074 διὰ
3548 2025 3703 2093 μόνην

2126 2108 2227 2178 τὴν
2286 2107 2440 2161 θείαν
2497 2107 2913 2181 φιλανθρωπίαν
2983 2112 3098 2173 τοῖς
3177 2110 3490 2177 ἀνθρώποις
3568 2128 3704 2182 παρ·

2127 2199 2318 2271 έχοντα
2342 2202 2411 2256 τι.
2447 2203 2625 2256 Πᾶσαι
2651 2204 2759 2274 γὰρ
2785 2201 2897 2257 τῶν
2931 2203 3028 2257 ἀνθ
3040 2203 3238 2274 ρώπων
3261 2206 3318 2256 αἱ
3337 2204 3701 2268 δικαιοσύναι,

2128 2294 2356 2348 ούδὲν⁷¹
2404 2295 2541 2367 πρὸς
2601 2295 2699 2358 τὰς
2752 2295 2853 2367 ἤδη
2905 2295 3198 2366 δεδομένας
3257 2296 3363 2348 ὑπὸ
3424 2296 3524 2349 τοῦ
3575 2297 3699 2350 Θεοῦ

2125 2390 2335 2461 δωρεὰς
2372 2391 2682 2461 ἀποχρῶσι,
2723 2392 2908 2462 μήπου
2929 2391 2976 2423 ⁷³
3009 2409 3073 2460 γε
3097 2391 3162 2463 δὴ
3211 2391 3348 2461 πρὸς
3379 2393 3481 2456 τὰς
3523 2394 3703 2461 ἐσομὲο

2127 2500 2244 2546 νας,
2281 2482 2338 2537 αἳ
2377 2485 2471 2537 καὶ
2504 2483 2767 2554 λογισμὸν
2797 2483 3138 2556 ἀνθρώπινον
3166 2484 3612 2556 ὑπερϐαίνουσιν.

2198 2628 2273 2686 ς’.
2300 2607 2446 2692 Αὕτη
2473 2630 2506 2693 η
2528 2619 2691 2690 γενεὰ
2713 2621 3023 2693 ζητούντων
3054 2623 3146 2676 τὸν
3170 2622 3372 2694 Κύριον
3393 2623 3461 2686 ⁷⁸,
3486 2622 3702 2694 ζητουν-

2127 2728 2234 2766 των
2303 2713 2366 2765 τὸ
2423 2713 2720 2784 πρόσωπον
2749 2713 2844 2766 τοῦ
2895 2713 3032 2766 Θεοῦ
3094 2714 3312 2768 Ἰακώϐ.
3356 2733 3374 2765 ι
3411 2716 3544 2767 OE"
3577 2718 3702 2768 κατὰ

2127 2803 2352 2870 ταύτας,
2403 2804 2558 2874 φησι,
2589 2805 2689 2867 τὰς
2737 2804 3021 2874 ὑποθήκας
3072 2801 3222 2874 βιοῦν
3253 2806 3698 2877 προαιρούμενοι,

2126 2893 2205 2963 τῷ
2235 2894 2348 2948 ὄντι
2383 2894 2610 2948 ποθοῦσι
2650 2897 2748 2966 τῆς
2786 2896 2988 2966 ἀρετῆς
3016 2897 3108 2949 τὸν
3141 2897 3445 2966 νομοθέτην
3485 2898 3702 2961 ἱδείν,ὃς

2127 2987 2297 3042 πάλαι
2327 2988 2458 3041 ποτὲ
2509 2989 2604 3041 καὶ
2642 2989 2738 3041 τὸν
2779 2989 2954 3059 μέγαν
3011 2989 3205 3043 Ἰακὼϐ
3239 2993 3338 3061 τῆς
3359 2991 3571 3054 οἰκείας
3592 2993 3702 3044 Em-

2128 3079 2357 3148 φανείας
2406 3079 2662 3149 ἠξίωσεν.
2699 3081 2864 3133 Ἐν⁷⁶
2920 3081 3020 3152 μὲν
3070 3079 3164 3136 οὖν
3196 3083 3242 3113 ⁷⁷
3299 3083 3377 3154 τῷ
3445 3085 3701 3155 ἑνδεκάτῳ

441 3171 680 3241 psalmo,
704 3169 772 3224 de
797 3167 1153 3238 generatione
1185 3165 1356 3219 altera
1377 3163 1634 3219 omnibus
1662 3162 1810 3218 vitiis
1833 3161 2024 3217 aﬂ‘ecta

2132 3171 2332 3242 ψαλμῷ
2384 3172 2515 3244 περὶ
2551 3174 2747 3241 γενεᾶς
2798 3173 2991 3242 ἑτέρας
3024 3173 3090 3245 [⁷⁸
3121 3177 3150 3228 ὁ
3204 3175 3510 3246 Προφήτης
3539 3175 3700 3230 διαλεο

447 3261 716 3335 [loquens
746 3255 1045 3328 PrOpheta]
1077 3255 1246 3311 Deum
1271 3254 1598 3326 precabatur
1624 3253 1809 3308 dicens
1836 3269 1850 3306 :
1881 3271 1898 3302 ι
1921 3251 2025 3318 Tu,

445 3354 700 3417 Domine,
733 3351 1011 3406 custodies
1053 3365 1182 3413 nos,
1222 3356 1278 3402 et
1327 3345 1571 3402 servabis
1610 3358 1712 3398 nos
1741 3359 1772 3396 a
1801 3357 2028 3414 genera-

445 3446 595 3501 tione
629 3445 732 3500 hac
761 3445 815 3498 in
845 3452 1110 3498 aeternum
1132 3451 1182 3493 ει.
1225 3458 1243 3491 ι
1281 3439 1381 3494 Hic
1408 3447 1590 3492 autem
1625 3435 1897 3490 contraria
1933 3451 2027 3487 va-

442 3537 724 3600 ticinatur,
772 3554 789 3587 (
834 3537 958 3590 llaec
987 3544 1072 3589 est
1118 3532 1400 3603 generatio
1433 3529 1797 3599 quaerentium
1847 3527 2030 3581 Domi-

407 3643 602 3705 ,num.
638 3648 656 3678 ι
687 3627 818 3680 Nam
850 3604 976 3696 post
1003 3624 1436 3680 incarnationem
1468 3623 1484 3641 ⁶
1516 3619 1611 3674 Dei
1640 3629 1694 3675 et
1727 3619 2028 3673 Salvatoris

445 3721 646 3786 nostri,
707 3723 886 3774 omnis
932 3730 1074 3772 terra
1115 3728 1169 3770 et
1205 3729 1356 3769 mare
1409 3714 1607 3767 divina:
1657 3711 2028 3782 praedicationi

442 3816 852 3883 obtemperans,
878 3813 1170 3880 dereliquit
1193 3809 1414 3878 quidem
1441 3809 1574 3862 deos
1607 3806 1833 3875 patrios,
1859 3805 2027 3860 Deum

445 3918 629 3964 autem
669 3904 860 3961 Jacobi
897 3905 1144 3975 inquirit.
1198 3902 1313 3956 Hoc
1354 3901 1518 3956 modo
1558 3899 1712 3954 orbis
1757 3909 2028 3953 terrarum

445 4004 624 4059 salute
668 4001 954 4072 praedicta,
1007 3998 1167 4052 docet
1199 3995 1457 4063 deinceps
1486 4006 1583 4047 eos
1617 3991 1712 4062 qui
1751 3991 1819 4044 ad
1868 3989 2029 4060 ﬁdem

446 4106 830 4159 accesserunt,
859 4096 1154 4150 Dominum
1186 4092 1464 4146 Christum
1500 4105 1611 4144 non
1641 4089 1818 4144 solum
1851 4104 2032 4143 resur-

449 4192 660 4246 rexisse
689 4190 906 4244 devicto
938 4187 1132 4241 mortis
1164 4184 1415 4252 imperio,
1454 4181 1545 4237 sed
1580 4181 1746 4235 etiam
1777 4180 1830 4233 in
1862 4179 2032 4234 cmlos

447 4282 700 4336 rediisse.
740 4279 1012 4346 Quoniam
1045 4279 1191 4330 enim
1223 4274 1517 4330 vicesimus
1549 4274 1760 4344 primus
1791 4272 2030 4340 psalmus

447 4373 670 4428 oracula
699 4371 1016 4426 continebat
1059 4371 1127 4424 de
1176 4369 1403 4423 salutari
1455 4367 1731 4436 passione,
1782 4379 1882 4418 nec
1925 4379 2031 4417 non

447 4465 860 4537 pmdictionem
888 4465 956 4518 de
985 4463 1228 4533 gentium
1261 4463 1438 4517 salute
1462 4499 1476 4525 ,
1509 4459 1704 4514 merito
1733 4471 1922 4511 rursus
1944 4454 2033 4509 hic

2129 3260 2384 3333 γόμενος]
2414 3263 2566 3335 πάσῃ
2593 3262 2764 3333 κακίᾳ
2815 3264 2912 3316 καὶ
2945 3263 3181 3334 πονηρίᾳ⁸
3210 3263 3470 3334 συζώσης
3498 3265 3698 3333 ἡντιὸό-

2128 3355 2207 3407 λει
2229 3354 2320 3406 τὸν
2347 3355 2479 3407 Θεὸν
2500 3355 2675 3424 λέγων
2696 3357 2740 3386 ⁷9
2771 3371 2783 3384 ⁵
2820 3375 2838 3407 ι
2860 3355 2957 3421 Σὺ,
2974 3355 3171 3426 Κύριε,
3201 3355 3459 3426 φυλάξεις
3479 3357 3526 3387 ⁸ο
3546 3359 3699 3427 ἡμᾶς,

2131 3450 2226 3502 καὶ
2259 3448 2618 3520 διατηρήσεις
2657 3451 2806 3518 ἡμᾶς
2835 3448 2946 3502 ἀπὸ
2994 3449 3096 3520 τῆς
3138 3451 3332 3518 γενεᾶς
3366 3450 3574 3522 ταύτης
3618 3453 3700 3504 καὶ

2131 3542 2212 3602 εἰς
2243 3541 2336 3594 τὸν
2393 3541 2588 3597 αἰῶνα.
2623 3561 2641 3592 ι
2689 3541 2954 3595 Ἐνταῦθα
2989 3541 3048 3594 δὲ
3103 3543 3369 3597 τάναντία
3413 3543 3657 3608 θεσπίζει
3683 3562 3696 3574 ’

2137 3649 2154 3681 ι
2186 3630 2333 3701 Αῦτη
2371 3633 2403 3701 ἡ
2444 3632 2608 3699 γενεὰ
2644 3630 2950 3702 ζητούντων
2981 3631 3074 3684 τὸν
3106 3630 3334 3702 Κύριον.
3377 3650 3395 3682 ›
3427 3633 3580 3685 Μετά
3606 3634 3698 3703 γὰρ

2131 3723 2230 3793 τὴν
2261 3723 2677 3794 ἐνανθρώπησιν
2707 3723 2802 3776 τοῦ
2848 3723 2984 3776 Θεοῦ
3009 3724 3052 3754 ³³
3101 3724 3196 3776 καὶ
3235 3725 3490 3794 Σωτῆρος
3530 3725 3693 3794 ἡμῶν,

2133 3818 2284 3869 πᾶσα
2315 3817 2436 3887 ηγῆ
2454 3816 2550 3868 καὶ
2575 3815 2824 3870 θάλασσα
2849 3816 2920 3886 τῷ
2945 3816 3077 3879 θείῳ
3103 3817 3392 3869 πεισθεῖσα
3412 3795 3694 3888 κηρύγμαο

2132 3927 2206 3973 τι,
2243 3909 2504 3962 κατέλιπε
2538 3909 2636 3978 μὲν
2675 3910 2802 3971 τοὺς
2837 3909 3126 3980 πατρῴους
3161 3909 3338 3974 θεοὺς,
3372 3909 3467 3962 τοῦ
3509 3910 3564 3962 δὲ
3601 3911 3694 3963 Ἰα-

2133 4001 2248 4053 κὼδ
2273 4002 2524 4072 ἐπιζητεί
2543 4002 2587 4032 ⁸³
2643 4003 2733 4053 τὸν
2763 4000 2916 4054 Θεόν.
2952 4000 3109 4054 Οὕτω
3164 4001 3581 4073 προαγορεύσεις
3607 4002 3694 4071 τῆς

2133 4095 2460 4166 οἰκουμένης
2485 4095 2530 4125 ⁸³
2560 4095 2659 4165 τὴν
2695 4096 2992 4166 σωτηρίαν,
3019 4095 3260 4150 διδάσκει
3279 4098 3468 4150 λοιπὸν
3492 4099 3611 4160 τοὺς
3635 4100 3690 4166 τῇ

2133 4188 2317 4241 πίστει
2360 4187 2853 4259 προσεληλυθότας,
2900 4188 2976 4252 ὡς
3033 4188 3096 4240 οὐ
3161 4187 3320 4258 μόνον
3359 4188 3556 4259 ἀνέστη
3608 4188 3691 4240 τοῦ

2136 4281 2368 4336 θανάτου
2398 4281 2714 4346 καταλύσας
2763 4282 2824 4335 τὸ
2850 4283 3054 4352 κράτος
3084 4283 3112 4335 ὁ
3142 4282 3421 4351 Δεσπότης
3452 4282 3688 4349 Χριστὸς,

2134 4371 2271 4426 ἀλλὰ
2314 4376 2404 4427 καὶ
2435 4373 2516 4437 εἰς
2557 4375 2820 4447 οὐρανοὺς
2868 4374 3219 4446 ἀνελήλυθεν.
3266 4374 3485 4444 Ἐπειδὴ
3514 4374 3558 4405 ⁸³
3595 4375 3691 4442 γὰρ

2137 4468 2164 4520 ὁ
2192 4464 2408 4537 πρῶτος
2460 4467 2556 4521 καὶ
2609 4467 2855 4532 εἰκοστὸς
2923 4467 3142 4538 ψαλμὸς
3173 4468 3241 4520 τὰ
3272 4466 3382 4520 τῶν
3423 4467 3688 4538 σωτηρίων

445 4559 544 4613 ubi
582 4557 648 4612 de
677 4557 930 4628 gentibus
961 4556 1294 4610 mentionem
1327 4553 1476 4617 fecit,
1527 4563 1580 4608 et
1611 4566 1802 4606 earum
1840 4549 2024 4620 cogni-

2136 4559 2475 4630 παθημάτων
2529 4556 2643 4630 εἶχε
2684 4560 3054 4629 θεσπίσματα,
3091 4559 3189 4613 καὶ
3242 4558 3342 4629 τῆς
3396 4557 3504 4612 τῶν
3540 4558 3689 4612 ἐθνῶν

449 4654 653 4708 tionem
690 4651 962 4722 praedixit,
989 4659 1044 4704 et
1067 4649 1298 4709 Domini
1343 4647 1719 4701 ascensionem
1745 4643 2021 4706 describit,

443 4755 503 4801 et
529 4745 689 4801 nobis
727 4746 1050 4814 angelorum
1104 4743 1304 4798 choros
1357 4739 1616 4801 ostendit,
1668 4737 1770 4791 hos
1807 4736 2028 4805 quidem

447 4839 737 4894 Dominum
787 4839 1066 4895 Christum
1122 4843 1452 4907 praeeuntes,
1511 4832 1634 4886 illos
1682 4828 1844 4899 754
1899 4844 2026 4883 vero

1373 5039 1404 5056 ρ

519 5051 550 5092 ν
589 5040 796 5098 Eccles.
835 5056 872 5105 t,
912 5039 968 5094 2.
1051 5049 1078 5087 ει
1121 5035 1212 5090 Ps.
1253 5052 1328 5104 χι,
1373 5039 1425 5093 7.

2139 4651 2410 4723 σωτηρίας
2435 4651 2532 4723 τὴν
2564 4653 2928 4723 προφητείαν,
2955 4653 3183 4716 εἰκότως
3209 4651 3376 4705 πάλιν
3408 4651 3628 4704 ἐνταῦθα
3650 4651 3688 4682 ⁸⁸

2135 4740 2244 4793 τῶν
2285 4740 2454 4794 ἐθνῶν
2494 4742 2902 4811 μνημονεύσας,
2931 4743 3027 4797 καὶ
3053 4741 3152 4811 τὴν
3183 4742 3394 4796 τούτων
3420 4743 3689 4810 ἐπίγνωσιν

2140 4834 2567 4906 χρησμιρδήσας,
2602 4837 2696 4888 καὶ
2740 4835 2838 4907 τὴν
2880 4837 3223 4905 Δεσποτικὴν
3269 4835 3534 4907 ἀνάληψιν
3573 4851 3686 4905 προ-

1546 5222 1778 5280 VARIAZ
1817 5219 2199 5276 LECTIONES
2240 5221 2327 5275 ΕΤ
2364 5219 2594 5276 NOTAE.

523 5366 565 5395 ⁸⁷
601 5366 723 5424 cod.
758 5367 811 5420 1.
840 5365 874 5416 2
897 5364 1126 5434 τοιούτῳ
1151 5364 1358 5434 τρόπῳ.
1388 5362 1463 5417 lta
1495 5380 1714 5433 quoque
1747 5362 1888 5432 apud
1921 5360 2024 5434 Cor

2132 5377 2171 5428 ρ.
2204 5362 2331 5416 425.

1797 5435 1838 5464 “
1866 5430 2024 5499 Παρέ

1812 5503 1885 5555 μή
1916 5520 1988 5554 τι.

2132 5448 2258 5486 ται.
2287 5433 2448 5487 cod.l
2488 5432 2821 5553 χαριίζυνται,
2849 5429 3083 5498 ascripta
3116 5441 3294 5482 tamen
3328 5431 3546 5484 lectione
3592 5429 3675 5478 ista

2147 5501 2263 5555 Τὸν
2287 5505 2529 5555 Κύοιόν.
2611 5516 2692 5555 ec.
2719 5500 2900 5555 lectio.
2942 5513 3104 5555 uuam
3149 5497 3383 5555 Vulgata
3420 5495 3670 5555 exorcssit.

1811 5503 1886 5591 μή
1916 5520 1991 5604 τξὲ
2066 5503 2113 5532 ⁷⁵
2147 5503 2263 5555 Τὸν
2287 5505 2529 5570 Κύριόν.
2565 5503 2726 5586 Hect]

1813 5592 1866 5628 ι).
2027 5572 2145 5626 Ἐν.
2175 5573 2297 5627 cod.
2328 5575 2362 5626 3
2390 5587 2576 5640 praem.
2609 5587 2726 5625 και.

446 5435 575 5488 cod.
604 5436 659 5490 2.
746 5435 793 5466 ’θ
824 5435 988 5490 Cord.
1018 5451 1072 5505 p.
1104 5436 1230 5500 424,
1270 5434 1703 5505 κατορθούντων.

448 5507 641 5559 altera.
718 5507 764 5538 ἠ
795 5507 914 5560 cod.
949 5507 982 5560 5
1013 5504 1156 5559 οὐδέ.
1235 5505 1281 5535 ⁷³
1308 5504 1552 5574 Μήπου.
1583 5507 1704 5560 cod.
1743 5505 1776 5559 5

450 5581 537 5629 est
579 5576 762 5630 αὐτόν.
838 5575 884 5607 ⁷⁵
923 5578 1078 5628 01—-
1104 5575 1378 5640 ἐξίωσεν.
1410 5576 1534 5629 Des.
1580 5576 1632 5629 in
1657 5577 1777 5628 cod.
1813 5575 1866 5628 5.

450 5646 578 5698 cod.
610 5647 644 5700 5
671 5647 854 5716 suppl.
963 5647 1007 5678 ’θ
1036 5645 1257 5716 Λέγων.
1300 5645 1468 5699 Abest
1490 5647 1658 5698 acod.
1699 5645 1746 5716 l.

457 5663 578 5698 cou.
611 5663 644 5700 ο
673 5663 854 5770 ειιρρι.

457 5731 597 5787 σαις.
623 5715 770 5787 4(Con
803 5757 814 5770 .
861 5733 913 5787 p.

2407 5363 2452 5395 σα
2487 5361 2633 5430 Γάρ.
2665 5361 2787 5415 cod.
2813 5361 2838 5414 ι
2861 5359 2937 5411 δέ.
2979 5359 3058 5430 ,ιο
3089 5358 3474 5414 Καὶ-αὐτοῦ.
3509 5356 3675 5430 Des.in

2611 5516 2692 5556 ec.
2719 5500 2900 5564 lectio,
2921 5495 3104 5569 _quam
3149 5497 3383 5569 Vulgata
3420 5495 3670 5569 expressit.

2802 5572 2847 5603 ⁷⁷
2876 5564 3009 5626 οὔκ.
3051 5569 3180 5624 Des.
3215 5564 3282 5623 in'
3307 5570 3426 5625 cod.
3465 5564 3512 5622 3.
3580 5564 3671 5616 ἐί-Σ

1821 5645 1868 5678 ³ο
1898 5647 2024 5698 Φυλ

2132 5662 2196 5708 τις
2224 5673 2293 5682 ——
2322 5636 2725 5708 διὰτηρὰσεις.
2755 5643 2878 5695 cod.
2910 5639 2961 5702 1,
2989 5639 3024 5691 2
3059 5639 3328 5706 φυλάξαις
3350 5670 3417 5680 -—
3447 5636 3671 5708 διατηρή-

959 5714 1062 5768 676
1089 5755 1103 5774 .
1126 5711 1135 5715 ’
1156 5734 1208 5772 n.
1246 5716 1276 5768 7
1301 5725 1356 5770 et
1389 5716 1467 5772 8.)
1541 5715 1584 5746 ⁸³
1612 5715 1783 5768 Θεοῦ.
1835 5715 1957 5769 cod.
1984 5714 2018 5768 5

2137 5715 2274 5785 ρίου.
2351 5713 2397 5743 ⁸²
2431 5711 2553 5785 cod.
2586 5712 2842 5785 ἐπεζήτει

2938 5709 2985 5782 ‘f’
3011 5709 3132 5778 Τῆς
3167 5713 3526 5782 οἰκουμένης.
3560 5707 3663 5761 Des.

452 5783 510 5840 in
537 5780 660 5839 cod.
690 5787 742 5840 1.
816 5780 877 5820 δι’
903 5785 1233 5856 Ἐπειδὴ-
1255 5785 1588 5855 (ﬂammiger.
1623 5785 1744 5857 Des.
1801 5786 1853 5839 in
1885 5785 2006 5840 cod.

2139 5780 2213 5817 ’⁸⁵
2251 5782 2564 5838 Ἐνταῦθα.
2599 5781 2763 5836 Abt-st
2796 5796 2823 5833 :1
2857 5780 2978 5834 cod.
3011 5782 3066 5834 ⁸2.
