3842 6514
488 266 625 330 1035

1470 267 1960 330 THEODORETI
1985 266 2325 328 EPISCOPI
2354 262 2721 326 CYRENSIS

3564 266 3664 337 1036

486 396 697 456 patum,
727 390 782 438 et
813 386 1255 452 potestatem,'et
1287 381 1714 436 dominationem
1744 422 1757 447 ,
1800 392 1856 436 et
1904 396 2067 437 omne

2172 381 2619 450 bnavory‘eteac‘.
2657 378 2847 442 Οὐδεὶς
2883 378 2992 448 γὰρ
3032 377 3245 442 ἐκείνας
3278 378 3379 432 τῶν
3421 380 3669 452 ἀνθρώπων

486 491 684 530 nomen
707 476 848 544 quod
868 473 1201 541 nominatur,
1221 488 1329 529 non
1347 474 1522 529 solum
1543 474 1596 527 in
1613 475 1714 528 hoc
1732 474 1951 539 saeculo,
1971 473 2064 527 sed

485 566 649 620 etiam
685 566 736 618 iu
763 565 968 619 futuro.
999 563 1226 633 Magnus
1248 572 1427 617 autem
1460 562 1608 617 Elias
1638 572 1959 633 assumptus
1981 571 2064 617 est

486 659 735 726 quidem,
764 668 821 711 at
852 674 958 711 non
996 659 1045 711 in
1076 658 1298 721 caelum,
1331 656 1424 710 sed
1459 665 1719 725 tanquam
1753 657 1806 710 in
1837 655 2059 710 caelum.

487 753 579 808 Sic
604 753 779 823 prima
800 752 1226 821 interrogatimie
1248 760 1299 805 et
1329 749 1493 821 756
1516 750 1873 819 responsione
1898 749 2057 814 facta,

485 862 676 901 rursus
708 846 793 899 ha-
819 846 1037 914 quidem
1068 845 1418 913 interrogant,
1454 845 1536 897 hze
1557 859 1686 897 vero
1705 843 2058 914 respondent,

484 948 537 992 et
580 938 798 992 discunt
839 938 1101 991 virtutum
1160 934 1451 989 Dominum
1506 934 1655 989 hunc
1700 950 1821 989 esse
1880 951 2061 1003 regem

485 1033 693 1103 gloriae.
738 1034 837 1085 hoc
870 1042 975 1093 est,
1006 1030 1097 1100 qui
1131 1029 1450 1095 angelorum
1496 1038 1549 1082 et
1581 1028 2060 1097 archangelorum,

484 1133 539 1177 et
570 1122 741 1176 tutius
784 1130 991 1175 natura:
1033 1119 1327 1174 invisibilis
1367 1130 1420 1174 et
1468 1129 1665 1174 creata!
1715 1120 1969 1173 conditor
2011 1129 2066 1174 et

484 1209 667 1280 opifex
703 1219 805 1265 est.

2170 472 2462 542 διεπέρασε
2509 470 2752 534 πώποτε,
2784 470 2901 524 ἀλλ’
2924 472 2954 523 ὀ
3006 470 3424 542 ἐνανθρωπήσας
3460 471 3573 536 Θεὸς
3595 476 3671 530 Δὸ-

2170 583 2289 634 γος,
2318 568 2416 634 τὴν
2441 566 2723 637 ἡμετέραν
2753 562 3042 619 ἀναλαϐὼν
3073 564 3349 635 ἀπαρχὴν,
3386 560 3674 634 ἀνήγαγίτε

2169 660 2249 719 είς
2290 658 2580 729 οὐρανοὺς,
2618 657 2712 710 καὶ
2739 655 2998 710 ἐκάθισεν
3028 657 3087 707 ἐν
3135 654 3287 725 δεξιᾷ
3318 658 3412 724 τῆς
3435 657 3677 725 μεγαλοσύ.

2166 767 2265 820 νης
2292 752 2348 803 ἐν
2380 753 2491 813 τοῖς
2528 749 2773 819 ὑψηλοῖς,
2825 748 3013 802 ἐπάνω
3039 746 3220 817 πάσης
3259 748 3427 817 ἀρχῆς
3458 748 3540 799 καὶ
3562 750 3677 816 {Eou-

2167 842 2288 906 σίας
2316 843 2358 910 ⁸,
2393 843 2485 895 καὶ
2508 843 2851 912 κυριότητος,
2878 841 2976 894 καὶ
3008 840 3207 903 παντὸς
3254 840 3503 907 ὀνόματος
3528 840 3680 911 ὀνομα-

2167 932 2427 1003 ζομένου,
2462 934 2525 986 οὐ
2572 933 2733 1003 μόνον
2785 934 2844 985 ἐν
2875 932 2951 1003 τῷ
2983 931 3141 985 αἰῶνι
3170 930 3369 1000 τούτῳ,
3389 931 3515 984 ἀλλὰ
3540 935 3615 985 καὶ
3637 936 3680 986 ἐν

2162 1024 2241 1096 τῷ
2268 1025 2537 1095 μέλλοντι.
2596 1026 2655 1079 'O
2672 1026 2727 1078 δέ
2760 1026 2936 1095 μέγας
2966 1025 3151 1087 Ἠλίας
3170 1022 3442 1093 ἀνελήφθη
3476 1024 3683 1092 μὲν,ᾶλλ⁹

2164 1117 2265 1170 οὐκ
2299 1118 2376 1180 είς
2408 1118 2501 1170 τὸν
2539 1118 2599 1170 οὐ
2611 1118 2792 1189 ρανδν,
2819 1117 2935 1170 ἀλλ’
2964 1116 3041 1179 ὡς
3068 1118 3149 1178 εἱς
3178 1115 3271 1168 τὸν
3300 1116 3515 1185 οὐρανόν
3536 1132 3548 1145 ν
3575 1116 3683 1170 οὕτω

2165 1209 2265 1278 τῆς
2290 1209 2565 1279 πρότερας
2616 1209 2862 1267 πεύσεως
2893 1210 2988 1262 καὶ
3032 1206 3380 1279 ἀποκρίσεως
3422 1209 3683 1277 γενομένης,

484 1301 641 1368 αὖθις
673 1306 728 1357 ai
775 1302 873 1372 μὲν
922 1300 1303 1363 πυνθάνονται,
1352 1302 1408 1353 αί
1449 1300 1505 1352 δέ
1547 1300 1942 1369 ἀποκρίνονται
1981 1300 2076 1353 καὶ
2116 1303 2482 1369 μανθάνουσιν
2537 1302 2663 1364 ὡςὸ
2730 1301 2841 1355 τῶν
2864 1301 3147 1371 δυνάμεων
3184 1297 3388 1368 Κύριος
3408 1298 3552 1362 αὐτός
3574 1300 3685 1352 ἐστιν

483 1398 512 1449 ὁ
576 1394 833 1466 βασιλεὺς
876 1393 975 1462 τῆς
1027 1392 1225 1461 δόξης,
1283 1391 1564 1445 τουτέστιν
1602 1393 1630 1443 ὁ
1673 1391 1921 1460 ἀγγέλων
1966 1391 2061 1444 καὶ
2100 1394 2459 1463 άρχαγγέλων
2517 1393 2557 1459 ³,
2591 1396 2684 1448 καὶ
2720 1395 2906 1466 πάσης
2968 1394 3069 1464 τῆς
3107 1394 3344 1462 ἀοράτου
3374 1392 3466 1445 καὶ
3498 1392 3684 1463 xei/qvi;

483 1487 723 1557 φύσεως,
758 1486 989 1555 ποιητής
1043 1485 1162 1536 ἐστι
1191 1484 1211 1514 ⁸
1233 1484 1327 1537 καὶ
1355 1484 1707 1554 δημιουργός.

870 1599 1145 1655 INTERP.
1194 1599 1442 1653 PSALMI
1486 1599 1677 1655 XXIV.

552 1674 722 1749 Vens.
765 1694 815 1746 1.
861 1712 877 1743 ι
922 1694 974 1744 lii
1010 1692 1195 1753 linem,
1227 1692 1474 1760 psalmus
1507 1689 1717 1745 Davidi.
1755 1710 1773 1741 ι
1812 1691 2062 1748 Psalmus

482 1785 574 1842 hic
609 1783 1009 1854 deprecationis
1072 1782 1363 1836 formulam
1421 1782 1602 1837 habet.
1657 1781 1973 1853 Pr0pterea,
2005 1794 2063 1837 ut

482 1877 783 1933 verisimile
826 1884 931 1941 est,
986 1890 1159 1945 neque
1203 1875 1486 1944 inscriptio
1550 1876 1725 1943 ipsum
1785 1876 2057 1945 psalmum

484 1971 753 2026 nominat.
780 1968 966 2037 Aliqui
993 1976 1174 2021 autem
1208 1967 1500 2035 scriptores
1524 1967 1891 2037 captivitatem
1921 1983 2060 2038 pra»

482 2061 661 2115 dicere
692 2058 969 2118 dixerunt,
1019 2064 1074 2109 et
1128 2067 1385 2120 tanquam
1442 2055 1511 2107 ab
1560 2054 1669 2107 illis
1714 2054 1808 2123 qui
1862 2053 2061 2123 captivi

482 2162 657 2215 erant,
707 2148 913 2202 dictum
969 2147 1354 2215 explanaruut,
1410 2147 1570 2198 tinem
1628 2152 1839 2199 tantum
1885 2155 2060 2199 alten-

481 2244 691 2297 dentes.
738 2258 757 2291 ι
800 2238 994 2293 Libera
1044 2238 1212 2304 enim,
1243 2238 1438 2307 inquit,
1489 2238 1651 2307 Deus,
1704 2237 1954 2292 Israelein
1991 2253 2055 2291 ex

482 2333 739 2388 omnibus
794 2329 1242 2385 tribulationibus
1295 2330 1434 2398 ejus.
1469 2348 1487 2379 ι
1522 2328 1635 2398 Ego
1687 2340 1869 2383 autem
1913 2329 2059 2383 hunc

482 2428 751 2497 psalmum
801 2442 829 2478 a
873 2426 1031 2479 beato
1079 2423 1284 2477 Davide
1327 2422 1533 2477 dictum
1570 2423 1740 2479 fuisse
1779 2423 2056 2487 existimo,

482 2535 606 2574 cum
643 2520 844 2572 multos
892 2518 1132 2570 hostium
1179 2515 1416 2584 impetus
1447 2527 1740 2585 pateretur.
1782 2514 1954 2581 Quam
1986 2515 2059 2570 ob

483 2626 707 2666 causam
738 2612 807 2663 ile
851 2610 1049 2679 priscis
1079 2622 1243 2678 atque
1288 2609 1603 2663 recentibus
1635 2610 1873 2677 peccatis
1904 2623 2057 2662 men-

483 2706 683 2760 tionem
715 2701 863 2766 faeit,
893 2702 961 2755 ab
993 2701 1189 2771 hisque
1233 2700 1452 2754 liberari
1483 2699 1754 2754 obsecrat.
1786 2698 2059 2753 Cohorta-

482 2798 682 2851 iionem
703 2803 880 2849 autem
906 2793 1225 2848 hominibus
1247 2793 1433 2847 utilem
1455 2793 1767 2848 introducit.
1799 2791 2058 2865 [Maxime

481 2897 658 2942 autem
690 2887 946 2957 congruit
976 2884 1065 2939 hic
1095 2885 1339 2953 psalmus
1384 2884 1453 2939 iis
1487 2884 1581 2954 qui
1610 2900 1640 2939 e
1668 2886 1920 2955 gentibus
1957 2900 2053 2938 vo-

479 2981 583 3034 cati
614 2990 760 3043 suut,
797 2977 1135 3046 multamque
1170 2992 1294 3031 cum
1326 2990 1391 3031 eo
1421 2976 1513 3046 qui
1546 2977 1842 3047 praecedit,
1888 2977 2053 3031 habet

475 3069 907 3140 Cognationem.]

551 3184 569 3216 ι
608 3167 687 3218 Ad
726 3176 797 3227 te,
828 3165 1074 3227 Domine,
1106 3163 1277 3217 levavi
1321 3163 1559 3217 animam
1585 3178 1781 3218 meam.
1808 3168 1825 3187 ‘
1863 3162 2050 3236 [VI-ms.

474 3257 531 3323 2,
562 3255 645 3328 5.]
683 3256 825 3311 Deus
852 3258 952 3319 mi,
987 3257 1038 3308 in
1069 3266 1120 3309 te
1150 3255 1384 3319 confido,
1412 3271 1478 3310 ue
1499 3256 1821 3310 erubescam
1852 3256 1906 3309 in
1934 3271 2054 3325 per-

476 3360 723 3420 petuum.
758 3348 917 3419 757
959 3346 1143 3416 Neque
1177 3346 1444 3401 irrideant
1487 3361 1574 3401 me
1617 3347 1820 3401 inimici
1870 3347 1994 3401 mei.
2028 3365 2046 3396 ι

477 3444 728 3512 Undique
759 3444 826 3494 ab
858 3441 1095 3494 infinitis
1131 3440 1379 3493 hostibus
1425 3448 1633 3509 septus,
1656 3441 1775 3503 tibi,
1800 3440 2048 3505 Domine,

477 3552 654 3589 meam
694 3536 932 3589 animam
977 3532 1167 3598 oﬂ'ero,
1214 3543 1270 3587 et
1315 3549 1379 3587 ex
1421 3543 1514 3588 tuo
1555 3534 1757 3588 auxilio
1804 3535 2048 3605 pendeo,

474 3629 775 3682 obsecrans
832 3641 901 3679 ne
947 3640 1161 3694 semper
1207 3625 1260 3680 in
1318 3626 1618 3696 ignominia
1666 3627 1869 3695 vivam,
1918 3643 2052 3682 neve

476 3719 730 3774 hostibus
761 3718 1000 3772 ludibrio
1035 3717 1161 3771 sim.

549 3919 568 3952 ι
614 3899 824 3953 Etenim
858 3914 1070 3958 omnes.
1098 3900 1189 3969 qui
1224 3910 1543 3970 exspectant
1574 3907 1645 3961 te.
1671 3914 1781 3954 non
1812 3899 2049 3955 confun-

472 3995 692 4050 dentur.
720 3991 913 4065 |Vens.
949 3990 1029 4063 4.]
1057 3990 1477 4048 Coufundautur
1504 3994 1691 4063 iniqua
1723 4003 1943 4065 agentes
1972 4004 2051 4048 te—

472 4101 642 4141 mere.
676 4104 695 4137 ι
751 4084 954 4149 Habeo,
1001 4085 1097 4147 ait,
1136 4085 1391 4139 idoneum
1429 4087 1624 4155 pignus
1665 4087 1800 4155 spei,
1836 4101 1930 4142 eos
1955 4086 2049 4156 qui

472 4179 567 4231 tibi
600 4178 710 4245 jam
739 4176 1112 4239 crediderunt,
1144 4186 1343 4246 tuaque
1367 4192 1469 4245 ope
1493 4178 1644 4246 potiti
1667 4186 1812 4232 sunt.
1844 4177 2045 4231 Horum

2093 1583 2140 1642 B

2494 1595 2760 1648 ΕΡΜΗΝ.
2788 1593 2926 1646 ΤΟΥ
2967 1594 3071 1647 ΚΔ¹
3102 1592 3422 1647 ΨᾹΛΜυΥ.

2236 1687 2305 1743 α’.
2343 1708 2362 1740 ι
2399 1688 2495 1752 Είς
2524 1688 2583 1741 τὸ
2611 1687 2764 1751 τέλος
2788 1689 2831 1753 ⁸,
2869 1686 3081 1756 ψαλμδς
3116 1686 3195 1756 τῷ
3232 1686 3415 1741 Δαὸίδ.
3450 1705 3468 1739 ι
3509 1688 3561 1741 '0
3582 1688 3687 1756 ψαλ-

2166 1783 2267 1857 μδς
2300 1773 2456 1845 οὗτος
2487 1780 2507 1810 ⁸
2538 1780 2847 1851 προσευχῆς
2887 1779 3237 1850 ἔχει,σχῆμα.
3273 1780 3372 1832 Διά
3398 1796 3476 1831 τοι
3495 1780 3513 1810 τ
3544 1779 3684 1845 τοῦτο,

2160 1877 2234 1940 ὡς
2260 1877 2428 1940 είκὸς,
2458 1874 2577 1928 οὺδέ
2608 1877 2628 1905 ⁸
2656 1874 2871 1943 ψαλμὸν
2899 1876 2919 1906 ⁹
2953 1876 2985 1943 ή
3021 1874 3307 1945 ἐπιγραφὴ
3327 1876 3683 1945 προσαγορεύει.

2162 1970 2320 2031 Τινὲς
2342 1969 2399 2021 δὲ
2437 1967 2546 2020 τῶν
2576 1966 2938 2037 συγγραφέων
2969 1968 3066 2037 τῆς
3092 1966 3465 2037 αἰχμαλωσίας
3494 1985 3682 2035 προαγοο

2162 2060 2410 2130 ρευτικὸν
2441 2059 2651 2128 ἔφασαν
2691 2059 2730 2089 ⁸ο
2761 2053 2924 2119 εἶναι,
2973 2059 3068 2111 καὶ
3112 2058 3189 2121 ὡς
3226 2057 3288 2123 ἐξ
3332 2059 3540 2111 ἐκείνων
3569 2061 3684 2131 είρη-

2162 2154 2323 2222 μένον
2356 2153 2731 2223 ἡρμήνευσαν,
2768 2151 2847 2221 τῷ
2890 2152 3034 2205 τέλει
3070 2152 3217 2221 μόνῳ
3265 2154 3684 2222 προσεσχηκότες·

2165 2264 2183 2296 ι
2214 2244 2503 2316 Λύτρωσαι
2521 2244 2649 2315 γάρ,
2682 2244 2865 2313 φησὶν,
2894 2245 2923 2297 ὁ
2947 2244 3078 2307 Θεὸς
3107 2247 3170 2311 ⁸³,
3196 2245 3289 2298 τὸν
3313 2245 3516 2316 Ἰσραὴλ
3533 2249 3585 2297 ἐκ
3610 2264 3685 2300 πα-

2158 2338 2268 2391 σῶν
2299 2337 2407 2390 τῶν
2438 2337 2673 2407 θλίψεων
2703 2338 2887 2391 αὑτοῦ.
2928 2358 2945 2387 ι
2973 2336 3112 2406 Ἐγὼ
3135 2338 3193 2391 δὲ
3215 2339 3257 2370 ¹²
3280 2338 3511 2408 ἡγοῦμαι
3537 2338 3684 2391 τοῦτον

2159 2430 2203 2461 ¹⁸
2238 2428 2491 2499 είρῆσθαι
2521 2430 2614 2483 τὸν
2651 2429 2864 2500 ψαλμὸν
2894 2430 2998 2482 ὑπὸ
3043 2430 3137 2483 τοῦ
3169 2430 3445 2500 μακαρίου
3473 2430 3513 2462 ³⁸
3537 2432 3681 2497 dum,

2154 2519 2319 2591 ήνίκα
2384 2520 2588 2583 πολλάς
2637 2521 2761 2589 ἔσχε
2822 2521 3101 2591 πολεμίων
3144 2524 3188 2554 ³⁵
3228 2525 3605 2586 ἐπαναστάσεις
3633 2527 3681 2578 ⁸⁸.

2156 2604 2233 2662 Ob
2262 2610 2327 2681 δὴ
2349 2610 2508 2682 χάριν
2554 2612 2645 2665 καὶ
2672 2611 2919 2664 παλαιῶν
2963 2616 3056 2664 καὶ
3087 2612 3223 2665 νέων
3254 2617 3486 2666 ποιεῖται
3512 2616 3683 2684 μνήμην

2155 2702 2595 2773 ἁμαρτημάτων,
2623 2705 2716 2757 καὶ
2750 2704 2959 2757 τούτων
2988 2705 3028 2735 ¹⁷
3058 2704 3443 2775 ἀπαλλαγῆναι
3478 2722 3682 2775 παρακα-

2154 2793 2256 2846 λεῖ.
2284 2795 2601 2865 Είσηγείται
2625 2795 2681 2848 δὲ
2714 2796 2808 2849 καὶ
2826 2796 3150 2865 παραίνεσιν
3184 2796 3493 2867 ἀνθρώποις
3510 2797 3548 2828 ¹⁶
3571 2796 3681 2866 ὠφέ-

2154 2883 2331 2955 λιμον.
2374 2885 2441 2957 [ι’
2485 2886 2743 2957 Ἀρμόζει
2771 2886 2830 2939 δὲ
2882 2888 3118 2957 μάλιστα
3149 2888 3177 2940 ό
3217 2888 3683 2960 προκείμενοςψαλ-

2156 2978 2257 3047 μὸς
2280 2982 2393 3041 τοῖς
2424 2980 2481 3045 ἐξ
2528 2979 2699 3033 ἐθνῶν
2744 2980 3126 3050 κεκλημένοις,
3158 2982 3254 3034 καὶ
3281 2980 3475 3052 πολλὴν
3510 2982 3684 3035 ἀκολου-

2154 3072 2273 3124 θίαν
2310 3071 2424 3141 ἐχει
2470 3073 2608 3143 πρὸς
2656 3072 2748 3125 τὸν
2779 3073 2887 3143 πρὸ
2930 3072 3147 3145 αὑτοῦ.]

2228 3182 2244 3211 ι
2286 3161 2430 3231 Πρὸς
2459 3162 2539 3226 σὲ,
2588 3161 2781 3233 Κύριε,
2817 3159 2926 3234 ἦρα
2967 3162 3063 3234 τὴν
3104 3162 3286 3234 ψυχήν
3338 3180 3457 3234 μου.
3512 3165 3561 3219 '0
3583 3162 3682 3227 θεός

2157 3268 2284 3321 μου,
2327 3252 2421 3303 ἐπὶ
2457 3254 2538 3304 σοὶ
2570 3252 2826 3317 πέποιθα,
2871 3253 2946 3325 μὴ
3000 3255 3454 3326 καταισχυνθείην
3500 3257 3568 3319 είς
3616 3256 3685 3308 τὸν

2152 3343 2344 3398 αἰῶνα.
2376 3344 2422 3374 ²⁰
2484 3344 2634 3415 Μηδέ
2690 3346 3227 3414 καταγελασάτωσάν
3272 3365 3345 3417 με
3384 3350 3425 3379 ’ί
3460 3348 3505 3401 οί
3541 3346 3683 3418 ἐχθροί

2156 3452 2277 3506 μου.
2319 3454 2338 3488 ›
2406 3437 2678 3491 Πάντοθεν
2738 3439 2848 3492 ὑπὸ
2931 3440 3142 3510 μυρίων
3202 3440 3683 3511 περιστοιχιζόμενος

2150 3529 2452 3601 δυσμενῶν,
2493 3533 2577 3583 σοὶ
2620 3531 2719 3602 τὴν
2770 3532 3008 3601 ἐμαυτοῦ
3039 3572 3053 3593 ,
3110 3533 3356 3585 Δέσποτα
3382 3573 3396 3596 ,
3442 3532 3683 3602 προσφέρω

2149 3621 2346 3692 ψυχὴν,
2384 3624 2480 3677 καὶ
2516 3624 2618 3695 τῆς
2653 3624 2752 3693 σῆς
2797 3624 3052 3695 βοηθείας
3082 3626 3124 3655 ’³
3157 3624 3484 3696 ἐξήρτημαι,
3523 3626 3588 3695 μὴ
3622 3624 3680 3677 δι-

2153 3716 2366 3784 ηνεκῶς
2400 3718 2459 3770 ἐν
2491 3716 2719 3787 αἰσχύνῃ
2742 3717 2970 3786 διάγειν,
2997 3719 3090 3771 καὶ
3117 3719 3415 3789 ἐπίχαρτος
3448 3712 3570 3770 εἶναι
3598 3717 3683 3778 τοίς

2152 3806 2454 3878 πολεμίοις,
2486 3808 2783 3862 ἀντιϐολῶν
2817 3808 2882 3864 ⁸⁸.

2228 3917 2246 3949 ι
2278 3900 2387 3953 Καὶ
2415 3900 2523 3971 γάρ
2555 3902 2755 3963 πάντες
2784 3901 2833 3953 oi
2864 3900 3226 3969 ὑπομένοντές
3248 3918 3309 3955 σε
3334 3904 3393 3955 οὐ
3430 3903 3500 3973 μὴ
3526 3916 3678 3954 καται-

2151 3991 2476 4063 σχυνθῶσιν.
2670 3992 3130 4063 Αίσχυνθήτωσαν
3166 3996 3213 4047 οἱ
3241 3994 3555 4064 ἁνομοῦντες
3594 3992 3678 4045 διο-

2149 4087 2334 4152 κενῆς.
2382 4103 2401 4136 ι
2443 4082 2592 4153 Ἔχω
2615 4082 2683 4147 ⁸⁸,
2714 4083 2868 4153 φησὶ,
2911 4086 3012 4154 τῆς
3060 4084 3271 4147 ἐλπίδος
3314 4084 3555 4155 ἐχέγγυον
3588 4084 3677 4135 lxa-

2150 4176 2259 4240 νδν,
2291 4175 2415 4238 τοὺς
2444 4174 2544 4246 ἤδη
2578 4192 2661 4228 σοι
2685 4174 3141 4239 πεπιστευκότας,
3165 4178 3259 4230 καὶ
3301 4178 3402 4244 τῆς
3425 4176 3517 4244 σῆς
3543 4174 3677 4245 ῥοπῆς

470 4268 618 4322 enim
670 4265 864 4320 solitus
911 4280 971 4319 es
1019 4281 1205 4319 curam
1242 4281 1450 4335 gerere,
1500 4266 1836 4322 confundere
1868 4279 2048 4323 autem

2165 4266 2588 4327 ὶπολαύσαντας.
2622 4266 2838 4321 Τούτων
2898 4267 3000 4337 μὲν
3034 4268 3151 4339 ’γάρ
3187 4269 3387 4331 εἴωθας
3425 4266 3676 4339 προμηθεῖ·

472 4360 621 4413 vitiis
658 4358 891 4412 deditos.
930 4356 1102 4411 Porro
1133 4357 1427 4412 notandum
1470 4369 1554 4414 est
1609 4362 1752 4428 quod
1779 4376 1885 4415 non
1920 4377 2047 4431 pec-

472 4460 681 4512 cantes.
754 4464 939 4503 verum
996 4458 1196 4503 temere
1248 4453 1731 4521 transgredientes,
1780 4454 2047 4510 dedecore

473 4542 684 4613 impleri
723 4542 888 4596 dicat.
920 4540 1039 4595 Non
1078 4541 1220 4595 enim
1251 4557 1441 4598 omnes
1468 4544 1750 4611 aequaliter
1780 4555 2041 4614 peccant:

472 4649 599 4689 nam
623 4635 791 4703 aliqui
826 4632 1045 4702 quidem
1078 4633 1146 4687 ob
1182 4633 1418 4703 aliquam
1454 4636 1841 4700 calamitatem,
1872 4638 1952 4692 vel
1975 4638 2047 4692 ob

2156 4359 2301 4421 σθαι,
2349 4358 2731 4430 καταισχύνειν
2781 4359 2837 4412 δὲ
2874 4360 3003 4422 τοὺς
3060 4363 3378 4433 παρανομίᾳ
3427 4360 3673 4425 συζῶντας.

2166 4452 2359 4520 Ἐπιση
2370 4450 2644 4521 μήνασθαι
2661 4450 2717 4504 δέ
2737 4451 3033 4522 προσήκει,
3052 4451 3138 4505 ὅτι
3162 4453 3223 4505 οὐ
3242 4455 3371 4517 τοὺς
3383 4453 3676 4524 ἁμαρτάνον·

2150 4563 2249 4609 τας
2280 4546 2347 4611 ’⁵,
2380 4544 2517 4598 ἀλλὰ
2536 4544 2581 4577 ’⁸
2609 4561 2681 4599 κα
2722 4546 2850 4609 τοὺς
2877 4545 3133 4617 διακενῆς
3161 4547 3507 4617 άνομοῦντας,
3527 4542 3675 4615 αίσχὺο

2148 4655 2243 4701 νης
2274 4639 2475 4710 ἔφησεν
2506 4641 2551 4672 ’τ
2585 4639 3065 4710 ἀναπίμπλασθαι.
3090 4640 3165 4695 οὐ
3187 4642 3297 4714 γάρ
3319 4645 3509 4706 πάντες
3534 4641 3673 4711 πλημ-

1574 4813 1803 4868 νΑΙζΙιΕ
1845 4814 2234 4871 LECTIONES
2274 4814 2361 4869 ET
2400 4813 2632 4871 ΝΟΤᾸΞ.

546 4997 563 5029 ¹
593 4996 715 5052 cod.
754 4996 786 5049 Ξ
831 4992 1274 5065 παρανοιγείσαςί.

1379 4997 1398 5025 ¹
1427 4995 1534 5048 Καὶ
1575 4996 1883 5061 ἐξουσίας.
1922 4995 2090 5051 Abest
2129 5011 2159 5048 a
2186 4996 2307 5050 cod.
2354 4994 2406 5048 l.

2510 4996 2531 5028 ⁸
2592 4996 2706 5050 Καὶ
2747 4995 3158 5065 ἀρχαγγέλων.
3217 4996 3383 5051 Abest
3416 5012 3444 5051 a
3490 4993 3664 5065 cod.f_l.

472 5069 493 5098 ⁸
530 5069 715 5122 Ἔστι.
745 5063 922 5119 Abest
949 5080 978 5136 a
1011 5065 1130 5136 eod.
1167 5064 1217 5129 1,
1240 5064 1295 5136 2.
1370 5065 1515 5136 {Et};
1538 5067 1605 5118 τὸ
1630 5065 1823 5130 τέλος.
1857 5066 2023 5120 Abest
2048 5082 2075 5119 a

2165 5066 2231 5122 ul.
2272 5066 2325 5131 l,
2357 5065 2411 5118 2.
2478 5066 2510 5136 7‘
2541 5065 2607 5136 f0
2633 5063 2881 5136 ψαλμὸζ
2913 5063 3111 5131 οὗτος.
3153 5066 3318 5122 Garn.
3356 5069 3497 5121 Auct.
3525 5080 3565 5133 p.
3586 5063 3665 5116 ll:

473 5140 499 5190 ὁ
547 5138 685 5205 μετὰ
718 5139 907 5205 χεῖρας
931 5133 1165 5203 ψαλμός.

1260 5134 1280 5165 ν
1316 5133 1418 5187 Διά
1445 5152 1532 5188 τοι
1562 5165 1635 5177 -
1656 5136 1924 5203 θλίψεων
1949 5137 2155 5191 αὐτοῦ.
2190 5137 2310 5192 Des.
2346 5135 2488 5203 apud
2521 5133 2688 5191 Garri.
2719 5133 2840 5192 l.'c.

473 5204 687 5279 Reliqui
722 5204 932 5279 ξενίσω
988 5204 1320 5279 interpretes
1352 5205 1480 5279 huic
1510 5205 1725 5260 Psalmo
1764 5208 1981 5279 titulum
2017 5205 2282 5271 fecerunt,
2314 5208 2409 5261 τοῦ
2440 5206 2627 5279 Δαὸιδ,
2672 5208 3001 5263 observante
3029 5206 3284 5279 Eusebio.

2937 5139 2960 5172 ⁸
2982 5136 3137 5207 Ορὃὲ
3167 5168 3235 5178 -
3270 5138 3663 5207 προσαγόρευμα

3389 5214 3426 5287 .'-
3444 5203 3661 5287 ’ίῖλλμδῖς

472 5271 677 5338 «θωπί.
722 5278 757 5330 2
781 5277 986 5329 addunt
1022 5271 1201 5327 αὐτόν.
1282 5274 1648 5345 ⁸⁸έἙφασαν.
1681 5276 1803 5329 cod.
1838 5277 1886 5339 1,
1921 5277 1956 5329 2
1989 5292 2075 5345 pm

2165 5317 2177 5329 .
2213 5280 2397 5331 αὐτόν.
2476 5278 2517 5308 ¹¹
2557 5271 2800 5342 ΟΘεός.
2844 5279 3011 5334 Abest
3038 5292 3067 5330 a
3099 5278 3223 5331 cod.
3254 5279 3311 5331 2.
3386 5280 3426 5310 ¹³
3464 5271 3586 5340 Ἐγὼ
3613 5271 3665 5345 δὲ

469 5382 538 5390 --
566 5348 831 5417 ψαλμόν.
890 5346 1069 5417 Garn.
1111 5345 1147 5399 ι.
1191 5360 1241 5399 c.
1293 5343 1507 5417 εἴρηται
1529 5346 1621 5417 δέ.
1644 5346 1687 5377 ⁸³
1715 5345 1949 5399 Τοῦτων
1975 5343 2075 5401 eod

2165 5352 2172 5400 ι
2202 5364 2391 5417 praem.
2425 5347 2541 5401 καί.
2600 5346 2662 5417 ν¹⁶
2687 5351 3016 5417 Μακαρίου.
3044 5348 3167 5400 cod.
3210 5348 3245 5400 2
3276 5349 3438 5402 θείου.
3509 5343 3658 5417 "cod;

472 5420 495 5473 1
529 5462 543 5480 ,
569 5415 605 5473 2
630 5415 900 5486 πολέμων.
978 5416 1022 5447 ⁸⁸
1062 5416 1559 5482 Ἐπαναστάσεις.
1594 5415 1757 5470 Garri.
1792 5417 2137 5479 ἀναστάσεις.

2216 5419 2255 5449 ³⁷
2286 5418 2541 5473 Τούτων.
2581 5416 2748 5473 Garu.
2783 5410 2927 5471 τότε.
3006 5418 3049 5450 ⁸⁸
3090 5418 3461 5487 Ἀνθρώποις.
3514 5410 3662 5487 ωίῷ

467 5502 520 5541 et
557 5489 724 5544 Garu.
758 5481 1092 5557 praemittunt
1123 5488 1305 5541 πᾶσιν.
1386 5487 1428 5518 ¹⁹
1456 5486 1499 5539 Ε
1533 5486 1701 5541 Garn.
1732 5488 1910 5556 suppl.
1984 5487 2030 5517 ’°
2058 5491 2075 5541 ί

2193 5487 2301 5541 τὸν
2326 5488 2530 5543 αιῶνα.
2570 5488 2759 5543 Exstat
2793 5498 3004 5543 tantum
3035 5488 3089 5543 iu
3114 5481 3244 5542 edil'.
3280 5490 3399 5543 Ald.
3420 5481 3657 5557 ὀιϐᾳιιῃξιο

468 5561 510 5589 ’⁸
545 5560 649 5614 Me.
703 5561 831 5613 liec.
874 5558 1034 5611 lectio
1061 5566 1145 5610 est
1176 5573 1300 5625 μου.

470 5630 517 5660 υ
553 5632 712 5698 ’σεκω
743 5658 813 5670 .-
840 5626 1165 5698 συζῶντᾳς.
1222 5625 1344 5681 Des.
1381 5629 1434 5681 in
1470 5630 1591 5683 00d.
1618 5628 1671 5683 5.
1748 5626 1793 5657 ﬂ
1831 5627 1885 5695 Ἀ

1403 5559 1447 5589 ²²
1472 5558 1780 5625 Βοηθείας.
1822 5557 1947 5611 eod.
1981 5558 2003 5610 l
2050 5568 2103 5611 et
2123 5558 2177 5623 2,
2211 5574 2273 5613 ac
2296 5559 2461 5614 Cord.

1883 5627 2320 5702 μαρτάνοᾉντας.
2384 5627 2542 5685 codd.
2596 5640 2707 5685 tres
2736 5629 2876 5702 Aug.
2935 5629 3297 5701 άνομοῠντας.

3090 5559 3136 5589 ³³
3175 5560 3299 5615 cod.
3342 5562 3376 5614 9
3424 5549 3655 5611 ἀντιϐολῶ.

2494 5575 2547 5629 p.
2580 5559 2706 5621 454,
2747 5558 2981 5624 ἐλπίδος.

3373 5630 3414 5661 ³⁸
3440 5625 3586 5683 Ἀλλὰ
3606 5644 3659 5664 -ρ

468 5696 865 5768 άιόμὸὗντας.
914 5698 1039 5752 Des.
1088 5696 1143 5750 in
1192 5698 1313 5751 cod.
1344 5699 1401 5753 5.
1436 5700 1480 5730 ’⁷
1510 5698 1631 5755 cod.
1672 5699 1697 5753 1
1734 5698 1860 5768 ἔφη.
1886 5696 2024 5755 cod.
2063 5699 2075 5753 ε

2172 5717 2369 5769 φασαν.
