3842 6492
126 349 241 412 1037

118 526 275 619 66,31}
323 549 386 599 ὲκ
430 542 662 613 φυσικῆς
721 536 1115 592 ὀλισθαίνουσιν
1160 529 1477 592 ἀσθενείας·
1507 528 1558 580 oi
1598 526 1657 578 δὲ

117 646 196 697 καὶ
215 639 493 711 ὲφήδονται
524 635 644 697 ταῖς
669 628 1055 703 παρανομίαις,
1079 625 1176 678 καὶ
1205 620 1518 676 ἐπινοοῦσιν
1545 619 1660 673 ἐτέ-

118 753 326 884 pains;
345 819 500 881 ὁδούς
525 834 642 882 σου,
658 815 854 885 Κύριε,
875 807 1141 880 γνὼρισόν
1170 823 1280 878 μοι,
1300 803 1397 858 καὶ⁸
1424 802 1524 865 τὰς
1552 800 1663 872 τρί-

117 920 224 977 ϐους
253 932 341 967 σου
368 910 583 976 δίδαξὸν
609 925 694 976 με.
738 905 850 978 [ε’.]
880 901 1178 974 Ὀδηγησὸν
1205 916 1272 968 με
1296 897 1389 951 ἐπὶ
1405 895 1505 966 τὴν
1530 893 1662 963 ἀλή-

116 1010 245 1061 θειάν
268 1023 378 1067 σου,
415 1004 516 1057 καὶ
538 1001 749 1067 δίδαξόν
800 1015 889 1069 με,
930 997 1012 1050 ὅτι
1036 995 1101 1047 σὺ
1126 988 1180 1045 εἳ
1205 993 1234 1045 6
1255 990 1389 1053 Θεὸς
1411 990 1440 1043 6
1470 986 1664 1055 Σωτήρ

120 1115 224 1167 μου,
251 1095 341 1149 καὶ
373 1094 433 1146 σὲ
479 1091 754 1158 ὑπέμεινα
783 1088 912 1159 ὅλην
961 1084 1060 1156 τὴν
1102 1081 1383 1154 ἡμέραν.)
1432 1074 1574 1145 Ἐγὼ
1610 1074 1669 1127 δὲ

118 1190 303 1260 πρῶτον
337 1187 439 1256 μὲν
470 1184 703 1239 ἱκετεύω
740 1179 841 1243 τὰς
882 1180 981 1241 σὰς
1022 1176 1175 1238 ὁδοὺς
1219 1170 1536 1260 διαγνῶναι,
1573 1168 1670 1220 καὶ

229 1277 356 1348 πρός
388 1292 457 1345 με
483 1273 761 1345 φερούσας
803 1268 1024 1341 τρίϐους
1069 1265 1282 1336 μαθεῖν,
1331 1261 1469 1314 ὥστε
1496 1259 1673 1327 διηνε-

118 1372 207 1432 ιῶς
222 1370 311 1437 τὴν
322 1365 544 1433 ἀπλανῆ
565 1381 658 1416 σου
673 1363 767 1415 καὶ
782 1359 957 1430 ἀληθῆ
978 1356 1204 1425 πορείαν
1227 1352 1451 1405 ὁδεύειν.
1478 1349 1671 1401 Ἐπει-

118 1463 246 1519 ταδι⁹
272 1458 448 1513 αὐτῶν
487 1454 725 1509 ἱκετεύω
764 1453 873 1505 τῶν
935 1448 1278 1521 πραγμάτων
1325 1442 1555 1514 μαθεῖν,
1587 1440 1671 1493 ὅτι

119 1554 277 1624 Σωτὴρ
305 1551 578 1619 ὑπάρχεις
602 1547 735 1617 ἐμός
756 1563 773 1578 ο
794 1543 892 1615 τὴν
925 1542 1033 1614 γὰρ
1066 1539 1216 1610 παρὰ
1240 1536 1334 1590 σοῦ
1362 1531 1671 1624 φιλανθρω-

120 1619 533 1714 πίαν-προσμένω
551 1635 838 1707 διηνεκῶς,
870 1634 943 1687 Τὸ
963 1632 1072 1701 γὰρ
1099 1630 1257 1693 ὅλην
1281 1626 1396 1693 τὴν
1419 1619 1670 1714 ἡμέραν,

120 1740 217 1792 ἀντὶ
243 1712 331 1787 τοῦ
364 1734 455 1786 ἀεὶ
484 1731 734 1783 τέθεικεν
758 1745 775 1761 ο
844 1726 940 1780 καὶ
991 1725 1203 1788 διδάξαι
1275 1719 1545 1790 βούλεται,
1599 1712 1675 1776 ὡς

121 1833 167 1885 οὐ
191 1830 230 1862 ⁸³
253 1827 343 1882 νῦν
381 1826 483 1896 μὲν
513 1823 722 1890 ταύτην
751 1821 863 1891 ἔχει
891 1821 935 1852 ’θ
956 1819 1055 1888 τὴν
1085 1815 1334 1886 γνώμην,
1361 1810 1456 1863 νῦν
1488 1808 1545 1862 δὲ
1568 1805 1677 1859 ἑτέ-

123 1924 259 1991 pay”
289 1921 406 1974 ἀντὶ
443 1902 660 1984 ταύτης
711 1913 1037 1982 εἰσδέχεται.

177 2012 316 2081 ς’.ζ’.
353 2032 372 2065 ι
418 2010 714 2083 Μνήσθητι
742 2006 850 2059 τῶν
866 2001 1167 2073 οἰκτιρμῶν
1190 2016 1307 2059 σου,
1332 1995 1530 2065 Κύριε,
1578 1989 1674 2083 καὶ

121 2106 173 2157 τὰ
199 2102 310 2169 ὲλέη
337 2118 454 2161 σου,
489 2082 576 2153 ὅτι
620 2096 729 2152 ἀπὸ
776 2093 871 2147 τοῦ
921 2091 1121 2153 αἰῶνός
1161 2092 1321 2142 εἰσιν.
1370 2082 1674 2155 Ἀμαρτίας

122 2194 332 2263 νεότητός
350 2210 453 2262 μου
478 2193 581 2245 καὶ
610 2188 835 2258 ἀγνοίας
853 2203 954 2257 μου
978 2185 1019 2215 ³⁸
1052 2184 1127 2255 μὴ
1175 2179 1418 2253 μνησθῇς
1439 2178 1509 2241 ⁸²,
1533 2174 1677 2229 κατὰ

123 2291 169 2341 τὸ
198 2288 331 2349 ἔλεός
355 2304 449 2339 σου
479 2282 757 2356 μνήσθητί
783 2299 884 2351 μου
909 2281 976 2334 ⁸³.
1012 2298 1030 2331 ι
1062 2276 1339 2347 Ἠμέρως,
1373 2272 1560 2342 φησὶν,
1590 2267 1677 2321 ἀεὶ

125 2380 196 2431 καὶ
219 2376 618 2446 φιλανθρώπως
650 2373 776 2434 τοὺς
806 2368 1129 2440 ἀνθρώπους
1164 2365 1470 2433 οἰκονομεῖς
1501 2377 1515 2390 ·
1546 2357 1678 2412 ταύ-

127 2488 203 2538 της
227 2472 311 2522 καὶ
340 2468 435 2521 νῦν
479 2464 795 2520 ἀπολαῦσαι
831 2463 929 2530 τῆς
969 2459 1310 2529 ἀγαθότητος
1356 2451 1583 2506 ἱκετεύω
1609 2450 1676 2515 ³⁸,

127 2566 201 2615 καὶ
229 2564 439 2631 μνήμην
506 2576 595 2612 σοι
651 2555 906 2625 γενέσθαι
933 2554 1032 2623 τῆς
1084 2551 1185 2619 σῆς
1243 2544 1676 2617 φιλανθρωπίας,

131 2653 189 2722 μὴ
216 2652 306 2719 τῆς
365 2650 511 2719 ὲμῆς
562 2646 878 2718 ἁμαρτίας·
918 2644 1012 2698 καὶ
1057 2642 1157 2713 τὴν
1188 2638 1328 2710 ἐμὴν
1360 2637 1416 2690 δὲ
1462 2635 1679 2706 μνήμην

132 2742 437 2811 ποιούμενος.
479 2741 733 2792 Δέσποτα
761 2779 775 2803 ,
818 2734 1276 2805 φιλοικτιρμόνως
1319 2728 1560 2798 ποίησαι,
1606 2726 1680 2796 μὴ

130 2837 333 2898 δικαίως.
380 2833 564 2887 Τοῦτο
614 2832 723 2900 γὰρ
768 2831 861 2883 καὶ
889 2830 933 2860 ³⁵
960 2830 1016 2880 ὲν
1061 2828 1174 2889 τοῖς
1225 2827 1406 2896 ῥητοῖς
1434 2820 1683 2891 παρεκά-

132 2929 257 2980 λεσε·
286 2926 444 2978 Κατὰ
474 2926 543 2977 τδ
568 2925 716 2993 μέγα
748 2923 792 2954 ³⁸
823 2921 971 2983 ἔλεός
1007 2937 1123 2979 σου,
1157 2913 1425 2989 μνήσθητί
1457 2929 1560 2985 μου
1594 2909 1681 2964 σύ⁶

135 3023 194 3092 μὴ
215 3023 300 3090 τῆς
326 3017 610 3089 ἁμαρτίας
631 3033 755 3085 μου,
777 3014 891 3067 ἀλλ’
920 3011 1052 3083 ἐμοῦ
1088 3010 1355 3081 μνήσθητι
1383 3003 1685 3077 φιλανθρώ-

134 3131 244 3176 πως.
270 3111 333 3182 [³⁷
361 3110 435 3163 Τὸ
458 3108 521 3162 δὲ
550 3107 844 3176 ἁμαρτίας
868 3104 1151 3170 νεότητός
1177 3119 1297 3172 μου
1322 3100 1419 3157 καὶ
1440 3099 1687 3169 ἀγνοίας

1412 328 1492 387 ΙΝ
1533 327 1738 386 PSAL.
1790 326 1999 388 XXIV.
2656 376 2659 379 ι

122 456 348 532 palo-30w
368 451 569 522 ὁμοίως
589 465 601 478 ο
627 448 675 500 οί
706 445 805 515 μὲν
845 444 955 514 γὰρ
988 443 1023 513 ἢ
1056 442 1121 493 ὲκ
1157 436 1657 532 περιστάσεὼς-τι-

1794 434 2068 487 laturalem
2140 429 2568 485 imbecillitatem
2633 429 2931 495 labuntur;
2981 429 3150 502 aliqui
3200 449 3328 489 vero

3191 322 3331 388 1038

1766 524 2067 581 sceleribus
2097 523 2230 593 ipsis
2251 522 2615 589 delectantur,
2645 522 2865 594 aliaque
2892 524 3227 595 excogitant.

1846 810 1867 843 ι
1901 790 2029 845 Vias
2055 799 2202 855 tuas,
2229 787 2478 852 Domine,
2507 786 2823 841 demonstra
2854 782 3011 849 mihi,
3035 792 3089 839 et
3116 782 3341 839 semitas

1771 894 1896 940 tuas
1917 884 2086 940 edoce
2124 897 2232 939 me.
2265 880 2460 954 [Vera
2493 877 2591 950 5.]
2627 877 2806 947 Dirige
2867 891 2956 931 me
2998 876 3053 930 in
3113 876 3346 931 veritate

1770 985 1886 1043 tua,
1923 986 1979 1033 et
2009 977 2144 1031 doce
2173 990 2281 1040 me,
2300 974 2432 1044 quia
2461 979 2520 1028 tu
2546 986 2604 1026 es
2622 969 2764 1025 Deus
2789 969 3042 1024 Salvator
3078 983 3257 1037 meus,
3289 976 3348 1023 et

1773 1081 1825 1126 te
1860 1069 2167 1139 exspectavi
2201 1076 2315 1122 toto
2348 1066 2455 1121 die.
2497 1084 2517 1117 ι
2560 1063 2674 1136 Ego
2699 1071 2879 1118 autem
2912 1062 2966 1116 in
3003 1060 3195 1131 primis
3225 1071 3349 1116 tuas

1771 1161 1892 1217 vias
1930 1170 1994 1216 ut
2021 1175 2311 1229 agnoscam
2346 1159 2594 1223 obsecro,
2636 1163 2691 1212 et
2722 1156 2945 1212 semitas
2973 1156 3200 1221 discam,
3227 1171 3350 1226 qua

1774 1254 1843 1309 ad
1871 1262 1925 1309 te
1956 1253 2185 1318 ducunt,
2219 1260 2279 1305 ut
2305 1265 2523 1320 semper
2546 1258 2695 1303 tuam
2728 1258 2932 1303 certam
2966 1257 3131 1317 atque
3162 1262 3352 1303 veram

1778 1347 1921 1400 viam
1962 1354 2197 1399 teneam.
2248 1341 2452 1397 Deinde
2481 1356 2672 1411 precor
2700 1351 2774 1403 te,
2807 1349 2867 1394 ut
2906 1355 2965 1396 re
2993 1340 3113 1409 ipsa
3143 1339 3349 1395 discam

1774 1450 1828 1496 te
1858 1454 2041 1494 meum
2105 1436 2440 1491 Salvatorem
2477 1451 2598 1490 esse
2627 1453 2642 1490 ι
2674 1442 2821 1488 tuam
2856 1433 3002 1488 enim
3038 1434 3350 1488 misericor-

1776 1533 1922 1587 diam
1983 1546 2199 1599 semper
2253 1535 2533 1598 exspecto.
2592 1525 2727 1579 Illud
2777 1526 2923 1579 enim
2956 1532 3063 1578 toto
3105 1524 3211 1586 die,
3251 1538 3353 1593 pro

1776 1638 1976 1693 semper
2002 1621 2183 1692 posuit
2208 1639 2222 1675 :
2247 1630 2301 1674 et
2315 1619 2511 1674 docere
2527 1617 2691 1689 758
2709 1617 2823 1671 vult
2865 1631 2923 1671 se
2942 1630 3049 1671 non
3067 1610 3172 1671 hoc
3189 1616 3353 1670 modo

1779 1729 1975 1786 capere
2004 1714 2321 1779 consilium,
2360 1710 2523 1767 modo
2549 1710 2696 1765 aliud
2723 1725 2821 1779 pro
2850 1709 2961 1765 illo.

1845 1978 2012 2034 Vens.
2046 1978 2167 2045 6,7.
2209 1996 2228 2029 ι
2260 1976 2629 2033 Beminiscere
2657 1975 3070 2032 miserationum
3109 1984 3350 2036 tuarum.

1774 2072 2024 2138 Domine,
2063 2079 2118 2125 et
2146 2068 2649 2125 misericordiarum
2677 2079 2916 2143 tuarum,
2948 2069 3146 2139 quippe
3171 2085 3291 2139 qum
3323 2084 3353 2122 a

1776 2165 1977 2221 saeculo
1998 2172 2145 2220 sunt.
2178 2162 2393 2218 Peccati
2430 2161 2735 2231 iuventutis
2769 2177 2924 2226 meae,
2951 2171 3006 2215 et
3032 2161 3357 2231 ignorantiae

1777 2271 1912 2311 meae
1934 2271 2001 2311 ne
2036 2253 2371 2316 memineris,
2399 2254 2650 2319 Domine,
2706 2253 3005 2309 secundum
3038 2254 3357 2310 misericor-

1777 2348 1921 2403 diam
1956 2357 2104 2403 tuam
2145 2356 2418 2402 memento
2452 2346 2579 2401 mei.
2615 2365 2635 2397 ›
2680 2344 2981 2410 Mansuete,
3003 2345 3104 2407 ait,
3135 2360 3356 2415 semper

1779 2451 1943 2510 atque
1992 2440 2226 2509 benigne
2279 2439 2528 2493 homines
2581 2439 2875 2508 gubernas.
2926 2437 3076 2493 Hanc
3109 2447 3169 2492 ut
3209 2454 3357 2494 nunc

1780 2548 2001 2604 quoque
2030 2532 2279 2597 experiar
2310 2532 2605 2585 bonitatem
2628 2546 2842 2600 precor,
2876 2542 3042 2601 utque
3070 2540 3177 2585 tua:
3203 2529 3357 2585 beni-

1782 2625 2025 2695 gnitatis,
2076 2640 2185 2679 non
2221 2634 2401 2679 autem
2434 2638 2679 2678 meorum
2711 2634 3059 2693 peccatorum
3095 2627 3357 2680 memine-

1782 2718 1882 2772 ris.
1926 2717 1993 2771 Et
2019 2716 2149 2770 dum
2194 2716 2300 2770 mei
2336 2716 2659 2781 recordaris,
2687 2730 2720 2770 ο
2754 2715 3000 2779 Domine,
3041 2718 3358 2774 misericors

1785 2807 2048 2865 adversus
2088 2823 2173 2863 me
2208 2808 2305 2871 sis,
2337 2823 2445 2863 non
2471 2808 2676 2877 justus.
2710 2806 2825 2863 Hoc
2855 2808 3001 2863 enim
3027 2818 3081 2863 et
3105 2810 3159 2863 in
3192 2824 3358 2880 supe-

1783 2898 2024 2955 rioribus
2055 2909 2312 2970 precatus
2338 2910 2422 2953 est
2454 2917 2466 2953 :
2509 2897 2821 2953 Secundum
2861 2915 3112 2970 magnam
3146 2899 3362 2955 miseri-

1786 2992 2027 3046 cordiam
2078 3000 2222 3045 tuam
2272 3004 2483 3045 memor
2524 2990 2600 3046 sis
2640 2991 2788 3045 mei:
2832 3007 2939 3045 non
2977 2992 3081 3046 mei
3128 2994 3357 3063 peccati,

1788 3080 1880 3137 sed
1938 3080 2045 3135 mei
2085 3081 2316 3150 benigne
2358 3081 2695 3136 memineris.
2740 3080 2896 3155 [Illud
2931 3093 3109 3138 autem
3156 3085 3360 3154 peccati

130 3170 510 3272 μὶιρνῖησθῇς,
558 3170 765 3265 ταύτην
811 3195 926 3266 ἔχει
970 3195 1069 3265 τὴν
1092 3170 1367 3246 διάνοιαν·
1396 3190 1530 3262 φησὶ
1576 3190 1681 3261 γὰρ

1794 3174 2072 3239 iuventutis
2120 3191 2248 3228 mete
2292 3184 2341 3226 et
2388 3170 2703 3245 ignorantiw
2749 3191 2811 3230 ne
2860 3178 3179 3244 memineris,
3219 3179 3363 3235 hunc

379 3253 910 3361 τεῦξιΔίγῦπτισρ·
947 3253 1056 3342 καὶ
1101 3288 1211 3357 γὰρ
1252 3253 1681 3356 εἰδωλολάτρησα

1794 3266 1954 3321 habet
2014 3280 2282 3321 sensum:
2337 3262 2604 3335 Loquitur
2654 3266 2862 3321 scilicet
2909 3266 2975 3323 de
3007 3268 3208 3338 populo
3235 3284 3361 3324 cum

132 3391 240 3442 ἐκεῖ·
258 3387 325 3459 μὴ
341 3383 685 3441 οὖνὲκείνων
706 3383 813 3435 τῶν
835 3381 1248 3452 ἁμαρτημάτων
1270 3378 1534 3450 μνησθῇς,
1554 3377 1691 3431 ἀλλὰ

131 3480 211 3548 τῆς
248 3482 339 3545 σῆς
381 3476 831 3548 φιλανθρωπίας,
865 3473 931 3526 δι’
954 3468 1023 3544 ἦς
1072 3474 1169 3526 καὶ
1204 3472 1327 3525 τότε
1360 3470 1691 3538 ἀγνοοῦντας

134 3570 496 3642 φιλανθρωπίᾳ
553 3567 904 3639 χρησάμενος
948 3561 1236 3635 ἡλὲησας.]
1269 3581 1286 3613 ι
1313 3562 1539 3614 Ἕνεκεν
1592 3560 1691 3629 τῆς

136 3666 480 3737 χρηστότητός
507 3682 624 3728 σου,
648 3662 875 3734 Κύριε.»
900 3663 974 3715 Οὐ
999 3659 1107 3731 γὰρ
1132 3659 1221 3713 διὰ
1238 3658 1336 3730 τὴν
1352 3658 1491 3730 ἐμὴν
1508 3658 1689 3724 ἀξίαν,

136 3760 248 3813 ἀλλὰ
273 3760 357 3813 διὰ
384 3760 500 3831 τὴν
543 3757 643 3827 σὴν
679 3755 1111 3825 φιλανθρωπίαν,
1143 3752 1335 3807 τούτου
1366 3754 1550 3822 τυχεῖν
1582 3753 1690 3805 ἱκε-

138 3869 270 3906 τευω.

194 4010 254 4079 η’,
293 4030 309 4061 ‹
341 4008 603 4080 Χρηστὸς
636 4007 729 4060 καὶ
759 4004 920 4067 εὐθὺς
961 4006 989 4057 6
1018 4004 1242 4074 Κύριος.
1284 4022 1301 4055 ι
1333 4004 1445 4072 υὺχ
1481 4003 1688 4065 ἁπλῶς.

142 4104 267 4168 φησὶ,
300 4101 518 4162 τούτοις
554 4099 877 4169 ἐχρησάμην
914 4098 1029 4158 τοῖς
1062 4096 1260 4163 λόγοις,
1291 4094 1406 4147 ἀλλ’
1438 4094 1591 4157 εἰδὼς
1616 4094 1693 4157 ὡς

142 4194 190 4245 οὐ
218 4193 367 4261 μόνον
401 4194 643 4256 δίκαιος,
693 4188 829 4244 ἀλλὰ
869 4190 966 4242 καὶ
1025 4187 1407 4260 φιλάνθρωπος
1439 4190 1466 4240 ὁ
1491 4187 1694 4239 Δεσπό-

142 4301 223 4353 της
247 4286 308 4339 ³⁸.
334 4286 517 4338 Τοῦτο
542 4284 598 4336 δὲ
631 4282 908 4357 πανταχοῦ
937 4283 1083 4352 ἡμᾶς
1105 4283 1138 4352 ἡ
1159 4281 1278 4334 θεία
1294 4281 1532 4334 διδάσκει
1549 4281 1692 4352 Γρα-

145 4375 221 4443 qq.
251 4374 507 4427 Τοιοῦτόν
539 4376 657 4426 ἐστι
686 4374 746 4426 τό
764 4389 777 4401 '
816 4373 1003 4425 Ἐλεον
1035 4373 1128 4425 καὶ
1157 4371 1338 4442 κρίσιν
1358 4372 1561 4442 ᾀσομαί
1588 4389 1692 4437 σοι,

147 4465 309 4535 Κύριε.
339 4486 359 4519 ι
390 4465 509 4520 Καί
539 4482 550 4495 ·
592 4485 612 4517 t
661 4465 939 4536 Ἐλεήμων
973 4466 1068 4518 καὶ
1112 4466 1409 4536 οἰκτίρμων
1441 4464 1485 4497 ³⁹
1513 4467 1540 4518 6
1584 4464 1697 4519 Κύ-

1788 3367 1934 3413 esset
1969 3359 2023 3412 in
2058 3355 2293 3429 Egypto
2327 3374 2341 3421 ;
2375 3358 2529 3427 quasi
2560 3356 2785 3423 diceret,
2826 3358 2969 3413 idola
2995 3360 3066 3414 ibi
3100 3360 3265 3425 colui,
3297 3377 3364 3416 ne

1788 3452 1971 3520 itaque
1998 3467 2185 3505 eorum
2217 3459 2564 3520 peccatorum
2610 3452 2943 3513 memineris.
2983 3454 3075 3508 sed
3115 3454 3365 3525 benigni-

1790 3544 1917 3597 tatis
1958 3550 2085 3607 ttne,
2121 3544 2418 3596 secundum
2458 3557 2623 3611 quam
2666 3558 2733 3597 eo
2755 3558 2973 3613 quoque
3001 3553 3241 3615 tempore
3267 3559 3365 3600 co-

1788 3650 1909 3688 rum
1949 3633 2041 3701 qui
2089 3648 2157 3688 ex
2192 3633 2497 3702 ignorantia
2540 3634 2774 3704 agebant
2813 3635 3068 3691 misertus
3097 3651 3178 3698 es,
3210 3637 3364 3692 beni-

1789 3727 1993 3795 gnitate
2011 3725 2190 3798 usus.]
2217 3745 2236 3778 ι
2261 3728 2487 3796 Propter
2510 3731 2525 3749 ‘
2549 3726 2842 3782 bonitatem
2866 3737 3038 3793 tuam,
3059 3729 3305 3785 Domine.
3338 3749 3360 3782 ι

1788 3818 1906 3874 Non
1944 3820 2088 3873 enim
2121 3820 2231 3874 ullo
2267 3833 2390 3873 meo
2416 3819 2632 3884 merito,
2665 3835 2855 3874 verum
2884 3821 3184 3876 secundum
3213 3833 3362 3877 tuam

1790 3911 2178 3981 benignitatem
2213 3912 2357 3966 lianc
2391 3912 2610 3980 assequi
2638 3921 2783 3980 peto.

1862 4003 2026 4058 Vens.
2054 4004 2107 4058 8.
2136 4023 2153 4055 ι
2178 4005 2453 4075 Bcnignus
2476 4014 2529 4058 et
2550 4012 2731 4059 rectus
2759 4013 2844 4059 est
2869 4004 3148 4061 Dominus.
3190 4025 3208 4058 ›
3242 4006 3364 4061 Νοη

1793 4104 2015 4160 temere,
2038 4096 2134 4159 ait,
2154 4096 2239 4151 his
2250 4095 2432 4151 verbis
2454 4111 2585 4151 usus
2611 4111 2753 4163 sum,
2772 4096 2865 4151 sed
2886 4098 3086 4162 sciens,
3108 4115 3215 4153 non
3247 4109 3333 4154 tan
3352 4130 3369 4141 -

1795 4199 1911 4244 tum
1930 4188 2163 4259 justum,
2191 4204 2379 4243 verum
2407 4190 2569 4243 etiam
2593 4189 2884 4260 benignum
2911 4205 3031 4245 esse
3053 4188 3375 4247 Dominum.

1793 4280 1909 4337 Iloc
1924 4289 2106 4336 autem
2147 4281 2346 4350 ubique
2373 4282 2553 4338 divina
2589 4281 2871 4351 Scriptura
2904 4297 3004 4339 nos
3031 4283 3207 4339 docet.
3238 4282 3370 4341 Tale

1794 4381 1877 4427 est
1924 4371 2055 4428 illud
2089 4388 2103 4423 :
2143 4392 2161 4424 ι
2194 4371 2647 4436 Misericordiam,
2691 4373 3022 4442 etjndicium
3054 4382 3208 4429 tuum
3226 4356 3369 4430 celeé

1796 4466 1992 4530 brabo,
2018 4465 2184 4536 759
2220 4465 2450 4520 Domine
2486 4475 2535 4520 ι.
2571 4486 2591 4517 ι
2621 4465 2727 4521 Et:
2768 4466 3109 4521 «Misericors
3137 4476 3190 4521 et
3217 4467 3371 4521 mise-

148 4572 259 4624 ριος,
296 4559 389 4613 καὶ
449 4557 685 4620 δίκαιος.
722 4558 816 4610 καὶ
841 4558 869 4609 ὁ
916 4556 1049 4620 Θεὸς
1080 4557 1234 4629 ἡμῶν
1291 4558 1450 4611 ἐλεεῖ.
1489 4576 1509 4609 ›
1545 4557 1681 4610 Kal‘

1798 4570 1949 4615 rator
1972 4559 2259 4623 Dominus,
2314 4572 2363 4614 et
2381 4559 2600 4628 justus,
2639 4570 2693 4615 et
2729 4560 2868 4615 Deus
2925 4568 3108 4614 noster
3143 4559 3369 4613 misere-

152 4663 167 4695 t
198 4646 249 4697 ὐ
270 4646 398 4711 Θεὸς
428 4648 633 4718 κριτὴς
661 4645 889 4709 δίκαιος,
913 4646 1006 4697 καὶ
1038 4646 1277 4715 ἰσχυρὸς,
1298 4645 1390 4698 καὶ
1420 4642 1697 4713 μακρόθυ-

150 4756 253 4810 μος,
276 4742 368 4794 καὶ
402 4741 484 4812 μὴ
509 4739 679 4812 ὀργὴν
707 4740 930 4807 ἐπάγων
962 4737 1083 4791 καθ’
1121 4737 1358 4807 ἑκάστην
1401 4735 1634 4807 ἡμέραν.
1673 4752 1694 4785 ι

212 4836 348 4888 «Διὰ
408 4832 573 4887 τοῦτο
616 4831 973 4902 νομοθετήσει
1022 4830 1430 4901 ἁμαρτάνοντας
1476 4831 1534 4881 ὲν
1570 4827 1695 4898 ὁδῷ.

153 4923 251 4997 [Oa]
288 4927 582 4997 Ὀδηγήσει
642 4925 838 4994 πραεῖς
878 4925 935 4976 ἐν
994 4924 1175 4992 κρίσει
1209 4920 1445 4986 ,διδάξει
1502 4922 1698 4991 πραεῖς

151 5016 281 5081 ὀδοὺς
301 5017 486 5072 αὑτοῦ.
528 5035 546 5068 ι
578 5014 751 5069 Τοῦτο
775 5014 1107 5083 σαφέστερον
1134 5015 1162 5065 6
1194 5013 1492 5084 Σύμμαχος
1520 5015 1703 5084 ἡρμή-

154 5124 322 5163 νευσε⁶
357 5111 463 5163 Διά
496 5108 675 5162 τοῦτο
712 5106 1019 5171 ὐποδείξει
1057 5105 1507 5176 ἁμαρτάνουσιν
1536 5106 1699 5162 ὀδόν.

218 5257 236 5283 ³
266 5246 400 5301 Psal.
434 5265 488 5313 c,
536 5248 586 5301 1.
670 5251 688 5281 ι
725 5245 1035 5306 Psal.c:uv,
1072 5245 1125 5299 5.
1200 5256 1228 5282 υ
1267 5245 1411 5299 Psal.
1464 5261 1558 5310 vti,
1614 5244 1700 5298 Η.

1801 4660 1889 4706 tur
1931 4653 1974 4706 ι.
2004 4671 2024 4704 ι
2062 4650 2169 4706 Et:
2206 4671 2225 4704 ι
2265 4651 2587 4718 Deusjudex
2619 4651 2821 4720 justus,
2860 4660 2910 4705 et
2942 4659 3156 4720 potens,
3195 4660 3249 4704 et
3274 4665 3371 4719 pa-

1800 4743 1961 4807 tiens,
1985 4752 2040 4798 et
2056 4743 2149 4813 qui
2175 4759 2282 4798 non
2314 4742 2583 4814 protrahit
2614 4743 2748 4796 iram
2766 4757 2860 4812 per
2881 4742 3127 4812 singulos
3148 4741 3263 4797 dies
3285 4752 3367 4803 υ.»

1879 4853 1899 4886 ι
1946 4834 2171 4905 Propter
2204 4835 2309 4890 hoc
2337 4836 2508 4905 legem
2534 4833 2683 4889 dabit
2716 4833 3156 4903 delinquentibus
3184 4832 3237 4887 in
3263 4831 3368 4886 via.

1804 4925 1995 5000 [Vens
2040 4926 2120 5000 9.]
2171 4926 2380 4998 Diriget
2427 4935 2744 4981 mansuetos
2792 4926 2845 4979 in
2884 4924 3113 4994 judicio,
3162 4925 3378 4980 docebit

1803 5020 1966 5076 mites
1996 5019 2113 5075 vias
2150 5035 2299 5076 suas.
2334 5039 2355 5073 ι
2406 5017 2520 5074 Hoc
2548 5019 2719 5089 magis
2748 5017 2983 5073 dilucide
3017 5016 3377 5088 Symmachus

1809 5112 2077 5181 expressit
2117 5130 2130 5165 :
2180 5111 2466 5181 Propterea
2487 5111 2820 5181 peccantibus
2862 5111 3000 5163 viam
3037 5108 3376 5182 moristrabit.

1235 5396 1466 5452 VARIAS
1507 5398 1893 5456 LECTIONES
1934 5397 2016 5451 ET
2058 5395 2288 5449 NUTA‘I.

246 5524 287 5555 ’⁸
321 5527 422 5579 οὐ.
471 5524 639 5579 Abest
668 5538 698 5576 a
732 5521 854 5576 cod.
883 5519 939 5573 Ξ.
1055 5518 1100 5550 ”
1129 5517 1253 5571 cod.
1284 5516 1321 5571 2
1352 5516 1516 5587 ἔχειν.

1624 5518 1669 5550 ’θ
1685 5517 1889 5587 Ἑτέρα

1893 5535 1929 5570 ν
1973 5518 2141 5571 Abest
2194 5532 2223 5568 a
2274 5514 2395 5568 cod.
2444 5513 2499 5567 2.
2605 5514 2645 5545 ³⁸
2679 5515 2828 5566 Mov.
2865 5513 3033 5569 Abest
3083 5527 3114 5565 a
3157 5510 3277 5567 cod.
3322 5509 3377 5564 2.

164 5593 202 5622 ⁸¹
231 5592 529 5662 Μνησθῇς.
565 5594 691 5648 cod.
716 5592 753 5647 2
810 5590 961 5662 addit
1013 5589 1235 5662 Ktipte.__
1261 5590 1329 5662 ’ξ’
1366 5580 1528 5662 ΙὶἰρυΔ
1563 5588 1681 5662 cod.

1796 5580 1830 5641 Ξ
1866 5588 2019 5662 addit
2051 5588 2136 5662 σύ.
2157 5655 2170 5662 _
2192 5586 2260 5662 _“
2286 5584 2591 5662 flaret-etim.
2635 5583 2807 5662 Abest
2830 5598 2860 5637 a
2891 5583 3013 5662 cod:
3040 5581 3095 5662 2:
3172 5580 3382 5662 ’ξιςᾳίτ

168 5664 272 5717 Des.
302 5649 351 5716 ui
382 5649 578 5726 milia.
609 5665 664 5718 2.
741 5663 786 5695 ε·
819 5659 1001 5730 Μέγα.
1037 5649 1160 5715 oe's.
1204 5658 1335 5713 ibid.
1412 5659 1454 5730 ξ’
1489 5656 1530 5730 Ε
1586 5659 1681 5712 cod

1821 5659 1995 5730 suppl.
2074 5657 2117 5689 ³⁸
2157 5655 2218 5709 '0
2268 5655 2597 5722 Δεσπότης.
2646 5654 2815 5710 Abest
2846 5668 2877 5707 a
2909 5651 3032 5709 cod.
3066 5652 3116 5706 i.
3195 5650 3239 5683 ³⁹
3270 5649 3387 5704 Kal.

167 5736 471 5802 οικτίρμωγ.
502 5736 624 5790 Des.
664 5736 717 5788 in
754 5727 1136 5796 vers.’Graca,
1165 5739 1214 5785 et
1246 5730 1301 5784 in
1335 5727 1455 5784 cod.
1488 5729 1721 5799 August.
1752 5729 1803 5782 1.
