  <div class='ocr_page' id='page_1' title='image "/cluster/home/n/w/nwhite01/storage/ocr_20150623/80/hvd.32044009825613/539.png"; bbox 0 0 3842 6518; ppageno 0'>
   <div class='ocr_carea' id='block_1_1' title="bbox 452 383 590 448">
    <p class='ocr_par' dir='ltr' id='par_1_1' title="bbox 452 383 590 448">
     <span class='ocr_line' id='line_1_1' title="bbox 452 383 590 448; baseline 0 0"><span class='ocrx_word' id='word_1_1' title='bbox 452 383 590 448; x_wconf 72' lang='grc'><strong>1043</strong></span> 
     </span>
    </p>
   </div>
   <div class='ocr_carea' id='block_1_2' title="bbox 1431 388 2701 462">
    <p class='ocr_par' dir='ltr' id='par_1_2' title="bbox 1431 388 2701 462">
     <span class='ocr_line' id='line_1_2' title="bbox 1431 388 2701 462; baseline 0.004 -13"><span class='ocrx_word' id='word_1_2' title='bbox 1431 388 1919 450; x_wconf 80' lang='lat' dir='ltr'><strong>THEODORETI</strong></span> <span class='ocrx_word' id='word_1_3' title='bbox 1957 389 2299 462; x_wconf 74' lang='lat' dir='ltr'><strong>EPIS,COP[</strong></span> <span class='ocrx_word' id='word_1_4' title='bbox 2333 394 2701 454; x_wconf 82' lang='lat' dir='ltr'><strong>CYRENSIS</strong></span> 
     </span>
    </p>
   </div>
   <div class='ocr_carea' id='block_1_3' title="bbox 3572 394 3694 458">
    <p class='ocr_par' dir='ltr' id='par_1_3' title="bbox 3572 394 3694 458">
     <span class='ocr_line' id='line_1_3' title="bbox 3572 394 3694 458; baseline 0 -1"><span class='ocrx_word' id='word_1_5' title='bbox 3572 394 3694 458; x_wconf 74' lang='grc' dir='ltr'>ιοιι</span> 
     </span>
    </p>
   </div>
   <div class='ocr_carea' id='block_1_4' title="bbox 451 500 2019 578">
    <p class='ocr_par' dir='ltr' id='par_1_4' title="bbox 451 500 2019 566">
     <span class='ocr_line' id='line_1_4' title="bbox 451 500 2019 566; baseline -0.001 -9"><span class='ocrx_word' id='word_1_6' title='bbox 451 510 617 557; x_wconf 87' lang='lat' dir='ltr'><strong>tatem</strong></span> <span class='ocrx_word' id='word_1_7' title='bbox 639 514 839 565; x_wconf 84' lang='lat' dir='ltr'><strong>meam,</strong></span> <span class='ocrx_word' id='word_1_8' title='bbox 868 507 922 555; x_wconf 93' lang='lat' dir='ltr'><strong>et</strong></span> <span class='ocrx_word' id='word_1_9' title='bbox 955 500 1197 555; x_wconf 78' lang='lat' dir='ltr'><strong>laborem</strong></span> <span class='ocrx_word' id='word_1_10' title='bbox 1224 516 1425 566; x_wconf 88' lang='lat' dir='ltr'><strong>meum,</strong></span> <span class='ocrx_word' id='word_1_11' title='bbox 1455 513 1511 556; x_wconf 89' lang='lat' dir='ltr'><strong>et</strong></span> <span class='ocrx_word' id='word_1_12' title='bbox 1535 503 1747 558; x_wconf 88' lang='lat' dir='ltr'><strong>dimitte</strong></span> <span class='ocrx_word' id='word_1_13' title='bbox 1772 502 2019 557; x_wconf 80' lang='lat' dir='ltr'><strong>universa</strong></span> 
     </span>
    </p>
   </div>
   <div class='ocr_carea' id='block_1_5' title="bbox 2132 500 3695 578">
    <p class='ocr_par' dir='ltr' id='par_1_5' title="bbox 2132 504 3695 578">
     <span class='ocr_line' id='line_1_5' title="bbox 2132 504 3695 578; baseline 0.006 -23"><span class='ocrx_word' id='word_1_14' title='bbox 2132 504 2463 559; x_wconf 79' lang='grc' dir='ltr'><strong>ταπείνωσιν</strong></span> <span class='ocrx_word' id='word_1_15' title='bbox 2487 523 2612 576; x_wconf 88' lang='grc' dir='ltr'>μου,</span> <span class='ocrx_word' id='word_1_16' title='bbox 2659 506 2753 559; x_wconf 81' lang='grc' dir='ltr'><strong>καὶ</strong></span> <span class='ocrx_word' id='word_1_17' title='bbox 2788 506 2881 560; x_wconf 70' lang='grc' dir='ltr'>τὸν</span> <span class='ocrx_word' id='word_1_18' title='bbox 2927 523 3096 560; x_wconf 86' lang='grc' dir='ltr'>κοπον</span> <span class='ocrx_word' id='word_1_19' title='bbox 3124 523 3248 578; x_wconf 90' lang='grc' dir='ltr'>μου,</span> <span class='ocrx_word' id='word_1_20' title='bbox 3284 506 3379 561; x_wconf 74' lang='grc' dir='ltr'>καὶ</span> <span class='ocrx_word' id='word_1_21' title='bbox 3416 506 3555 576; x_wconf 76' lang='grc' dir='ltr'>ἄφες</span> <span class='ocrx_word' id='word_1_22' title='bbox 3599 510 3695 565; x_wconf 71' lang='grc' dir='ltr'><strong>πό-</strong></span> 
     </span>
    </p>
   </div>
   <div class='ocr_carea' id='block_1_6' title="bbox 448 591 2028 665">
    <p class='ocr_par' dir='ltr' id='par_1_6' title="bbox 448 591 2028 665">
     <span class='ocr_line' id='line_1_6' title="bbox 448 591 2028 665; baseline 0 -16"><span class='ocrx_word' id='word_1_23' title='bbox 448 594 645 649; x_wconf 88' lang='lat' dir='ltr'><strong>delicta</strong></span> <span class='ocrx_word' id='word_1_24' title='bbox 698 608 838 648; x_wconf 84' lang='lat' dir='ltr'><strong>mea.</strong></span> <span class='ocrx_word' id='word_1_25' title='bbox 879 613 897 644; x_wconf 74' lang='grc' dir='ltr'><strong>ι</strong></span> <span class='ocrx_word' id='word_1_26' title='bbox 944 591 1138 657; x_wconf 69' lang='lat' dir='ltr'><strong>Multae,</strong></span> <span class='ocrx_word' id='word_1_27' title='bbox 1188 594 1381 665; x_wconf 83' lang='lat' dir='ltr'><strong>inquit,</strong></span> <span class='ocrx_word' id='word_1_28' title='bbox 1428 594 1752 650; x_wconf 79' lang='lat' dir='ltr'><strong>alnictiones</strong></span> <span class='ocrx_word' id='word_1_29' title='bbox 1804 610 1889 649; x_wconf 89' lang='lat' dir='ltr'><strong>me</strong></span> <span class='ocrx_word' id='word_1_30' title='bbox 1919 595 2028 650; x_wconf 80' lang='lat' dir='ltr'><strong>cir-</strong></span> 
     </span>
    </p>
   </div>
   <div class='ocr_carea' id='block_1_7' title="bbox 451 688 2030 759">
    <p class='ocr_par' dir='ltr' id='par_1_7' title="bbox 451 688 2030 759">
     <span class='ocr_line' id='line_1_7' title="bbox 451 688 2030 759; baseline 0.003 -19"><span class='ocrx_word' id='word_1_31' title='bbox 451 696 747 742; x_wconf 77' lang='lat' dir='ltr'><strong>t-uinstant.</strong></span> <span class='ocrx_word' id='word_1_32' title='bbox 802 690 935 742; x_wconf 78' lang='lat' dir='ltr'><strong>Cum</strong></span> <span class='ocrx_word' id='word_1_33' title='bbox 965 688 1130 757; x_wconf 80' lang='lat' dir='ltr'><strong>igitur</strong></span> <span class='ocrx_word' id='word_1_34' title='bbox 1182 688 1322 742; x_wconf 88' lang='lat' dir='ltr'><strong>hanc</strong></span> <span class='ocrx_word' id='word_1_35' title='bbox 1371 704 1546 743; x_wconf 85' lang='lat' dir='ltr'><strong>meam</strong></span> <span class='ocrx_word' id='word_1_36' title='bbox 1579 689 1937 759; x_wconf 89' lang='lat' dir='ltr'><strong>abjectionem</strong></span> <span class='ocrx_word' id='word_1_37' title='bbox 1975 699 2030 744; x_wconf 88' lang='lat' dir='ltr'><strong>et</strong></span> 
     </span>
    </p>
   </div>
   <div class='ocr_carea' id='block_1_8' title="bbox 452 777 2029 849">
    <p class='ocr_par' dir='ltr' id='par_1_8' title="bbox 452 777 2029 849">
     <span class='ocr_line' id='line_1_8' title="bbox 452 777 2029 849; baseline 0.002 -19"><span class='ocrx_word' id='word_1_38' title='bbox 452 777 729 831; x_wconf 87' lang='lat' dir='ltr'><strong>miseriam</strong></span> <span class='ocrx_word' id='word_1_39' title='bbox 781 778 917 833; x_wconf 84' lang='lat' dir='ltr'><strong>meis</strong></span> <span class='ocrx_word' id='word_1_40' title='bbox 971 779 1210 849; x_wconf 75' lang='lat' dir='ltr'><strong>peccatis</strong></span> <span class='ocrx_word' id='word_1_41' title='bbox 1270 778 1602 847; x_wconf 88' lang='lat' dir='ltr'><strong>rependeris,</strong></span> <span class='ocrx_word' id='word_1_42' title='bbox 1655 779 1893 849; x_wconf 79' lang='lat' dir='ltr'><strong>concede</strong></span> <span class='ocrx_word' id='word_1_43' title='bbox 1944 794 2029 834; x_wconf 89' lang='lat' dir='ltr'><strong>re-</strong></span> 
     </span>
    </p>
   </div>
   <div class='ocr_carea' id='block_1_9' title="bbox 451 871 1468 941">
    <p class='ocr_par' dir='ltr' id='par_1_9' title="bbox 451 871 1468 941">
     <span class='ocr_line' id='line_1_9' title="bbox 451 871 1468 941; baseline 0 -16"><span class='ocrx_word' id='word_1_44' title='bbox 451 871 793 937; x_wconf 77' lang='lat' dir='ltr'><strong>missionem,</strong></span> <span class='ocrx_word' id='word_1_45' title='bbox 828 880 991 940; x_wconf 86' lang='lat' dir='ltr'><strong>atque</strong></span> <span class='ocrx_word' id='word_1_46' title='bbox 1024 873 1233 925; x_wconf 84' lang='lat' dir='ltr'><strong>veniant</strong></span> <span class='ocrx_word' id='word_1_47' title='bbox 1269 872 1468 941; x_wconf 52' lang='lat' dir='ltr'><strong>praebe.</strong></span> 
     </span>
    </p>
   </div>
   <div class='ocr_carea' id='block_1_10' title="bbox 520 1052 2027 1123">
    <p class='ocr_par' dir='ltr' id='par_1_10' title="bbox 520 1052 2027 1123">
     <span class='ocr_line' id='line_1_10' title="bbox 520 1052 2027 1123; baseline 0.001 -16"><span class='ocrx_word' id='word_1_48' title='bbox 520 1053 684 1109; x_wconf 68' lang='lat' dir='ltr'><strong>Vsus.</strong></span> <span class='ocrx_word' id='word_1_49' title='bbox 740 1054 824 1107; x_wconf 79' lang='grc'><strong>19.</strong></span> <span class='ocrx_word' id='word_1_50' title='bbox 882 1074 899 1104; x_wconf 75' lang='grc' dir='ltr'><strong>ι</strong></span> <span class='ocrx_word' id='word_1_51' title='bbox 948 1052 1173 1123; x_wconf 77' lang='lat' dir='ltr'><strong>Respice</strong></span> <span class='ocrx_word' id='word_1_52' title='bbox 1224 1052 1479 1107; x_wconf 90' lang='lat' dir='ltr'><strong>inimicos</strong></span> <span class='ocrx_word' id='word_1_53' title='bbox 1533 1068 1705 1118; x_wconf 89' lang='lat' dir='ltr'><strong>meos,</strong></span> <span class='ocrx_word' id='word_1_54' title='bbox 1762 1055 2027 1123; x_wconf 88' lang='lat' dir='ltr'><strong>quoniam</strong></span> 
     </span>
    </p>
   </div>
   <div class='ocr_carea' id='block_1_11' title="bbox 450 1149 2027 1220">
    <p class='ocr_par' dir='ltr' id='par_1_11' title="bbox 450 1149 2027 1220">
     <span class='ocr_line' id='line_1_11' title="bbox 450 1149 2027 1220; baseline -0.002 -14"><span class='ocrx_word' id='word_1_55' title='bbox 450 1150 796 1220; x_wconf 83' lang='lat' dir='ltr'><strong>multiplicati</strong></span> <span class='ocrx_word' id='word_1_56' title='bbox 849 1158 994 1213; x_wconf 90' lang='lat' dir='ltr'><strong>sunt,</strong></span> <span class='ocrx_word' id='word_1_57' title='bbox 1040 1157 1094 1202; x_wconf 76' lang='lat' dir='ltr'><strong>et</strong></span> <span class='ocrx_word' id='word_1_58' title='bbox 1124 1149 1250 1202; x_wconf 81' lang='lat' dir='ltr'><strong>odio</strong></span> <span class='ocrx_word' id='word_1_59' title='bbox 1286 1149 1473 1217; x_wconf 86' lang='lat' dir='ltr'><strong>iniquo</strong></span> <span class='ocrx_word' id='word_1_60' title='bbox 1507 1151 1743 1203; x_wconf 82' lang='lat' dir='ltr'><strong>oderunt</strong></span> <span class='ocrx_word' id='word_1_61' title='bbox 1773 1165 1877 1203; x_wconf 88' lang='lat' dir='ltr'><strong>me.</strong></span> <span class='ocrx_word' id='word_1_62' title='bbox 1918 1168 1936 1200; x_wconf 74' lang='grc' dir='ltr'><strong>ι</strong></span> <span class='ocrx_word' id='word_1_63' title='bbox 1969 1149 2027 1203; x_wconf 90' lang='lat' dir='ltr'><strong>Si</strong></span> 
     </span>
    </p>
   </div>
   <div class='ocr_carea' id='block_1_12' title="bbox 448 1242 2027 1312">
    <p class='ocr_par' dir='ltr' id='par_1_12' title="bbox 448 1242 2027 1312">
     <span class='ocr_line' id='line_1_12' title="bbox 448 1242 2027 1312; baseline -0.002 -13"><span class='ocrx_word' id='word_1_64' title='bbox 448 1260 557 1299; x_wconf 87' lang='lat' dir='ltr'><strong>non</strong></span> <span class='ocrx_word' id='word_1_65' title='bbox 582 1243 788 1306; x_wconf 90' lang='lat' dir='ltr'><strong>videor,</strong></span> <span class='ocrx_word' id='word_1_66' title='bbox 819 1243 917 1306; x_wconf 88' lang='lat' dir='ltr'><strong>ait,</strong></span> <span class='ocrx_word' id='word_1_67' title='bbox 936 1244 1132 1312; x_wconf 86' lang='lat' dir='ltr'><strong>dignus</strong></span> <span class='ocrx_word' id='word_1_68' title='bbox 1154 1242 1513 1308; x_wconf 87' lang='lat' dir='ltr'><strong>humanitate,</strong></span> <span class='ocrx_word' id='word_1_69' title='bbox 1540 1258 1663 1296; x_wconf 88' lang='lat' dir='ltr'><strong>cum</strong></span> <span class='ocrx_word' id='word_1_70' title='bbox 1689 1243 1889 1298; x_wconf 82' lang='lat' dir='ltr'><strong>talibus</strong></span> <span class='ocrx_word' id='word_1_71' title='bbox 1910 1258 2027 1297; x_wconf 87' lang='lat' dir='ltr'><strong>ma-</strong></span> 
     </span>
    </p>
   </div>
   <div class='ocr_carea' id='block_1_13' title="bbox 448 1336 2027 1406">
    <p class='ocr_par' dir='ltr' id='par_1_13' title="bbox 448 1336 2027 1406">
     <span class='ocr_line' id='line_1_13' title="bbox 448 1336 2027 1406; baseline 0.001 -16"><span class='ocrx_word' id='word_1_72' title='bbox 448 1336 517 1391; x_wconf 89' lang='lat' dir='ltr'><strong>lis</strong></span> <span class='ocrx_word' id='word_1_73' title='bbox 536 1336 858 1401; x_wconf 78' lang='lat' dir='ltr'><strong>colluctatis,</strong></span> <span class='ocrx_word' id='word_1_74' title='bbox 884 1337 1066 1391; x_wconf 84' lang='lat' dir='ltr'><strong>saltem</strong></span> <span class='ocrx_word' id='word_1_75' title='bbox 1086 1336 1315 1406; x_wconf 82' lang='lat' dir='ltr'><strong>injustas</strong></span> <span class='ocrx_word' id='word_1_76' title='bbox 1348 1336 1687 1390; x_wconf 88' lang='lat' dir='ltr'><strong>inimicorum</strong></span> <span class='ocrx_word' id='word_1_77' title='bbox 1712 1336 2027 1391; x_wconf 84' lang='lat' dir='ltr'><strong>inimicitias</strong></span> 
     </span>
    </p>
   </div>
   <div class='ocr_carea' id='block_1_14' title="bbox 448 1429 2023 1501">
    <p class='ocr_par' dir='ltr' id='par_1_14' title="bbox 448 1429 2023 1501">
     <span class='ocr_line' id='line_1_14' title="bbox 448 1429 2023 1501; baseline 0 -17"><span class='ocrx_word' id='word_1_78' title='bbox 448 1430 813 1500; x_wconf 87' lang='lat' dir='ltr'><strong>conspiciens,</strong></span> <span class='ocrx_word' id='word_1_79' title='bbox 849 1429 1239 1484; x_wconf 66' lang='lat' dir='ltr'><strong>misericordia:</strong></span> <span class='ocrx_word' id='word_1_80' title='bbox 1272 1430 1588 1500; x_wconf 80' lang='lat' dir='ltr'><strong>participem</strong></span> <span class='ocrx_word' id='word_1_81' title='bbox 1614 1430 1774 1501; x_wconf 79' lang='lat'><strong>763</strong></span> <span class='ocrx_word' id='word_1_82' title='bbox 1800 1448 1885 1483; x_wconf 88' lang='lat' dir='ltr'><strong>me</strong></span> <span class='ocrx_word' id='word_1_83' title='bbox 1917 1431 2023 1485; x_wconf 80' lang='lat' dir='ltr'><strong>lac.</strong></span> 
     </span>
    </p>
   </div>
   <div class='ocr_carea' id='block_1_15' title="bbox 346 1522 2027 1594">
    <p class='ocr_par' dir='ltr' id='par_1_15' title="bbox 346 1522 2027 1594">
     <span class='ocr_line' id='line_1_15' title="bbox 346 1522 2027 1594; baseline 0.001 -17"><span class='ocrx_word' id='word_1_84' title='bbox 346 1588 349 1589; x_wconf 19' lang='grc' dir='ltr'><em>ν</em></span> <span class='ocrx_word' id='word_1_85' title='bbox 451 1522 510 1578; x_wconf 91' lang='lat' dir='ltr'><strong>ln</strong></span> <span class='ocrx_word' id='word_1_86' title='bbox 540 1531 591 1579; x_wconf 86' lang='lat' dir='ltr'><strong>te</strong></span> <span class='ocrx_word' id='word_1_87' title='bbox 618 1524 765 1578; x_wconf 88' lang='lat' dir='ltr'><strong>enim</strong></span> <span class='ocrx_word' id='word_1_88' title='bbox 816 1524 1059 1594; x_wconf 80' lang='lat' dir='ltr'><strong>peccavi,</strong></span> <span class='ocrx_word' id='word_1_89' title='bbox 1086 1539 1207 1578; x_wconf 90' lang='lat' dir='ltr'><strong>cum</strong></span> <span class='ocrx_word' id='word_1_90' title='bbox 1228 1533 1317 1577; x_wconf 91' lang='lat' dir='ltr'><strong>tua</strong></span> <span class='ocrx_word' id='word_1_91' title='bbox 1351 1533 1615 1594; x_wconf 68' lang='lat' dir='ltr'><strong>praecepta</strong></span> <span class='ocrx_word' id='word_1_92' title='bbox 1652 1533 2027 1594; x_wconf 85' lang='lat' dir='ltr'><strong>transgressus</strong></span> 
     </span>
    </p>
   </div>
   <div class='ocr_carea' id='block_1_16' title="bbox 452 1617 2027 1688">
    <p class='ocr_par' dir='ltr' id='par_1_16' title="bbox 452 1617 2027 1688">
     <span class='ocr_line' id='line_1_16' title="bbox 452 1617 2027 1688; baseline 0.001 -16"><span class='ocrx_word' id='word_1_93' title='bbox 452 1618 557 1672; x_wconf 83' lang='lat' dir='ltr'><strong>sim</strong></span> <span class='ocrx_word' id='word_1_94' title='bbox 589 1636 603 1673; x_wconf 91' lang='lat'><strong>:</strong></span> <span class='ocrx_word' id='word_1_95' title='bbox 643 1617 717 1672; x_wconf 86' lang='lat' dir='ltr'><strong>illi</strong></span> <span class='ocrx_word' id='word_1_96' title='bbox 750 1627 955 1677; x_wconf 85' lang='lat' dir='ltr'><strong>autem.</strong></span> <span class='ocrx_word' id='word_1_97' title='bbox 1006 1632 1132 1671; x_wconf 90' lang='lat' dir='ltr'><strong>cum</strong></span> <span class='ocrx_word' id='word_1_98' title='bbox 1164 1617 1301 1671; x_wconf 85' lang='lat' dir='ltr'><strong>nihil</strong></span> <span class='ocrx_word' id='word_1_99' title='bbox 1337 1617 1468 1671; x_wconf 90' lang='lat' dir='ltr'><strong>mihi</strong></span> <span class='ocrx_word' id='word_1_100' title='bbox 1501 1617 1634 1672; x_wconf 90' lang='lat' dir='ltr'><strong>vitio</strong></span> <span class='ocrx_word' id='word_1_101' title='bbox 1666 1626 1873 1672; x_wconf 86' lang='lat' dir='ltr'><strong>vertere</strong></span> <span class='ocrx_word' id='word_1_102' title='bbox 1902 1634 2027 1688; x_wconf 85' lang='lat' dir='ltr'><strong>pus-</strong></span> 
     </span>
    </p>
   </div>
   <div class='ocr_carea' id='block_1_17' title="bbox 451 1709 1319 1780">
    <p class='ocr_par' dir='ltr' id='par_1_17' title="bbox 451 1709 1319 1780">
     <span class='ocr_line' id='line_1_17' title="bbox 451 1709 1319 1780; baseline -0.001 -15"><span class='ocrx_word' id='word_1_103' title='bbox 451 1710 584 1771; x_wconf 82' lang='lat' dir='ltr'><strong>sint.</strong></span> <span class='ocrx_word' id='word_1_104' title='bbox 634 1710 836 1780; x_wconf 89' lang='lat' dir='ltr'><strong>injuste</strong></span> <span class='ocrx_word' id='word_1_105' title='bbox 872 1709 1068 1763; x_wconf 87' lang='lat' dir='ltr'><strong>bellum</strong></span> <span class='ocrx_word' id='word_1_106' title='bbox 1105 1718 1319 1779; x_wconf 86' lang='lat' dir='ltr'><strong>gerunt.</strong></span> 
     </span>
    </p>
   </div>
   <div class='ocr_carea' id='block_1_18' title="bbox 522 1800 2017 1870">
    <p class='ocr_par' dir='ltr' id='par_1_18' title="bbox 522 1800 2017 1870">
     <span class='ocr_line' id='line_1_18' title="bbox 522 1800 2017 1870; baseline 0.002 -16"><span class='ocrx_word' id='word_1_107' title='bbox 522 1800 683 1857; x_wconf 76' lang='lat' dir='ltr'><strong>Vens.</strong></span> <span class='ocrx_word' id='word_1_108' title='bbox 716 1802 808 1857; x_wconf 81' lang='lat'><strong>20.</strong></span> <span class='ocrx_word' id='word_1_109' title='bbox 856 1821 874 1853; x_wconf 80' lang='grc' dir='ltr'><strong>ι</strong></span> <span class='ocrx_word' id='word_1_110' title='bbox 909 1802 1136 1857; x_wconf 83' lang='lat' dir='ltr'><strong>Custodi</strong></span> <span class='ocrx_word' id='word_1_111' title='bbox 1161 1804 1399 1857; x_wconf 90' lang='lat' dir='ltr'><strong>animam</strong></span> <span class='ocrx_word' id='word_1_112' title='bbox 1431 1819 1628 1868; x_wconf 84' lang='lat' dir='ltr'><strong>meam,</strong></span> <span class='ocrx_word' id='word_1_113' title='bbox 1655 1811 1710 1858; x_wconf 91' lang='lat' dir='ltr'><strong>et</strong></span> <span class='ocrx_word' id='word_1_114' title='bbox 1735 1819 1866 1857; x_wconf 88' lang='lat' dir='ltr'><strong>erue</strong></span> <span class='ocrx_word' id='word_1_115' title='bbox 1897 1820 2017 1870; x_wconf 88' lang='lat' dir='ltr'><strong>me;</strong></span> 
     </span>
    </p>
   </div>
   <div class='ocr_carea' id='block_1_19' title="bbox 451 1895 2016 1965">
    <p class='ocr_par' dir='ltr' id='par_1_19' title="bbox 451 1895 2016 1965">
     <span class='ocr_line' id='line_1_19' title="bbox 451 1895 2016 1965; baseline 0.002 -18"><span class='ocrx_word' id='word_1_116' title='bbox 451 1909 561 1947; x_wconf 88' lang='lat' dir='ltr'><strong>non</strong></span> <span class='ocrx_word' id='word_1_117' title='bbox 588 1895 928 1959; x_wconf 84' lang='lat' dir='ltr'><strong>erubescam,</strong></span> <span class='ocrx_word' id='word_1_118' title='bbox 955 1895 1214 1965; x_wconf 89' lang='lat' dir='ltr'><strong>quoniam</strong></span> <span class='ocrx_word' id='word_1_119' title='bbox 1246 1898 1458 1965; x_wconf 75' lang='lat' dir='ltr'><strong>speravi</strong></span> <span class='ocrx_word' id='word_1_120' title='bbox 1492 1898 1544 1950; x_wconf 93' lang='lat' dir='ltr'><strong>in</strong></span> <span class='ocrx_word' id='word_1_121' title='bbox 1577 1904 1649 1950; x_wconf 79' lang='lat' dir='ltr'><strong>te.</strong></span> <span class='ocrx_word' id='word_1_122' title='bbox 1680 1916 1698 1946; x_wconf 75' lang='grc' dir='ltr'><strong>ι</strong></span> <span class='ocrx_word' id='word_1_123' title='bbox 1734 1895 1843 1951; x_wconf 81' lang='lat' dir='ltr'><strong>Etsi</strong></span> <span class='ocrx_word' id='word_1_124' title='bbox 1872 1898 2016 1951; x_wconf 89' lang='lat' dir='ltr'><strong>enim</strong></span> 
     </span>
    </p>
   </div>
   <div class='ocr_carea' id='block_1_20' title="bbox 449 1982 2019 2056">
    <p class='ocr_par' dir='ltr' id='par_1_20' title="bbox 449 1982 2019 2056">
     <span class='ocr_line' id='line_1_20' title="bbox 449 1982 2019 2056; baseline 0.004 -20"><span class='ocrx_word' id='word_1_125' title='bbox 449 1982 662 2053; x_wconf 73' lang='lat' dir='ltr'><strong>aliquas</strong></span> <span class='ocrx_word' id='word_1_126' title='bbox 721 1994 935 2038; x_wconf 87' lang='lat' dir='ltr'><strong>tuarum</strong></span> <span class='ocrx_word' id='word_1_127' title='bbox 969 1986 1147 2055; x_wconf 87' lang='lat' dir='ltr'><strong>legum</strong></span> <span class='ocrx_word' id='word_1_128' title='bbox 1178 1995 1553 2056; x_wconf 82' lang='lat' dir='ltr'><strong>transgressus</strong></span> <span class='ocrx_word' id='word_1_129' title='bbox 1591 2002 1733 2052; x_wconf 91' lang='lat' dir='ltr'><strong>sum,</strong></span> <span class='ocrx_word' id='word_1_130' title='bbox 1777 1994 1959 2040; x_wconf 86' lang='lat' dir='ltr'><strong>tamen</strong></span> <span class='ocrx_word' id='word_1_131' title='bbox 1988 2004 2019 2042; x_wconf 88' lang='lat' dir='ltr'><strong>a</strong></span> 
     </span>
    </p>
   </div>
   <div class='ocr_carea' id='block_1_21' title="bbox 448 2077 2020 2152">
    <p class='ocr_par' dir='ltr' id='par_1_21' title="bbox 448 2077 2020 2152">
     <span class='ocr_line' id='line_1_21' title="bbox 448 2077 2020 2152; baseline 0.002 -20"><span class='ocrx_word' id='word_1_132' title='bbox 448 2088 541 2133; x_wconf 89' lang='lat' dir='ltr'><strong>tua</strong></span> <span class='ocrx_word' id='word_1_133' title='bbox 576 2077 912 2147; x_wconf 84' lang='lat' dir='ltr'><strong>providentia</strong></span> <span class='ocrx_word' id='word_1_134' title='bbox 960 2080 1228 2150; x_wconf 88' lang='lat' dir='ltr'><strong>meipsum</strong></span> <span class='ocrx_word' id='word_1_135' title='bbox 1277 2096 1382 2133; x_wconf 86' lang='lat' dir='ltr'><strong>non</strong></span> <span class='ocrx_word' id='word_1_136' title='bbox 1423 2082 1706 2150; x_wconf 81' lang='lat' dir='ltr'><strong>separavi:</strong></span> <span class='ocrx_word' id='word_1_137' title='bbox 1735 2091 2020 2152; x_wconf 84' lang='lat' dir='ltr'><strong>propterea</strong></span> 
     </span>
    </p>
   </div>
   <div class='ocr_carea' id='block_1_22' title="bbox 446 2171 2017 2241">
    <p class='ocr_par' dir='ltr' id='par_1_22' title="bbox 446 2171 2017 2241">
     <span class='ocr_line' id='line_1_22' title="bbox 446 2171 2017 2241; baseline 0.003 -16"><span class='ocrx_word' id='word_1_138' title='bbox 446 2186 667 2241; x_wconf 84' lang='lat' dir='ltr'><strong>quoque</strong></span> <span class='ocrx_word' id='word_1_139' title='bbox 711 2179 771 2225; x_wconf 88' lang='lat' dir='ltr'><strong>ut</strong></span> <span class='ocrx_word' id='word_1_140' title='bbox 803 2171 872 2225; x_wconf 85' lang='lat' dir='ltr'><strong>ab</strong></span> <span class='ocrx_word' id='word_1_141' title='bbox 902 2171 1148 2227; x_wconf 86' lang='lat' dir='ltr'><strong>hostibus</strong></span> <span class='ocrx_word' id='word_1_142' title='bbox 1181 2173 1399 2241; x_wconf 82' lang='lat' dir='ltr'><strong>liberer,</strong></span> <span class='ocrx_word' id='word_1_143' title='bbox 1436 2182 1489 2228; x_wconf 89' lang='lat' dir='ltr'><strong>et</strong></span> <span class='ocrx_word' id='word_1_144' title='bbox 1528 2184 1585 2227; x_wconf 87' lang='lat' dir='ltr'><strong>ut</strong></span> <span class='ocrx_word' id='word_1_145' title='bbox 1615 2190 1907 2229; x_wconf 84' lang='lat' dir='ltr'><strong>conserver</strong></span> <span class='ocrx_word' id='word_1_146' title='bbox 1923 2174 2017 2229; x_wconf 81' lang='lat' dir='ltr'><strong>ob-</strong></span> 
     </span>
    </p>
   </div>
   <div class='ocr_carea' id='block_1_23' title="bbox 446 2276 626 2317">
    <p class='ocr_par' dir='ltr' id='par_1_23' title="bbox 446 2276 626 2317">
     <span class='ocr_line' id='line_1_23' title="bbox 446 2276 626 2317; baseline -0.006 -1"><span class='ocrx_word' id='word_1_147' title='bbox 446 2276 602 2317; x_wconf 61' lang='grc' dir='ltr'>θεοί-ο</span> <span class='ocrx_word' id='word_1_148' title='bbox 611 2298 626 2315; x_wconf 81' lang='grc' dir='ltr'><strong>ο</strong></span> 
     </span>
    </p>
   </div>
   <div class='ocr_carea' id='block_1_24' title="bbox 523 2354 2017 2425">
    <p class='ocr_par' dir='ltr' id='par_1_24' title="bbox 523 2354 2017 2425">
     <span class='ocr_line' id='line_1_24' title="bbox 523 2354 2017 2425; baseline 0.003 -16"><span class='ocrx_word' id='word_1_149' title='bbox 523 2354 683 2412; x_wconf 75' lang='lat' dir='ltr'><strong>Vens.</strong></span> <span class='ocrx_word' id='word_1_150' title='bbox 718 2358 810 2413; x_wconf 88' lang='lat' dir='ltr'><strong>2l.</strong></span> <span class='ocrx_word' id='word_1_151' title='bbox 847 2376 865 2410; x_wconf 80' lang='grc' dir='ltr'><strong>ι</strong></span> <span class='ocrx_word' id='word_1_152' title='bbox 900 2357 1222 2416; x_wconf 89' lang='lat' dir='ltr'><strong>lnnocentes</strong></span> <span class='ocrx_word' id='word_1_153' title='bbox 1243 2370 1299 2416; x_wconf 90' lang='lat' dir='ltr'><strong>et</strong></span> <span class='ocrx_word' id='word_1_154' title='bbox 1331 2361 1461 2417; x_wconf 84' lang='lat' dir='ltr'><strong>recti</strong></span> <span class='ocrx_word' id='word_1_155' title='bbox 1482 2362 1828 2416; x_wconf 66' lang='lat' dir='ltr'><strong>adhaeserunt</strong></span> <span class='ocrx_word' id='word_1_156' title='bbox 1860 2360 2017 2425; x_wconf 83' lang='lat' dir='ltr'><strong>mihi,</strong></span> 
     </span>
    </p>
   </div>
   <div class='ocr_carea' id='block_1_25' title="bbox 444 2450 2021 2522">
    <p class='ocr_par' dir='ltr' id='par_1_25' title="bbox 444 2450 2021 2522">
     <span class='ocr_line' id='line_1_25' title="bbox 444 2450 2021 2522; baseline 0.001 -19"><span class='ocrx_word' id='word_1_157' title='bbox 444 2450 571 2518; x_wconf 84' lang='lat' dir='ltr'><strong>quia</strong></span> <span class='ocrx_word' id='word_1_158' title='bbox 631 2450 937 2519; x_wconf 81' lang='lat' dir='ltr'><strong>exspectavi</strong></span> <span class='ocrx_word' id='word_1_159' title='bbox 988 2459 1059 2507; x_wconf 87' lang='lat' dir='ltr'><strong>te.</strong></span> <span class='ocrx_word' id='word_1_160' title='bbox 1112 2470 1129 2501; x_wconf 75' lang='grc' dir='ltr'><strong>ι</strong></span> <span class='ocrx_word' id='word_1_161' title='bbox 1184 2450 1252 2505; x_wconf 84' lang='lat' dir='ltr'><strong>Et</strong></span> <span class='ocrx_word' id='word_1_162' title='bbox 1299 2451 1402 2506; x_wconf 92' lang='lat' dir='ltr'><strong>hoc</strong></span> <span class='ocrx_word' id='word_1_163' title='bbox 1467 2452 1746 2522; x_wconf 89' lang='lat' dir='ltr'><strong>proprium</strong></span> <span class='ocrx_word' id='word_1_164' title='bbox 1801 2450 2021 2505; x_wconf 87' lang='lat' dir='ltr'><strong>virtutis</strong></span> 
     </span>
    </p>
   </div>
   <div class='ocr_carea' id='block_1_26' title="bbox 443 2542 2019 2613">
    <p class='ocr_par' dir='ltr' id='par_1_26' title="bbox 443 2542 2019 2613">
     <span class='ocr_line' id='line_1_26' title="bbox 443 2542 2019 2613; baseline -0.001 -15"><span class='ocrx_word' id='word_1_165' title='bbox 443 2552 534 2598; x_wconf 87' lang='lat' dir='ltr'><strong>est</strong></span> <span class='ocrx_word' id='word_1_166' title='bbox 569 2542 938 2613; x_wconf 89' lang='lat' dir='ltr'><strong>improborum</strong></span> <span class='ocrx_word' id='word_1_167' title='bbox 981 2544 1430 2599; x_wconf 85' lang='lat' dir='ltr'><strong>consuetudinem</strong></span> <span class='ocrx_word' id='word_1_168' title='bbox 1471 2544 1601 2600; x_wconf 88' lang='lat' dir='ltr'><strong>odio</strong></span> <span class='ocrx_word' id='word_1_169' title='bbox 1640 2544 1882 2609; x_wconf 87' lang='lat' dir='ltr'><strong>habere;</strong></span> <span class='ocrx_word' id='word_1_170' title='bbox 1922 2558 2019 2598; x_wconf 90' lang='lat' dir='ltr'><strong>eos</strong></span> 
     </span>
    </p>
   </div>
   <div class='ocr_carea' id='block_1_27' title="bbox 444 2631 2018 2703">
    <p class='ocr_par' dir='ltr' id='par_1_27' title="bbox 444 2631 2018 2703">
     <span class='ocr_line' id='line_1_27' title="bbox 444 2631 2018 2703; baseline 0.002 -17"><span class='ocrx_word' id='word_1_171' title='bbox 444 2650 577 2689; x_wconf 86' lang='lat' dir='ltr'><strong>vero</strong></span> <span class='ocrx_word' id='word_1_172' title='bbox 599 2632 692 2701; x_wconf 84' lang='lat' dir='ltr'><strong>qui</strong></span> <span class='ocrx_word' id='word_1_173' title='bbox 714 2631 1077 2701; x_wconf 65' lang='lat' dir='ltr'><strong>mqualitatem</strong></span> <span class='ocrx_word' id='word_1_174' title='bbox 1102 2632 1392 2703; x_wconf 88' lang='lat' dir='ltr'><strong>honorant,</strong></span> <span class='ocrx_word' id='word_1_175' title='bbox 1412 2648 1466 2693; x_wconf 88' lang='lat' dir='ltr'><strong>et</strong></span> <span class='ocrx_word' id='word_1_176' title='bbox 1498 2637 1822 2693; x_wconf 88' lang='lat' dir='ltr'><strong>rectitudine</strong></span> <span class='ocrx_word' id='word_1_177' title='bbox 1852 2646 2018 2691; x_wconf 87' lang='lat' dir='ltr'><strong>utun-</strong></span> 
     </span>
    </p>
   </div>
   <div class='ocr_carea' id='block_1_28' title="bbox 443 2720 2020 2800">
    <p class='ocr_par' dir='ltr' id='par_1_28' title="bbox 443 2720 2020 2800">
     <span class='ocr_line' id='line_1_28' title="bbox 443 2720 2020 2800; baseline 0.001 -18"><span class='ocrx_word' id='word_1_178' title='bbox 443 2736 556 2791; x_wconf 85' lang='lat' dir='ltr'><strong>tur,</strong></span> <span class='ocrx_word' id='word_1_179' title='bbox 593 2735 647 2781; x_wconf 92' lang='lat' dir='ltr'><strong>et</strong></span> <span class='ocrx_word' id='word_1_180' title='bbox 674 2743 703 2781; x_wconf 85' lang='lat' dir='ltr'><strong>a</strong></span> <span class='ocrx_word' id='word_1_181' title='bbox 738 2720 947 2782; x_wconf 81' lang='lat' dir='ltr'><strong>malitia</strong></span> <span class='ocrx_word' id='word_1_182' title='bbox 976 2726 1006 2761; x_wconf 72' lang='lat'><strong><em>&quot;</em></strong></span> <span class='ocrx_word' id='word_1_183' title='bbox 1037 2726 1190 2781; x_wconf 87' lang='lat' dir='ltr'><strong>liberi</strong></span> <span class='ocrx_word' id='word_1_184' title='bbox 1243 2738 1393 2794; x_wconf 86' lang='lat' dir='ltr'><strong>sunt,</strong></span> <span class='ocrx_word' id='word_1_185' title='bbox 1428 2728 1551 2795; x_wconf 91' lang='lat' dir='ltr'><strong>hos,</strong></span> <span class='ocrx_word' id='word_1_186' title='bbox 1584 2730 1827 2800; x_wconf 89' lang='lat' dir='ltr'><strong>inquam,</strong></span> <span class='ocrx_word' id='word_1_187' title='bbox 1863 2729 2020 2784; x_wconf 82' lang='lat' dir='ltr'><strong>fami-</strong></span> 
     </span>
    </p>
   </div>
   <div class='ocr_carea' id='block_1_29' title="bbox 444 2817 2016 2892">
    <p class='ocr_par' dir='ltr' id='par_1_29' title="bbox 444 2817 2016 2892">
     <span class='ocr_line' id='line_1_29' title="bbox 444 2817 2016 2892; baseline 0.001 -17"><span class='ocrx_word' id='word_1_188' title='bbox 444 2820 606 2875; x_wconf 88' lang='lat' dir='ltr'><strong>liares</strong></span> <span class='ocrx_word' id='word_1_189' title='bbox 637 2820 910 2875; x_wconf 83' lang='lat' dir='ltr'><strong>etamicos</strong></span> <span class='ocrx_word' id='word_1_190' title='bbox 934 2819 1149 2874; x_wconf 90' lang='lat' dir='ltr'><strong>habere.</strong></span> <span class='ocrx_word' id='word_1_191' title='bbox 1185 2817 1300 2875; x_wconf 80' lang='lat' dir='ltr'><strong>Hoc</strong></span> <span class='ocrx_word' id='word_1_192' title='bbox 1328 2830 1508 2876; x_wconf 87' lang='lat' dir='ltr'><strong>autem</strong></span> <span class='ocrx_word' id='word_1_193' title='bbox 1545 2822 1807 2892; x_wconf 87' lang='lat' dir='ltr'><strong>propheta</strong></span> <span class='ocrx_word' id='word_1_194' title='bbox 1840 2837 1899 2877; x_wconf 90' lang='lat' dir='ltr'><strong>se</strong></span> <span class='ocrx_word' id='word_1_195' title='bbox 1932 2821 2016 2877; x_wconf 81' lang='lat' dir='ltr'><strong>fe—</strong></span> 
     </span>
    </p>
   </div>
   <div class='ocr_carea' id='block_1_30' title="bbox 444 2913 2018 2983">
    <p class='ocr_par' dir='ltr' id='par_1_30' title="bbox 444 2913 2018 2983">
     <span class='ocr_line' id='line_1_30' title="bbox 444 2913 2018 2983; baseline 0 -16"><span class='ocrx_word' id='word_1_196' title='bbox 444 2914 587 2968; x_wconf 86' lang='lat' dir='ltr'><strong>cisse</strong></span> <span class='ocrx_word' id='word_1_197' title='bbox 633 2913 729 2978; x_wconf 86' lang='lat' dir='ltr'><strong>ait,</strong></span> <span class='ocrx_word' id='word_1_198' title='bbox 790 2923 1049 2983; x_wconf 86' lang='lat' dir='ltr'><strong>tanquam</strong></span> <span class='ocrx_word' id='word_1_199' title='bbox 1111 2913 1163 2967; x_wconf 91' lang='lat' dir='ltr'><strong>in</strong></span> <span class='ocrx_word' id='word_1_200' title='bbox 1217 2913 1322 2969; x_wconf 89' lang='lat' dir='ltr'><strong>hoc</strong></span> <span class='ocrx_word' id='word_1_201' title='bbox 1371 2913 1661 2970; x_wconf 90' lang='lat' dir='ltr'><strong>Dominum</strong></span> <span class='ocrx_word' id='word_1_202' title='bbox 1699 2916 1878 2970; x_wconf 90' lang='lat' dir='ltr'><strong>colere</strong></span> <span class='ocrx_word' id='word_1_203' title='bbox 1898 2915 2018 2969; x_wconf 80' lang='lat' dir='ltr'><strong>exi-</strong></span> 
     </span>
    </p>
   </div>
   <div class='ocr_carea' id='block_1_31' title="bbox 444 3005 696 3061">
    <p class='ocr_par' dir='ltr' id='par_1_31' title="bbox 444 3005 696 3061">
     <span class='ocr_line' id='line_1_31' title="bbox 444 3005 696 3061; baseline -0.012 0"><span class='ocrx_word' id='word_1_204' title='bbox 444 3005 696 3061; x_wconf 79' lang='lat' dir='ltr'><strong>stimans.</strong></span> 
     </span>
    </p>
   </div>
   <div class='ocr_carea' id='block_1_32' title="bbox 516 3098 2018 3167">
    <p class='ocr_par' dir='ltr' id='par_1_32' title="bbox 516 3098 2018 3167">
     <span class='ocr_line' id='line_1_32' title="bbox 516 3098 2018 3167; baseline 0.004 -15"><span class='ocrx_word' id='word_1_205' title='bbox 516 3098 677 3155; x_wconf 73' lang='lat' dir='ltr'><strong>Vens.</strong></span> <span class='ocrx_word' id='word_1_206' title='bbox 731 3099 822 3157; x_wconf 75' lang='lat'><strong>22.</strong></span> <span class='ocrx_word' id='word_1_207' title='bbox 860 3120 877 3150; x_wconf 77' lang='grc' dir='ltr'><strong>ι</strong></span> <span class='ocrx_word' id='word_1_208' title='bbox 918 3098 1132 3166; x_wconf 87' lang='lat' dir='ltr'><strong>Libera,</strong></span> <span class='ocrx_word' id='word_1_209' title='bbox 1168 3100 1333 3167; x_wconf 88' lang='lat' dir='ltr'><strong>Deus,</strong></span> <span class='ocrx_word' id='word_1_210' title='bbox 1376 3099 1627 3157; x_wconf 88' lang='lat' dir='ltr'><strong>lsraelem</strong></span> <span class='ocrx_word' id='word_1_211' title='bbox 1655 3118 1721 3157; x_wconf 84' lang='lat' dir='ltr'><strong>ex</strong></span> <span class='ocrx_word' id='word_1_212' title='bbox 1763 3104 2018 3158; x_wconf 90' lang='lat' dir='ltr'><strong>omnibus</strong></span> 
     </span>
    </p>
   </div>
   <div class='ocr_carea' id='block_1_33' title="bbox 2132 598 3695 672">
    <p class='ocr_par' dir='ltr' id='par_1_33' title="bbox 2132 598 3695 672">
     <span class='ocr_line' id='line_1_33' title="bbox 2132 598 3695 672; baseline 0.004 -23"><span class='ocrx_word' id='word_1_213' title='bbox 2132 613 2232 659; x_wconf 92' lang='grc' dir='ltr'><strong>σας</strong></span> <span class='ocrx_word' id='word_1_214' title='bbox 2259 598 2362 661; x_wconf 84' lang='grc' dir='ltr'>τὰς</span> <span class='ocrx_word' id='word_1_215' title='bbox 2397 600 2688 669; x_wconf 81' lang='grc' dir='ltr'>ἀνομίας⁸⁸</span> <span class='ocrx_word' id='word_1_216' title='bbox 2725 618 2849 670; x_wconf 90' lang='grc' dir='ltr'>μου.</span> <span class='ocrx_word' id='word_1_217' title='bbox 2885 620 2904 650; x_wconf 70' lang='grc' dir='ltr'><strong>ι</strong></span> <span class='ocrx_word' id='word_1_218' title='bbox 2943 599 3187 664; x_wconf 79' lang='grc' dir='ltr'><strong>Πολλοῖς,</strong></span> <span class='ocrx_word' id='word_1_219' title='bbox 3214 602 3402 672; x_wconf 68' lang='grc' dir='ltr'>φησιν,</span> <span class='ocrx_word' id='word_1_220' title='bbox 3442 600 3695 669; x_wconf 79' lang='grc' dir='ltr'><strong>ἀλγεινοῖς</strong></span> 
     </span>
    </p>
   </div>
   <div class='ocr_carea' id='block_1_34' title="bbox 2131 691 3696 764">
    <p class='ocr_par' dir='ltr' id='par_1_34' title="bbox 2131 691 3696 764">
     <span class='ocr_line' id='line_1_34' title="bbox 2131 691 3696 764; baseline 0 -21"><span class='ocrx_word' id='word_1_221' title='bbox 2131 691 2469 761; x_wconf 75' lang='grc' dir='ltr'><strong>πανταχόθεν</strong></span> <span class='ocrx_word' id='word_1_222' title='bbox 2501 694 3004 763; x_wconf 77' lang='grc' dir='ltr'>περιστοιχίζομαι.</span> <span class='ocrx_word' id='word_1_223' title='bbox 3029 692 3252 761; x_wconf 78' lang='grc' dir='ltr'><strong>Ταύτην</strong></span> <span class='ocrx_word' id='word_1_224' title='bbox 3281 710 3384 762; x_wconf 82' lang='grc' dir='ltr'><strong>μου</strong></span> <span class='ocrx_word' id='word_1_225' title='bbox 3412 692 3696 764; x_wconf 77' lang='grc' dir='ltr'>τοίνυντὴν</span> 
     </span>
    </p>
   </div>
   <div class='ocr_carea' id='block_1_35' title="bbox 2128 784 3695 856">
    <p class='ocr_par' dir='ltr' id='par_1_35' title="bbox 2128 784 3695 856">
     <span class='ocr_line' id='line_1_35' title="bbox 2128 784 3695 856; baseline -0.001 -21"><span class='ocrx_word' id='word_1_226' title='bbox 2128 784 2482 847; x_wconf 89' lang='grc' dir='ltr'>ταπείνωσιν,</span> <span class='ocrx_word' id='word_1_227' title='bbox 2516 785 2612 837; x_wconf 78' lang='grc' dir='ltr'>καὶ</span> <span class='ocrx_word' id='word_1_228' title='bbox 2656 788 2755 855; x_wconf 84' lang='grc' dir='ltr'>τὴν</span> <span class='ocrx_word' id='word_1_229' title='bbox 2800 784 3208 856; x_wconf 81' lang='grc' dir='ltr'><strong>ταλαιπωρίαν,</strong></span> <span class='ocrx_word' id='word_1_230' title='bbox 3238 785 3361 847; x_wconf 83' lang='grc' dir='ltr'>ταῖς</span> <span class='ocrx_word' id='word_1_231' title='bbox 3416 784 3575 851; x_wconf 78' lang='grc' dir='ltr'>ἐμαῖς</span> <span class='ocrx_word' id='word_1_232' title='bbox 3610 786 3695 835; x_wconf 77' lang='grc' dir='ltr'><strong>ἀν-</strong></span> 
     </span>
    </p>
   </div>
   <div class='ocr_carea' id='block_1_36' title="bbox 2128 874 3697 949">
    <p class='ocr_par' dir='ltr' id='par_1_36' title="bbox 2128 874 3697 949">
     <span class='ocr_line' id='line_1_36' title="bbox 2128 874 3697 949; baseline -0.001 -21"><span class='ocrx_word' id='word_1_233' title='bbox 2128 876 2557 940; x_wconf 82' lang='grc' dir='ltr'>τιταλαντεύσας</span> <span class='ocrx_word' id='word_1_234' title='bbox 2582 877 2973 949; x_wconf 77' lang='grc' dir='ltr'>παρανομίαις,</span> <span class='ocrx_word' id='word_1_235' title='bbox 3002 876 3092 939; x_wconf 83' lang='grc' dir='ltr'><strong>δὸς</strong></span> <span class='ocrx_word' id='word_1_236' title='bbox 3116 875 3217 947; x_wconf 82' lang='grc' dir='ltr'>τὴν</span> <span class='ocrx_word' id='word_1_237' title='bbox 3243 875 3468 943; x_wconf 80' lang='grc' dir='ltr'>ἄφεσιν,</span> <span class='ocrx_word' id='word_1_238' title='bbox 3498 876 3589 927; x_wconf 81' lang='grc' dir='ltr'><strong>καὶ</strong></span> <span class='ocrx_word' id='word_1_239' title='bbox 3609 874 3697 945; x_wconf 79' lang='grc' dir='ltr'><strong>τὴν</strong></span> 
     </span>
    </p>
   </div>
   <div class='ocr_carea' id='block_1_37' title="bbox 2130 970 2773 1041">
    <p class='ocr_par' dir='ltr' id='par_1_37' title="bbox 2130 970 2773 1041">
     <span class='ocr_line' id='line_1_37' title="bbox 2130 970 2773 1041; baseline 0.003 -20"><span class='ocrx_word' id='word_1_240' title='bbox 2130 970 2465 1040; x_wconf 79' lang='grc' dir='ltr'><strong>συγγνώμην</strong></span> <span class='ocrx_word' id='word_1_241' title='bbox 2502 972 2773 1041; x_wconf 81' lang='grc' dir='ltr'>παράσχε.</span> 
     </span>
    </p>
   </div>
   <div class='ocr_carea' id='block_1_38' title="bbox 2201 1057 3697 1133">
    <p class='ocr_par' dir='ltr' id='par_1_38' title="bbox 2201 1057 3697 1133">
     <span class='ocr_line' id='line_1_38' title="bbox 2201 1057 3697 1133; baseline -0.003 -18"><span class='ocrx_word' id='word_1_242' title='bbox 2201 1063 2287 1116; x_wconf 80' lang='grc' dir='ltr'><strong>ιϐ’.</strong></span> <span class='ocrx_word' id='word_1_243' title='bbox 2332 1080 2349 1113; x_wconf 80' lang='grc' dir='ltr'><strong>ι</strong></span> <span class='ocrx_word' id='word_1_244' title='bbox 2392 1062 2499 1116; x_wconf 85' lang='grc' dir='ltr'><strong>Ἴδε</strong></span> <span class='ocrx_word' id='word_1_245' title='bbox 2528 1063 2655 1127; x_wconf 79' lang='grc' dir='ltr'>τοὺς</span> <span class='ocrx_word' id='word_1_246' title='bbox 2708 1062 2938 1133; x_wconf 73' lang='grc' dir='ltr'>ἐχθρούς</span> <span class='ocrx_word' id='word_1_247' title='bbox 2978 1079 3103 1132; x_wconf 88' lang='grc' dir='ltr'>μου,</span> <span class='ocrx_word' id='word_1_248' title='bbox 3142 1061 3231 1114; x_wconf 81' lang='grc' dir='ltr'>ὅτι</span> <span class='ocrx_word' id='word_1_249' title='bbox 3260 1057 3697 1128; x_wconf 81' lang='grc' dir='ltr'>ὲπληθύνθησαν,</span> 
     </span>
    </p>
   </div>
   <div class='ocr_carea' id='block_1_39' title="bbox 2128 1151 3698 1225">
    <p class='ocr_par' dir='ltr' id='par_1_39' title="bbox 2128 1151 3698 1225">
     <span class='ocr_line' id='line_1_39' title="bbox 2128 1151 3698 1225; baseline -0.001 -18"><span class='ocrx_word' id='word_1_250' title='bbox 2128 1155 2223 1208; x_wconf 61' lang='grc' dir='ltr'><strong>καὶ⁵</strong></span> <span class='ocrx_word' id='word_1_251' title='bbox 2256 1158 2414 1225; x_wconf 81' lang='grc' dir='ltr'>μῖσος</span> <span class='ocrx_word' id='word_1_252' title='bbox 2452 1155 2638 1209; x_wconf 85' lang='grc' dir='ltr'>ἄδικον</span> <span class='ocrx_word' id='word_1_253' title='bbox 2678 1156 2949 1225; x_wconf 77' lang='grc' dir='ltr'>ἐμίσησαν</span> <span class='ocrx_word' id='word_1_254' title='bbox 2987 1171 3077 1225; x_wconf 90' lang='grc' dir='ltr'><strong>με.</strong></span> <span class='ocrx_word' id='word_1_255' title='bbox 3121 1173 3139 1206; x_wconf 72' lang='grc' dir='ltr'><strong>ι</strong></span> <span class='ocrx_word' id='word_1_256' title='bbox 3172 1153 3235 1206; x_wconf 78' lang='grc' dir='ltr'><strong>Εἰ</strong></span> <span class='ocrx_word' id='word_1_257' title='bbox 3281 1154 3354 1223; x_wconf 80' lang='grc' dir='ltr'>μὴ</span> <span class='ocrx_word' id='word_1_258' title='bbox 3395 1151 3698 1222; x_wconf 75' lang='grc' dir='ltr'>δοκῶ,φηο</span> 
     </span>
    </p>
   </div>
   <div class='ocr_carea' id='block_1_40' title="bbox 2128 1243 3701 1320">
    <p class='ocr_par' dir='ltr' id='par_1_40' title="bbox 2128 1243 3701 1320">
     <span class='ocr_line' id='line_1_40' title="bbox 2128 1243 3701 1320; baseline -0.003 -19"><span class='ocrx_word' id='word_1_259' title='bbox 2128 1247 2234 1313; x_wconf 74' lang='lat' dir='ltr'><strong>civ,</strong></span> <span class='ocrx_word' id='word_1_260' title='bbox 2277 1248 2427 1315; x_wconf 81' lang='grc' dir='ltr'>ἄξιος</span> <span class='ocrx_word' id='word_1_261' title='bbox 2479 1243 2620 1300; x_wconf 85' lang='grc' dir='ltr'>εἶναι</span> <span class='ocrx_word' id='word_1_262' title='bbox 2669 1247 3103 1320; x_wconf 81' lang='grc' dir='ltr'>φιλανθρωπίας,</span> <span class='ocrx_word' id='word_1_263' title='bbox 3138 1246 3424 1308; x_wconf 82' lang='grc' dir='ltr'>τοσούτοις</span> <span class='ocrx_word' id='word_1_264' title='bbox 3460 1260 3701 1313; x_wconf 80' lang='grc' dir='ltr'>προσπαο</span> 
     </span>
    </p>
   </div>
   <div class='ocr_carea' id='block_1_41' title="bbox 2126 1335 3700 1410">
    <p class='ocr_par' dir='ltr' id='par_1_41' title="bbox 2126 1335 3700 1410">
     <span class='ocr_line' id='line_1_41' title="bbox 2126 1335 3700 1410; baseline -0.004 -16"><span class='ocrx_word' id='word_1_265' title='bbox 2126 1341 2294 1394; x_wconf 83' lang='grc' dir='ltr'>λαίων</span> <span class='ocrx_word' id='word_1_266' title='bbox 2331 1343 2541 1406; x_wconf 77' lang='grc' dir='ltr'>κακοῖς,</span> <span class='ocrx_word' id='word_1_267' title='bbox 2571 1340 2672 1410; x_wconf 84' lang='grc' dir='ltr'>τὴν</span> <span class='ocrx_word' id='word_1_268' title='bbox 2706 1340 2893 1393; x_wconf 80' lang='grc' dir='ltr'>ἄδικον</span> <span class='ocrx_word' id='word_1_269' title='bbox 2927 1339 3061 1408; x_wconf 83' lang='grc' dir='ltr'>γοῦν</span> <span class='ocrx_word' id='word_1_270' title='bbox 3115 1338 3226 1391; x_wconf 85' lang='grc' dir='ltr'><strong>τῶν</strong></span> <span class='ocrx_word' id='word_1_271' title='bbox 3266 1335 3558 1406; x_wconf 80' lang='grc' dir='ltr'>πολεμίων</span> <span class='ocrx_word' id='word_1_272' title='bbox 3604 1337 3700 1388; x_wconf 80' lang='grc' dir='ltr'><strong>ἁπ-</strong></span> 
     </span>
    </p>
   </div>
   <div class='ocr_carea' id='block_1_42' title="bbox 2125 1426 3702 1503">
    <p class='ocr_par' dir='ltr' id='par_1_42' title="bbox 2125 1426 3702 1503">
     <span class='ocr_line' id='line_1_42' title="bbox 2125 1426 3702 1503; baseline -0.004 -18"><span class='ocrx_word' id='word_1_273' title='bbox 2125 1432 2342 1502; x_wconf 86' lang='grc' dir='ltr'>ἐχθειαν</span> <span class='ocrx_word' id='word_1_274' title='bbox 2365 1432 2720 1503; x_wconf 82' lang='grc' dir='ltr'>θεασάμενος,</span> <span class='ocrx_word' id='word_1_275' title='bbox 2743 1431 3159 1503; x_wconf 84' lang='grc' dir='ltr'>φιλανθρωπίας</span> <span class='ocrx_word' id='word_1_276' title='bbox 3209 1429 3468 1500; x_wconf 83' lang='grc' dir='ltr'><strong>μετάδος.</strong></span> <span class='ocrx_word' id='word_1_277' title='bbox 3514 1426 3608 1489; x_wconf 75' lang='grc' dir='ltr'><strong>Εἰς</strong></span> <span class='ocrx_word' id='word_1_278' title='bbox 3651 1428 3702 1480; x_wconf 63' lang='lat' dir='ltr'><strong>si</strong></span> 
     </span>
    </p>
   </div>
   <div class='ocr_carea' id='block_1_43' title="bbox 2125 1512 3698 1596">
    <p class='ocr_par' dir='ltr' id='par_1_43' title="bbox 2125 1512 3698 1596">
     <span class='ocr_line' id='line_1_43' title="bbox 2125 1512 3698 1596; baseline -0.003 -19"><span class='ocrx_word' id='word_1_279' title='bbox 2125 1524 2234 1595; x_wconf 80' lang='grc' dir='ltr'>γὰρ</span> <span class='ocrx_word' id='word_1_280' title='bbox 2267 1525 2695 1596; x_wconf 78' lang='grc' dir='ltr'>ἐπλημμέλησα,</span> <span class='ocrx_word' id='word_1_281' title='bbox 2730 1525 2828 1589; x_wconf 79' lang='grc' dir='ltr'><strong>τὰς</strong></span> <span class='ocrx_word' id='word_1_282' title='bbox 2860 1524 2959 1588; x_wconf 75' lang='grc' dir='ltr'><strong>σας</strong></span> <span class='ocrx_word' id='word_1_283' title='bbox 3004 1512 3418 1594; x_wconf 61' lang='grc' dir='ltr'>παραδεὸηκὼς</span> <span class='ocrx_word' id='word_1_284' title='bbox 3445 1520 3665 1583; x_wconf 74' lang='grc' dir='ltr'>ἐντολάς</span> <span class='ocrx_word' id='word_1_285' title='bbox 3686 1536 3698 1549; x_wconf 87' lang='grc'><strong>·</strong></span> 
     </span>
    </p>
   </div>
   <div class='ocr_carea' id='block_1_44' title="bbox 2124 1611 3702 1688">
    <p class='ocr_par' dir='ltr' id='par_1_44' title="bbox 2124 1611 3702 1688">
     <span class='ocr_line' id='line_1_44' title="bbox 2124 1611 3702 1688; baseline -0.005 -19"><span class='ocrx_word' id='word_1_286' title='bbox 2124 1618 2327 1671; x_wconf 82' lang='grc' dir='ltr'>ἐκεῖνοι</span> <span class='ocrx_word' id='word_1_287' title='bbox 2347 1616 2405 1669; x_wconf 82' lang='grc' dir='ltr'><strong>δὲ</strong></span> <span class='ocrx_word' id='word_1_288' title='bbox 2429 1617 2597 1688; x_wconf 85' lang='grc' dir='ltr'>μηδὲν</span> <span class='ocrx_word' id='word_1_289' title='bbox 2625 1615 2878 1684; x_wconf 75' lang='grc' dir='ltr'>ἐγκαλεῖν</span> <span class='ocrx_word' id='word_1_290' title='bbox 2935 1616 3186 1685; x_wconf 68' lang='grc' dir='ltr'>ἔχοντες,</span> <span class='ocrx_word' id='word_1_291' title='bbox 3224 1611 3569 1683; x_wconf 82' lang='grc' dir='ltr'>πολεμοῦσιν</span> <span class='ocrx_word' id='word_1_292' title='bbox 3598 1611 3702 1663; x_wconf 81' lang='grc' dir='ltr'>ἀδί-</span> 
     </span>
    </p>
   </div>
   <div class='ocr_carea' id='block_1_45' title="bbox 2125 1728 2258 1772">
    <p class='ocr_par' dir='ltr' id='par_1_45' title="bbox 2125 1728 2258 1772">
     <span class='ocr_line' id='line_1_45' title="bbox 2125 1728 2258 1772; baseline -0.015 -7"><span class='ocrx_word' id='word_1_293' title='bbox 2125 1728 2258 1772; x_wconf 86' lang='grc' dir='ltr'>κως.</span> 
     </span>
    </p>
   </div>
   <div class='ocr_carea' id='block_1_46' title="bbox 2194 1799 3701 1873">
    <p class='ocr_par' dir='ltr' id='par_1_46' title="bbox 2194 1799 3701 1873">
     <span class='ocr_line' id='line_1_46' title="bbox 2194 1799 3701 1873; baseline -0.004 -17"><span class='ocrx_word' id='word_1_294' title='bbox 2194 1809 2263 1856; x_wconf 84' lang='grc' dir='ltr'><strong>κ’.</strong></span> <span class='ocrx_word' id='word_1_295' title='bbox 2309 1821 2327 1854; x_wconf 75' lang='grc' dir='ltr'><strong>ι</strong></span> <span class='ocrx_word' id='word_1_296' title='bbox 2356 1802 2597 1866; x_wconf 78' lang='grc' dir='ltr'>Φύλαξον</span> <span class='ocrx_word' id='word_1_297' title='bbox 2623 1801 2723 1873; x_wconf 80' lang='grc' dir='ltr'>τὴν</span> <span class='ocrx_word' id='word_1_298' title='bbox 2751 1800 2934 1871; x_wconf 80' lang='grc' dir='ltr'>ψυχήν</span> <span class='ocrx_word' id='word_1_299' title='bbox 2968 1818 3092 1870; x_wconf 90' lang='grc' dir='ltr'>μου,</span> <span class='ocrx_word' id='word_1_300' title='bbox 3142 1800 3237 1853; x_wconf 75' lang='grc' dir='ltr'>καὶ</span> <span class='ocrx_word' id='word_1_301' title='bbox 3276 1799 3443 1870; x_wconf 79' lang='grc' dir='ltr'>ῥῦσαί</span> <span class='ocrx_word' id='word_1_302' title='bbox 3482 1815 3550 1869; x_wconf 87' lang='grc' dir='ltr'><strong>με</strong></span> <span class='ocrx_word' id='word_1_303' title='bbox 3574 1814 3587 1826; x_wconf 91' lang='grc'><strong>·</strong></span> <span class='ocrx_word' id='word_1_304' title='bbox 3637 1799 3701 1867; x_wconf 74' lang='grc' dir='ltr'>μὴ</span> 
     </span>
    </p>
   </div>
   <div class='ocr_carea' id='block_1_47' title="bbox 2123 1889 3702 1965">
    <p class='ocr_par' dir='ltr' id='par_1_47' title="bbox 2123 1889 3702 1965">
     <span class='ocr_line' id='line_1_47' title="bbox 2123 1889 3702 1965; baseline -0.003 -18"><span class='ocrx_word' id='word_1_305' title='bbox 2123 1893 2661 1965; x_wconf 69' lang='grc' dir='ltr'>καταισχυνθείηνισ,</span> <span class='ocrx_word' id='word_1_306' title='bbox 2686 1894 2769 1947; x_wconf 83' lang='grc' dir='ltr'>ὅτι</span> <span class='ocrx_word' id='word_1_307' title='bbox 2801 1891 3227 1963; x_wconf 71' lang='grc' dir='ltr'>ὲπεκαλεσάμην</span> <span class='ocrx_word' id='word_1_308' title='bbox 3258 1908 3317 1945; x_wconf 86' lang='grc' dir='ltr'><strong>σε</strong></span> <span class='ocrx_word' id='word_1_309' title='bbox 3333 1892 3403 1945; x_wconf 84' lang='grc'><strong>⁸⁷.</strong></span> <span class='ocrx_word' id='word_1_310' title='bbox 3441 1910 3463 1943; x_wconf 72' lang='grc' dir='ltr'><strong>ι</strong></span> <span class='ocrx_word' id='word_1_311' title='bbox 3516 1891 3578 1943; x_wconf 84' lang='grc' dir='ltr'><strong>Εἰ</strong></span> <span class='ocrx_word' id='word_1_312' title='bbox 3606 1889 3702 1960; x_wconf 77' lang='grc' dir='ltr'>γὰρ</span> 
     </span>
    </p>
   </div>
   <div class='ocr_carea' id='block_1_48' title="bbox 2123 1976 3703 2054">
    <p class='ocr_par' dir='ltr' id='par_1_48' title="bbox 2123 1976 3703 2054">
     <span class='ocr_line' id='line_1_48' title="bbox 2123 1976 3703 2054; baseline -0.004 -16"><span class='ocrx_word' id='word_1_313' title='bbox 2123 1984 2216 2038; x_wconf 87' lang='grc' dir='ltr'><strong>καί</strong></span> <span class='ocrx_word' id='word_1_314' title='bbox 2246 2002 2397 2048; x_wconf 88' lang='grc' dir='ltr'>τινας</span> <span class='ocrx_word' id='word_1_315' title='bbox 2428 1984 2537 2037; x_wconf 87' lang='grc' dir='ltr'><strong>τῶν</strong></span> <span class='ocrx_word' id='word_1_316' title='bbox 2582 1984 2689 2036; x_wconf 92' lang='grc' dir='ltr'><strong>σῶν</strong></span> <span class='ocrx_word' id='word_1_317' title='bbox 2724 1981 3092 2054; x_wconf 76' lang='grc' dir='ltr'>παραϐέϐηκα</span> <span class='ocrx_word' id='word_1_318' title='bbox 3134 1982 3314 2053; x_wconf 83' lang='grc' dir='ltr'>νόμων</span> <span class='ocrx_word' id='word_1_319' title='bbox 3338 2021 3353 2043; x_wconf 89' lang='grc'><strong>,</strong></span> <span class='ocrx_word' id='word_1_320' title='bbox 3405 1980 3529 2034; x_wconf 82' lang='grc' dir='ltr'>ἀλλ’</span> <span class='ocrx_word' id='word_1_321' title='bbox 3562 1976 3703 2033; x_wconf 62' lang='grc' dir='ltr'>οὖν*</span> 
     </span>
    </p>
   </div>
   <div class='ocr_carea' id='block_1_49' title="bbox 2120 2073 3702 2149">
    <p class='ocr_par' dir='ltr' id='par_1_49' title="bbox 2120 2073 3702 2149">
     <span class='ocr_line' id='line_1_49' title="bbox 2120 2073 3702 2149; baseline -0.004 -19"><span class='ocrx_word' id='word_1_322' title='bbox 2120 2078 2221 2148; x_wconf 85' lang='grc' dir='ltr'>τῆς</span> <span class='ocrx_word' id='word_1_323' title='bbox 2248 2080 2347 2149; x_wconf 84' lang='grc' dir='ltr'>σῆς</span> <span class='ocrx_word' id='word_1_324' title='bbox 2380 2076 2615 2147; x_wconf 69' lang='grc' dir='ltr'>ἐμαυτὸν</span> <span class='ocrx_word' id='word_1_325' title='bbox 2664 2076 2765 2129; x_wconf 86' lang='grc' dir='ltr'>οὐκ</span> <span class='ocrx_word' id='word_1_326' title='bbox 2813 2074 3055 2147; x_wconf 73' lang='grc' dir='ltr'>ἑχώρισα</span> <span class='ocrx_word' id='word_1_327' title='bbox 3086 2074 3437 2145; x_wconf 77' lang='grc' dir='ltr'>προμηθείας</span> <span class='ocrx_word' id='word_1_328' title='bbox 3458 2089 3475 2104; x_wconf 89' lang='grc'><strong>·</strong></span> <span class='ocrx_word' id='word_1_329' title='bbox 3516 2073 3595 2125; x_wconf 76' lang='grc' dir='ltr'>διὸ</span> <span class='ocrx_word' id='word_1_330' title='bbox 3620 2073 3702 2125; x_wconf 70' lang='grc' dir='ltr'>καὶ</span> 
     </span>
    </p>
   </div>
   <div class='ocr_carea' id='block_1_50' title="bbox 2125 2167 3696 2245">
    <p class='ocr_par' dir='ltr' id='par_1_50' title="bbox 2125 2167 3696 2245">
     <span class='ocr_line' id='line_1_50' title="bbox 2125 2167 3696 2245; baseline -0.003 -22"><span class='ocrx_word' id='word_1_331' title='bbox 2125 2170 2389 2243; x_wconf 74' lang='grc' dir='ltr'>ῥυσθῆναι</span> <span class='ocrx_word' id='word_1_332' title='bbox 2422 2170 2530 2223; x_wconf 88' lang='grc' dir='ltr'><strong>τῶν</strong></span> <span class='ocrx_word' id='word_1_333' title='bbox 2571 2168 2973 2245; x_wconf 54' lang='grc' dir='ltr'>πολεμούντων,</span> <span class='ocrx_word' id='word_1_334' title='bbox 3013 2167 3107 2221; x_wconf 75' lang='grc' dir='ltr'>καὶ</span> <span class='ocrx_word' id='word_1_335' title='bbox 3149 2167 3498 2238; x_wconf 75' lang='grc' dir='ltr'>φυλαχθῆναι</span> <span class='ocrx_word' id='word_1_336' title='bbox 3530 2184 3696 2238; x_wconf 81' lang='grc' dir='ltr'>παρα-</span> 
     </span>
    </p>
   </div>
   <div class='ocr_carea' id='block_1_51' title="bbox 2122 2262 2297 2318">
    <p class='ocr_par' dir='ltr' id='par_1_51' title="bbox 2122 2262 2297 2318">
     <span class='ocr_line' id='line_1_51' title="bbox 2122 2262 2297 2318; baseline 0 -2"><span class='ocrx_word' id='word_1_337' title='bbox 2122 2262 2297 2318; x_wconf 87' lang='grc' dir='ltr'>καλῶ.</span> 
     </span>
    </p>
   </div>
   <div class='ocr_carea' id='block_1_52' title="bbox 2193 2336 3697 2422">
    <p class='ocr_par' dir='ltr' id='par_1_52' title="bbox 2193 2336 3697 2422">
     <span class='ocr_line' id='line_1_52' title="bbox 2193 2336 3697 2422; baseline -0.004 -14"><span class='ocrx_word' id='word_1_338' title='bbox 2193 2336 2299 2410; x_wconf 54' lang='grc' dir='ltr'>καί</span> <span class='ocrx_word' id='word_1_339' title='bbox 2344 2372 2363 2405; x_wconf 74' lang='grc' dir='ltr'><strong>ι</strong></span> <span class='ocrx_word' id='word_1_340' title='bbox 2392 2355 2624 2408; x_wconf 82' lang='grc' dir='ltr'>Ἀκακοι</span> <span class='ocrx_word' id='word_1_341' title='bbox 2661 2353 2757 2406; x_wconf 72' lang='grc' dir='ltr'>καὶ</span> <span class='ocrx_word' id='word_1_342' title='bbox 2798 2351 2974 2415; x_wconf 79' lang='grc' dir='ltr'>εὐθεϊς</span> <span class='ocrx_word' id='word_1_343' title='bbox 3004 2352 3301 2406; x_wconf 78' lang='grc' dir='ltr'>ὲκολλῶντό</span> <span class='ocrx_word' id='word_1_344' title='bbox 3332 2368 3449 2422; x_wconf 91' lang='grc' dir='ltr'>μοι,</span> <span class='ocrx_word' id='word_1_345' title='bbox 3486 2351 3571 2405; x_wconf 82' lang='grc' dir='ltr'>ὅτι</span> <span class='ocrx_word' id='word_1_346' title='bbox 3604 2350 3697 2403; x_wconf 79' lang='grc' dir='ltr'><strong>ὁπ-</strong></span> 
     </span>
    </p>
   </div>
   <div class='ocr_carea' id='block_1_53' title="bbox 2121 2441 3699 2515">
    <p class='ocr_par' dir='ltr' id='par_1_53' title="bbox 2121 2441 3699 2515">
     <span class='ocr_line' id='line_1_53' title="bbox 2121 2441 3699 2515; baseline -0.003 -18"><span class='ocrx_word' id='word_1_347' title='bbox 2121 2445 2313 2515; x_wconf 81' lang='grc' dir='ltr'>ἐμεινά</span> <span class='ocrx_word' id='word_1_348' title='bbox 2360 2461 2444 2507; x_wconf 89' lang='grc' dir='ltr'><strong>σε,</strong></span> <span class='ocrx_word' id='word_1_349' title='bbox 2474 2442 2668 2514; x_wconf 82' lang='grc' dir='ltr'>Κύριε.</span> <span class='ocrx_word' id='word_1_350' title='bbox 2717 2462 2736 2495; x_wconf 74' lang='grc' dir='ltr'><strong>ι</strong></span> <span class='ocrx_word' id='word_1_351' title='bbox 2792 2444 2901 2495; x_wconf 75' lang='grc' dir='ltr'><strong>Καὶ</strong></span> <span class='ocrx_word' id='word_1_352' title='bbox 2944 2442 3169 2497; x_wconf 64' lang='grc' dir='ltr'>τοῦτου</span> <span class='ocrx_word' id='word_1_353' title='bbox 3202 2443 3332 2497; x_wconf 69' lang='grc' dir='ltr'>εδιον</span> <span class='ocrx_word' id='word_1_354' title='bbox 3382 2443 3616 2513; x_wconf 69' lang='grc' dir='ltr'>ἀρετῆς.</span> <span class='ocrx_word' id='word_1_355' title='bbox 3646 2441 3699 2493; x_wconf 73' lang='grc' dir='ltr'>τὸ</span> 
     </span>
    </p>
   </div>
   <div class='ocr_carea' id='block_1_54' title="bbox 2123 2534 3698 2608">
    <p class='ocr_par' dir='ltr' id='par_1_54' title="bbox 2123 2534 3698 2608">
     <span class='ocr_line' id='line_1_54' title="bbox 2123 2534 3698 2608; baseline -0.004 -17"><span class='ocrx_word' id='word_1_356' title='bbox 2123 2541 2302 2608; x_wconf 79' lang='grc' dir='ltr'>μισεῖν</span> <span class='ocrx_word' id='word_1_357' title='bbox 2331 2538 2428 2608; x_wconf 84' lang='grc' dir='ltr'>μὲν</span> <span class='ocrx_word' id='word_1_358' title='bbox 2457 2537 2564 2590; x_wconf 88' lang='grc' dir='ltr'><strong>τῶν</strong></span> <span class='ocrx_word' id='word_1_359' title='bbox 2611 2534 2830 2607; x_wconf 78' lang='grc' dir='ltr'>φαύλων</span> <span class='ocrx_word' id='word_1_360' title='bbox 2866 2538 2968 2600; x_wconf 85' lang='grc' dir='ltr'>τὰς</span> <span class='ocrx_word' id='word_1_361' title='bbox 3015 2536 3324 2600; x_wconf 78' lang='grc' dir='ltr'>συνουσίας,</span> <span class='ocrx_word' id='word_1_362' title='bbox 3359 2537 3497 2598; x_wconf 76' lang='grc' dir='ltr'>τοὺς</span> <span class='ocrx_word' id='word_1_363' title='bbox 3524 2535 3581 2587; x_wconf 77' lang='grc' dir='ltr'><strong>δὲ</strong></span> <span class='ocrx_word' id='word_1_364' title='bbox 3611 2535 3698 2604; x_wconf 77' lang='grc' dir='ltr'>τὴν</span> 
     </span>
    </p>
   </div>
   <div class='ocr_carea' id='block_1_55' title="bbox 2123 2628 3697 2701">
    <p class='ocr_par' dir='ltr' id='par_1_55' title="bbox 2123 2628 3697 2701">
     <span class='ocr_line' id='line_1_55' title="bbox 2123 2628 3697 2701; baseline -0.004 -17"><span class='ocrx_word' id='word_1_365' title='bbox 2123 2632 2342 2701; x_wconf 81' lang='grc' dir='ltr'>ἰσότητα</span> <span class='ocrx_word' id='word_1_366' title='bbox 2373 2629 2669 2699; x_wconf 84' lang='grc' dir='ltr'>τιμῶντας,</span> <span class='ocrx_word' id='word_1_367' title='bbox 2700 2629 2796 2681; x_wconf 72' lang='grc' dir='ltr'>καὶ</span> <span class='ocrx_word' id='word_1_368' title='bbox 2824 2628 3082 2697; x_wconf 84' lang='grc' dir='ltr'>εὐθύτητι</span> <span class='ocrx_word' id='word_1_369' title='bbox 3112 2628 3455 2699; x_wconf 69' lang='grc' dir='ltr'>χρωμένους,</span> <span class='ocrx_word' id='word_1_370' title='bbox 3482 2628 3579 2679; x_wconf 70' lang='grc' dir='ltr'><strong>καὶ</strong></span> <span class='ocrx_word' id='word_1_371' title='bbox 3609 2644 3697 2677; x_wconf 63' lang='grc' dir='ltr'>και</span> 
     </span>
    </p>
   </div>
   <div class='ocr_carea' id='block_1_56' title="bbox 2120 2718 3694 2792">
    <p class='ocr_par' dir='ltr' id='par_1_56' title="bbox 2120 2718 3694 2792">
     <span class='ocr_line' id='line_1_56' title="bbox 2120 2718 3694 2792; baseline -0.005 -16"><span class='ocrx_word' id='word_1_372' title='bbox 2120 2723 2243 2786; x_wconf 86' lang='grc' dir='ltr'>κίας</span> <span class='ocrx_word' id='word_1_373' title='bbox 2310 2721 2800 2792; x_wconf 78' lang='grc' dir='ltr'>ἀπηλλαγμένους,</span> <span class='ocrx_word' id='word_1_374' title='bbox 2854 2718 3106 2790; x_wconf 76' lang='grc' dir='ltr'>συνήθεις</span> <span class='ocrx_word' id='word_1_375' title='bbox 3156 2719 3300 2789; x_wconf 71' lang='grc' dir='ltr'>ἔχειν</span> <span class='ocrx_word' id='word_1_376' title='bbox 3348 2720 3452 2772; x_wconf 77' lang='grc' dir='ltr'>καὶ</span> <span class='ocrx_word' id='word_1_377' title='bbox 3501 2718 3694 2786; x_wconf 75' lang='grc' dir='ltr'>φίλους.</span> 
     </span>
    </p>
   </div>
   <div class='ocr_carea' id='block_1_57' title="bbox 2120 2810 3697 2887">
    <p class='ocr_par' dir='ltr' id='par_1_57' title="bbox 2120 2810 3697 2887">
     <span class='ocr_line' id='line_1_57' title="bbox 2120 2810 3697 2887; baseline -0.004 -18"><span class='ocrx_word' id='word_1_378' title='bbox 2120 2816 2294 2869; x_wconf 80' lang='grc' dir='ltr'>Τοῦτο</span> <span class='ocrx_word' id='word_1_379' title='bbox 2310 2817 2356 2848; x_wconf 81' lang='grc'><strong>⁸⁰</strong></span> <span class='ocrx_word' id='word_1_380' title='bbox 2386 2816 2495 2887; x_wconf 77' lang='grc' dir='ltr'><strong>γὰρ</strong></span> <span class='ocrx_word' id='word_1_381' title='bbox 2524 2814 2619 2868; x_wconf 72' lang='grc' dir='ltr'>καὶ</span> <span class='ocrx_word' id='word_1_382' title='bbox 2648 2816 2676 2867; x_wconf 95' lang='lat'><strong>6</strong></span> <span class='ocrx_word' id='word_1_383' title='bbox 2708 2812 2997 2885; x_wconf 72' lang='grc' dir='ltr'>προφήτης</span> <span class='ocrx_word' id='word_1_384' title='bbox 3026 2811 3129 2881; x_wconf 74' lang='grc' dir='ltr'>ἔφη</span> <span class='ocrx_word' id='word_1_385' title='bbox 3184 2811 3572 2882; x_wconf 78' lang='grc' dir='ltr'>πεποιηκέναι,</span> <span class='ocrx_word' id='word_1_386' title='bbox 3609 2810 3697 2864; x_wconf 61' lang='lat' dir='ltr'><strong>in</strong></span> 
     </span>
    </p>
   </div>
   <div class='ocr_carea' id='block_1_58' title="bbox 2118 2901 3698 2980">
    <p class='ocr_par' dir='ltr' id='par_1_58' title="bbox 2118 2901 3698 2980">
     <span class='ocr_line' id='line_1_58' title="bbox 2118 2901 3698 2980; baseline -0.005 -18"><span class='ocrx_word' id='word_1_387' title='bbox 2118 2908 2183 2980; x_wconf 81' lang='grc' dir='ltr'><strong>δὴ</strong></span> <span class='ocrx_word' id='word_1_388' title='bbox 2218 2906 2539 2980; x_wconf 78' lang='grc' dir='ltr'>θεραπεύειν</span> <span class='ocrx_word' id='word_1_389' title='bbox 2568 2908 2685 2961; x_wconf 65' lang='lat' dir='ltr'><strong>sv“</strong></span> <span class='ocrx_word' id='word_1_390' title='bbox 2724 2905 2900 2977; x_wconf 83' lang='grc' dir='ltr'>τούτῳ</span> <span class='ocrx_word' id='word_1_391' title='bbox 2928 2905 2993 2977; x_wconf 84' lang='grc' dir='ltr'><strong>δὴ</strong></span> <span class='ocrx_word' id='word_1_392' title='bbox 3009 2906 3055 2938; x_wconf 76' lang='grc'><strong>⁸³</strong></span> <span class='ocrx_word' id='word_1_393' title='bbox 3092 2904 3187 2957; x_wconf 80' lang='grc' dir='ltr'>τὸν</span> <span class='ocrx_word' id='word_1_394' title='bbox 3224 2904 3512 2974; x_wconf 76' lang='grc' dir='ltr'>Δεσπότην</span> <span class='ocrx_word' id='word_1_395' title='bbox 3542 2901 3698 2973; x_wconf 58' lang='lat' dir='ltr'><strong>{miti-</strong></span> 
     </span>
    </p>
   </div>
   <div class='ocr_carea' id='block_1_59' title="bbox 2122 3019 2301 3072">
    <p class='ocr_par' dir='ltr' id='par_1_59' title="bbox 2122 3019 2301 3072">
     <span class='ocr_line' id='line_1_59' title="bbox 2122 3019 2301 3072; baseline 0.011 -19"><span class='ocrx_word' id='word_1_396' title='bbox 2122 3019 2301 3072; x_wconf 89' lang='grc' dir='ltr'>μενος.</span> 
     </span>
    </p>
   </div>
   <div class='ocr_carea' id='block_1_60' title="bbox 2190 3089 3699 3162">
    <p class='ocr_par' dir='ltr' id='par_1_60' title="bbox 2190 3089 3699 3162">
     <span class='ocr_line' id='line_1_60' title="bbox 2190 3089 3699 3162; baseline -0.002 -17"><span class='ocrx_word' id='word_1_397' title='bbox 2190 3091 2293 3159; x_wconf 75' lang='grc' dir='ltr'>κβ’.</span> <span class='ocrx_word' id='word_1_398' title='bbox 2323 3111 2341 3143; x_wconf 79' lang='grc' dir='ltr'><strong>ι</strong></span> <span class='ocrx_word' id='word_1_399' title='bbox 2368 3092 2676 3162; x_wconf 80' lang='grc' dir='ltr'>Λύτρωσαι,</span> <span class='ocrx_word' id='word_1_400' title='bbox 2704 3092 2731 3144; x_wconf 92' lang='lat'><strong>6</strong></span> <span class='ocrx_word' id='word_1_401' title='bbox 2757 3091 2913 3154; x_wconf 80' lang='grc' dir='ltr'>Θεὸς,</span> <span class='ocrx_word' id='word_1_402' title='bbox 2941 3091 3033 3144; x_wconf 81' lang='grc' dir='ltr'>τὸν</span> <span class='ocrx_word' id='word_1_403' title='bbox 3061 3089 3277 3161; x_wconf 76' lang='grc' dir='ltr'>Ἰσραὴλ</span> <span class='ocrx_word' id='word_1_404' title='bbox 3302 3091 3366 3142; x_wconf 72' lang='grc' dir='ltr'>ἐκ</span> <span class='ocrx_word' id='word_1_405' title='bbox 3386 3091 3584 3143; x_wconf 83' lang='grc' dir='ltr'>πασῶν</span> <span class='ocrx_word' id='word_1_406' title='bbox 3600 3090 3699 3143; x_wconf 86' lang='grc' dir='ltr'><strong>τῶν</strong></span> 
     </span>
    </p>
   </div>
   <div class='ocr_carea' id='block_1_61' title="bbox 446 3183 2019 3274">
    <p class='ocr_par' dir='ltr' id='par_1_61' title="bbox 446 3189 2017 3263">
     <span class='ocr_line' id='line_1_61' title="bbox 446 3189 2017 3263; baseline 0.004 -19"><span class='ocrx_word' id='word_1_407' title='bbox 446 3189 891 3246; x_wconf 76' lang='lat' dir='ltr'><strong>tribulationibus</strong></span> <span class='ocrx_word' id='word_1_408' title='bbox 927 3192 1093 3247; x_wconf 84' lang='lat' dir='ltr'><strong>illius.</strong></span> <span class='ocrx_word' id='word_1_409' title='bbox 1138 3211 1155 3243; x_wconf 75' lang='grc' dir='ltr'><strong>ι</strong></span> <span class='ocrx_word' id='word_1_410' title='bbox 1202 3192 1327 3247; x_wconf 72' lang='lat' dir='ltr'><strong>Haec</strong></span> <span class='ocrx_word' id='word_1_411' title='bbox 1358 3194 1667 3263; x_wconf 90' lang='lat' dir='ltr'><strong>deprecatio</strong></span> <span class='ocrx_word' id='word_1_412' title='bbox 1702 3194 1812 3250; x_wconf 92' lang='lat' dir='ltr'><strong>Deo</strong></span> <span class='ocrx_word' id='word_1_413' title='bbox 1837 3196 2017 3251; x_wconf 88' lang='lat' dir='ltr'><strong>oblata</strong></span> 
     </span>
    </p>
   </div>
   <div class='ocr_carea' id='block_1_62' title="bbox 2132 3183 3699 3274">
    <p class='ocr_par' dir='ltr' id='par_1_62' title="bbox 2132 3183 3699 3256">
     <span class='ocr_line' id='line_1_62' title="bbox 2132 3183 3699 3256; baseline 0 -20"><span class='ocrx_word' id='word_1_414' title='bbox 2132 3183 2353 3255; x_wconf 64' lang='grc' dir='ltr'>ὶλίψεων</span> <span class='ocrx_word' id='word_1_415' title='bbox 2383 3184 2569 3239; x_wconf 80' lang='grc' dir='ltr'>αὐτοῦ.</span> <span class='ocrx_word' id='word_1_416' title='bbox 2598 3206 2620 3237; x_wconf 69' lang='grc' dir='ltr'><strong>ι</strong></span> <span class='ocrx_word' id='word_1_417' title='bbox 2647 3184 2923 3238; x_wconf 83' lang='grc' dir='ltr'>Βασιλεί⁹³</span> <span class='ocrx_word' id='word_1_418' title='bbox 2945 3184 3230 3256; x_wconf 81' lang='grc' dir='ltr'>πρέπουσα</span> <span class='ocrx_word' id='word_1_419' title='bbox 3260 3184 3291 3253; x_wconf 84' lang='grc' dir='ltr'><strong>ἡ</strong></span> <span class='ocrx_word' id='word_1_420' title='bbox 3322 3184 3699 3255; x_wconf 75' lang='grc' dir='ltr'>προσενεχθείο</span> 
     </span>
    </p>
   </div>
   <div class='ocr_carea' id='block_1_63' title="bbox 446 3282 2017 3355">
    <p class='ocr_par' dir='ltr' id='par_1_63' title="bbox 446 3282 2017 3355">
     <span class='ocr_line' id='line_1_63' title="bbox 446 3282 2017 3355; baseline 0.001 -18"><span class='ocrx_word' id='word_1_421' title='bbox 446 3282 561 3352; x_wconf 82' lang='lat' dir='ltr'><strong>regi</strong></span> <span class='ocrx_word' id='word_1_422' title='bbox 592 3283 866 3338; x_wconf 88' lang='lat' dir='ltr'><strong>convenit.</strong></span> <span class='ocrx_word' id='word_1_423' title='bbox 894 3283 1057 3338; x_wconf 80' lang='lat' dir='ltr'><strong>Decet</strong></span> <span class='ocrx_word' id='word_1_424' title='bbox 1082 3285 1226 3339; x_wconf 87' lang='lat' dir='ltr'><strong>enim</strong></span> <span class='ocrx_word' id='word_1_425' title='bbox 1256 3301 1405 3350; x_wconf 88' lang='lat' dir='ltr'><strong>eum,</strong></span> <span class='ocrx_word' id='word_1_426' title='bbox 1435 3287 1529 3355; x_wconf 92' lang='lat' dir='ltr'><strong>qui</strong></span> <span class='ocrx_word' id='word_1_427' title='bbox 1562 3286 1615 3339; x_wconf 92' lang='lat' dir='ltr'><strong>in</strong></span> <span class='ocrx_word' id='word_1_428' title='bbox 1636 3286 1865 3355; x_wconf 91' lang='lat' dir='ltr'><strong>imperio</strong></span> <span class='ocrx_word' id='word_1_429' title='bbox 1888 3302 2017 3341; x_wconf 91' lang='lat' dir='ltr'><strong>con-</strong></span> 
     </span>
    </p>
   </div>
   <div class='ocr_carea' id='block_1_64' title="bbox 447 3375 2020 3448">
    <p class='ocr_par' dir='ltr' id='par_1_64' title="bbox 447 3375 2020 3448">
     <span class='ocr_line' id='line_1_64' title="bbox 447 3375 2020 3448; baseline 0.003 -20"><span class='ocrx_word' id='word_1_430' title='bbox 447 3375 671 3430; x_wconf 84' lang='lat' dir='ltr'><strong>stitutus</strong></span> <span class='ocrx_word' id='word_1_431' title='bbox 703 3383 807 3438; x_wconf 84' lang='lat' dir='ltr'><strong>est,</strong></span> <span class='ocrx_word' id='word_1_432' title='bbox 838 3376 905 3429; x_wconf 89' lang='lat' dir='ltr'><strong>de</strong></span> <span class='ocrx_word' id='word_1_433' title='bbox 933 3375 1165 3430; x_wconf 85' lang='lat' dir='ltr'><strong>subditis</strong></span> <span class='ocrx_word' id='word_1_434' title='bbox 1188 3392 1405 3431; x_wconf 84' lang='lat' dir='ltr'><strong>omnem</strong></span> <span class='ocrx_word' id='word_1_435' title='bbox 1434 3392 1621 3431; x_wconf 90' lang='lat' dir='ltr'><strong>curam</strong></span> <span class='ocrx_word' id='word_1_436' title='bbox 1650 3394 1859 3448; x_wconf 80' lang='lat' dir='ltr'><strong>gerere.</strong></span> <span class='ocrx_word' id='word_1_437' title='bbox 1888 3377 2020 3432; x_wconf 86' lang='lat' dir='ltr'><strong>Pro-</strong></span> 
     </span>
    </p>
   </div>
   <div class='ocr_carea' id='block_1_65' title="bbox 448 3466 2017 3539">
    <p class='ocr_par' dir='ltr' id='par_1_65' title="bbox 448 3466 2017 3539">
     <span class='ocr_line' id='line_1_65' title="bbox 448 3466 2017 3539; baseline 0.002 -17"><span class='ocrx_word' id='word_1_438' title='bbox 448 3479 630 3537; x_wconf 79' lang='lat' dir='ltr'><strong>pterea</strong></span> <span class='ocrx_word' id='word_1_439' title='bbox 672 3467 863 3523; x_wconf 87' lang='lat' dir='ltr'><strong>beatus</strong></span> <span class='ocrx_word' id='word_1_440' title='bbox 896 3466 1064 3521; x_wconf 88' lang='lat' dir='ltr'><strong>David</strong></span> <span class='ocrx_word' id='word_1_441' title='bbox 1097 3483 1205 3522; x_wconf 92' lang='lat' dir='ltr'><strong>non</strong></span> <span class='ocrx_word' id='word_1_442' title='bbox 1231 3476 1439 3521; x_wconf 83' lang='lat' dir='ltr'><strong>tantum</strong></span> <span class='ocrx_word' id='word_1_443' title='bbox 1472 3484 1571 3539; x_wconf 87' lang='lat' dir='ltr'><strong>pro</strong></span> <span class='ocrx_word' id='word_1_444' title='bbox 1602 3485 1660 3525; x_wconf 88' lang='lat' dir='ltr'><strong>se</strong></span> <span class='ocrx_word' id='word_1_445' title='bbox 1693 3484 1881 3538; x_wconf 87' lang='lat' dir='ltr'><strong>preces</strong></span> <span class='ocrx_word' id='word_1_446' title='bbox 1918 3470 2017 3525; x_wconf 83' lang='lat' dir='ltr'><strong>ob-</strong></span> 
     </span>
    </p>
   </div>
   <div class='ocr_carea' id='block_1_66' title="bbox 446 3559 2019 3629">
    <p class='ocr_par' dir='ltr' id='par_1_66' title="bbox 446 3559 2019 3629">
     <span class='ocr_line' id='line_1_66' title="bbox 446 3559 2019 3629; baseline 0.002 -13"><span class='ocrx_word' id='word_1_447' title='bbox 446 3560 592 3625; x_wconf 88' lang='lat' dir='ltr'><strong>tulit,</strong></span> <span class='ocrx_word' id='word_1_448' title='bbox 617 3574 806 3614; x_wconf 82' lang='lat' dir='ltr'><strong>verum</strong></span> <span class='ocrx_word' id='word_1_449' title='bbox 838 3560 1003 3613; x_wconf 91' lang='lat' dir='ltr'><strong>etiam</strong></span> <span class='ocrx_word' id='word_1_450' title='bbox 1038 3573 1137 3627; x_wconf 89' lang='lat' dir='ltr'><strong>pro</strong></span> <span class='ocrx_word' id='word_1_451' title='bbox 1168 3560 1367 3629; x_wconf 93' lang='lat' dir='ltr'><strong>popqu</strong></span> <span class='ocrx_word' id='word_1_452' title='bbox 1388 3559 1488 3613; x_wconf 90' lang='lat' dir='ltr'><strong>sibi</strong></span> <span class='ocrx_word' id='word_1_453' title='bbox 1517 3562 1839 3627; x_wconf 89' lang='lat' dir='ltr'><strong>commisso,</strong></span> <span class='ocrx_word' id='word_1_454' title='bbox 1874 3571 2019 3619; x_wconf 81' lang='lat' dir='ltr'><strong>tam--</strong></span> 
     </span>
    </p>
   </div>
   <div class='ocr_carea' id='block_1_67' title="bbox 445 3651 2022 3725">
    <p class='ocr_par' dir='ltr' id='par_1_67' title="bbox 445 3651 2022 3725">
     <span class='ocr_line' id='line_1_67' title="bbox 445 3651 2022 3725; baseline 0.005 -22"><span class='ocrx_word' id='word_1_455' title='bbox 445 3652 549 3707; x_wconf 74' lang='lat' dir='ltr'><strong>etsi</strong></span> <span class='ocrx_word' id='word_1_456' title='bbox 598 3651 653 3706; x_wconf 89' lang='lat' dir='ltr'><strong>in</strong></span> <span class='ocrx_word' id='word_1_457' title='bbox 707 3651 826 3719; x_wconf 89' lang='lat' dir='ltr'><strong>ejus</strong></span> <span class='ocrx_word' id='word_1_458' title='bbox 858 3652 950 3721; x_wconf 89' lang='lat' dir='ltr'><strong>qui</strong></span> <span class='ocrx_word' id='word_1_459' title='bbox 1005 3652 1141 3707; x_wconf 86' lang='lat' dir='ltr'><strong>bene</strong></span> <span class='ocrx_word' id='word_1_460' title='bbox 1191 3653 1557 3722; x_wconf 66' lang='lat' dir='ltr'><strong>praeclareque</strong></span> <span class='ocrx_word' id='word_1_461' title='bbox 1619 3665 1816 3725; x_wconf 82' lang='lat' dir='ltr'><strong>regnat</strong></span> <span class='ocrx_word' id='word_1_462' title='bbox 1846 3657 2022 3711; x_wconf 91' lang='lat' dir='ltr'><strong>salute</strong></span> 
     </span>
    </p>
   </div>
   <div class='ocr_carea' id='block_1_68' title="bbox 447 3744 2019 3814">
    <p class='ocr_par' dir='ltr' id='par_1_68' title="bbox 447 3744 2019 3814">
     <span class='ocr_line' id='line_1_68' title="bbox 447 3744 2019 3814; baseline 0.005 -17"><span class='ocrx_word' id='word_1_463' title='bbox 447 3744 761 3799; x_wconf 85' lang='lat' dir='ltr'><strong>communis</strong></span> <span class='ocrx_word' id='word_1_464' title='bbox 809 3745 1017 3799; x_wconf 90' lang='lat' dir='ltr'><strong>utilitas</strong></span> <span class='ocrx_word' id='word_1_465' title='bbox 1060 3745 1241 3814; x_wconf 89' lang='lat' dir='ltr'><strong>populi</strong></span> <span class='ocrx_word' id='word_1_466' title='bbox 1282 3746 1553 3802; x_wconf 85' lang='lat' dir='ltr'><strong>consistit.</strong></span> <span class='ocrx_word' id='word_1_467' title='bbox 1597 3748 1806 3803; x_wconf 81' lang='lat' dir='ltr'><strong>[labent</strong></span> <span class='ocrx_word' id='word_1_468' title='bbox 1839 3760 2019 3805; x_wconf 91' lang='lat' dir='ltr'><strong>autem</strong></span> 
     </span>
    </p>
   </div>
   <div class='ocr_carea' id='block_1_69' title="bbox 446 3836 2025 3907">
    <p class='ocr_par' dir='ltr' id='par_1_69' title="bbox 446 3836 2025 3907">
     <span class='ocr_line' id='line_1_69' title="bbox 446 3836 2025 3907; baseline 0.004 -17"><span class='ocrx_word' id='word_1_469' title='bbox 446 3846 501 3890; x_wconf 80' lang='lat' dir='ltr'><strong>et</strong></span> <span class='ocrx_word' id='word_1_470' title='bbox 535 3836 701 3891; x_wconf 88' lang='lat' dir='ltr'><strong>alium</strong></span> <span class='ocrx_word' id='word_1_471' title='bbox 742 3851 961 3891; x_wconf 86' lang='lat' dir='ltr'><strong>sensum</strong></span> <span class='ocrx_word' id='word_1_472' title='bbox 1005 3837 1122 3892; x_wconf 74' lang='lat' dir='ltr'><strong>lucc</strong></span> <span class='ocrx_word' id='word_1_473' title='bbox 1149 3839 1331 3893; x_wconf 86' lang='lat' dir='ltr'><strong>verba.</strong></span> <span class='ocrx_word' id='word_1_474' title='bbox 1368 3837 1581 3895; x_wconf 85' lang='lat' dir='ltr'><strong>Divisus</strong></span> <span class='ocrx_word' id='word_1_475' title='bbox 1609 3850 1726 3895; x_wconf 86' lang='lat' dir='ltr'><strong>erat</strong></span> <span class='ocrx_word' id='word_1_476' title='bbox 1754 3840 1939 3907; x_wconf 88' lang='lat' dir='ltr'><strong>Israel,</strong></span> <span class='ocrx_word' id='word_1_477' title='bbox 1969 3852 2025 3897; x_wconf 93' lang='lat' dir='ltr'><strong>et</strong></span> 
     </span>
    </p>
   </div>
   <div class='ocr_carea' id='block_1_70' title="bbox 449 3928 2023 4001">
    <p class='ocr_par' dir='ltr' id='par_1_70' title="bbox 449 3928 2023 4001">
     <span class='ocr_line' id='line_1_70' title="bbox 449 3928 2023 4001; baseline 0.003 -17"><span class='ocrx_word' id='word_1_478' title='bbox 449 3942 695 3998; x_wconf 87' lang='lat' dir='ltr'><strong>tempore</strong></span> <span class='ocrx_word' id='word_1_479' title='bbox 750 3928 952 3993; x_wconf 89' lang='lat' dir='ltr'><strong>Saulis,</strong></span> <span class='ocrx_word' id='word_1_480' title='bbox 987 3940 1042 3984; x_wconf 90' lang='lat' dir='ltr'><strong>et</strong></span> <span class='ocrx_word' id='word_1_481' title='bbox 1072 3930 1504 4001; x_wconf 82' lang='lat' dir='ltr'><strong>Memphibostae,</strong></span> <span class='ocrx_word' id='word_1_482' title='bbox 1538 3942 1593 3986; x_wconf 83' lang='lat' dir='ltr'><strong>et</strong></span> <span class='ocrx_word' id='word_1_483' title='bbox 1631 3933 1930 3989; x_wconf 81' lang='lat' dir='ltr'><strong>Absalomi.</strong></span> <span class='ocrx_word' id='word_1_484' title='bbox 1964 3934 2023 3989; x_wconf 88' lang='lat' dir='ltr'><strong>Si</strong></span> 
     </span>
    </p>
   </div>
   <div class='ocr_carea' id='block_1_71' title="bbox 448 4023 2019 4099">
    <p class='ocr_par' dir='ltr' id='par_1_71' title="bbox 448 4023 2019 4099">
     <span class='ocr_line' id='line_1_71' title="bbox 448 4023 2019 4099; baseline 0.004 -22"><span class='ocrx_word' id='word_1_485' title='bbox 448 4023 614 4093; x_wconf 77' lang='lat' dir='ltr'><strong>igitur</strong></span> <span class='ocrx_word' id='word_1_486' title='bbox 668 4033 843 4087; x_wconf 89' lang='lat' dir='ltr'><strong>tuum,</strong></span> <span class='ocrx_word' id='word_1_487' title='bbox 892 4025 1091 4094; x_wconf 89' lang='lat' dir='ltr'><strong>inquit,</strong></span> <span class='ocrx_word' id='word_1_488' title='bbox 1132 4026 1397 4081; x_wconf 76' lang='lat' dir='ltr'><strong>auxilium</strong></span> <span class='ocrx_word' id='word_1_489' title='bbox 1434 4026 1596 4099; x_wconf 65' lang='grc'><strong>764</strong></span> <span class='ocrx_word' id='word_1_490' title='bbox 1631 4043 2019 4097; x_wconf 85' lang='lat' dir='ltr'><strong>consequerer,</strong></span> 
     </span>
    </p>
   </div>
   <div class='ocr_carea' id='block_1_72' title="bbox 447 4113 2021 4187">
    <p class='ocr_par' dir='ltr' id='par_1_72' title="bbox 447 4113 2021 4187">
     <span class='ocr_line' id='line_1_72' title="bbox 447 4113 2021 4187; baseline 0.004 -19"><span class='ocrx_word' id='word_1_491' title='bbox 447 4125 503 4168; x_wconf 90' lang='lat' dir='ltr'><strong>et</strong></span> <span class='ocrx_word' id='word_1_492' title='bbox 564 4113 749 4169; x_wconf 79' lang='lat' dir='ltr'><strong>hostes</strong></span> <span class='ocrx_word' id='word_1_493' title='bbox 802 4131 1137 4185; x_wconf 81' lang='lat' dir='ltr'><strong>superarem,</strong></span> <span class='ocrx_word' id='word_1_494' title='bbox 1188 4127 1242 4171; x_wconf 91' lang='lat' dir='ltr'><strong>et</strong></span> <span class='ocrx_word' id='word_1_495' title='bbox 1281 4118 1397 4187; x_wconf 88' lang='lat' dir='ltr'><strong>ipse</strong></span> <span class='ocrx_word' id='word_1_496' title='bbox 1444 4118 1610 4173; x_wconf 86' lang='lat' dir='ltr'><strong>Israel</strong></span> <span class='ocrx_word' id='word_1_497' title='bbox 1635 4120 1793 4175; x_wconf 82' lang='lat' dir='ltr'><strong>civile</strong></span> <span class='ocrx_word' id='word_1_498' title='bbox 1821 4121 2021 4175; x_wconf 93' lang='lat' dir='ltr'><strong>bellum</strong></span> 
     </span>
    </p>
   </div>
   <div class='ocr_carea' id='block_1_73' title="bbox 450 4196 2022 4276">
    <p class='ocr_par' dir='ltr' id='par_1_73' title="bbox 450 4196 2022 4276">
     <span class='ocr_line' id='line_1_73' title="bbox 450 4196 2022 4276; baseline 0.005 -13"><span class='ocrx_word' id='word_1_499' title='bbox 450 4205 653 4272; x_wconf 80' lang='lat' dir='ltr'><strong>ﬁniret,</strong></span> <span class='ocrx_word' id='word_1_500' title='bbox 709 4222 896 4276; x_wconf 86' lang='lat' dir='ltr'><strong>pacem</strong></span> <span class='ocrx_word' id='word_1_501' title='bbox 943 4196 1233 4274; x_wconf 84' lang='lat' dir='ltr'><strong>obtineret,</strong></span> <span class='ocrx_word' id='word_1_502' title='bbox 1285 4219 1339 4265; x_wconf 91' lang='lat' dir='ltr'><strong>et</strong></span> <span class='ocrx_word' id='word_1_503' title='bbox 1383 4211 1541 4267; x_wconf 91' lang='lat' dir='ltr'><strong>bonis</strong></span> <span class='ocrx_word' id='word_1_504' title='bbox 1572 4213 1828 4270; x_wconf 90' lang='lat' dir='ltr'><strong>omnibus</strong></span> <span class='ocrx_word' id='word_1_505' title='bbox 1872 4214 2022 4270; x_wconf 81' lang='lat' dir='ltr'><strong>frue-</strong></span> 
     </span>
    </p>
   </div>
   <div class='ocr_carea' id='block_1_74' title="bbox 449 4308 621 4356">
    <p class='ocr_par' dir='ltr' id='par_1_74' title="bbox 449 4308 621 4356">
     <span class='ocr_line' id='line_1_74' title="bbox 449 4308 621 4356; baseline -0.006 0"><span class='ocrx_word' id='word_1_506' title='bbox 449 4308 621 4356; x_wconf 72' lang='grc' dir='ltr'>τειυιι.</span> 
     </span>
    </p>
   </div>
   <div class='ocr_carea' id='block_1_75' title="bbox 836 4627 1633 4687">
    <p class='ocr_par' dir='ltr' id='par_1_75' title="bbox 836 4627 1633 4687">
     <span class='ocr_line' id='line_1_75' title="bbox 836 4627 1633 4687; baseline 0.005 -4"><span class='ocrx_word' id='word_1_507' title='bbox 836 4627 1109 4684; x_wconf 79' lang='lat' dir='ltr'><strong>INTERP.</strong></span> <span class='ocrx_word' id='word_1_508' title='bbox 1171 4629 1423 4684; x_wconf 80' lang='lat' dir='ltr'><strong>PSALMI</strong></span> <span class='ocrx_word' id='word_1_509' title='bbox 1467 4630 1633 4687; x_wconf 76' lang='lat' dir='ltr'><strong>XXV.</strong></span> 
     </span>
    </p>
   </div>
   <div class='ocr_carea' id='block_1_76' title="bbox 521 4761 2017 4833">
    <p class='ocr_par' dir='ltr' id='par_1_76' title="bbox 521 4761 2017 4833">
     <span class='ocr_line' id='line_1_76' title="bbox 521 4761 2017 4833; baseline 0.003 -16"><span class='ocrx_word' id='word_1_510' title='bbox 521 4763 685 4819; x_wconf 68' lang='lat' dir='ltr'><strong>Vens.</strong></span> <span class='ocrx_word' id='word_1_511' title='bbox 736 4766 785 4817; x_wconf 84' lang='lat' dir='ltr'><strong>l.</strong></span> <span class='ocrx_word' id='word_1_512' title='bbox 824 4782 843 4815; x_wconf 76' lang='grc' dir='ltr'><strong>ι</strong></span> <span class='ocrx_word' id='word_1_513' title='bbox 888 4764 1139 4818; x_wconf 86' lang='lat' dir='ltr'><strong>Psalmus</strong></span> <span class='ocrx_word' id='word_1_514' title='bbox 1178 4761 1385 4817; x_wconf 87' lang='lat' dir='ltr'><strong>Davidi.</strong></span> <span class='ocrx_word' id='word_1_515' title='bbox 1428 4782 1445 4814; x_wconf 77' lang='grc' dir='ltr'><strong>ι</strong></span> <span class='ocrx_word' id='word_1_516' title='bbox 1482 4762 1546 4817; x_wconf 86' lang='lat' dir='ltr'><strong>Et</strong></span> <span class='ocrx_word' id='word_1_517' title='bbox 1572 4763 1719 4820; x_wconf 87' lang='lat' dir='ltr'><strong>hunc</strong></span> <span class='ocrx_word' id='word_1_518' title='bbox 1750 4767 2017 4833; x_wconf 90' lang='lat' dir='ltr'><strong>psalmum</strong></span> 
     </span>
    </p>
   </div>
   <div class='ocr_carea' id='block_1_77' title="bbox 449 4855 2021 4926">
    <p class='ocr_par' dir='ltr' id='par_1_77' title="bbox 449 4855 2021 4926">
     <span class='ocr_line' id='line_1_77' title="bbox 449 4855 2021 4926; baseline 0.003 -15"><span class='ocrx_word' id='word_1_519' title='bbox 449 4856 667 4911; x_wconf 81' lang='lat' dir='ltr'><strong>divinus</strong></span> <span class='ocrx_word' id='word_1_520' title='bbox 698 4856 863 4911; x_wconf 87' lang='lat' dir='ltr'><strong>David</strong></span> <span class='ocrx_word' id='word_1_521' title='bbox 887 4857 953 4911; x_wconf 90' lang='lat' dir='ltr'><strong>de</strong></span> <span class='ocrx_word' id='word_1_522' title='bbox 980 4857 1161 4926; x_wconf 87' lang='lat' dir='ltr'><strong>seipso</strong></span> <span class='ocrx_word' id='word_1_523' title='bbox 1190 4855 1395 4912; x_wconf 77' lang='lat' dir='ltr'><strong>dixisse</strong></span> <span class='ocrx_word' id='word_1_524' title='bbox 1458 4857 1591 4911; x_wconf 91' lang='lat' dir='ltr'><strong>mihi</strong></span> <span class='ocrx_word' id='word_1_525' title='bbox 1624 4858 1839 4913; x_wconf 79' lang='lat' dir='ltr'><strong>videtur</strong></span> <span class='ocrx_word' id='word_1_526' title='bbox 1865 4880 1877 4914; x_wconf 89' lang='lat'><strong>:</strong></span> <span class='ocrx_word' id='word_1_527' title='bbox 1904 4864 2021 4915; x_wconf 76' lang='lat' dir='ltr'><strong>exi—</strong></span> 
     </span>
    </p>
   </div>
   <div class='ocr_carea' id='block_1_78' title="bbox 451 4950 2017 5021">
    <p class='ocr_par' dir='ltr' id='par_1_78' title="bbox 451 4950 2017 5021">
     <span class='ocr_line' id='line_1_78' title="bbox 451 4950 2017 5021; baseline 0.001 -14"><span class='ocrx_word' id='word_1_528' title='bbox 451 4950 614 5007; x_wconf 80' lang='lat' dir='ltr'><strong>stimo</strong></span> <span class='ocrx_word' id='word_1_529' title='bbox 628 4960 807 5009; x_wconf 79' lang='lat' dir='ltr'><strong>autem</strong></span> <span class='ocrx_word' id='word_1_530' title='bbox 831 4950 978 5005; x_wconf 85' lang='lat' dir='ltr'><strong>hunc</strong></span> <span class='ocrx_word' id='word_1_531' title='bbox 994 4961 1119 5006; x_wconf 86' lang='lat' dir='ltr'><strong>ante</strong></span> <span class='ocrx_word' id='word_1_532' title='bbox 1139 4954 1526 5020; x_wconf 55' lang='lat' dir='ltr'><strong>praecedentem</strong></span> <span class='ocrx_word' id='word_1_533' title='bbox 1548 4952 1812 5021; x_wconf 91' lang='lat' dir='ltr'><strong>scriptum</strong></span> <span class='ocrx_word' id='word_1_534' title='bbox 1831 4953 2017 5010; x_wconf 74' lang='lat' dir='ltr'><strong>fuisse.</strong></span> 
     </span>
    </p>
   </div>
   <div class='ocr_carea' id='block_1_79' title="bbox 2121 3275 3697 3347">
    <p class='ocr_par' dir='ltr' id='par_1_79' title="bbox 2121 3275 3697 3347">
     <span class='ocr_line' id='line_1_79' title="bbox 2121 3275 3697 3347; baseline -0.001 -18"><span class='ocrx_word' id='word_1_535' title='bbox 2121 3294 2188 3329; x_wconf 90' lang='grc' dir='ltr'><strong>σα</strong></span> <span class='ocrx_word' id='word_1_536' title='bbox 2222 3276 2299 3346; x_wconf 84' lang='grc' dir='ltr'>τῷ</span> <span class='ocrx_word' id='word_1_537' title='bbox 2332 3276 2450 3347; x_wconf 86' lang='grc' dir='ltr'><strong>Θεῷ</strong></span> <span class='ocrx_word' id='word_1_538' title='bbox 2480 3277 2779 3346; x_wconf 72' lang='grc' dir='ltr'>προσευχὴ.</span> <span class='ocrx_word' id='word_1_539' title='bbox 2814 3277 3086 3345; x_wconf 84' lang='grc' dir='ltr'>[Ιροσήκει</span> <span class='ocrx_word' id='word_1_540' title='bbox 3124 3277 3235 3347; x_wconf 79' lang='grc' dir='ltr'><strong>γὰρ</strong></span> <span class='ocrx_word' id='word_1_541' title='bbox 3265 3275 3356 3328; x_wconf 77' lang='grc' dir='ltr'>τὸν</span> <span class='ocrx_word' id='word_1_542' title='bbox 3387 3275 3584 3345; x_wconf 79' lang='grc' dir='ltr'>ἄρχειν</span> <span class='ocrx_word' id='word_1_543' title='bbox 3618 3292 3697 3327; x_wconf 85' lang='grc' dir='ltr'>τε-</span> 
     </span>
    </p>
   </div>
   <div class='ocr_carea' id='block_1_80' title="bbox 2118 3369 3697 3441">
    <p class='ocr_par' dir='ltr' id='par_1_80' title="bbox 2118 3369 3697 3441">
     <span class='ocr_line' id='line_1_80' title="bbox 2118 3369 3697 3441; baseline -0.001 -18"><span class='ocrx_word' id='word_1_544' title='bbox 2118 3370 2411 3440; x_wconf 84' lang='grc' dir='ltr'>ταγμένον,</span> <span class='ocrx_word' id='word_1_545' title='bbox 2456 3372 2635 3424; x_wconf 79' lang='grc' dir='ltr'>πᾶσαν</span> <span class='ocrx_word' id='word_1_546' title='bbox 2680 3369 3072 3441; x_wconf 56' lang='grc' dir='ltr'><strong>ποιήσασθαιἰ</strong></span> <span class='ocrx_word' id='word_1_547' title='bbox 3100 3370 3210 3421; x_wconf 89' lang='grc' dir='ltr'><strong>τῶν</strong></span> <span class='ocrx_word' id='word_1_548' title='bbox 3247 3370 3507 3438; x_wconf 80' lang='grc' dir='ltr'>ὑπηκόων</span> <span class='ocrx_word' id='word_1_549' title='bbox 3550 3370 3697 3437; x_wconf 71' lang='grc' dir='ltr'>κηδερ</span> 
     </span>
    </p>
   </div>
   <div class='ocr_carea' id='block_1_81' title="bbox 2122 3461 3697 3533">
    <p class='ocr_par' dir='ltr' id='par_1_81' title="bbox 2122 3461 3697 3533">
     <span class='ocr_line' id='line_1_81' title="bbox 2122 3461 3697 3533; baseline 0.001 -18"><span class='ocrx_word' id='word_1_550' title='bbox 2122 3464 2333 3532; x_wconf 86' lang='grc' dir='ltr'>μονίαν.</span> <span class='ocrx_word' id='word_1_551' title='bbox 2388 3463 2487 3517; x_wconf 86' lang='grc' dir='ltr'><strong>Διά</strong></span> <span class='ocrx_word' id='word_1_552' title='bbox 2517 3480 2599 3516; x_wconf 85' lang='grc' dir='ltr'><strong>τοι</strong></span> <span class='ocrx_word' id='word_1_553' title='bbox 2647 3461 2807 3515; x_wconf 81' lang='grc' dir='ltr'>τοῦτο</span> <span class='ocrx_word' id='word_1_554' title='bbox 2843 3463 2937 3515; x_wconf 77' lang='grc' dir='ltr'>καὶ</span> <span class='ocrx_word' id='word_1_555' title='bbox 2978 3464 3007 3515; x_wconf 97' lang='lat'><strong>6</strong></span> <span class='ocrx_word' id='word_1_556' title='bbox 3056 3462 3377 3533; x_wconf 81' lang='grc' dir='ltr'>μακάριος⁹⁶</span> <span class='ocrx_word' id='word_1_557' title='bbox 3407 3462 3599 3523; x_wconf 75' lang='grc' dir='ltr'>Δαὸὶδ,</span> <span class='ocrx_word' id='word_1_558' title='bbox 3639 3463 3697 3516; x_wconf 72' lang='grc' dir='ltr'>οὐ</span> 
     </span>
    </p>
   </div>
   <div class='ocr_carea' id='block_1_82' title="bbox 2123 3554 3698 3626">
    <p class='ocr_par' dir='ltr' id='par_1_82' title="bbox 2123 3554 3698 3626">
     <span class='ocr_line' id='line_1_82' title="bbox 2123 3554 3698 3626; baseline 0.002 -19"><span class='ocrx_word' id='word_1_559' title='bbox 2123 3558 2283 3624; x_wconf 87' lang='grc' dir='ltr'>μόνον</span> <span class='ocrx_word' id='word_1_560' title='bbox 2316 3555 2457 3624; x_wconf 85' lang='grc' dir='ltr'>ὑπὲρ</span> <span class='ocrx_word' id='word_1_561' title='bbox 2487 3554 2680 3608; x_wconf 76' lang='grc' dir='ltr'>ἑαυτοῦ</span> <span class='ocrx_word' id='word_1_562' title='bbox 2698 3556 2744 3588; x_wconf 75' lang='grc'><strong>³⁸</strong></span> <span class='ocrx_word' id='word_1_563' title='bbox 2788 3556 3155 3625; x_wconf 83' lang='grc' dir='ltr'>προσενήνοχε</span> <span class='ocrx_word' id='word_1_564' title='bbox 3200 3554 3297 3625; x_wconf 76' lang='grc' dir='ltr'>τὴν</span> <span class='ocrx_word' id='word_1_565' title='bbox 3345 3554 3534 3626; x_wconf 77' lang='grc' dir='ltr'>εὐχὴν,</span> <span class='ocrx_word' id='word_1_566' title='bbox 3572 3554 3698 3610; x_wconf 77' lang='grc' dir='ltr'>ἀλλὰ</span> 
     </span>
    </p>
   </div>
   <div class='ocr_carea' id='block_1_83' title="bbox 2120 3647 3694 3720">
    <p class='ocr_par' dir='ltr' id='par_1_83' title="bbox 2120 3647 3694 3720">
     <span class='ocr_line' id='line_1_83' title="bbox 2120 3647 3694 3720; baseline -0.001 -17"><span class='ocrx_word' id='word_1_567' title='bbox 2120 3651 2214 3703; x_wconf 68' lang='grc' dir='ltr'><strong>καὶ</strong></span> <span class='ocrx_word' id='word_1_568' title='bbox 2264 3650 2405 3719; x_wconf 84' lang='grc' dir='ltr'>ὑπὲρ</span> <span class='ocrx_word' id='word_1_569' title='bbox 2459 3648 2940 3718; x_wconf 82' lang='grc' dir='ltr'>ἐγκεχειρισμένου</span> <span class='ocrx_word' id='word_1_570' title='bbox 2974 3647 3103 3701; x_wconf 82' lang='grc' dir='ltr'>λαοῦ</span> <span class='ocrx_word' id='word_1_571' title='bbox 3124 3666 3138 3681; x_wconf 71' lang='grc' dir='ltr'><strong>υ</strong></span> <span class='ocrx_word' id='word_1_572' title='bbox 3186 3649 3415 3712; x_wconf 67' lang='grc' dir='ltr'>ἄλλωςθτ</span> <span class='ocrx_word' id='word_1_573' title='bbox 3452 3666 3513 3701; x_wconf 87' lang='grc' dir='ltr'><strong>τε</strong></span> <span class='ocrx_word' id='word_1_574' title='bbox 3547 3651 3694 3720; x_wconf 73' lang='grc' dir='ltr'>καὶὴ</span> 
     </span>
    </p>
   </div>
   <div class='ocr_carea' id='block_1_84' title="bbox 2118 3736 3694 3813">
    <p class='ocr_par' dir='ltr' id='par_1_84' title="bbox 2118 3736 3694 3813">
     <span class='ocr_line' id='line_1_84' title="bbox 2118 3736 3694 3813; baseline 0.001 -20"><span class='ocrx_word' id='word_1_575' title='bbox 2118 3741 2215 3795; x_wconf 82' lang='grc' dir='ltr'>τοῦ</span> <span class='ocrx_word' id='word_1_576' title='bbox 2241 3736 2300 3795; x_wconf 80' lang='grc' dir='ltr'>εὖ</span> <span class='ocrx_word' id='word_1_577' title='bbox 2349 3742 2443 3794; x_wconf 80' lang='grc' dir='ltr'>καὶ</span> <span class='ocrx_word' id='word_1_578' title='bbox 2496 3740 2678 3801; x_wconf 82' lang='grc' dir='ltr'>καλῶς</span> <span class='ocrx_word' id='word_1_579' title='bbox 2710 3740 3093 3809; x_wconf 85' lang='grc' dir='ltr'>βασιλεύοντος</span> <span class='ocrx_word' id='word_1_580' title='bbox 3141 3742 3386 3812; x_wconf 87' lang='grc' dir='ltr'>σωτηρία</span> <span class='ocrx_word' id='word_1_581' title='bbox 3418 3743 3575 3813; x_wconf 79' lang='grc' dir='ltr'>κοινὴ</span> <span class='ocrx_word' id='word_1_582' title='bbox 3606 3743 3694 3795; x_wconf 78' lang='grc' dir='ltr'>τοῦ</span> 
     </span>
    </p>
   </div>
   <div class='ocr_carea' id='block_1_85' title="bbox 2120 3833 3695 3908">
    <p class='ocr_par' dir='ltr' id='par_1_85' title="bbox 2120 3833 3695 3908">
     <span class='ocr_line' id='line_1_85' title="bbox 2120 3833 3695 3908; baseline 0.001 -22"><span class='ocrx_word' id='word_1_583' title='bbox 2120 3835 2249 3890; x_wconf 76' lang='grc' dir='ltr'>λαοῦ</span> <span class='ocrx_word' id='word_1_584' title='bbox 2285 3835 2622 3905; x_wconf 77' lang='grc' dir='ltr'>καθέστηκεν</span> <span class='ocrx_word' id='word_1_585' title='bbox 2641 3834 2686 3865; x_wconf 74' lang='grc'><strong>’⁸</strong></span> <span class='ocrx_word' id='word_1_586' title='bbox 2716 3833 2974 3902; x_wconf 78' lang='grc' dir='ltr'>ὠφέλεια.</span> <span class='ocrx_word' id='word_1_587' title='bbox 3014 3835 3167 3905; x_wconf 83' lang='grc' dir='ltr'>Ἔχει</span> <span class='ocrx_word' id='word_1_588' title='bbox 3194 3835 3251 3889; x_wconf 76' lang='grc' dir='ltr'>δὲ</span> <span class='ocrx_word' id='word_1_589' title='bbox 3280 3836 3373 3889; x_wconf 77' lang='grc' dir='ltr'>καὶ</span> <span class='ocrx_word' id='word_1_590' title='bbox 3402 3837 3597 3908; x_wconf 83' lang='grc' dir='ltr'>ἑτέραν</span> <span class='ocrx_word' id='word_1_591' title='bbox 3619 3837 3695 3889; x_wconf 76' lang='grc' dir='ltr'><strong>ἐν·</strong></span> 
     </span>
    </p>
   </div>
   <div class='ocr_carea' id='block_1_86' title="bbox 2121 3927 3693 3999">
    <p class='ocr_par' dir='ltr' id='par_1_86' title="bbox 2121 3927 3693 3999">
     <span class='ocr_line' id='line_1_86' title="bbox 2121 3927 3693 3999; baseline 0.001 -18"><span class='ocrx_word' id='word_1_592' title='bbox 2121 3946 2271 3982; x_wconf 89' lang='grc' dir='ltr'>νοιαν</span> <span class='ocrx_word' id='word_1_593' title='bbox 2324 3929 2385 3980; x_wconf 85' lang='grc' dir='ltr'>τὸ</span> <span class='ocrx_word' id='word_1_594' title='bbox 2434 3927 2617 3998; x_wconf 79' lang='grc' dir='ltr'>ῥητόν.</span> <span class='ocrx_word' id='word_1_595' title='bbox 2671 3927 2905 3998; x_wconf 84' lang='grc' dir='ltr'>Διῄρητο</span> <span class='ocrx_word' id='word_1_596' title='bbox 2948 3930 2976 3981; x_wconf 91' lang='lat'><strong>6</strong></span> <span class='ocrx_word' id='word_1_597' title='bbox 3024 3928 3266 3999; x_wconf 80' lang='grc' dir='ltr'>Ἰσραὴλ,</span> <span class='ocrx_word' id='word_1_598' title='bbox 3315 3929 3409 3982; x_wconf 83' lang='grc' dir='ltr'>καὶ</span> <span class='ocrx_word' id='word_1_599' title='bbox 3462 3932 3557 3982; x_wconf 75' lang='grc' dir='ltr'><strong>ἐπὶ</strong></span> <span class='ocrx_word' id='word_1_600' title='bbox 3605 3929 3693 3982; x_wconf 77' lang='grc' dir='ltr'><strong>τοῦ</strong></span> 
     </span>
    </p>
   </div>
   <div class='ocr_carea' id='block_1_87' title="bbox 2121 4020 3694 4090">
    <p class='ocr_par' dir='ltr' id='par_1_87' title="bbox 2121 4020 3694 4090">
     <span class='ocr_line' id='line_1_87' title="bbox 2121 4020 3694 4090; baseline -0.001 -15"><span class='ocrx_word' id='word_1_601' title='bbox 2121 4020 2312 4086; x_wconf 86' lang='grc' dir='ltr'>Σαοὺλ,</span> <span class='ocrx_word' id='word_1_602' title='bbox 2344 4022 2437 4073; x_wconf 80' lang='grc' dir='ltr'>καὶ</span> <span class='ocrx_word' id='word_1_603' title='bbox 2458 4020 2549 4072; x_wconf 66' lang='grc' dir='ltr'><strong>ἐπὶ</strong></span> <span class='ocrx_word' id='word_1_604' title='bbox 2570 4020 2665 4072; x_wconf 82' lang='grc' dir='ltr'><strong>τοῦ</strong></span> <span class='ocrx_word' id='word_1_605' title='bbox 2694 4020 3133 4090; x_wconf 70' lang='grc' dir='ltr'>Μεμφιϐοσθὲη,</span> <span class='ocrx_word' id='word_1_606' title='bbox 3166 4023 3260 4075; x_wconf 70' lang='grc' dir='ltr'>καὶ</span> <span class='ocrx_word' id='word_1_607' title='bbox 3278 4022 3372 4074; x_wconf 76' lang='grc' dir='ltr'>ἐπὶ</span> <span class='ocrx_word' id='word_1_608' title='bbox 3398 4022 3493 4075; x_wconf 78' lang='grc' dir='ltr'>τοῦ</span> <span class='ocrx_word' id='word_1_609' title='bbox 3515 4021 3694 4074; x_wconf 77' lang='grc' dir='ltr'><strong>’Δϐεσο</strong></span> 
     </span>
    </p>
   </div>
   <div class='ocr_carea' id='block_1_88' title="bbox 2123 4111 3693 4184">
    <p class='ocr_par' dir='ltr' id='par_1_88' title="bbox 2123 4111 3693 4184">
     <span class='ocr_line' id='line_1_88' title="bbox 2123 4111 3693 4184; baseline -0.002 -19"><span class='ocrx_word' id='word_1_610' title='bbox 2123 4112 2373 4183; x_wconf 72' lang='grc' dir='ltr'>σαλώμί.</span> <span class='ocrx_word' id='word_1_611' title='bbox 2398 4111 2459 4166; x_wconf 78' lang='lat' dir='ltr'><strong>Ei</strong></span> <span class='ocrx_word' id='word_1_612' title='bbox 2489 4111 2694 4176; x_wconf 87' lang='grc' dir='ltr'>τοίνυν,</span> <span class='ocrx_word' id='word_1_613' title='bbox 2728 4114 2923 4183; x_wconf 78' lang='grc' dir='ltr'>φησ“ι¹,</span> <span class='ocrx_word' id='word_1_614' title='bbox 2962 4114 3065 4184; x_wconf 81' lang='grc' dir='ltr'>τῆς</span> <span class='ocrx_word' id='word_1_615' title='bbox 3099 4113 3201 4183; x_wconf 83' lang='grc' dir='ltr'>σῆς</span> <span class='ocrx_word' id='word_1_616' title='bbox 3246 4114 3418 4184; x_wconf 75' lang='grc' dir='ltr'>ῥοπῆς</span> <span class='ocrx_word' id='word_1_617' title='bbox 3459 4115 3693 4167; x_wconf 70' lang='grc' dir='ltr'>ἀπολαύ-</span> 
     </span>
    </p>
   </div>
   <div class='ocr_carea' id='block_1_89' title="bbox 2123 4203 3693 4275">
    <p class='ocr_par' dir='ltr' id='par_1_89' title="bbox 2123 4203 3693 4275">
     <span class='ocr_line' id='line_1_89' title="bbox 2123 4203 3693 4275; baseline 0 -18"><span class='ocrx_word' id='word_1_618' title='bbox 2123 4220 2301 4274; x_wconf 93' lang='grc' dir='ltr'>σαιμι,</span> <span class='ocrx_word' id='word_1_619' title='bbox 2352 4203 2447 4257; x_wconf 65' lang='grc' dir='ltr'><strong>καὶ¹</strong></span> <span class='ocrx_word' id='word_1_620' title='bbox 2499 4203 2765 4274; x_wconf 86' lang='grc' dir='ltr'>κρείττων</span> <span class='ocrx_word' id='word_1_621' title='bbox 2810 4204 3074 4274; x_wconf 85' lang='grc' dir='ltr'>γενοίμην</span> <span class='ocrx_word' id='word_1_622' title='bbox 3114 4205 3226 4257; x_wconf 89' lang='grc' dir='ltr'><strong>τῶν</strong></span> <span class='ocrx_word' id='word_1_623' title='bbox 3265 4205 3565 4275; x_wconf 82' lang='grc' dir='ltr'>δυσμενῶν,</span> <span class='ocrx_word' id='word_1_624' title='bbox 3606 4206 3693 4259; x_wconf 74' lang='grc' dir='ltr'>καὶ</span> 
     </span>
    </p>
   </div>
   <div class='ocr_carea' id='block_1_90' title="bbox 2121 4295 3688 4367">
    <p class='ocr_par' dir='ltr' id='par_1_90' title="bbox 2121 4295 3688 4367">
     <span class='ocr_line' id='line_1_90' title="bbox 2121 4295 3688 4367; baseline 0.001 -17"><span class='ocrx_word' id='word_1_625' title='bbox 2121 4295 2286 4358; x_wconf 83' lang='grc' dir='ltr'>αὐτὸς</span> <span class='ocrx_word' id='word_1_626' title='bbox 2332 4296 2362 4347; x_wconf 90' lang='lat'><strong>6</strong></span> <span class='ocrx_word' id='word_1_627' title='bbox 2419 4295 2672 4366; x_wconf 80' lang='grc' dir='ltr'>Ἰσραὴλ,</span> <span class='ocrx_word' id='word_1_628' title='bbox 2731 4296 3032 4365; x_wconf 80' lang='grc' dir='ltr'>ὲμφύλιον³</span> <span class='ocrx_word' id='word_1_629' title='bbox 3080 4297 3317 4367; x_wconf 86' lang='grc' dir='ltr'>πόλεμον</span> <span class='ocrx_word' id='word_1_630' title='bbox 3369 4298 3688 4360; x_wconf 85' lang='grc' dir='ltr'>καταλύσας,</span> 
     </span>
    </p>
   </div>
   <div class='ocr_carea' id='block_1_91' title="bbox 2122 4385 3690 4459">
    <p class='ocr_par' dir='ltr' id='par_1_91' title="bbox 2122 4385 3690 4459">
     <span class='ocr_line' id='line_1_91' title="bbox 2122 4385 3690 4459; baseline -0.001 -19"><span class='ocrx_word' id='word_1_631' title='bbox 2122 4388 2346 4459; x_wconf 74' lang='grc' dir='ltr'>εἰρήνης</span> <span class='ocrx_word' id='word_1_632' title='bbox 2403 4385 2686 4451; x_wconf 85' lang='grc' dir='ltr'>τεύξεται,</span> <span class='ocrx_word' id='word_1_633' title='bbox 2740 4387 2837 4439; x_wconf 69' lang='grc' dir='ltr'>καὶ</span> <span class='ocrx_word' id='word_1_634' title='bbox 2890 4389 3006 4450; x_wconf 83' lang='grc' dir='ltr'>τοῖς</span> <span class='ocrx_word' id='word_1_635' title='bbox 3067 4391 3180 4451; x_wconf 83' lang='grc' dir='ltr'>σοῖς</span> <span class='ocrx_word' id='word_1_636' title='bbox 3235 4388 3463 4457; x_wconf 79' lang='grc' dir='ltr'>ἀγαθοῖς</span> <span class='ocrx_word' id='word_1_637' title='bbox 3507 4391 3690 4459; x_wconf 71' lang='grc' dir='ltr'>ἐντρυ-</span> 
     </span>
    </p>
   </div>
   <div class='ocr_carea' id='block_1_92' title="bbox 2125 4482 2306 4552">
    <p class='ocr_par' dir='ltr' id='par_1_92' title="bbox 2125 4482 2306 4552">
     <span class='ocr_line' id='line_1_92' title="bbox 2125 4482 2306 4552; baseline 0.006 -20"><span class='ocrx_word' id='word_1_638' title='bbox 2125 4482 2306 4552; x_wconf 80' lang='grc' dir='ltr'>φήσει.</span> 
     </span>
    </p>
   </div>
   <div class='ocr_carea' id='block_1_93' title="bbox 2434 4640 3385 4695">
    <p class='ocr_par' dir='ltr' id='par_1_93' title="bbox 2434 4640 3385 4695">
     <span class='ocr_line' id='line_1_93' title="bbox 2434 4640 3385 4695; baseline 0.001 -3"><span class='ocrx_word' id='word_1_639' title='bbox 2434 4640 2698 4694; x_wconf 83' lang='lat' dir='ltr'><strong>EPMHN.</strong></span> <span class='ocrx_word' id='word_1_640' title='bbox 2739 4640 2879 4694; x_wconf 87' lang='grc' dir='ltr'><strong>ΤΟΥ</strong></span> <span class='ocrx_word' id='word_1_641' title='bbox 2919 4641 3026 4695; x_wconf 72' lang='grc' dir='ltr'>κε’</span> <span class='ocrx_word' id='word_1_642' title='bbox 3064 4641 3385 4695; x_wconf 82' lang='grc' dir='ltr'><strong>ΨΑΛΜΟΥ.</strong></span> 
     </span>
    </p>
   </div>
   <div class='ocr_carea' id='block_1_94' title="bbox 2195 4774 3681 4844">
    <p class='ocr_par' dir='ltr' id='par_1_94' title="bbox 2195 4774 3681 4844">
     <span class='ocr_line' id='line_1_94' title="bbox 2195 4774 3681 4844; baseline -0.001 -17"><span class='ocrx_word' id='word_1_643' title='bbox 2195 4780 2265 4829; x_wconf 86' lang='grc' dir='ltr'><strong>α’.</strong></span> <span class='ocrx_word' id='word_1_644' title='bbox 2308 4792 2326 4824; x_wconf 84' lang='grc' dir='ltr'><strong>ι</strong></span> <span class='ocrx_word' id='word_1_645' title='bbox 2359 4774 2590 4843; x_wconf 76' lang='grc' dir='ltr'>Ψαλμὸς</span> <span class='ocrx_word' id='word_1_646' title='bbox 2624 4774 2703 4844; x_wconf 82' lang='grc' dir='ltr'>τῷ</span> <span class='ocrx_word' id='word_1_647' title='bbox 2735 4777 2917 4830; x_wconf 80' lang='grc' dir='ltr'><strong>Δαὸῐδ.</strong></span> <span class='ocrx_word' id='word_1_648' title='bbox 2951 4796 2971 4829; x_wconf 73' lang='grc' dir='ltr'><strong>ι</strong></span> <span class='ocrx_word' id='word_1_649' title='bbox 3015 4777 3122 4830; x_wconf 73' lang='grc' dir='ltr'><strong>Καὶ</strong></span> <span class='ocrx_word' id='word_1_650' title='bbox 3149 4774 3341 4829; x_wconf 82' lang='grc' dir='ltr'>τοῦτον</span> <span class='ocrx_word' id='word_1_651' title='bbox 3370 4776 3462 4828; x_wconf 74' lang='grc' dir='ltr'><strong>τὸν</strong></span> <span class='ocrx_word' id='word_1_652' title='bbox 3486 4774 3681 4843; x_wconf 69' lang='grc' dir='ltr'>ψαλμὸν</span> 
     </span>
    </p>
   </div>
   <div class='ocr_carea' id='block_1_95' title="bbox 2122 4865 3681 4939">
    <p class='ocr_par' dir='ltr' id='par_1_95' title="bbox 2122 4865 3681 4939">
     <span class='ocr_line' id='line_1_95' title="bbox 2122 4865 3681 4939; baseline -0.001 -20"><span class='ocrx_word' id='word_1_653' title='bbox 2122 4867 2151 4919; x_wconf 87' lang='lat'><strong>6</strong></span> <span class='ocrx_word' id='word_1_654' title='bbox 2177 4865 2320 4928; x_wconf 86' lang='grc' dir='ltr'>θεῖος</span> <span class='ocrx_word' id='word_1_655' title='bbox 2351 4865 2513 4918; x_wconf 78' lang='grc' dir='ltr'><strong>Δαὸὶδ</strong></span> <span class='ocrx_word' id='word_1_656' title='bbox 2547 4868 2624 4929; x_wconf 86' lang='grc' dir='ltr'><strong>εἰς</strong></span> <span class='ocrx_word' id='word_1_657' title='bbox 2655 4867 2850 4920; x_wconf 77' lang='grc' dir='ltr'>ἑαυτὸν</span> <span class='ocrx_word' id='word_1_658' title='bbox 2884 4868 3162 4939; x_wconf 81' lang='grc' dir='ltr'>εἰρηκέναι</span> <span class='ocrx_word' id='word_1_659' title='bbox 3195 4868 3346 4921; x_wconf 84' lang='grc' dir='ltr'>δοκεῖ</span> <span class='ocrx_word' id='word_1_660' title='bbox 3376 4886 3498 4938; x_wconf 84' lang='grc' dir='ltr'>μοι·</span> <span class='ocrx_word' id='word_1_661' title='bbox 3531 4866 3681 4937; x_wconf 76' lang='grc' dir='ltr'>ἡγού-</span> 
     </span>
    </p>
   </div>
   <div class='ocr_carea' id='block_1_96' title="bbox 2127 4957 3676 5031">
    <p class='ocr_par' dir='ltr' id='par_1_96' title="bbox 2127 4957 3676 5031">
     <span class='ocr_line' id='line_1_96' title="bbox 2127 4957 3676 5031; baseline -0.001 -20"><span class='ocrx_word' id='word_1_662' title='bbox 2127 4976 2226 5028; x_wconf 89' lang='grc' dir='ltr'><strong>μαι</strong></span> <span class='ocrx_word' id='word_1_663' title='bbox 2257 4958 2314 5011; x_wconf 84' lang='grc' dir='ltr'><strong>δὲ</strong></span> <span class='ocrx_word' id='word_1_664' title='bbox 2342 4957 2529 5011; x_wconf 80' lang='grc' dir='ltr'>τοῦτον</span> <span class='ocrx_word' id='word_1_665' title='bbox 2570 4960 2780 5012; x_wconf 79' lang='grc' dir='ltr'>ἐκείνου</span> <span class='ocrx_word' id='word_1_666' title='bbox 2829 4961 3252 5031; x_wconf 82' lang='grc' dir='ltr'>προγενέστερον</span> <span class='ocrx_word' id='word_1_667' title='bbox 3290 4958 3451 5014; x_wconf 84' lang='grc' dir='ltr'>εἶναι.</span> <span class='ocrx_word' id='word_1_668' title='bbox 3506 4961 3561 5012; x_wconf 83' lang='grc' dir='ltr'>ὐ</span> <span class='ocrx_word' id='word_1_669' title='bbox 3590 4958 3676 5027; x_wconf 82' lang='grc' dir='ltr'>μὲν</span> 
     </span>
    </p>
   </div>
   <div class='ocr_carea' id='block_1_97' title="bbox 1543 5183 2598 5243">
    <p class='ocr_par' dir='ltr' id='par_1_97' title="bbox 1543 5183 2598 5243">
     <span class='ocr_line' id='line_1_97' title="bbox 1543 5183 2598 5243; baseline 0.002 -3"><span class='ocrx_word' id='word_1_670' title='bbox 1543 5185 1780 5242; x_wconf 62' lang='grc' dir='ltr'>γΑιιιλΕ</span> <span class='ocrx_word' id='word_1_671' title='bbox 1824 5183 2204 5242; x_wconf 84' lang='lat' dir='ltr'><strong>LECTIONES</strong></span> <span class='ocrx_word' id='word_1_672' title='bbox 2242 5187 2327 5243; x_wconf 79' lang='grc' dir='ltr'><strong>ΕΤ</strong></span> <span class='ocrx_word' id='word_1_673' title='bbox 2363 5186 2598 5243; x_wconf 70' lang='lat' dir='ltr'><strong>NOTAE.</strong></span> 
     </span>
    </p>
   </div>
   <div class='ocr_carea' id='block_1_98' title="bbox 522 5364 2019 5441">
    <p class='ocr_par' dir='ltr' id='par_1_98' title="bbox 522 5364 2019 5441">
     <span class='ocr_line' id='line_1_98' title="bbox 522 5364 2019 5441; baseline 0.002 -24"><span class='ocrx_word' id='word_1_674' title='bbox 613 5364 909 5441; x_wconf 64' lang='grc' dir='ltr'>Ἀνομίας.</span> <span class='ocrx_word' id='word_1_675' title='bbox 943 5365 1065 5419; x_wconf 85' lang='lat' dir='ltr'><strong>cod.</strong></span> <span class='ocrx_word' id='word_1_676' title='bbox 1092 5367 1141 5424; x_wconf 77' lang='grc' dir='ltr'><strong>Ι.</strong></span> <span class='ocrx_word' id='word_1_677' title='bbox 1174 5368 1211 5422; x_wconf 89' lang='lat'><strong>2</strong></span> <span class='ocrx_word' id='word_1_678' title='bbox 1236 5370 1530 5441; x_wconf 79' lang='grc' dir='ltr'>ἁμαρτίας,</span> <span class='ocrx_word' id='word_1_679' title='bbox 1557 5386 1677 5441; x_wconf 65' lang='lat' dir='ltr'><strong>quae</strong></span> <span class='ocrx_word' id='word_1_680' title='bbox 1720 5377 1945 5441; x_wconf 73' lang='lat' dir='ltr'><strong>estrec.</strong></span> <span class='ocrx_word' id='word_1_681' title='bbox 1985 5368 2019 5420; x_wconf 80' lang='grc' dir='ltr'>Ιε</span> 
     </span>
    </p>
   </div>
   <div class='ocr_carea' id='block_1_99' title="bbox 2398 5362 3667 5436">
    <p class='ocr_par' dir='ltr' id='par_1_99' title="bbox 2398 5362 3667 5436">
     <span class='ocr_line' id='line_1_99' title="bbox 2398 5362 3667 5436; baseline -0.005 -15"><span class='ocrx_word' id='word_1_682' title='bbox 2398 5367 2445 5399; x_wconf 81' lang='grc'>⁸⁸</span> <span class='ocrx_word' id='word_1_683' title='bbox 2474 5366 2571 5427; x_wconf 82' lang='grc' dir='ltr'><strong>Μὴ</strong></span> <span class='ocrx_word' id='word_1_684' title='bbox 2603 5370 3127 5436; x_wconf 54' lang='grc' dir='ltr'>καταισχυνθείην.</span> <span class='ocrx_word' id='word_1_685' title='bbox 3175 5368 3346 5424; x_wconf 80' lang='lat' dir='ltr'><strong>Abest</strong></span> <span class='ocrx_word' id='word_1_686' title='bbox 3388 5385 3419 5423; x_wconf 90' lang='lat' dir='ltr'><strong>a</strong></span> <span class='ocrx_word' id='word_1_687' title='bbox 3469 5368 3581 5421; x_wconf 88' lang='lat' dir='ltr'><strong>cod.</strong></span> <span class='ocrx_word' id='word_1_688' title='bbox 3624 5362 3667 5416; x_wconf 76' lang='lat'><strong>2.</strong></span> 
     </span>
    </p>
   </div>
   <div class='ocr_carea' id='block_1_100' title="bbox 452 5434 2019 5507">
    <p class='ocr_par' dir='ltr' id='par_1_100' title="bbox 452 5434 2008 5507">
     <span class='ocr_line' id='line_1_100' title="bbox 452 5434 2008 5507; baseline 0.001 -18"><span class='ocrx_word' id='word_1_689' title='bbox 452 5438 496 5470; x_wconf 80' lang='grc'><strong>⁸⁸⁷</strong></span> <span class='ocrx_word' id='word_1_690' title='bbox 538 5434 1028 5507; x_wconf 72' lang='grc' dir='ltr'>Ἐπεκα.ιεσάμηγ</span> <span class='ocrx_word' id='word_1_691' title='bbox 1058 5454 1149 5490; x_wconf 84' lang='grc' dir='ltr'><strong>σε.</strong></span> <span class='ocrx_word' id='word_1_692' title='bbox 1181 5434 1301 5494; x_wconf 87' lang='lat' dir='ltr'><strong>cod.</strong></span> <span class='ocrx_word' id='word_1_693' title='bbox 1350 5434 1371 5493; x_wconf 71' lang='grc' dir='ltr'><strong>ί</strong></span> <span class='ocrx_word' id='word_1_694' title='bbox 1415 5434 1617 5507; x_wconf 70' lang='grc' dir='ltr'>ἤλπισα</span> <span class='ocrx_word' id='word_1_695' title='bbox 1647 5440 1737 5491; x_wconf 67' lang='grc' dir='ltr'><strong>ὲπὶ</strong></span> <span class='ocrx_word' id='word_1_696' title='bbox 1774 5439 1854 5495; x_wconf 83' lang='grc' dir='ltr'>σὲ,</span> <span class='ocrx_word' id='word_1_697' title='bbox 1887 5453 2008 5506; x_wconf 69' lang='lat' dir='ltr'><strong>qua:</strong></span> 
     </span>
    </p>
   </div>
   <div class='ocr_carea' id='block_1_101' title="bbox 2132 5434 3667 5507">
    <p class='ocr_par' dir='ltr' id='par_1_101' title="bbox 2137 5434 3667 5507">
     <span class='ocr_line' id='line_1_101' title="bbox 2137 5434 3667 5507; baseline -0.001 -16"><span class='ocrx_word' id='word_1_698' title='bbox 2137 5454 2247 5492; x_wconf 87' lang='lat' dir='ltr'><strong>rec.</strong></span> <span class='ocrx_word' id='word_1_699' title='bbox 2285 5439 2463 5493; x_wconf 91' lang='lat' dir='ltr'><strong>lectio.</strong></span> <span class='ocrx_word' id='word_1_700' title='bbox 2539 5438 2585 5469; x_wconf 78' lang='grc'><strong>³⁸</strong></span> <span class='ocrx_word' id='word_1_701' title='bbox 2622 5434 2926 5493; x_wconf 57' lang='lat' dir='ltr'><strong>nuder.</strong></span> <span class='ocrx_word' id='word_1_702' title='bbox 2957 5434 3080 5495; x_wconf 84' lang='lat' dir='ltr'><strong>cnd.</strong></span> <span class='ocrx_word' id='word_1_703' title='bbox 3121 5440 3143 5493; x_wconf 80' lang='lat' dir='ltr'><strong>l</strong></span> <span class='ocrx_word' id='word_1_704' title='bbox 3182 5440 3338 5494; x_wconf 80' lang='grc' dir='ltr'>ἀλλὰ.</span> <span class='ocrx_word' id='word_1_705' title='bbox 3414 5440 3458 5471; x_wconf 85' lang='grc'><strong>⁶⁹</strong></span> <span class='ocrx_word' id='word_1_706' title='bbox 3497 5436 3667 5507; x_wconf 75' lang='grc' dir='ltr'>Τοῦτο.</span> 
     </span>
    </p>
   </div>
   <div class='ocr_carea' id='block_1_102' title="bbox 451 5506 930 5563">
    <p class='ocr_par' dir='ltr' id='par_1_102' title="bbox 451 5506 930 5563">
     <span class='ocr_line' id='line_1_102' title="bbox 451 5506 930 5563; baseline -0.013 0"><span class='ocrx_word' id='word_1_707' title='bbox 451 5509 576 5563; x_wconf 79' lang='lat' dir='ltr'><strong>eod.</strong></span> <span class='ocrx_word' id='word_1_708' title='bbox 610 5509 644 5560; x_wconf 87' lang='grc'><strong>5</strong></span> <span class='ocrx_word' id='word_1_709' title='bbox 672 5507 821 5561; x_wconf 82' lang='lat' dir='ltr'><strong>addit</strong></span> <span class='ocrx_word' id='word_1_710' title='bbox 853 5506 930 5558; x_wconf 75' lang='grc' dir='ltr'><strong>δέ..</strong></span> 
     </span>
    </p>
   </div>
   <div class='ocr_carea' id='block_1_103' title="bbox 449 5576 1451 5634">
    <p class='ocr_par' dir='ltr' id='par_1_103' title="bbox 449 5576 1451 5634">
     <span class='ocr_line' id='line_1_103' title="bbox 449 5576 1451 5634; baseline 0.004 -4"><span class='ocrx_word' id='word_1_711' title='bbox 449 5577 506 5631; x_wconf 80' lang='lat'><strong>2.</strong></span> <span class='ocrx_word' id='word_1_712' title='bbox 606 5576 656 5609; x_wconf 81' lang='lat'>”</span> <span class='ocrx_word' id='word_1_713' title='bbox 684 5576 947 5632; x_wconf 71' lang='grc' dir='ltr'>Βασιλεῖ.</span> <span class='ocrx_word' id='word_1_714' title='bbox 974 5580 1096 5632; x_wconf 80' lang='lat' dir='ltr'><strong>cod.</strong></span> <span class='ocrx_word' id='word_1_715' title='bbox 1132 5581 1165 5634; x_wconf 93' lang='grc'><strong>5</strong></span> <span class='ocrx_word' id='word_1_716' title='bbox 1194 5581 1344 5634; x_wconf 87' lang='lat' dir='ltr'><strong>addit</strong></span> <span class='ocrx_word' id='word_1_717' title='bbox 1373 5581 1451 5634; x_wconf 87' lang='grc' dir='ltr'><strong>δέ.</strong></span> 
     </span>
    </p>
   </div>
   <div class='ocr_carea' id='block_1_104' title="bbox 452 5647 1979 5719">
    <p class='ocr_par' dir='ltr' id='par_1_104' title="bbox 452 5647 1979 5719">
     <span class='ocr_line' id='line_1_104' title="bbox 452 5647 1979 5719; baseline 0.001 -18"><span class='ocrx_word' id='word_1_718' title='bbox 452 5647 641 5719; x_wconf 66' lang='grc' dir='ltr'>αὑτοῦ.</span> <span class='ocrx_word' id='word_1_719' title='bbox 737 5649 783 5680; x_wconf 76' lang='grc'><strong>⁸⁷</strong></span> <span class='ocrx_word' id='word_1_720' title='bbox 827 5649 1048 5719; x_wconf 73' lang='grc' dir='ltr'>Ἄλλος</span> <span class='ocrx_word' id='word_1_721' title='bbox 1079 5680 1149 5689; x_wconf 91' lang='grc'><strong>-</strong></span> <span class='ocrx_word' id='word_1_722' title='bbox 1186 5650 1461 5719; x_wconf 67' lang='grc' dir='ltr'>ὠφέλεια.</span> <span class='ocrx_word' id='word_1_723' title='bbox 1501 5650 1622 5706; x_wconf 84' lang='lat' dir='ltr'><strong>Des.</strong></span> <span class='ocrx_word' id='word_1_724' title='bbox 1659 5652 1711 5704; x_wconf 91' lang='lat' dir='ltr'><strong>in</strong></span> <span class='ocrx_word' id='word_1_725' title='bbox 1760 5650 1878 5704; x_wconf 87' lang='lat' dir='ltr'><strong>cod.</strong></span> <span class='ocrx_word' id='word_1_726' title='bbox 1926 5650 1979 5703; x_wconf 95' lang='grc'><strong>5.</strong></span> 
     </span>
    </p>
   </div>
   <div class='ocr_carea' id='block_1_105' title="bbox 451 5717 1603 5787">
    <p class='ocr_par' dir='ltr' id='par_1_105' title="bbox 451 5717 1603 5787">
     <span class='ocr_line' id='line_1_105' title="bbox 451 5717 1603 5787; baseline 0.002 -15"><span class='ocrx_word' id='word_1_727' title='bbox 451 5717 502 5752; x_wconf 74' lang='grc'><strong>’³</strong></span> <span class='ocrx_word' id='word_1_728' title='bbox 532 5720 637 5772; x_wconf 76' lang='grc' dir='ltr'><strong>Καὶ</strong></span> <span class='ocrx_word' id='word_1_729' title='bbox 667 5719 764 5772; x_wconf 76' lang='grc' dir='ltr'><strong>ἐπὶ</strong></span> <span class='ocrx_word' id='word_1_730' title='bbox 787 5717 893 5771; x_wconf 83' lang='grc' dir='ltr'>τοῦ</span> <span class='ocrx_word' id='word_1_731' title='bbox 920 5722 1112 5787; x_wconf 66' lang='grc' dir='ltr'>Μεμφ.</span> <span class='ocrx_word' id='word_1_732' title='bbox 1158 5717 1279 5775; x_wconf 72' lang='lat' dir='ltr'><strong>Des.</strong></span> <span class='ocrx_word' id='word_1_733' title='bbox 1319 5724 1371 5775; x_wconf 91' lang='lat' dir='ltr'><strong>in</strong></span> <span class='ocrx_word' id='word_1_734' title='bbox 1399 5722 1521 5775; x_wconf 82' lang='lat' dir='ltr'><strong>cod.</strong></span> <span class='ocrx_word' id='word_1_735' title='bbox 1552 5722 1603 5775; x_wconf 94' lang='grc'><strong>5.</strong></span> 
     </span>
    </p>
   </div>
   <div class='ocr_carea' id='block_1_106' title="bbox 453 5788 2120 5863">
    <p class='ocr_par' dir='ltr' id='par_1_106' title="bbox 453 5788 2120 5863">
     <span class='ocr_line' id='line_1_106' title="bbox 453 5788 2120 5863; baseline 0.003 -22"><span class='ocrx_word' id='word_1_736' title='bbox 453 5788 557 5863; x_wconf 60' lang='grc' dir='ltr'><strong>τού</strong></span> <span class='ocrx_word' id='word_1_737' title='bbox 587 5790 883 5863; x_wconf 64' lang='grc' dir='ltr'>Βηρσαϐεέ.</span> <span class='ocrx_word' id='word_1_738' title='bbox 917 5790 1038 5846; x_wconf 84' lang='lat' dir='ltr'><strong>cod.</strong></span> <span class='ocrx_word' id='word_1_739' title='bbox 1064 5791 1099 5844; x_wconf 81' lang='grc'><strong>5</strong></span> <span class='ocrx_word' id='word_1_740' title='bbox 1127 5791 1218 5844; x_wconf 71' lang='grc' dir='ltr'>καὶ</span> <span class='ocrx_word' id='word_1_741' title='bbox 1250 5792 1340 5844; x_wconf 65' lang='grc' dir='ltr'><strong>ἐπὶ</strong></span> <span class='ocrx_word' id='word_1_742' title='bbox 1371 5792 1464 5845; x_wconf 71' lang='grc' dir='ltr'><strong>τοῦ</strong></span> <span class='ocrx_word' id='word_1_743' title='bbox 1495 5792 1691 5863; x_wconf 74' lang='grc' dir='ltr'>Σαμεέ.</span> <span class='ocrx_word' id='word_1_744' title='bbox 1729 5790 1885 5846; x_wconf 76' lang='lat' dir='ltr'><strong>Conl&#39;.</strong></span> <span class='ocrx_word' id='word_1_745' title='bbox 1920 5807 1971 5861; x_wconf 94' lang='lat' dir='ltr'><strong>p.</strong></span> <span class='ocrx_word' id='word_1_746' title='bbox 1996 5788 2120 5846; x_wconf 76' lang='lat' dir='ltr'><strong>7l5.</strong></span> 
     </span>
    </p>
   </div>
   <div class='ocr_carea' id='block_1_107' title="bbox 455 5857 925 5933">
    <p class='ocr_par' dir='ltr' id='par_1_107' title="bbox 455 5857 925 5933">
     <span class='ocr_line' id='line_1_107' title="bbox 455 5857 925 5933; baseline -0.004 -14"><span class='ocrx_word' id='word_1_747' title='bbox 455 5858 507 5926; x_wconf 70' lang='grc'>1,</span> <span class='ocrx_word' id='word_1_748' title='bbox 530 5860 565 5917; x_wconf 81' lang='grc'>2</span> <span class='ocrx_word' id='word_1_749' title='bbox 593 5857 778 5933; x_wconf 47' lang='lat' dir='ltr'><strong>prtem.</strong></span> <span class='ocrx_word' id='word_1_750' title='bbox 813 5857 925 5917; x_wconf 82' lang='grc' dir='ltr'>τόν.</span> 
     </span>
    </p>
   </div>
   <div class='ocr_carea' id='block_1_108' title="bbox 1549 5581 2000 5613">
    <p class='ocr_par' dir='ltr' id='par_1_108' title="bbox 1549 5581 2000 5613">
     <span class='ocr_line' id='line_1_108' title="bbox 1549 5581 2000 5613; baseline 0 0"><span class='ocrx_word' id='word_1_751' title='bbox 1549 5581 1596 5613; x_wconf 63' lang='grc' dir='ltr'><strong>οδ</strong></span> <span class='ocrx_word' id='word_1_752' title='bbox 1625 5584 1722 5613; x_wconf 62' lang='lat' dir='ltr'><strong>and</strong></span> <span class='ocrx_word' id='word_1_753' title='bbox 1786 5581 1825 5613; x_wconf 53' lang='grc' dir='ltr'><strong>’ἓ</strong></span> <span class='ocrx_word' id='word_1_754' title='bbox 1857 5581 2000 5613; x_wconf 59' lang='lat' dir='ltr'><strong>mare:</strong></span> 
     </span>
    </p>
   </div>
   <div class='ocr_carea' id='block_1_109' title="bbox 1624 5577 2019 5720">
    <p class='ocr_par' dir='ltr' id='par_1_109' title="bbox 1624 5579 2019 5704">
     <span class='ocr_line' id='line_1_109' title="bbox 1624 5579 2019 5635; baseline -0.008 0"><span class='ocrx_word' id='word_1_755' title='bbox 1624 5584 1746 5635; x_wconf 87' lang='lat' dir='ltr'><strong>cod.</strong></span> <span class='ocrx_word' id='word_1_756' title='bbox 1785 5579 1825 5632; x_wconf 71' lang='grc'><strong>5</strong></span> <span class='ocrx_word' id='word_1_757' title='bbox 1857 5581 2019 5632; x_wconf 74' lang='grc' dir='ltr'>ποιεῖς</span> 
     </span>
     <span class='ocr_line' id='line_1_110' title="bbox 1659 5650 1979 5704; baseline -0.003 0"><span class='ocrx_word' id='word_1_758' title='bbox 1659 5652 1711 5704; x_wconf 92' lang='lat' dir='ltr'><strong>in</strong></span> <span class='ocrx_word' id='word_1_759' title='bbox 1760 5650 1878 5704; x_wconf 87' lang='lat' dir='ltr'><strong>cod.</strong></span> <span class='ocrx_word' id='word_1_760' title='bbox 1926 5650 1979 5703; x_wconf 95' lang='grc'><strong>5.</strong></span> 
     </span>
    </p>
   </div>
   <div class='ocr_carea' id='block_1_110' title="bbox 2132 5577 3663 5720">
    <p class='ocr_par' dir='ltr' id='par_1_110' title="bbox 2132 5577 3663 5720">
     <span class='ocr_line' id='line_1_111' title="bbox 2132 5577 3663 5644; baseline -0.002 -12"><span class='ocrx_word' id='word_1_761' title='bbox 2132 5618 2146 5632; x_wconf 95' lang='grc'><strong>.</strong></span> <span class='ocrx_word' id='word_1_762' title='bbox 2243 5580 2288 5611; x_wconf 74' lang='grc'><strong>⁸³</strong></span> <span class='ocrx_word' id='word_1_763' title='bbox 2322 5577 2642 5644; x_wconf 80' lang='grc' dir='ltr'>Μακάριος.</span> <span class='ocrx_word' id='word_1_764' title='bbox 2680 5577 2843 5634; x_wconf 82' lang='lat' dir='ltr'><strong>Abest</strong></span> <span class='ocrx_word' id='word_1_765' title='bbox 2900 5598 2927 5634; x_wconf 89' lang='lat' dir='ltr'><strong>a</strong></span> <span class='ocrx_word' id='word_1_766' title='bbox 2959 5583 3078 5637; x_wconf 88' lang='lat' dir='ltr'><strong>cod.</strong></span> <span class='ocrx_word' id='word_1_767' title='bbox 3117 5582 3172 5637; x_wconf 88' lang='lat'><strong>2.</strong></span> <span class='ocrx_word' id='word_1_768' title='bbox 3293 5582 3340 5613; x_wconf 72' lang='grc'><strong>’⁸</strong></span> <span class='ocrx_word' id='word_1_769' title='bbox 3367 5581 3491 5634; x_wconf 85' lang='lat' dir='ltr'><strong>cod.</strong></span> <span class='ocrx_word' id='word_1_770' title='bbox 3524 5577 3663 5631; x_wconf 75' lang='lat' dir='ltr'><strong>2et5</strong></span> 
     </span>
     <span class='ocr_line' id='line_1_112' title="bbox 2165 5647 3663 5720; baseline -0.001 -16"><span class='ocrx_word' id='word_1_771' title='bbox 2165 5652 2420 5704; x_wconf 80' lang='grc' dir='ltr'>Καθεστ.</span> <span class='ocrx_word' id='word_1_772' title='bbox 2464 5649 2739 5718; x_wconf 66' lang='grc' dir='ltr'>ὠφέλεια.</span> <span class='ocrx_word' id='word_1_773' title='bbox 2799 5653 2917 5705; x_wconf 80' lang='lat' dir='ltr'><strong>Cud.</strong></span> <span class='ocrx_word' id='word_1_774' title='bbox 2951 5652 2985 5705; x_wconf 76' lang='grc'>2</span> <span class='ocrx_word' id='word_1_775' title='bbox 3024 5652 3422 5720; x_wconf 80' lang='grc' dir='ltr'>καθεστηκέναι</span> <span class='ocrx_word' id='word_1_776' title='bbox 3468 5647 3663 5720; x_wconf 47' lang='grc' dir='ltr'>ὀφείλεις</span> 
     </span>
    </p>
   </div>
   <div class='ocr_carea' id='block_1_111' title="bbox 1715 5714 2019 5789">
    <p class='ocr_par' dir='ltr' id='par_1_111' title="bbox 1715 5722 2019 5775">
     <span class='ocr_line' id='line_1_113' title="bbox 1715 5722 2019 5775; baseline -0.01 0"><span class='ocrx_word' id='word_1_777' title='bbox 1715 5722 1728 5751; x_wconf 91' lang='grc'>¹</span> <span class='ocrx_word' id='word_1_778' title='bbox 1767 5722 1827 5775; x_wconf 81' lang='lat' dir='ltr'><strong>&#39;A</strong></span> <span class='ocrx_word' id='word_1_779' title='bbox 1835 5722 2019 5774; x_wconf 78' lang='grc' dir='ltr'>ὄεσσα</span> 
     </span>
    </p>
   </div>
   <div class='ocr_carea' id='block_1_112' title="bbox 2132 5714 3666 5789">
    <p class='ocr_par' dir='ltr' id='par_1_112' title="bbox 2132 5714 3666 5789">
     <span class='ocr_line' id='line_1_114' title="bbox 2132 5714 3666 5789; baseline -0.006 -13"><span class='ocrx_word' id='word_1_780' title='bbox 2132 5739 2173 5776; x_wconf 73' lang='grc' dir='ltr'>ι.</span> <span class='ocrx_word' id='word_1_781' title='bbox 2231 5722 2353 5773; x_wconf 80' lang='lat' dir='ltr'><strong>cod.</strong></span> <span class='ocrx_word' id='word_1_782' title='bbox 2386 5722 2406 5774; x_wconf 83' lang='lat' dir='ltr'><strong>l</strong></span> <span class='ocrx_word' id='word_1_783' title='bbox 2445 5714 2615 5784; x_wconf 74' lang='lat' dir='ltr'><strong>addit,</strong></span> <span class='ocrx_word' id='word_1_784' title='bbox 2641 5721 2733 5774; x_wconf 73' lang='grc' dir='ltr'>καὶ</span> <span class='ocrx_word' id='word_1_785' title='bbox 2766 5723 2857 5774; x_wconf 69' lang='grc' dir='ltr'><strong>ἐπὶ</strong></span> <span class='ocrx_word' id='word_1_786' title='bbox 2896 5724 2991 5774; x_wconf 74' lang='grc' dir='ltr'>τοῦ</span> <span class='ocrx_word' id='word_1_787' title='bbox 3021 5714 3392 5777; x_wconf 66' lang='grc' dir='ltr'><strong>Σεὸεαὶ.’‹ὀ‹1.</strong></span> <span class='ocrx_word' id='word_1_788' title='bbox 3424 5722 3457 5775; x_wconf 90' lang='lat'><strong>2</strong></span> <span class='ocrx_word' id='word_1_789' title='bbox 3485 5719 3568 5772; x_wconf 77' lang='grc' dir='ltr'>καὶ</span> <span class='ocrx_word' id='word_1_790' title='bbox 3590 5714 3666 5789; x_wconf 70' lang='grc' dir='ltr'><strong>ἐπὶ</strong></span> 
     </span>
    </p>
   </div>
   <div class='ocr_carea' id='block_1_113' title="bbox 1035 5504 2019 5579">
    <p class='ocr_par' dir='ltr' id='par_1_113' title="bbox 1035 5504 2001 5579">
     <span class='ocr_line' id='line_1_115' title="bbox 1035 5504 2001 5579; baseline 0 -18"><span class='ocrx_word' id='word_1_791' title='bbox 1035 5508 1081 5539; x_wconf 81' lang='grc'><strong>⁹⁰</strong></span> <span class='ocrx_word' id='word_1_792' title='bbox 1117 5510 1296 5563; x_wconf 81' lang='grc' dir='ltr'>Τοῦτο</span> <span class='ocrx_word' id='word_1_793' title='bbox 1318 5544 1385 5551; x_wconf 93' lang='grc'><strong>-</strong></span> <span class='ocrx_word' id='word_1_794' title='bbox 1415 5504 1763 5579; x_wconf 77' lang='grc' dir='ltr'>ἡγούμενος.</span> <span class='ocrx_word' id='word_1_795' title='bbox 1795 5504 1919 5562; x_wconf 69' lang='lat' dir='ltr'><strong>Des.</strong></span> <span class='ocrx_word' id='word_1_796' title='bbox 1949 5510 2001 5561; x_wconf 91' lang='lat' dir='ltr'><strong>in</strong></span> 
     </span>
    </p>
   </div>
   <div class='ocr_carea' id='block_1_114' title="bbox 2132 5504 3666 5579">
    <p class='ocr_par' dir='ltr' id='par_1_114' title="bbox 2140 5504 3666 5579">
     <span class='ocr_line' id='line_1_116' title="bbox 2140 5504 3666 5579; baseline -0.001 -18"><span class='ocrx_word' id='word_1_797' title='bbox 2140 5546 2154 5561; x_wconf 98' lang='lat'><strong>.</strong></span> <span class='ocrx_word' id='word_1_798' title='bbox 2184 5508 2236 5562; x_wconf 90' lang='grc'><strong>5.</strong></span> <span class='ocrx_word' id='word_1_799' title='bbox 2270 5509 2311 5540; x_wconf 74' lang='grc'><strong>⁸⁸</strong></span> <span class='ocrx_word' id='word_1_800' title='bbox 2364 5510 2491 5579; x_wconf 66' lang='grc' dir='ltr'><strong>Ἐν.</strong></span> <span class='ocrx_word' id='word_1_801' title='bbox 2515 5506 2638 5563; x_wconf 83' lang='lat' dir='ltr'><strong>Des.</strong></span> <span class='ocrx_word' id='word_1_802' title='bbox 2675 5508 2727 5579; x_wconf 85' lang='lat' dir='ltr'><strong>in</strong></span> <span class='ocrx_word' id='word_1_803' title='bbox 2766 5511 2887 5564; x_wconf 92' lang='lat' dir='ltr'><strong>cod.</strong></span> <span class='ocrx_word' id='word_1_804' title='bbox 2917 5510 2951 5564; x_wconf 82' lang='lat'><strong>2</strong></span> <span class='ocrx_word' id='word_1_805' title='bbox 3024 5511 3070 5543; x_wconf 82' lang='lat'><strong>&quot;</strong></span> <span class='ocrx_word' id='word_1_806' title='bbox 3096 5510 3199 5577; x_wconf 86' lang='grc' dir='ltr'><strong>Δή.</strong></span> <span class='ocrx_word' id='word_1_807' title='bbox 3226 5509 3398 5566; x_wconf 82' lang='lat' dir='ltr'><strong>Abest</strong></span> <span class='ocrx_word' id='word_1_808' title='bbox 3431 5526 3460 5564; x_wconf 75' lang='grc' dir='ltr'><strong>ιι</strong></span> <span class='ocrx_word' id='word_1_809' title='bbox 3488 5509 3597 5565; x_wconf 83' lang='lat' dir='ltr'><strong>cod.</strong></span> <span class='ocrx_word' id='word_1_810' title='bbox 3626 5504 3666 5579; x_wconf 86' lang='lat' dir='ltr'><strong>l_.</strong></span> 
     </span>
    </p>
   </div>
   <div class='ocr_carea' id='block_1_115' title="bbox 2243 5575 3667 5644">
    <p class='ocr_par' dir='ltr' id='par_1_115' title="bbox 2243 5575 3667 5644">
     <span class='ocr_line' id='line_1_117' title="bbox 2243 5575 3667 5644; baseline -0.002 -12"><span class='ocrx_word' id='word_1_811' title='bbox 2243 5580 2288 5611; x_wconf 74' lang='grc'><strong>⁸³</strong></span> <span class='ocrx_word' id='word_1_812' title='bbox 2322 5576 2642 5644; x_wconf 79' lang='grc' dir='ltr'>Μακάριος.</span> <span class='ocrx_word' id='word_1_813' title='bbox 2680 5577 2843 5634; x_wconf 82' lang='lat' dir='ltr'><strong>Abest</strong></span> <span class='ocrx_word' id='word_1_814' title='bbox 2900 5598 2927 5634; x_wconf 89' lang='lat' dir='ltr'><strong>a</strong></span> <span class='ocrx_word' id='word_1_815' title='bbox 2959 5583 3078 5637; x_wconf 88' lang='lat' dir='ltr'><strong>cod.</strong></span> <span class='ocrx_word' id='word_1_816' title='bbox 3117 5575 3172 5637; x_wconf 75' lang='lat'><strong>2.</strong></span> <span class='ocrx_word' id='word_1_817' title='bbox 3293 5582 3340 5613; x_wconf 72' lang='grc'><strong>’⁸</strong></span> <span class='ocrx_word' id='word_1_818' title='bbox 3367 5581 3491 5634; x_wconf 85' lang='lat' dir='ltr'><strong>cod.</strong></span> <span class='ocrx_word' id='word_1_819' title='bbox 3524 5578 3620 5631; x_wconf 87' lang='lat' dir='ltr'><strong>2et</strong></span> <span class='ocrx_word' id='word_1_820' title='bbox 3641 5575 3667 5625; x_wconf 82' lang='grc'><strong>5</strong></span> 
     </span>
    </p>
   </div>
   <div class='ocr_carea' id='block_1_116' title="bbox 2239 5786 3663 5863">
    <p class='ocr_par' dir='ltr' id='par_1_116' title="bbox 2239 5786 3663 5863">
     <span class='ocr_line' id='line_1_118' title="bbox 2239 5786 3663 5863; baseline -0.001 -18"><span class='ocrx_word' id='word_1_821' title='bbox 2239 5792 2257 5823; x_wconf 84' lang='grc'>²</span> <span class='ocrx_word' id='word_1_822' title='bbox 2288 5792 2463 5860; x_wconf 79' lang='grc' dir='ltr'>Φησι.</span> <span class='ocrx_word' id='word_1_823' title='bbox 2490 5792 2655 5848; x_wconf 85' lang='lat' dir='ltr'><strong>Abest</strong></span> <span class='ocrx_word' id='word_1_824' title='bbox 2675 5808 2706 5847; x_wconf 87' lang='lat' dir='ltr'><strong>a</strong></span> <span class='ocrx_word' id='word_1_825' title='bbox 2736 5793 2859 5849; x_wconf 89' lang='lat' dir='ltr'><strong>cod.</strong></span> <span class='ocrx_word' id='word_1_826' title='bbox 2891 5794 2939 5854; x_wconf 80' lang='lat' dir='ltr'><strong>l,</strong></span> <span class='ocrx_word' id='word_1_827' title='bbox 2965 5795 3019 5846; x_wconf 74' lang='lat'><strong>2.</strong></span> <span class='ocrx_word' id='word_1_828' title='bbox 3123 5795 3143 5824; x_wconf 81' lang='grc'><em>³</em></span> <span class='ocrx_word' id='word_1_829' title='bbox 3185 5793 3519 5863; x_wconf 67' lang='grc' dir='ltr'>Ἐμφύλιον.</span> <span class='ocrx_word' id='word_1_830' title='bbox 3559 5786 3663 5843; x_wconf 71' lang='lat' dir='ltr'><strong>cod.</strong></span> 
     </span>
    </p>
   </div>
  </div>
