3842 6512
144 276 257 341 1069

1462 275 1541 336 IN
1579 275 1783 335 PSAL.
1808 274 2023 335 XXIX.

3230 274 3366 340 1070

146 399 233 449 ιείν
262 394 447 449 ἐπάνω
473 394 656 466 ὄφεων
685 394 779 448 καὶ
807 394 1103 466 σκορπίων,
1137 395 1232 448 καὶ
1259 395 1350 448 ἐπὶ
1376 397 1555 449 πᾶσαν
1590 395 1689 464 τὴν

1812 393 1934 458 )ios,
1960 405 2014 450 et
2050 408 2213 465 super
2243 391 2405 464 785
2450 405 2669 447 omnem
2717 392 2974 447 virtutem
3016 393 3223 451 inimicr
3255 409 3303 452 ιι.
3348 417 3368 450 ι

142 489 344 557 δύναμιν
402 486 498 539 τοῦ
556 485 775 556 ἐχθροῦ.
834 505 854 537 ι
914 483 1103 556 Τούτῳ
1155 486 1547 557 κρατυνθέντες
1610 485 1691 556 τῷ

143 580 281 649 λόγῳ,
310 578 435 642 τοὺς
454 577 779 641 ἀπατεῶνας
800 578 898 648 τῆς
930 577 1256 648 οἰκουμένης
1281 577 1550 649 ἐξήλασαν
1576 578 1693 630 δαί-

150 690 311 743 μονας,
343 672 439 724 καὶ
474 672 583 723 τῶν
614 670 848 724 εἰδώλων
880 670 1207 740 ἐγύμνωσαν
1233 671 1331 742 τὴν
1368 671 1655 724 ἀσθένειαν
1674 687 1689 701 ·

151 764 226 817 καὶ
250 760 399 815 τοῦτο
424 761 453 814 δ
488 760 825 831 προφητικδς
853 762 1229 833 προηγόρευσε
1260 761 1439 832 λόγος’
1480 781 1499 814 ‹
1536 761 1692 833 Φωνὴ

155 854 329 925 Κυρίου
381 852 827 925 καταρτιζομένη
881 852 1145 923 ἐλάφους,
1204 856 1301 907 καὶ
1354 854 1692 923 ἀποκαλύψει

157 951 379 1023 δρυμούς.
426 969 444 1001 ι
486 948 660 1002 Τοῦτο
693 951 739 982 ³³
766 950 877 1020 γὰρ
899 950 963 1021 δὴ
1003 950 1066 1003 τὸ
1106 950 1425 1021 παράδοξον,
1456 952 1539 1005 ὅτι
1585 950 1694 1003 τῶν

162 1041 479 1097 παντοδαπῶν
507 1041 713 1111 θηρίων
753 1043 813 1094 τὸ
842 1042 1046 1113 πλῆθος
1076 1043 1122 1075 ’⁵
1154 1042 1223 1095 δι’
1250 1043 1467 1111 ἐλάφων
1497 1045 1586 1096 ἐκε
1598 1043 1693 1113 ρά-

162 1153 272 1198 me,
305 1134 391 1186 καὶ
424 1134 533 1185 τῶν
570 1134 878 1202 φιλοσόφων
926 1133 1024 1205 τὴν
1057 1134 1337 1206 ἀκαρπίαν
1372 1136 1441 1189 δι’
1471 1136 1695 1205 ἀγραμ-

168 1228 319 1297 μάτων
354 1224 636 1295 διήλεγξε,
682 1224 777 1277 καὶ
825 1222 917 1277 τοῦ
962 1225 1213 1279 διαϐόλου
1260 1226 1360 1297 τὴν
1403 1226 1694 1297 τυραννίδα

166 1318 234 1371 διὰ
259 1318 299 1348 ’⁸
328 1315 516 1369 ἁλιέων
545 1315 834 1369 κατέλυσε.
870 1316 1139 1385 Δρυμοὺς
1182 1316 1241 1369 δὲ
1284 1318 1694 1389 προσηγόρευσε

167 1410 221 1463 τὰ
242 1408 334 1461 τῶν
359 1406 588 1459 εἰδώλων
630 1406 858 1476 τεμένη,
888 1407 963 1470 ὡς
991 1407 1216 1478 ἄκαρπα
1244 1408 1523 1471 παντελῶς
1543 1425 1556 1440 ·
1588 1425 1695 1460 τοι·

169 1504 284 1557 οὗτοι
309 1501 407 1571 γάρ
436 1502 483 1552 οἰ
510 1498 868 1571 δρυμῶνες,ἦ
901 1501 949 1551 οἰ
972 1499 1017 1529 ³⁸
1036 1498 1253 1569 δρυμοὶ,
1285 1498 1378 1563 οὓς
1406 1501 1695 1554 ἐκκόπτειν

171 1596 379 1657 εἰωθότες
423 1594 464 1624 ³⁷
503 1593 554 1645 οἰ
595 1593 810 1661 ἄριστοι
848 1591 1099 1662 γηπόνοι,
1128 1593 1222 1644 καὶ
1254 1591 1351 1664 τὴν
1396 1593 1487 1646 ὑπ’
1517 1594 1696 1648 αὐτῶν

170 1684 434 1756 νεμομένην
477 1681 813 1752 γυμνοῦντες
851 1682 975 1751 γῆν,
1006 1680 1076 1734 τὰ
1110 1682 1367 1754 κάρπιμα
1403 1681 1695 1751 φυτεύουσι

172 1777 354 1846 δένδρα,
387 1776 477 1827 καὶ
528 1772 599 1826 τά
647 1774 882 1843 ἐδώδιμα
930 1773 1332 1828 καταϐάλλουσι
1387 1774 1699 1846 σπέρματα.

173 1868 309 1921 Τοῦτο
348 1866 629 1937 δεδράκασι
667 1864 763 1918 καὶ
808 1866 858 1918 οἰ
906 1866 1006 1936 τῆς
1048 1865 1374 1936 οἰκουμένης
1424 1866 1698 1937 γεωργοί·

174 1958 400 2030 πρόρριζα
444 1959 551 2027 γὰρ
603 1957 1020 2022 ἀνασπάσαντες
1061 1958 1130 2010 τὰ
1170 1957 1280 2010 τῶν
1329 1955 1563 2010 εἰδώλων
1611 1974 1703 2010 τε·

173 2052 304 2121 μὲνη,
332 2050 420 2113 τὰς
452 2050 600 2113 θείας
623 2051 736 2103 ἀντ’
757 2049 985 2103 ἐκείνων
1026 2049 1353 2121 Ἐκκλησίας
1376 2050 1700 2119 ἐφύτευσαν.

176 2164 188 2193 ι
212 2143 295 2196 Διὰ
315 2143 458 2195 τοῦτο
474 2143 519 2182 ’⁸
537 2144 594 2194 ὲν
620 2141 697 2212 τῷ
714 2142 826 2213 ναῷ
852 2142 1016 2195 αὑτοῦ
1050 2143 1160 2205 πᾶς
1189 2159 1275 2205 τις
1304 2141 1454 2211 λέγει
1473 2143 1653 2209 δόξαν.
1682 2163 1699 2192 ι

179 2236 290 2289 Ὑπὸ
315 2235 404 2306 τῆς
444 2235 745 2307 παραδόξου
794 2234 999 2307 ταύτης
1028 2234 1429 2308 μεγαλουργίας
1460 2236 1542 2299 εἰς
1603 2237 1707 2305 ὑμ-

170 2329 333 2398 νῳδίαν
362 2328 775 2398 διεγειρόμενος.

225 2424 268 2471 ι’.
312 2437 327 2470 ι
366 2417 565 2488 Κύριος
608 2418 699 2472 τὸν
747 2435 928 2472 κατακ
963 2418 1136 2489 υσμδν
1182 2421 1455 2473 κατοικιεῖ
1497 2420 1563 2486 ³9,
1613 2420 1708 2474 καὶ

169 2510 400 2564 καθιεῖται
432 2510 635 2581 Κύριος
671 2508 927 2579 βασιλεὺς
950 2513 1031 2575 εἰς
1057 2511 1150 2565 τὸν
1178 2511 1373 2566 αἰῶνα.
1416 2530 1435 2564 ι
1468 2511 1579 2582 Τὴν
1601 2512 1708 2581 γάρ

169 2601 231 2668 τῷ
259 2599 525 2671 χειμάρρῳ
571 2599 669 2669 τῆς
715 2600 948 2670 ἀνομίας
986 2600 1031 2633 ⁸⁰
1068 2600 1588 2654 καταποντισθεῖσαν
1629 2604 1708 2655 οἰ-

170 2692 404 2763 κουμένην
430 2691 800 2763 οἰκοδομήσει,
824 2692 922 2747 καὶ⁹
949 2694 1293 2765 νεουργήσει,
1326 2694 1421 2747 καὶ
1446 2694 1571 2748 νέαν
1595 2694 1711 2748 κτί-

170 2802 238 2837 σιν
269 2785 568 2855 ἐργάσεται.
615 2783 708 2837 Διὸ
760 2785 853 2838 καὶ
885 2786 914 2837 ό
948 2786 1217 2857 μακάριος
1251 2785 1293 2816 ³⁸
1338 2785 1548 2847 Παῦλος
1589 2788 1708 2858 βοᾷ,

171 2898 184 2925 ι
216 2876 346 2937 Birt;
389 2877 446 2928 ἐν
496 2873 718 2946 Χριστῷ
742 2875 903 2947 καινὴ
950 2876 1147 2940 κτίσις.
1191 2895 1209 2929 ι
1249 2876 1419 2931 Τοῦτο
1440 2878 1520 2944 δὲ,
1550 2880 1707 2951 φησὶ,

167 2969 391 3038 ποιήσας,
436 2968 535 3022 οὐκ
576 2969 727 3022 ἐάσει
768 2969 953 3023 λοιπὸν
994 2968 1178 3041 χώραν
1219 2971 1407 3025 λαϐεῖν
1437 2972 1538 3043 τὴν
1582 2972 1711 3026 ἀσέ-

165 3064 316 3125 ϐειαν,
346 3062 454 3114 ἀλλ’
482 3064 563 3126 εἰς
593 3062 765 3116 αἰῶνα
795 3062 1125 3133 βασιλεύσει.

226 3160 305 3206 ια’.
348 3174 365 3205 ι
409 3154 611 3224 Κύριος
647 3154 800 3224 ἰσχὺν
828 3154 905 3224 τῷ
942 3154 1058 3225 λαῷ
1095 3154 1262 3209 αὑτοῦ
1287 3154 1470 3221 δώσει,
1507 3155 1710 3228 Κύριος

163 3245 416 3316 εὐλογήσει
442 3246 533 3300 τὸν
558 3246 686 3300 λαὸν
716 3246 884 3301 αὑτοῦ
913 3248 970 3300 ἐν
998 3249 1214 3320 εἰρήνῃ.
1246 3266 1264 3300 ι
1294 3249 1394 3303 Διὰ
1421 3249 1628 3304 τούτων
1656 3251 1713 3304 δὲ

162 3338 507 3407 προηγόρευσε
536 3338 633 3391 καὶ
673 3336 773 3400 τὰς
798 3337 911 3392 τῶν
936 3337 1147 3393 ἀσεϐῶν
1175 3340 1591 3406 ἐπαναστάσεις,
1617 3342 1713 3395 καὶ⁹

163 3426 262 3478 τῶν
288 3429 584 3499 νικηφόρων
614 3429 909 3502 μαρτύρων
956 3430 1055 3501 τὴν
1089 3431 1266 3503 νίκην,
1308 3435 1402 3486 καὶ
1445 3435 1543 3505 τὴν
1574 3434 1713 3505 μετὰ

163 3520 317 3572 ταῦτα
353 3521 789 3593 παρασχεθεῶαν
819 3526 938 3587 ταῖς
968 3522 1287 3595 ἐκκλησίαις
1319 3526 1564 3596 εἰρήνην.
1601 3526 1714 3579 Κύ-

167 3628 269 3680 ριος
296 3613 436 3683 ἰσχὺν
461 3611 540 3684 τῷ
568 3613 683 3685 λαῷ
716 3614 880 3668 αὑτοῦ
909 3615 1092 3683 δώσει,
1127 3618 1402 3671 τουτέστιν
1431 3620 1489 3672 ἐν
1512 3619 1589 3691 τῷ
1618 3619 1712 3673 τοῦ

166 3702 382 3774 πολέμου
416 3705 626 3776 καιρῷ’
680 3706 776 3760 καὶ
818 3707 1104 3779 εύλογήσει
1152 3709 1244 3763 τὸν
1273 3710 1400 3765 λαὸν
1444 3712 1611 3765 αὐτοῦ
1656 3714 1714 3767 ἐν

165 3795 355 3868 εἰρήνῃ,
381 3800 468 3851 τὸν
504 3798 715 3870 μακρὸν
745 3800 788 3831 ³³
822 3801 1059 3871 πόλεμον
1094 3803 1427 3870 καταλύσας.

448 3912 715 3967 ΕΡΜΗΝ.
757 3910 897 3968 ΤΟΥ
936 3914 1044 3968 ΚΘ
1082 3915 1406 3971 ΨΑΛΜΟΥ.

228 4031 295 4079 α’.
336 4045 353 4079 ι
397 4027 625 4098 Ψαλμδς
661 4026 804 4098 ᾠδῆς
846 4027 940 4081 τοῦ
990 4029 1346 4099 ἐγκαινισμοῦ
1396 4030 1491 4083 τοῦ
1540 4031 1713 4096 οἴκου,

168 4121 239 4184 εἰς
260 4121 315 4174 τδ
341 4122 487 4186 τέλος
509 4123 575 4187 ³³,
603 4122 683 4193 τῷ
709 4123 893 4177 Δαϐἰδ.
929 4142 947 4175 ι
982 4122 1120 4177 Οὔτε
1150 4125 1240 4178 τὸν
1271 4124 1413 4179 θεῖον
1443 4126 1579 4181 νεὼν
1613 4127 1659 4159 ³⁸
1688 4128 1717 4180 ό

170 4214 413 4286 μακάριος
441 4216 486 4248 ⁸⁸
518 4216 772 4287 ἐδείματο
800 4216 984 4282 Δαϐὶδ,
1015 4215 1143 4270 οὔτε
1175 4216 1254 4287 τῷ
1284 4217 1596 4291 δειμαμένῳ
1621 4221 1719 4291 ἀρ-

169 4306 337 4373 μόττει
364 4307 453 4361 τοῦ
472 4306 691 4379 ψαλμοῦ
713 4308 780 4363 τά
808 4310 950 4381 ῥητά
976 4310 1043 4363 ³⁸.
1096 4310 1519 4380 Ἐγκαινισμὸν
1538 4313 1579 4344 ³⁷
1603 4312 1717 4365 τοί-

164 4415 248 4451 νυν
270 4401 428 4455 οἴκου
458 4402 618 4455 καλεῖ
643 4401 739 4472 τὴν
763 4402 861 4469 τῆς
906 4401 1257 4475 ἀνθρωπίνης
1286 4403 1499 4473 φύσεως
1532 4423 1718 4476 νεουρ-

162 4490 275 4557 γίαν
303 4494 343 4526 ³⁸
362 4512 375 4525 ·
408 4495 476 4566 ἦν
505 4498 533 4549 ὁ
566 4495 842 4566 Δεσπότης
870 4496 1102 4566 Χριστὸς
1129 4496 1438 4565 ἐπετέλεσε,
1458 4498 1549 4551 τὸν
1577 4499 1718 4571 ὑπὲρ

160 4585 307 4649 ἡμῶν
350 4587 783 4658 κατιδεξάμενος
826 4588 1076 4666 θάνατον,
1126 4588 1222 4641 καὶ
1272 4589 1583 4653 καταλύσας
1626 4591 1718 4645 τὸν

162 4674 373 4731 Θάνατον
400 4679 467 4745 ³³,
504 4681 598 4733 καὶ
641 4680 741 4749 τῆς
769 4680 1116 4743 ἀναστάσεως
1160 4682 1293 4751 ἡμῖν
1333 4681 1583 4747 δεδωκὼς
1620 4683 1719 4746 τὰς

162 4770 385 4834 ἐλπίδας.
440 4772 675 4844 Εἴρηται
716 4772 773 4825 δὲ
810 4773 903 4825 καὶ
933 4774 1014 4835 εἰς
1050 4774 1143 4827 τὸν
1175 4774 1445 4846 μακάριον
1474 4774 1519 4806 ⁴⁹
1572 4775 1721 4838 Ἐζε-

161 4861 274 4916 κίαν
300 4857 449 4929 οὗτος
483 4866 648 4929 αὐτὸς
690 4867 718 4919 ό
752 4864 1003 4936 Ψαλμός.
1045 4867 1200 4920 Μετὰ
1232 4868 1338 4938 γάρ
1376 4866 1485 4920 τῶν
1523 4867 1719 4920 Ἀσσυ-

237 4994 263 5021 ιι
289 4982 420 5039 Luc.
451 4999 508 5049 ι,
552 4983 637 5038 19.
714 4992 739 5020 ν
768 4981 809 5035 11
830 4984 957 5037 Cor.
983 4999 1036 5048 v,
1070 4983 1153 5035 17.

1795 485 1910 542 lloe
1956 501 2212 541 sermone
2268 482 2641 548 corroborati,
2691 482 2965 539 daemones
3028 485 3376 543 insidiatores

1794 579 1928 634 orbe
1957 578 2305 648 expulerunt,
2333 586 2495 646 atque
2520 574 2790 629 idolorum
2819 575 3244 633 imbecillitatem
3276 596 3375 650 pa-

1794 668 2115 739 tefecerunt.
2164 667 2230 722 Et
2283 669 2388 722 hoc
2444 664 2797 737 propheticus
2842 680 3024 722 sermo
3072 668 3372 737 praedixit:

1800 781 1819 812 ι
1878 761 1989 817 Vox
2039 760 2256 815 Domini
2318 757 2679 830 praeparantis
2732 773 2960 825 cervos,
3015 768 3070 814 et
3120 761 3381 815 revelabit

1794 854 1980 909 silvas.
2016 872 2035 905 ι
2062 850 2196 906 Nam
2226 851 2329 906 hoc
2354 859 2438 906 est
2462 849 2869 918 admirandum,
2893 851 3039 923 quod
3066 865 3164 921 per
3187 868 3381 907 cervos

1795 945 2205 1001 multitudinem
2242 943 2421 999 omnis
2466 943 2683 1015 generis
2724 941 2966 1001 ferarum
3010 944 3378 1014 dissipaverit,

1796 1049 1850 1093 et
1888 1053 2088 1092 vanam
2139 1036 2589 1107 philosophorum
2628 1035 2914 1091 scientiam
2946 1052 3044 1106 per
3072 1036 3381 1092 illitteratos

1794 1142 1850 1189 et
1879 1133 2077 1187 idiotas
2110 1130 2360 1185 homines
2391 1129 2754 1200 redarguerit,
2779 1139 2944 1200 atque
2968 1130 3166 1189 diaboli
3193 1140 3382 1203 tyran—

1796 1226 1977 1279 nidem
2004 1238 2099 1293 per
2130 1224 2429 1292 piscatores
2453 1221 2731 1275 everterit.
2762 1221 2932 1276 Porro
2957 1221 3119 1276 silvas
3142 1222 3383 1292 appella-

1796 1314 1874 1367 vit
1904 1312 2173 1367 idolorum
2201 1311 2446 1375 delubra,
2476 1318 2534 1364 ut
2554 1310 2771 1380 penitus
2799 1311 3026 1366 sterilia.
3058 1311 3381 1382 llujusmodi

1796 1404 1941 1461 enim
1991 1414 2117 1459 sunt
2165 1404 2337 1466 silvas,
2383 1417 2522 1472 quas
2564 1401 2755 1472 optimi
2826 1404 3082 1475 agricolae
3134 1405 3387 1459 excidere

1797 1500 1995 1561 solent,
2026 1507 2080 1552 et
2111 1505 2296 1571 aperta
2340 1504 2483 1551 terra
2508 1512 2672 1566 quam
2715 1496 2820 1550 illa:
2860 1497 3227 1566 occupabant,
3271 1496 3388 1553 fru-

1798 1601 2015 1647 ctuosas
2044 1591 2269 1645 arbores
2297 1604 2609 1654 conserere,
2658 1598 2823 1659 atque
2848 1590 3131 1643 esculenta
3178 1590 3388 1645 semina

1797 1685 1997 1755 jacere.
2056 1682 2173 1738 Hoc
2219 1684 2467 1739 fecerunt
2516 1691 2571 1735 et
2621 1682 2771 1736 orbis
2801 1682 3053 1751 agricolae
3090 1699 3104 1736 :
3138 1682 3389 1750 quando-

1803 1778 2022 1848 quidem
2055 1794 2181 1833 cum
2231 1777 2498 1830 idolorum
2541 1774 2767 1829 delubra
2800 1775 3046 1830 funditus
3071 1775 3387 1840 diruissent,

1805 1885 1993 1926 sacras
2027 1885 2127 1939 pro
2158 1869 2266 1923 illis
2294 1868 2559 1923 ecclesias
2591 1865 2911 1920 fundarunt.
2950 1886 2969 1916 ς
3003 1865 3069 1919 Ει
3099 1867 3152 1921 in
3189 1865 3392 1935 templo

1804 1961 1922 2030 cjns
1951 1959 2133 2015 omnis
2178 1959 2313 2014 dicit
2365 1959 2616 2030 gloriam.
2651 1978 2668 2008 ι
2708 1956 2928 2012 Scilicet
2974 1958 3043 2011 ah
3079 1959 3179 2013 hac
3231 1958 3391 2012 inau-

1807 2055 1920 2108 dita
1954 2052 2353 2122 magniﬁcentia
2387 2054 2439 2105 in
2474 2051 2822 2121 hymnorum
2871 2050 3198 2105 cantilenam
3247 2052 3396 2105 exei-

1811 2155 1970 2201 tatus.

1883 2404 2048 2461 Vens.
2097 2405 2186 2460 10.
2232 2425 2249 2455 ι
2290 2403 2555 2457 Dominus
2591 2402 2859 2457 diluvium
2903 2399 3212 2456 inhabitare
3246 2398 3394 2466 facit,

1809 2510 1863 2558 et
1896 2499 2106 2556 sedebit
2133 2496 2400 2551 Dominus
2428 2511 2523 2551 rex
2556 2496 2612 2549 in
2656 2502 2944 2549 aeternum.
2988 2512 3008 2546 ι
3035 2492 3170 2549 Nam
3218 2508 3249 2547 a
3284 2500 3399 2547 tor-

1810 2603 1962 2651 rente
1985 2590 2291 2662 iniquitatis
2316 2600 2519 2644 terram
2550 2589 2867 2642 inundatam
2894 2586 3202 2652 aediﬁcabit,
3237 2595 3401 2656 atque

1811 2684 2115 2744 renovaliit,
2154 2691 2209 2737 et
2257 2696 2452 2736 novam
2492 2688 2802 2735 creaturam
2848 2678 3062 2732 efﬁciet.
3103 2676 3401 2746 Propterea

1811 2788 1864 2835 et
1889 2778 2076 2833 beatus
2103 2774 2305 2829 Paulus
2344 2774 2615 2830 exclamat
2643 2790 2656 2826 :
2689 2791 2707 2822 ‹
2748 2770 2803 2826 Si
2827 2772 2953 2842 quis
2981 2771 3032 2825 in
3064 2768 3284 2824 Christo
3317 2778 3403 2824 est

1812 2888 1953 2927 nova
1986 2879 2239 2925 creatura
2258 2877 2307 2922 ν.
2352 2886 2369 2919 ›
2403 2867 2694 2931 Caeterum,
2737 2865 2830 2931 ait,
2857 2880 2980 2918 eum
3009 2864 3114 2919 hoc
3137 2864 3398 2929 effecerit,

1811 2981 1921 3020 non
1962 2964 2103 3019 sinet
2157 2962 2391 3031 amplius
2439 2960 2773 3028 impietatem
2824 2957 3002 3013 locum
3050 2957 3272 3022 habere,
3307 2974 3402 3014 ve-

1812 3078 1934 3117 rum
1969 3062 2021 3113 in
2046 3068 2305 3114 aaternnm
2338 3054 2607 3125 regnabit.

1883 3151 2051 3207 Vsns.
2085 3151 2171 3205 11.
2215 3168 2233 3201 ‹
2276 3148 2543 3203 Dominus
2579 3148 2832 3199 virtutem
2865 3142 3061 3213 populo
3090 3158 3189 3198 sno
3227 3143 3395 3208 dabit,

1812 3246 1980 3317 786
2006 3242 2269 3297 Dominus
2308 3239 2591 3294 benedicet
2616 3235 2819 3306 populo
2846 3250 2946 3289 suo
2974 3235 3027 3287 in
3059 3249 3206 3303 pace.
3242 3253 3259 3284 ι
3300 3232 3401 3287 Per

1813 3338 1931 3391 haec
1955 3344 2166 3398 autem,
2201 3331 2563 3400 etimpiornm
2591 3327 2827 3381 insultus
2880 3323 3206 3395 praedixit,et
3232 3325 3403 3379 victo-

1812 3444 1934 3482 rum
1963 3436 2263 3498 martyrum
2296 3423 2602 3485 victoriam,
2633 3429 2687 3475 et
2714 3434 2900 3490 pacem
2925 3427 3047 3489 post
3081 3418 3197 3471 haec
3225 3418 3403 3473 eccle-

1815 3522 1913 3578 siis
1939 3533 2275 3577 concessam.
2314 3516 2579 3571 Dominus
2598 3514 2854 3568 virtutem
2885 3512 3082 3582 populo
3106 3526 3206 3567 suo
3231 3511 3401 3578 dabit,

1814 3615 1921 3671 hoc
1957 3623 2060 3679 est,
2094 3622 2338 3681 tempore
2376 3609 2524 3673 belli,
2560 3615 2614 3662 et
2653 3604 2940 3660 benedicet
2983 3603 3184 3675 populo
3217 3619 3319 3659 suo
3346 3604 3402 3658 in

1816 3722 1970 3780 pace,
2003 3721 2126 3762 cum
2155 3704 2378 3775 longum
2413 3701 2612 3756 bellum
2638 3698 2860 3752 ﬁnierit.

2202 3915 2474 3973 INTERP.
2513 3912 2767 3970 PSALMI
2820 3909 3025 3964 XXIX;

1889 4035 2055 4090 Vens.
2086 4033 2138 4087 1.
2194 4050 2212 4082 ι
2253 4030 2505 4085 Psalmus
2539 4026 2738 4083 cantici
2786 4022 3148 4079 dedicationis
3180 4022 3398 4086 domus,

1817 4132 1874 4187 in
1906 4129 2093 4192 linem,
2130 4125 2230 4195 ipsi
2270 4123 2461 4178 David.
2497 4140 2517 4174 ι
2570 4119 2679 4175 Nec
2716 4120 2907 4175 beatus
2938 4116 3105 4170 David
3157 4113 3402 4170 divinum

1818 4220 2079 4291 templum
2128 4214 2457 4279 construxit,
2502 4226 2604 4267 nec
2649 4210 2700 4265 ei
2731 4209 2824 4279 qui
2848 4205 3160 4263 construxit
3210 4204 3404 4274 psalmi

1818 4314 1983 4369 verba
2011 4308 2360 4366 conveniunt.
2392 4304 2791 4359 Dedicationem
2820 4300 2985 4369 igitur
3011 4299 3199 4352 domus
3246 4305 3407 4351 vocat

1820 4406 2071 4461 humana:
2118 4410 2326 4455 natura:
2356 4380 2834 4459 instaurationem,
2875 4407 3038 4462 quam
3084 4391 3100 4410 ‘
3138 4388 3405 4443 Dominus

1820 4498 2075 4554 Christus
2096 4492 2348 4565 perfecit,
2388 4490 2517 4546 dum
2546 4503 2645 4560 pro
2685 4487 2844 4542 nobis
2882 4492 3113 4539 mortem
3154 4480 3401 4552 oppetiit,

1822 4598 1877 4646 et
1907 4598 2137 4645 mortem
2170 4586 2383 4650 evertit,
2430 4593 2484 4638 et
2511 4596 2660 4651 spem
2692 4577 3013 4647 resurgendi
3044 4575 3205 4630 nobis
3233 4573 3401 4628 dedit.

1822 4682 2012 4738 Dictus
2040 4691 2124 4737 est
2169 4687 2348 4735 autem
2386 4677 2474 4732 hic
2499 4675 2615 4745 ipse
2654 4672 2906 4727 Psalmus
2937 4671 2991 4723 in
3024 4668 3240 4722 beatum
3272 4667 3406 4719 Eze-

1823 4775 2027 4831 chiam.
2068 4770 2205 4826 Nam
2261 4776 2385 4840 post
2434 4766 2785 4837 Assyriorum
2820 4760 3299 4833 linterneeionem,
3352 4764 3408 4811 et

1824 4863 2001 4920 morbi
2028 4860 2430 4926 liberationem,
2465 4856 2781 4921 maximam,
2816 4861 2873 4908 ut
2903 4866 3002 4923 par
3040 4858 3144 4917 est,
3180 4846 3406 4904 celebri-

1239 5114 1475 5173 VAerE
1513 5114 1903 5172 LECTIONES
1938 5114 2028 5170 ET
2077 5112 2308 5171 NOTAE.

210 5243 255 5275 ’³
280 5243 462 5299 Τοῦτο
495 5262 551 5297 κ.
577 5242 627 5297 λ.
661 5240 787 5297 Des.
812 5240 951 5311 apud
978 5239 1145 5293 Cord.
1220 5240 1268 5269 “
1306 5240 1375 5293 Τὸ
1402 5238 1659 5311 πλῆθος.
1680 5241 1705 5292 Α

1812 5249 1845 5295 st
1873 5237 2059 5311 a_cod.
2088 5236 2153 5311 ‘l,
2189 5234 2244 5289 2.
2321 5237 2368 5267 ’⁸
2404 5234 2531 5311 cod.
2585 5236 2637 5311 _l,
2691 5234 2861 5311 2_6t’.

152 5318 220 5368 οἰ.
253 5315 377 5369 Des.
424 5315 481 5368 in
534 5314 659 5367 cod.
712 5314 765 5374 1,
800 5307 864 5365 Ξῖ
931 5312 973 5342 ’⁷
1022 5310 1372 5364 Ἑκκόπτειν
1405 5310 1695 5374 εἰωθότες.

1812 5312 1862 5363 (Ι.
1893 5309 1928 5361 ‘2
1970 5307 2352 5369 ἐκκόπτοντες.

2940 5234 2986 5265 ’θ
3016 5235 3091 5300 Δρ
3100 5230 3327 5299 υμῶνες
3364 5232 3402 5298 ἢ

2430 5307 2475 5338 ’⁸
2504 5306 2608 5359 Διὰ
2656 5305 2858 5358 τοῦτο.
2912 5301 3043 5358 Rec.
3088 5304 3246 5357 lectio
3279 5302 3331 5355 h.
3366 5302 3398 5355 Ι.

152 5393 229 5440 est
262 5386 376 5437 καί.
455 5384 500 5415 ¹⁹
533 5386 644 5437 Τὸν
682 5371 934 5436 κάτακλ.
968 5379 1270 5433 κατοικιεῖ.
1304 5380 1534 5433 Praestat
1587 5371 1705 5433 inter

1812 5380 1962 5434 :tatio
2022 5378 2253 5449 Aquilre,
2298 5376 2819 5449 El;_xataxkpcttov
2868 5371 3401 5449 ἐκόιθισενίμὸγιψηζ

150 5456 236 5507 tua.
278 5456 373 5507 τοῦ
410 5451 1108 5522 κατακλυσμοῦὲκάοισεν.
1186 5450 1238 5522 Ῠ⁰ξ
1266 5449 1558 5522 Ἀνομίας.
1604 5451 1728 5522 cod.
1761 5450 1796 5502 2
1819 5449 2094 5522 ᾁσεϐείρις.

2170 5448 2213 5477 ⁸¹
2242 5446 2564 5514 Μακάριος.
2594 5440 2811 5499 Ahesta
2838 5445 2960 5498 cod.
2996 5444 3049 5497 2.
3126 5443 3173 5472 ³¹
3210 5440 3330 5495 cod.
3370 5441 3405 5514 2

153 5525 371 5595 μικρὸν,
415 5542 484 5582 ex
520 5513 712 5595 errore
766 5521 996 5595 librarii,
1028 5530 1110 5595 “ut
1156 5513 1412 5595 vide_tnr.:
1463 5513 1702 5595 “Elge

1812 5519 1964 5584 ἕλος.
1986 5517 2125 5595 llazc
2153 5517 2307 5586 juxta
2341 5513 2456 5595 rec.
2496 5517 2793 5595 lectionem
2834 5514 3253 5595 praemittuntur
3282 5513 3403 5595 voci

150 5590 393 5665 Ψαλμὸς,
422 5605 478 5652 et
499 5609 599 5666 pro
625 5590 705 5661 τῷ
730 5600 816 5646 est
836 5591 950 5666 τοῦ.

1027 5591 1070 5622 ³⁸
1100 5590 1223 5644 cod.
1255 5591 1288 5642 2
1317 5589 1462 5641 ναόν.
1541 5590 1586 5620 ³⁸
1614 5582 1705 5643 Ma

1812 5582 1935 5652 nec.
1971 5582 2216 5658 Ahest'a
2254 5589 2375 5641 cod.
2407 5587 2460 5642 2,
2542 5588 2584 5617 ³⁸
2609 5587 2730 5640 cod.
2761 5586 2796 5658 2
2823 5587 3061 5658 ῥήματα.
3138 5584 3180 5613 ³⁷
3214 5582 3335 5658 cod.

150 5651 454 5737 καινὶσμόν.
501 5651 581 5696 ’³⁸
633 5651 985 5733 Νεουργίαν.
1032 5661 1153 5717 cod.
1188 5660 1225 5713 2
1273 5660 1647 5730 καινουργίαν.
1727 5651 1921 5714 η’Τδν
1950 5657 2231 5712 θάνατον.
2280 5659 2403 5713 cod.
2450 5658 2484 5711 ε
2517 5658 2700 5711 αὐτόν.
2776 5651 3176 5722 “illamipr
3213 5651 3334 5707 cod.
3369 5651 3405 5704 2

152 5737 305 5791 θεῖον.
