3842 6512
501 300 630 366 1071

1524 297 2015 364 THEODORETI
2038 293 2375 356 EPISCOPI
2423 291 2791 354 CYRENSIS

3564 289 3668 358 107?.

485 424 652 470 tatem
686 411 945 475 instituit,
996 411 1110 468 Deo
1138 410 1340 484 gratias
1372 425 1560 482 agens,
1594 410 1856 481 quoniam
1882 419 1937 464 et
1962 406 2071 462 illis

2183 405 2307 476 ρίων
2332 404 2636 474 ἀναίρεσιν,
2678 403 2773 456 καὶ
2798 400 2897 473 τὴν
2926 401 3023 472 τῆς
3047 401 3351 473 ἀρρωστίας
3395 402 3671 476 ἀπαλλαγὴν,

484 507 716 561 salutem
750 504 994 568 donavit,
1026 513 1080 560 et
1104 513 1351 559 sanctum
1385 518 1544 559 suum
1571 503 1832 572 templum
1868 501 1937 554 ab
1965 499 2063 553 ho—

482 598 592 654 stili
618 600 743 670 igne
782 597 1050 653 liberavit.
1096 596 1366 664 Quoniam
1407 596 1574 668 igitur
1604 611 1667 651 ea
1703 610 1825 665 qua:
1867 593 2066 648 ﬁebant

483 691 845 749 dedicationis
868 689 1007 746 festo
1032 689 1233 745 similia
1263 700 1440 754 erant,
1465 688 1591 757 jure
1619 696 1672 741 et
1698 687 1841 741 hanc
1864 684 2067 754 recepit

486 780 925 851 inscriptionem.
966 776 1263 834 Sciendum
1309 786 1397 832 est
1427 784 1609 831 autem
1665 775 1781 830 haec
1819 773 2066 829 Ezechiae

486 889 583 944 per
614 872 844 944 ﬁguram
876 885 1197 941 congruere,
1237 869 1541 925 secundum
1579 869 1752 938 ipsam
1780 868 2064 923 veritatem

486 975 668 1022 autem
692 965 842 1022 omni
876 965 1130 1019 humanae
1171 963 1333 1034 787
1379 971 1607 1017 naturae.
1635 959 1770 1015 Nam
1802 960 2067 1031 quemad-

485 1057 707 1111 modum
734 1052 825 1107 ille
858 1067 983 1107 cum
1018 1065 1213 1122 magna
1246 1049 1504 1120 superbia
1542 1049 1719 1105 elatus
1753 1057 1898 1104 esset
1939 1048 2068 1120 (hoc

484 1146 633 1204 enim
666 1144 1121 1215 Paralipomenon
1158 1143 1384 1221 historia
1410 1142 1689 1213 docuit‘),
1718 1142 1911 1197 mortis
1944 1156 2070 1196 sen-

486 1236 710 1291 tentiam
735 1234 960 1304 recepit,
988 1233 1172 1288 divina
1193 1243 1373 1288 autem
1403 1233 1579 1304 gratia
1603 1234 1771 1287 vitam
1802 1246 2070 1287 consecu-

487 1336 577 1380 tus
603 1334 717 1389 est;
749 1323 941 1378 eodem
974 1321 1137 1376 modo
1163 1320 1336 1375 Adam
1365 1322 1578 1391 primus
1606 1336 1827 1391 parens,
1856 1335 1982 1387 cum
2010 1333 2071 1375 se

486 1416 654 1471 Deum
701 1415 822 1471 fore
868 1416 1137 1480 crederet,
1179 1423 1232 1468 et
1288 1425 1475 1468 contra
1524 1428 1684 1469 suum
1720 1412 2068 1484 Conditorem

485 1511 801 1581 arrOgantia
849 1509 1026 1565 elatus
1079 1516 1246 1575 esset,
1295 1518 1471 1563 morte
1518 1507 1735 1577 quidem
1792 1506 2070 1566 multatus.

487 1604 669 1659 divina
716 1612 903 1663 tamen
950 1600 1287 1672 benignitate
1332 1599 1786 1653 resurrectionem
1847 1598 2073 1668 adeptus

488 1702 591 1750 est.

563 1898 795 1965 \‘sns.2.
817 1916 836 1950 ι
866 1896 1132 1952 Exaltabo
1154 1905 1224 1961 te,
1244 1893 1490 1960 Domine,
1511 1890 1769 1962 quoniam
1785 1890 2077 1961 suscepisti

490 2008 597 2060 me,
634 2007 735 2048 nec
764 1989 961 2061 gaudio
995 1987 1223 2045 aﬂ'ecisti
1250 1985 1504 2042 inimicos
1531 1998 1684 2039 meos
1714 1997 1877 2053 super
1902 1996 2011 2038 me.
2052 2001 2071 2035 ι

489 2087 626 2142 Cum
676 2084 821 2140 enim
865 2082 1130 2137 Dominus
1166 2089 1388 2135 nostras
1435 2076 1706 2149 primitias
1756 2076 2075 2146 accepisset,

490 2192 708 2234 omnem
745 2186 997 2230 naturam
1024 2187 1119 2243 per
1143 2171 1292 2241 ipsas
1321 2170 1499 2226 salute
1520 2169 1741 2239 dignam
1778 2167 1990 2233 habuit,
2022 2176 2078 2223 et

492 2267 731 2324 ludibrio
771 2281 894 2322 esse
941 2263 1181 2319 inimicis
1213 2271 1270 2318 et
1305 2260 1557 2317 hostibus
1597 2258 1937 2315 daemonibus
1969 2274 2077 2315 non

492 2363 639 2420 sivit.
1834 2417 1863 2447 ο

566 2477 732 2532 Vens.
764 2474 821 2538 ‘5,
852 2472 908 2528 4.
949 2487 970 2521 ι
1000 2468 1228 2524 Domine
1257 2464 1401 2521 Deus
1434 2464 1531 2531 mi,
1572 2462 1805 2520 clamavi
1830 2461 1895 2518 ad
1920 2472 1995 2527 te,
2025 2470 2080 2517 et

493 2565 703 2623 sanasti
750 2578 856 2618 me.
902 2559 1146 2625 Domine,
1181 2556 1419 2613 eduxisti
1467 2571 1534 2612 ex
1573 2555 1789 2611 inferno
1838 2554 2078 2609 animam

496 2674 696 2724 meant,
749 2654 968 2711 salvasti
1014 2665 1103 2707 me
1143 2666 1175 2707 a
1214 2648 1676 2707 descendentibus
1715 2648 1769 2702 in
1811 2647 2012 2703 lacum.
2053 2666 2073 2700 ι

495 2750 624 2806 Haec
664 2749 906 2803 humana
938 2752 1135 2799 natura
1169 2750 1462 2799 enarrante
1490 2740 1764 2795 audimus.
1810 2738 1926 2795 Hoc
1978 2753 2079 2794 au-

497 2852 628 2907 tem,
655 2858 673 2892 ι
708 2836 940 2894 clamavi
971 2834 1038 2892 ad
1064 2844 1138 2900 te,
1169 2842 1223 2888 et
1249 2833 1456 2889 sanasti
1484 2848 1591 2901 me,
1628 2852 1648 2885 ›
1684 2832 1929 2888 Ezechiae
1959 2833 2080 2904 qui-

495 2934 617 2989 dem
655 2928 935 2995 convenit,
988 2925 1288 2983 secundum
1336 2926 1650 2996 proximum
1699 2936 1754 2980 et
1791 2925 2079 2980 litteralem

499 3038 747 3092 sensum,
777 3025 1029 3078 humana:
1054 3034 1185 3075 vero
1214 3028 1426 3075 natura:
1450 3035 1560 3074 non
1592 3020 1689 3074 ita.
1720 3018 1910 3089 Neque
1933 3018 2079 3073 enim

500 3119 619 3188 ipsa
644 3116 814 3171 Deum
850 3113 1139 3183 deprecata
1166 3121 1272 3177 est,
1302 3127 1403 3167 nec
1443 3111 1513 3167 ab
1548 3111 1772 3166 interitu
1802 3110 2081 3165 liberatio-
2106 3141 2151 3204 ο

500 3224 628 3265 nem
665 3206 1005 3278 postulavit:
1053 3205 1205 3260 luctu
1261 3213 1441 3260 autem
1486 3211 1542 3258 et
1575 3202 1779 3273 ejulatu
1816 3205 2078 3258 continuo

501 3304 778 3370 utebatur,
824 3311 1055 3356 mortem
1095 3299 1315 3370 quidem
1345 3298 1568 3365 videns,
1622 3297 2078 3353 resurrectionem

502 3411 635 3454 vero
662 3395 884 3451 minime
914 3401 1260 3463 exspectans.
1284 3391 1579 3463 Lacrymas
1610 3390 1774 3461 igitur
1810 3398 1865 3446 et
1896 3389 2076 3459 ﬂetus,

502 3488 599 3561 qui
619 3489 674 3543 in
703 3485 1090 3561 aegrotantibus
1116 3493 1172 3540 et
1193 3482 1555 3538 morientibus
1585 3483 1742 3547 tiunt,
1773 3496 1874 3551 pro
1902 3480 2081 3553 preci-

503 3584 609 3640 bus
638 3580 843 3653 posuit,
878 3576 1314 3648 inexplicabilem
1338 3574 1435 3630 Dei
1464 3574 1858 3644 benignitatem
1894 3581 2082 3628 osten-

503 3675 641 3731 dens
669 3692 685 3729 :
717 3671 1002 3744 quoniam,
1034 3669 1159 3725 licet
1185 3682 1297 3724 non
1319 3676 1567 3733 vocatus,
1607 3665 1705 3722 sed
1736 3664 2080 3721 lamentatio-

503 3784 604 3825 nes
635 3776 846 3823 tantum
865 3763 1076 3828 videns,
1098 3760 1356 3817 misertus
1376 3767 1463 3814 est
1493 3772 1683 3814 eorum
1711 3772 1833 3828 quae
1858 3756 2079 3823 ﬁebant,

503 3866 558 3911 et
594 3862 824 3910 mortem
878 3850 1094 3907 evertit.
1145 3848 1281 3903 Nam
1320 3857 1375 3902 et
1425 3848 1480 3900 in
1541 3848 1649 3902 hoc
1713 3847 1835 3902 loco
1890 3860 2081 3901 rursus

506 3947 674 4020 788
705 3954 935 4001 mortem
968 3943 1144 3996 lacum
1178 3939 1488 4010 appellavit.

575 4141 743 4198 Vens.
768 4141 822 4206 5,
850 4136 948 4196 (5.⁸(
979 4138 1201 4195 Psallite
1231 4138 1477 4205 Domino,
1492 4139 1669 4197 sancti
1697 4138 1838 4209 ejus,
1867 4147 1922 4193 et
1952 4152 2085 4194 con-

505 4234 733 4291 ﬁtemini
768 4232 1045 4288 memoriae
1073 4233 1380 4289 sanctitatis
1411 4235 1552 4305 ejus.
1599 4233 1870 4300 Quoniam
1904 4231 1987 4286 ira
2027 4232 2082 4285 in

505 4326 879 4397 indignatione
910 4323 1050 4393 ejus,
1086 4336 1141 4380 et
1166 4325 1277 4380 vita
1313 4326 1369 4380 in
1408 4327 1691 4382 voluntate
1719 4327 1859 4397 ejus.
1898 4344 1917 4377 ›
1954 4322 2083 4380 Jure

508 4422 712 4478 sanctis
749 4421 1014 4492 hymnum
1064 4420 1474 4491 gratiarumque
1511 4423 1782 4477 actionem
1811 4419 2081 4476 attribuit.

2130 492 2141 505 ⁸
2171 495 2364 567 ἑορτὴν
2393 494 2469 558 ὡς
2496 493 2643 557 εἰκὸς
2682 492 2946 563 μεγίστην
2972 491 3276 553 ἐπετέλεσε,
3303 490 3379 563 τῷ
3413 491 3521 564 Θεῷ
3544 495 3579 527 ll
3604 500 3677 568 χά.

2175 605 2259 658 ριν
2283 586 2584 658 ὁμολογῶν,
2616 586 2701 639 ὅτι
2745 586 2839 638 καὶ
2870 585 3055 646 αὐτοῖς
3098 584 3402 654 ἐδωρήσατο
3439 590 3677 657 σωτηρίαν,

2172 680 2267 733 καὶ
2309 678 2403 731 τὸν
2443 677 2599 746 ἆγιον
2637 675 2805 730 αὑτοῦ
2842 675 2971 729 ναὸν
3010 674 3105 727 τοῦ
3139 675 3247 726 τῶν
3277 673 3529 743 πολεμίων
3550 679 3680 749 πυρὸς

2170 772 2567 844 ἠλευθέρωσεν.
2585 770 2804 842 Ἐπειδὴ
2834 770 3017 823 τοίνυν
3050 768 3340 837 ἐγκαινίων
3368 767 3515 837 ἐῴκει
3542 770 3598 824 τά
3615 790 3681 825 τε-

2171 865 2409 936 λούμενα
2437 863 2766 934 πανηγύρει,
2796 862 3024 926 εἰκότως
3051 861 3147 914 καὶ
3184 859 3386 929 ταύτην
3410 860 3594 926 ἐδέξατο
3611 864 3684 933 τὴν

2173 959 2507 1029 ἐπιγραφήν.
2550 957 2744 1011 ’ἰστέον
2788 956 2991 1027 μέντοι,
3042 954 3119 1018 ὡς
3157 952 3237 1024 τῷ
3286 952 3496 1024 Ἐζεκίᾳ
3519 958 3681 1008 una“

2173 1048 2344 1103 τύπον
2374 1047 2638 1119 ἁρμόττει
2661 1088 2677 1115 ,
2711 1046 2862 1119 πάσῃ
2903 1044 2961 1097 δὲ
2990 1047 3060 1115 τῇ
3100 1043 3259 1113 φύσει
3301 1042 3411 1094 τῶν
3440 1042 3683 1114 ἀνθρώπιον

2175 1139 2296 1191 κατ’
2348 1136 2518 1208 αὐτὴν
2562 1135 2663 1207 τὴν
2709 1134 2987 1205 ἀλήθειαν.
3043 1134 3256 1203 Ὠσπερ
3306 1134 3355 1165 ⁸³
3391 1134 3491 1203 γὰρ
3529 1136 3687 1198 ἐκεῖνος

2177 1226 2378 1298 ὑψηλὸν
2410 1223 2795 1295 είσδεξάμενος
2827 1223 2875 1255 ⁸⁸
2909 1222 3163 1292 φώνημα
3184 1238 3200 1255 ·
3248 1221 3408 1275 τοῦτο
3436 1222 3533 1292 γὰρ
3560 1224 3689 1291 ἡτῶν

2176 1319 2676 1392 Παραλειπομένων
2708 1316 2948 1382 ἐδίδαξεν
2984 1315 3222 1386 ίστορίαο
3257 1314 3355 1367 τοῦ
3386 1315 3593 1367 θανάτου
3621 1318 3689 1387 τὴν

2175 1412 2358 1484 ψῆφον
2391 1411 2635 1477 ἐδέξατο,
2671 1410 2855 1482 χάριτι
2888 1410 2946 1463 δὲ
2981 1408 3103 1479 θείᾳ
3134 1406 3398 1478 τετύχηκε
3436 1407 3528 1476 τῆς
3555 1407 3691 1476 ζωῆςσ

2177 1504 2353 1566 οὕτως
2398 1504 2571 1575 Ἀδάμ
2602 1506 2633 1558 ό
2663 1503 2988 1576 προπάτωρ,
3018 1501 3149 1565 Θεὸς
3197 1499 3413 1553 ἔσεσθαι
3445 1499 3691 1569 προσδοκή-

2182 1616 2302 1663 σας,
2334 1599 2431 1651 καὶ
2462 1598 2607 1668 μέγα
2649 1598 2695 1629 ⁸⁸
2729 1596 2873 1651 κατὰ
2910 1594 3004 1648 τοῦ
3058 1594 3413 1665 πεποιηκότος
3455 1593 3692 1662 φρονήσας.

2181 1690 2454 1761 παρεδόθη
2489 1690 2588 1760 μὲν
2616 1689 2866 1759 θανάτῳ·
2900 1691 2967 1759 τῇ
3000 1688 3058 1742 δὲ
3087 1687 3209 1758 θείᾳ
3243 1684 3597 1756 φιλανθρωπίᾳ
3620 1684 3694 1753 τῆς

2108 1781 2150 1834 Β
2178 1782 2528 1846 ἀναστάσεως
2557 1781 2769 1852 ἔτυχεν.

2250 1895 2316 1969 β’.
2349 1917 2367 1948 ι
2404 1895 2639 1967 Ὑψώσω
2667 1912 2748 1962 σε,
2782 1896 2978 1969 Κύριε,
3003 1895 3085 1949 ὅτι
3114 1891 3385 1956 ὑπέλαϐές
3413 1907 3501 1963 με·
3529 1891 3694 1944 καὶούκ

2179 1989 2454 2062 εὔφρανας
2487 1990 2616 2054 τοὺς
2659 1988 2887 2060 ἐχθρούς
2925 2006 3028 2060 μου
3067 1987 3155 2041 ἐπ’
3192 1986 3320 2056 ἐμέ.
3364 2004 3384 2037 ι
3427 1982 3597 2039 Λαϐὼν
3618 1987 3695 2053 γὰρ

2175 2072 2278 2156 τὴν
2309 2083 2588 2156 ἡμετέραν
2622 2082 2878 2154 ἀπαρχὴν
2905 2082 2935 2135 ό
2961 2080 3265 2148 Δεσπότης,
3291 2080 3465 2132 πᾶσαν
3490 2077 3549 2130 δι’
3570 2077 3697 2143 αὐτῆς

2178 2178 2279 2249 τὴν
2312 2176 2475 2246 φύσιν
2508 2176 2609 2245 τῆς
2640 2177 2917 2247 σωτηρίας
2958 2173 3183 2245 ἠξίωσε,
3212 2172 3312 2226 καὶ
3340 2170 3603 2241 ἐπίχαρτον
3630 2187 3698 2234 γει

2178 2264 2367 2319 νέσθαι
2412 2267 2525 2329 τοῖς
2571 2263 2787 2335 ἐχθροῖς
2835 2264 2930 2319 καὶ
2977 2262 3265 2334 πολεμίοις
3314 2260 3415 2314 οὐκ
3446 2260 3579 2313 είασε
3613 2258 3697 2312 δαίο

2184 2372 2360 2427 μοσιν.

2249 2476 2322 2537 γ’,
2353 2468 2418 2523 δ’.
2463 2487 2481 2520 ι
2529 2468 2702 2540 Κύριε
2750 2471 2779 2523 ό
2824 2468 2958 2533 Θεός
3008 2486 3132 2540 μου,
3180 2466 3456 2541 ἐκέκραξα
3493 2466 3608 2539 πρὸς
3638 2467 3695 2529 σὲ,

2181 2562 2277 2615 καλ⁵
2324 2561 2461 2615 ίάσω
2500 2578 2591 2630 με.
2640 2560 2836 2626 Κύριε,
2864 2562 3143 2632 ἀνήγαγες
3172 2560 3235 2626 ἐξ
3276 2560 3407 2632 ᾅδου
3450 2558 3540 2630 τὴν
3564 2558 3697 2627 ψυχήν

2184 2668 2319 2723 μου’
2351 2652 2565 2715 έσωσάς
2608 2669 2676 2723 με
2716 2653 2829 2707 ἀπὸ
2873 2653 2983 2706 τῶν
3031 2651 3475 2707 καταϐαινόντων
3507 2651 3574 2713 εἰς
3604 2649 3698 2703 λάκο

2180 2761 2299 2798 κον.
2330 2762 2349 2797 ι
2370 2742 2556 2797 Ταῦτα
2582 2744 2686 2814 τῆς
2710 2743 3060 2816 ἀνθρωπίνης
3084 2743 3305 2814 φύσεως
3333 2742 3652 2814 διηγουμένης
3665 2741 3696 2770 ιι

2180 2837 2451 2908 ἀκούομεν
2470 2853 2484 2867 ο
2512 2838 2575 2891 τὸ
2606 2837 2812 2910 μέντοι,
2845 2855 2863 2888 ι
2901 2835 3206 2915 ξΕκέκραξα
3220 2836 3363 2906 πρὸς
3390 2834 3465 2898 σὲ,
3495 2833 3575 2887 καὶ
3601 2834 3697 2885 ἰάσω

2184 2946 2254 3001 με
2293 2930 2359 2997 ⁸⁷.
2391 2929 2468 3001 τῷ
2498 2931 2597 3002 μὲν
2634 2930 2855 3000 Ἐζεκίᾳ
2886 2930 3152 3002 ἁρμόττει
3177 2930 3323 2984 κατὰ
3349 2930 3439 2983 τὸν
3470 2928 3699 2998 πρόχειρον

2183 3022 2327 3087 νοῦν,
2360 3026 2428 3095 τῇ
2471 3023 2527 3076 δὲ
2562 3023 2882 3095 ἀνθρωπεία
2913 3022 2958 3055 ⁸⁸
2992 3023 3153 3092 φύσει
3194 3023 3296 3076 οὐκ
3344 3021 3443 3075 ἐτι.
3477 3021 3594 3073 Οὔτε
3619 3017 3699 3087 γὰρ

2182 3115 2321 3187 αὕτη
2370 3116 2414 3149 δ’
2464 3115 2556 3169 τὸν
2605 3116 2741 3170 Θεὸν
2795 3117 3074 3178 ἱκέτευσε,
3129 3116 3226 3168 καὶ
3269 3115 3378 3184 τῆς
3421 3112 3601 3184 φθορᾶς
3627 3110 3699 3180 τὴν

2181 3204 2497 3275 ἐλευθερίαν
2542 3204 2813 3277 ἐζήτησεν
2861 3206 2946 3238 ⁵⁰ο
2985 3206 3241 3276 ὀδυρμοῖς
3293 3204 3351 3259 δέ
3398 3206 3485 3257 καὶ
3526 3203 3699 3271 ὀλοφυρ-

2182 3298 2305 3367 μοῖς
2333 3296 2379 3328 ⁸¹
2424 3297 2678 3369 χρωμένη
2725 3297 2971 3362 διετέλει,
3003 3297 3097 3351 τὸν
3144 3298 3243 3370 μὲν
3274 3297 3503 3352 θάνατον
3542 3294 3698 3367 ὁρῶσαν

2179 3389 2279 3457 τὴν
2303 3388 2361 3441 δὲ
2393 3388 2691 3443 ἀνάστασιν
2714 3389 2776 3445 οὐ
2804 3389 3209 3462 προσμένουσα.
3232 3390 3319 3443 Τά
3345 3389 3543 3455 δάκρυα
3562 3386 3698 3440 τοίνυν

2181 3479 2276 3534 καὶ
2316 3481 2443 3545 τοὺς
2488 3482 2778 3553 ὀδυρμοὺς,
2826 3483 2953 3547 τοὺς
2987 3482 3081 3536 ἐπὶ
3127 3486 3239 3548 τοῖς
3272 3480 3595 3555 ἀρρωστοῦσι
3630 3478 3697 3531 καὶ

2179 3569 2470 3624 τελευτῶσι
2519 3571 2876 3642 γιγνομένους
2898 3613 2914 3637 ,
2954 3571 3203 3626 τέθεικεν
3248 3572 3376 3627 ἀντὶ
3428 3569 3695 3641 προσευχῆς.

2184 3663 2280 3734 τὴν
2309 3663 2514 3733 ἄφατον
2543 3665 2637 3718 τοῦ
2666 3664 2803 3720 Θεοῦ
2831 3665 3244 3738 φιλανθρωπίαν
3286 3668 3517 3731 δεικνὺς,
3546 3665 3612 3718 δτι
3634 3664 3699 3716 καί

2181 3769 2263 3806 τοι
2297 3753 2372 3823 μὴ
2419 3753 2778 3825 καλούμενος,
2812 3756 2929 3810 ἀλλ’
2956 3755 3101 3825 δρῶν
3137 3757 3301 3827 μόνον
3342 3757 3466 3819 τοὺς
3500 3756 3695 3826 θρήνους.

2182 3847 2415 3919 ᾧκτειρε
2464 3847 2535 3901 τά
2585 3849 2849 3919 γινόμενα
2897 3849 2966 3914 ⁸²,
3018 3850 3112 3904 καὶ
3163 3851 3254 3903 τὸν
3302 3850 3525 3905 θάνατον
3564 3848 3695 3901 ἔλυσε.

2182 3937 2480 3993 Κάνταῦθα
2508 3937 2622 4010 γὰρ
2656 3938 2820 3993 πάλιν
2856 3939 2905 3973 ³³
2932 3941 3170 3995 λάκκον
3191 3940 3286 3994 τὸν
3316 3941 3538 3996 θάνατον
3572 3952 3696 4009 1:906-

2182 4032 2472 4104 ηγόρευσε.

2254 4152 2317 4213 ε’,
2364 4151 2439 4211 ς’.
2488 4165 2507 4198 ι
2551 4147 2775 4201 Ψάλατε
2820 4147 2900 4219 τῷ
2935 4147 3126 4218 Κυρίῳ
3166 4148 3216 4201 οί
3250 4148 3389 4202 ὅσιοι
3433 4145 3600 4211 αὑτοῦ,
3632 4144 3697 4198 καὶ

2184 4236 2595 4308 ἐξομολογεῖσθε
2643 4241 2709 4311 τῇ
2763 4239 2956 4310 μνήμῃ
2993 4238 3041 4271 ³⁸
3071 4240 3173 4310 τῆς
3216 4239 3520 4309 ἁγιωσύνης
3558 4234 3694 4292 αὐτοῦ.

2183 4328 2307 4382 Ὀτι
2337 4328 2475 4401 ὀργὴ
2507 4331 2553 4362 ⁸⁵
2581 4330 2640 4384 ἐν
2682 4330 2761 4402 τῷ
2789 4331 2945 4402 θυμῷ
2971 4331 3141 4385 αὑτοῦ
3160 4346 3175 4361 ο
3208 4332 3302 4385 καὶ
3327 4331 3442 4404 ζωὴ
3483 4333 3537 4384 ἐν
3558 4328 3621 4399 τῷ
3638 4328 3697 4379 θε-

2181 4419 2385 4491 λήματι
2413 4420 2605 4476 αὑτοῦ.
2644 4441 2664 4475 ›
2700 4424 2943 4487 Εἰκότως
2972 4424 3019 4456 ⁵⁸
3043 4426 3153 4488 τοῖς
3179 4424 3348 4489 όσίοις
3381 4424 3616 4493 ἀπονέμει
3634 4420 3695 4471 τὸν

505 4512 780 4581 Quoniam
819 4512 967 4567 enim
999 4512 1256 4568 omnibus
1284 4512 1602 4569 hominibus
1637 4513 1955 4585 resurgendi
1989 4512 2075 4567 do-

2187 4514 2379 4585 ὕμνον,
2408 4514 2503 4568 καὶ⁸
2532 4514 2630 4587 τὴν
2673 4515 2964 4587 ὁμολογίαν
2994 4517 3093 4587 τῆς
3130 4517 3352 4588 χάριτος
3371 4532 3387 4547 ο
3428 4514 3595 4584 ἐπειδὴ
3621 4512 3695 4580 rip

508 4618 640 4659 num
690 4603 921 4675 largitus
967 4610 1071 4665 est,
1114 4617 1303 4657 verum
1359 4620 1468 4659 non
1515 4618 1708 4660 omnes
1756 4604 1860 4659 hac
1910 4602 2081 4674 gratia

507 4695 657 4766 digni
713 4704 865 4760 sunt,
900 4701 1263 4764 congruenter
1303 4695 1409 4751 hoc
1446 4696 1710 4752 beneﬁcio
1748 4696 1943 4767 dignos
1986 4709 2080 4750 ca-

506 4786 701 4844 nendis
752 4785 970 4859 hymnis
1006 4793 1312 4843 consecrat.
1365 4786 1539 4844 Porro
1599 4804 1762 4859 quam
1816 4788 2078 4860 optimam

508 4877 672 4933 aliam
741 4877 1063 4934 divisionem
1130 4875 1281 4934 fecit.
1330 4878 1472 4934 Iram
1518 4881 1665 4936 enim
1721 4879 2078 4951 indignationi

581 5042 610 5071 ι
632 5031 675 5088 ll
704 5030 885 5089 Paral.
914 5048 1091 5100 χχχιι,
1112 5031 1204 5086 25.

2186 4604 2392 4659 ἅπασιν
2417 4604 2725 4678 ἀνθρώποις
2762 4606 2931 4661 ἔδωκε
2962 4608 3022 4660 τὸ
3050 4608 3153 4678 τῆς
3189 4609 3525 4669 ἀναστάσεως
3550 4605 3693 4675 δῶρθνν

2185 4698 2246 4750 οὐ
2276 4698 2479 4762 πάντες
2499 4699 2557 4752 δὲ
2586 4700 2685 4769 τῆς
2707 4699 2928 4770 χάριτος
2953 4699 3114 4766 ἄξιοι,
3140 4700 3413 4772 ἁρμοδίως
3432 4701 3547 4761 τοὺς
3562 4695 3695 4761 ἀξίους

2186 4790 2267 4853 εἰς
2297 4790 2425 4854 τοὺς
2477 4791 2677 4861 ὕμνους
2725 4792 2963 4861 ἀφιεροῖ.
3012 4793 3268 4865 Ἀρίστην
3315 4794 3374 4848 δὲ
3417 4790 3588 4863 κομιδῆ
3626 4804 3695 4840 περ

2187 4883 2410 4954 ποίηται
2461 4886 2557 4937 καὶ
2600 4885 2701 4955 τὴν
2743 4885 2913 4957 ἀλλην
2946 4886 3251 4957 διαίρεσιν·
3296 4888 3398 4960 τὴν
3439 4887 3536 4957 γὰρ
3571 4880 3695 4953 ὀργὴν

1639 5191 1873 5249 ῩΑΒΙᾹΕ
1915 5191 2299 5254 LECTIONES
2335 5197 2424 5252 ET
2463 5197 2694 5257 NOTAE.

578 5349 623 5382 ⁸³
665 5347 755 5427 Τῷ
786 5348 937 5427 θβῷξ
956 5349 1016 5427 .19
1045 5348 1166 5405 cod.
1199 5350 1253 5427 ﬁ
1280 5349 1502 5427 ponitur
1528 5354 1965 5427 post‘pgyzgmv.
2041 5354 2075 5385 ιι

2183 5356 2293 5412 ιτά.
2330 5355 2455 5415 cod.
2489 5359 2516 5413 1
2550 5373 2740 5427 praem.

2775 5363 2920 5435 μέν.
2973 5364 3020 5397 ⁵⁸
3052 5361 3302 5435 Ὠσπερ.
3331 5366 3444 5424 cod.
3467 5365 3515 5418 2.
3548 5363 3686 5430 alti?-

510 5418 557 5450 δ”
581 5420 704 5476 cod.
734 5420 761 5474 1
796 5419 1121 5484 εἰσεδέξατο.
1197 5419 1242 5453 ⁸⁸
1277 5418 1401 5477 cod.
1438 5420 1465 5474 1
1524 5418 1770 5491 μεγάλα,
1831 5426 1876 5457 ⁸⁸
1899 5418 2075 5494 ’Διηγο

511 5491 559 5523 ιθ
578 5490 678 5523 nm!
718 5489 740 5523 Ι
769 5490 1081 5523 ιι..Αη,....-Ιι.η
1181 5488 1226 5523 ts
1260 5491 1359 5523 ιιηΑ
1414 5492 1432 5523 Α
1498 5493 1530 5523 σι
1554 5493 1687 5523 ...’.-.ι.
1787 5496 1834 5523 lu
1864 5496 2070 5523 vnn.-.“

2183 5428 2338 5523 ἔντυε
2374 5418 2746 5523 etesias“
2775 5418 2844 5523 ’¹.-.
2983 5418 3150 5523 ἰιξέέ
3172 5418 3271 5523 μετ
3305 5418 3461 5521 ςόἑιῖι
3496 5418 3686 5523 ῐάεῖομέξ-

578 5489 1133 5579 φέέέᾴνθρωτξὲνξῖς.
1259 5491 1383 5579 cor.-
1414 5492 1468 5579 L.
1498 5488 1749 5579 iam-
1787 5488 2074 5579 "3mm

2183 5515 2206 5550 ι.
2240 5488 2364 5579 dog.
2390 5499 2414 5552 ι
2442 5498 2724 5579 ἐξῄτησεν.
2804 5488 3081 5579 f‘chfl,
3106 5488 3469 5579 $613.55.}...
3500 5488 3505 5489 θ
3533 5505 3571 5538 ιι
3593 5488 3683 5555 cod.

508 5562 549 5641 Ξ
566 5560 887 5641 γιγνόμενα.
977 5561 1023 5593 ⁸³
1044 5560 1261 5616 Πάλιν.
1304 5563 1475 5641 Abest
1500 5579 1530 5617 a
1559 5560 1687 5641 cod.
1715 5565 1769 5618 2.
1844 5565 2019 5641 f”_cod
2040 5567 2075 5641 f2

2183 5584 2201 5617 ν
2231 5570 2479 5639 μνήμην.

2579 5570 2852 5644 ⁵³,Ὂργ1λ
2919 5576 2996 5630 Ita
3039 5578 3153 5632 fere
3206 5570 3394 5634 omnes
3430 5579 3687 5644 interpretes

509 5631 681 5685 Graeci
716 5644 900 5687 vocem
941 5643 1050 5721 ys?
1088 5635 1506 5699 transtulerunt,
1529 5635 1670 5688 unde
1708 5638 1946 5706 suspicio
1971 5631 2167 5699 oritur,
2203 5631 2297 5692 eos
2330 5631 2533 5710 legisse
2568 5633 2685 5721 13:1.
2713 5631 2991 5713 aptiorem
3024 5631 3255 5705 sensum,
3276 5631 3524 5720 eirp'rerssit
3547 5631 3686 5698 Hiero-

512 5750 727 5805 nymus,
757 5740 851 5807 qui
898 5740 1084 5807 vertit,
1118 5740 1186 5794 ad
1206 5753 1526 5797 momentum
1551 5752 1626 5797 est
1666 5745 1748 5798 ira
1790 5755 1904 5798 tua.
1936 5770 1947 5779 -
1979 5743 2027 5775 ⁵³
2048 5744 2075 5796 ί

2183 5743 2311 5813 ira);
2336 5776 2403 5787 —-
2434 5712 2686 5820 ἁφιεγζοῖ.
2730 5751 2859 5809 Des.
2899 5755 3039 5822 apud
3069 5756 3235 5814 Cord.
3264 5772 3317 5813 ι).
3350 5755 3463 5813 505.
