3842 6516
467 397 606 464 1075

1469 395 1956 459 THEODORETI
1984 391 2328 456 EPISCOPI
2360 389 2727 453 CYRENSIS

3583 383 3704 449 10Ίῦ

537 515 701 569 Vens.
743 516 798 581 9,
836 515 918 569 10.
968 533 985 566 ι
1029 513 1200 578 Adte,
1257 514 1502 580 Domine,
1539 517 1808 579 clamabo,
1865 524 1919 569 et
1969 515 2032 567 ad

2205 509 2271 574 θ’,
2309 515 2358 561 ι’.
2407 528 2425 558 ε
2473 508 2616 578 Πρὸς
2664 506 2744 570 σὲ,
2795 502 2991 572 Κύριε,
3032 499 3391 571 κεκράξομαι,
3440 500 3537 553 καὶ
3582 505 3706 570 πρὸς

461 601 628 657 Deum
677 620 854 658 meum
893 606 1177 673 precabor.
1231 605 1361 672 Qua
1415 606 1620 659 utilitas
1654 606 1717 666 ,in
1767 606 2034 674 sanguine

460 709 612 757 meo,
674 695 719 749 si
785 695 1057 750 descendo
1133 698 1186 750 in
1267 699 1716 767 corruptionem?
1775 696 2032 765 Nunquid

462 785 809 840 conlitebitur
847 788 941 840 tibi
979 788 1178 857 pulvis,
1217 798 1312 844 aut
1355 789 1704 844 annuntiabit
1748 788 2032 844 veritatem

461 876 654 929 tuam?
690 896 709 930 ι
769 877 834 930 Et
884 879 969 933 his
1017 895 1236 948 quoque
1291 881 1474 935 verbis
1525 881 1719 935 beatus
1772 881 2033 934 Ezechias

465 983 598 1024 usus
626 979 731 1033 est,
775 980 835 1024 ut
864 982 1095 1039 quartus
1132 973 1268 1026 liber
1304 971 1511 1042 Regum
1552 988 1650 1027 nos
1683 973 1863 1041 docet,
1891 974 2033 1028 divi-

461 1060 628 1129 nique
671 1062 826 1116 lsaia
872 1063 1156 1133 prophetia
1198 1081 1210 1117 :
1248 1074 1305 1118 et
1351 1065 1590 1119 humana
1643 1066 1770 1120 item
1821 1076 2031 1132 natura,

462 1151 588 1206 licet
622 1167 731 1208 non
785 1157 970 1212 omnis
1025 1156 1306 1220 clamavit,
1361 1167 1537 1210 tamen
1587 1173 1683 1224 per
1713 1166 1934 1214 sanctos
1967 1159 2035 1224 ad

461 1243 632 1297 Deum
681 1246 962 1313 clamavit,
1002 1249 1086 1303 his
1137 1259 1296 1304 utens
1344 1251 1731 1306 sermonibus:
1765 1252 2035 1318 Quoniam

457 1335 666 1403 justum
701 1348 785 1392 est
815 1347 866 1393 te
892 1341 1232 1396 conditorem
1262 1342 1504 1406 laudare,
1537 1353 1591 1398 et
1621 1342 1790 1410 gratis
1824 1359 2037 1398 sermo-

462 1427 626 1481 nibus
667 1430 868 1497 gratias
908 1435 1226 1502 rependere.
1267 1421 1381 1488 lloc
1427 1436 1704 1504 proprium
1737 1444 1821 1491 est
1848 1436 2038 1492 viven-

460 1519 619 1571 tium.
655 1521 761 1588 Qui
791 1524 935 1578 enim
972 1526 1025 1579 in
1062 1527 1341 1595 pulverem
1381 1537 1435 1581 et
1460 1527 1514 1580 iu
1549 1528 1783 1582 cinerem
1814 1531 2036 1585 resoluti

461 1622 610 1673 sunt,
651 1624 706 1670 et
737 1615 979 1672 humano
1005 1634 1170 1688 opere
1207 1621 1476 1685 destituti,
1510 1622 1787 1691 quomodo
1820 1631 1910 1678 tua
1942 1625 2038 1680 be-

462 1703 657 1760 neﬁcia
690 1707 979 1764 decantare
1009 1713 1304 1780 poterunt?

2133 603 2226 656 τὸν
2253 601 2386 654 Θεόν
2424 617 2524 670 μου
2554 599 2906 668 δεηθήσομαι.
2940 592 3037 656 Τίς
3063 593 3299 662 ὠφέλεια
3328 595 3386 645 ἐν
3415 591 3498 662 τῷ
3527 593 3710 663 αἵματί

2135 714 2260 766 μου,
2293 697 2350 748 ὲν
2394 693 2473 764 τῷ
2525 690 2829 760 καταϐῆναί
2858 691 2903 722 τ’
2941 705 3008 757 με
3039 690 3118 750 είς
3144 687 3487 756 διαφθοράνς
3525 686 3599 757 μὴ
3630 689 3709 752 ἐξ-

2133 784 2528 856 ομολογήσεταί
2583 801 2667 837 σοι
2712 781 2873 852 χοῦς,
2907 780 2940 852 ἢ
2986 780 3282 849 ἀναγγελεῖ
3324 778 3428 850 τὴν
3461 778 3710 848 ἀλήθειάν

2137 897 2266 944 σου;
2305 898 2323 931 ι
2368 878 2590 940 Τούτοις
2627 875 2721 928 καὶ
2753 876 2782 927 ὁ
2820 874 3088 944 μακάριος
3150 871 3403 936 Ἐζεκίας
3447 871 3710 941 ἐχρήσατο

2135 974 2248 1034 τοῖς
2279 969 2480 1037 λόγοις,
2509 966 2586 1030 ὡς
2627 965 2723 1018 καὶ
2767 967 2800 1034 ή
2830 965 3066 1034 τετάρτη
3107 964 3218 1017 τῶν
3247 962 3556 1016 Βασιλειῶν
3586 963 3710 1016 ιστο-

2138 1062 2232 1135 ρία
2265 1061 2528 1124 διδάσκει,
2579 1057 2674 1111 καὶ
2703 1055 2798 1109 τοῦ
2841 1056 3119 1109 θειοτάτου
3149 1054 3195 1087 ⁸⁸
3235 1056 3474 1108 Ἡσαΐου
3527 1057 3560 1124 ή
3589 1072 3707 1121 πω·

2138 1150 2372 1221 φητεία·
2406 1149 2502 1202 καὶ
2537 1147 2722 1218 μέντοι
2763 1146 2857 1199 καὶ
2899 1147 2932 1216 ή
2964 1146 3276 1217 ἀνθρωπεία
3315 1145 3515 1216 φύσις,
3551 1145 3596 1197 εί
3630 1149 3709 1198 καὶ

2141 1242 2214 1313 μὴ
2244 1243 2394 1296 πᾶσα
2423 1240 2708 1312 βεϐόηκεν,
2745 1237 2884 1293 ἀλλά
2927 1238 2972 1271 ⁸¹
3005 1238 3093 1293 διὰ
3121 1238 3232 1291 τῶν
3269 1239 3452 1307 ἁγίων
3497 1235 3708 1307 βεϐόηγε

2137 1334 2276 1402 πρὸς
2309 1333 2399 1388 τὸν
2427 1331 2581 1396 Θεὸν,
2611 1329 2824 1395 τούτοις
2874 1329 3194 1400 κεχρημένη
3234 1332 3347 1393 τοῖς
3403 1328 3615 1396 λόγοις,
3641 1330 3711 1381 ὅτι

2137 1428 2355 1479 Δίκαιον
2380 1424 2568 1494 ὑμνεῖν
2603 1439 2664 1475 σε
2706 1421 2798 1475 τὸν
2829 1421 3080 1493 ποιητὴν,
3100 1423 3194 1474 καὶ
3221 1421 3399 1490 λόγοις
3443 1418 3711 1488 εὐγνώμο-

2140 1535 2224 1571 σιν
2245 1514 2571 1587 ἀμείϐεσθαί
2596 1530 2691 1568 σου
2712 1513 2812 1577 τὰς
2833 1513 3082 1584 χάριτας.
3114 1512 3284 1566 Τοῦτο
3309 1512 3542 1578 ζώντων
3564 1511 3681 1564 ἴδιον
3697 1529 3711 1543 ο

2137 1608 2188 1662 οἱ
2233 1606 2343 1678 γὰρ
2377 1606 2459 1668 είς
2503 1604 2632 1675 χοῦν
2665 1605 2759 1659 καὶ
2799 1603 2951 1657 κόνιν
2983 1603 3347 1674 διαλυόμενοι,
3379 1603 3486 1654 καὶ
3525 1603 3586 1654 τὸ
3625 1618 3714 1653 σω-

2143 1699 2371 1770 ματικὸν
2399 1696 2557 1769 ἔργον
2591 1697 2634 1729 ⁸⁸
2656 1695 3046 1762 ἀπολέσαντες,
3079 1695 3196 1758 πῶς
3220 1696 3283 1749 ἂν
3311 1693 3601 1765 δυνηθεῖεν
3629 1698 3714 1757 τὰς

2143 1794 2240 1857 σὰς
2273 1793 2420 1864 ᾄδειν
2449 1791 2804 1862 εὐεργεσίας,

539 1887 700 1942 Vnus.
747 1891 931 1945 Η-Ιὸ.
975 1911 993 1942 ι
1033 1892 1254 1948 Audivit
1307 1893 1600 1958 Dominus,
1660 1905 1714 1951 et
1773 1897 2029 1952 misertus

2215 1893 2399 1954 ια’-ιγ’.
2442 1906 2461 1938 ι
2510 1873 2752 1939 Ἤκουσε
2803 1883 3028 1955 Κύριος,
3065 1883 3160 1936 καὶ
3185 1881 3382 1952 ἠλέησέ
3412 1879 3468 1913 ⁸³
3498 1897 3591 1950 με,
3623 1879 3716 1931 K5-

463 1991 547 2033 est
581 1982 709 2041 luci,
767 1982 1034 2039 Dominus
1089 1984 1266 2040 factus
1315 1997 1398 2041 est
1435 1988 1652 2057 adjutor
1691 2005 1866 2044 meus.
1901 1989 2038 2045 Con-

462 2073 675 2127 vertisti
707 2074 984 2142 planctum
1034 2091 1214 2130 meum
1250 2078 1304 2129 in
1338 2079 1594 2147 gaudium
1630 2081 1784 2145 mihi,
1823 2083 2038 2138 consci-

461 2165 591 2220 disti
626 2181 846 2222 saccum
893 2183 1100 2235 meum,
1142 2179 1197 2223 et
1247 2171 1658 2226 circumdedisti
1699 2188 1786 2228 me
1829 2174 2038 2230 latitia.

462 2255 535 2312 Ut
565 2268 751 2314 cantet
799 2261 893 2316 tibi
946 2263 1117 2332 gloria
1158 2279 1298 2331 mea,
1352 2271 1406 2320 et
1450 2283 1560 2322 non
1609 2283 1969 2341 compungar.
2014 2290 2034 2324 ι

459 2349 528 2404 Et
562 2352 825 2410 Ezechias
855 2371 1016 2410 sacco
1047 2356 1292 2424 indutus,
1339 2370 1534 2415 contra
1562 2361 1820 2434 Assyrios
1851 2379 2041 2433 preces

461 2445 575 2501 Deo
604 2449 825 2523 obtulit,
867 2458 924 2504 et
951 2450 1190 2505 humana
1234 2462 1430 2508 natura
1474 2454 1723 2510 habitum
1754 2455 2038 2528 lugubrem

460 2537 661 2595 induit.
709 2540 787 2596 Ac
838 2557 986 2596 nunc
1032 2543 1196 2598 etiam
1252 2545 1405 2600 stulti
1457 2546 1706 2616 quidam,
1742 2565 1868 2604 cum
1901 2566 2042 2605 mor-

459 2641 587 2689 tuos
625 2633 937 2703 deplorant,
970 2636 1127 2707 791
1171 2651 1225 2692 et
1268 2639 1320 2692 in
1357 2653 1519 2694 sacco
1565 2641 1792 2711 turpiter
1829 2644 2040 2706 sedent,

458 2726 760 2795 prophetia
808 2729 971 2782 verba
1025 2730 1216 2786 audire
1264 2734 1479 2799 nolunt,
1540 2750 1664 2804 qua
1706 2745 1894 2806 aperte
1934 2737 2045 2792 cla-

460 2828 614 2872 mant
647 2837 660 2873 :
700 2838 718 2870 ‹
758 2818 1091 2887 Conscidisti
1123 2839 1344 2879 saccum
1389 2841 1594 2892 meum,
1638 2837 1692 2882 et
1737 2828 2046 2884 circumde-

460 2912 586 2968 disti
645 2930 734 2968 me
782 2914 989 2983 latitia,
1046 2925 1102 2972 et
1141 2920 1458 2975 convertisti
1512 2920 1718 2977 luctum
1761 2938 1942 2977 meum
1988 2923 2042 2977 in

461 3005 720 3076 gaudium
775 3007 932 3063 mihi.
983 3028 1002 3060 ι
1075 3007 1210 3064 Nam
1268 3013 1729 3082 quemadmodum
1785 3011 2046 3070 Ezechias

461 3113 586 3152 cum
620 3099 934 3168 quindecim
973 3115 1242 3156 annorum
1277 3103 1699 3172 promissionem
1728 3105 2043 3175 accepisset,

2142 1998 2254 2052 ριος
2277 1980 2509 2050 ἐγενήθη
2534 1977 2727 2048 βοηθός
2750 1994 2872 2049 μου.
2906 1975 3213 2047 Ἕστρεψας
3243 1974 3334 2027 τὸν
3363 1973 3603 2026 κοπετόν
3627 1989 3712 2041 μου

2138 2073 2218 2136 είς
2244 2070 2419 2142 χαρὰν
2449 2069 2592 2140 ἐμοί.
2627 2067 2928 2140 Διέρῤηξας
2969 2067 3061 2120 τὸν
3097 2066 3297 2120 σάκκον
3343 2081 3476 2134 μου,
3511 2064 3604 2115 καὶ
3628 2080 3711 2113 πε-

2142 2163 2406 2236 ριέζωσάς
2435 2177 2504 2231 με
2537 2158 2898 2230 εὐφροσύνην.
2931 2157 3124 2220 Ὅπως
3153 2156 3218 2209 ἂν
3245 2155 3393 2228 ψάλῃ
3421 2171 3524 2219 ,σοι
3553 2153 3716 2222 ﬂag:

2143 2273 2266 2328 μου,
2298 2254 2391 2308 καὶ
2421 2253 2483 2306 οὐ
2519 2251 2594 2323 μὴ
2626 2248 2923 2318 κατανυγῶ
2965 2248 3033 2303 ⁸⁸.
3088 2268 3106 2300 ι
3141 2248 3252 2301 Καὶ
3293 2245 3561 2309 Ἐζεκίας
3594 2246 3714 2298 σάκ-

2095 2379 2098 2388 ι
2141 2366 2236 2403 κον
2286 2344 2738 2418 περιζωσάμενος
2771 2342 3113 2413 προσήνεγκε
3145 2339 3224 2410 τῷ
3274 2337 3396 2408 Θεῷ
3442 2339 3553 2408 τήν
3590 2339 3715 2390 κατὰ

2139 2445 2250 2498 τῶν
2295 2439 2598 2511 Ἀσσυρίων
2636 2437 2831 2508 εύχήψ
2876 2437 2971 2488 καὶ
3020 2436 3053 2506 ή
3103 2432 3425 2503 ἀνθρωπεία
3466 2429 3629 2501 φύσις
3665 2432 3716 2480 τὸ

2143 2536 2406 2607 πένθιμον
2452 2530 2846 2603 περιεϐέϐλητο
2876 2531 3083 2599 σχῆμα.
3125 2527 3235 2580 Καὶ
3269 2526 3365 2580 νῦν
3403 2523 3457 2578 ει
3497 2522 3559 2577 δέ
3588 2541 3716 2581 τινες

2141 2631 2250 2684 τῶν
2300 2629 2581 2698 ἀνοήτων,
2621 2623 2747 2687 τοὺς
2795 2621 3130 2691 τεθνηκότας
3166 2618 3593 2689 ὀλοφυρόμενοι,
3637 2615 3717 2666 ἐπὶ

2152 2723 2359 2778 σάκκου
2392 2719 2693 2790 καθήμενοι
2745 2714 2950 2780 κακῶς,
2983 2713 3092 2766 τῶν
3139 2713 3508 2784 προφητικῶν
3549 2708 3716 2777 ῥημά-

2143 2837 2252 2874 των
2312 2815 2525 2870 ἐπαΐειν
2580 2813 2682 2864 οὺκ
2743 2807 3024 2871 ἐθέλουσι,
3086 2803 3384 2876 διαρρήδην
3442 2801 3714 2872 βοώντων·

2151 2931 2169 2964 ι
2211 2906 2514 2982 Διέρῤηξας
2557 2903 2650 2956 τὸν
2690 2900 2895 2954 σάκκον
2947 2915 3081 2968 μου,
3134 2897 3231 2950 καὶ
3267 2891 3615 2966 περιέζωσάς
3658 2908 3718 2962 με

2147 2998 2510 3072 εὐφροσύνην,
2544 2993 2642 3047 καὶ
2671 2989 2939 3063 ἐστρεψας
2972 2987 3064 3041 τὸν
3095 2985 3326 3040 κοπετόν
3365 3001 3475 3055 μου
3513 2985 3592 3047 εἰς
3628 3001 3720 3052 χαι

2150 3092 2250 3164 ράν
2276 3089 2420 3160 ἐμοί.
2460 3106 2479 3138 ι
2515 3083 2786 3154 Καθάπερ
2806 3081 2918 3153 γάρ
2941 3083 2970 3134 ό
3007 3078 3260 3144 Ἐζεκίας
3284 3076 3394 3130 τῶν
3435 3073 3720 3128 πεντεκαί-

464 3193 640 3247 multo
674 3194 872 3264 gaudio
922 3195 1180 3265 impletus
1218 3206 1300 3251 est
1331 3213 1344 3249 :
1379 3197 1460 3252 sic
1505 3211 1608 3252 nos
1674 3211 1891 3264 aquum
1937 3207 2042 3264 est,

2147 3189 2280 3242 δεκα
2312 3180 2576 3237 ὲνιαυτῶν
2607 3181 2654 3212 ⁸⁸
2683 3178 2784 3247 τὴν
2829 3175 3166 3243 ἐπαγγελίαν
3207 3173 3506 3242 δεξάμενος
3531 3171 3722 3240 εὐφρο-

464 3286 558 3355 qui
602 3286 1026 3343 resurreCtionis
1083 3303 1236 3358 spem
1280 3288 1614 3358 accepimus,
1649 3299 1894 3344 mortuos
1932 3306 2041 3344 non

465 3379 672 3447 lugere,
716 3378 809 3432 sed
852 3377 1000 3431 illam
1039 3392 1168 3433 cum
1202 3377 1391 3432 latitia
1425 3387 1767 3448 exspectare.
1800 3377 1916 3434 Hoc
1947 3395 2046 3434 au-

467 3481 574 3526 tem
619 3490 631 3525 :
684 3491 702 3523 ι
747 3469 816 3526 Ut
853 3479 1032 3527 cantet
1063 3471 1157 3526 tibi
1189 3471 1358 3541 gloria
1387 3487 1531 3537 mea,
1560 3481 1752 3538 etnon
1780 3487 2046 3544 compun-

466 3581 583 3636 gar.
622 3585 640 3617 ι
676 3568 690 3586 ‘
722 3565 1086 3637 Symmachus
1126 3565 1207 3621 sic
1237 3565 1624 3636 interpretatus
1654 3575 1735 3621 est
1767 3585 1781 3621 :
1822 3565 1889 3620 Ut
1919 3583 2047 3620 can-

467 3665 538 3712 tet
568 3667 615 3711 te
647 3657 841 3728 gloria,
891 3666 942 3711 et
988 3674 1095 3713 non
1149 3667 1354 3723 taceat;
1395 3659 1554 3728 quasi
1581 3658 1729 3714 dicat
1764 3675 1778 3711 :
1818 3656 1901 3713 Ob
1943 3661 2046 3714 hoc

465 3749 792 3805 beneﬁcium
825 3749 980 3804 decet
1011 3749 1276 3805 continuo
1309 3759 1360 3804 te
1403 3750 1696 3806 decantare
1726 3758 1780 3805 et
1819 3750 2046 3806 laudare

464 3856 562 3896 eos
586 3842 679 3911 qui
709 3841 870 3895 talem
908 3841 1139 3911 gloriam
1171 3841 1455 3896 consecuti
1485 3849 1635 3905 sunt,
1665 3849 1720 3895 et
1761 3855 2046 3911 nunquam

466 3928 722 3982 reticere.
795 3929 1164 3998 Compuuctio
1241 3937 1390 3984 certe
1459 3929 1735 3986 silentium
1813 3931 2044 3986 inducit.

469 4018 825 4089 Septuaginta
869 4019 1054 4089 igitur,
1093 4036 1192 4090 pro
1217 4020 1427 4074 silentio
1457 4022 1914 4090 compunctionem
1947 4037 2047 4093 po-

471 4123 723 4168 suerunt.
762 4113 1026 4170 Ezechias
1057 4115 1279 4185 quidem
1320 4116 1550 4186 gloriam
1580 4124 1912 4172 consecutus
1939 4127 2047 4184 est,

470 4223 593 4263 cum
633 4212 755 4277 ejus
796 4223 963 4262 causa
1008 4217 1085 4262 tot
1126 4207 1296 4262 millia
1326 4207 1539 4280 plagam
1575 4222 1607 4262 a
1644 4207 1757 4272 Deo
1787 4208 2048 4266 inllictam

470 4297 852 4363 sustinuerint,
895 4308 1060 4367 atque
1084 4298 1247 4352 etiam
1289 4314 1412 4352 cum
1462 4299 1542 4352 sol
1586 4311 1922 4370 prapostero
1960 4317 2051 4356 or-

471 4393 601 4445 dine
649 4390 1001 4446 cucurrerit:
1044 4405 1144 4444 nos
1201 4399 1383 4444 autem
1443 4391 1742 4446 admodum
1795 4407 2049 4464 magnam

471 4488 676 4544 latitia
712 4501 935 4542 causam
965 4485 1251 4552 habemus,
1289 4501 1413 4541 cum
1450 4487 1610 4542 talem
1647 4485 1738 4542 Dei
1768 4488 2054 4546 universo-

2152 3281 2319 3349 σύνης
2356 3265 2664 3344 ἐνεπλήσθη
2699 3268 2925 3340 πολλῆς,
2957 3267 3101 3321 οὕτω
3141 3267 3352 3320 δίκαιον
3379 3267 3532 3336 ἡμᾶς
3557 3262 3604 3294 ⁸⁷
3630 3262 3719 3332 τὴν

2151 3370 2343 3425 ἐλπίδα
2370 3363 2698 3434 δεξαμένους
2724 3361 2825 3430 τῆς
2846 3357 3221 3420 ἀναστάσεως,
3251 3357 3326 3427 μὴ
3359 3353 3584 3425 θρηνεῖν
3607 3353 3724 3415 τοὺς

2150 3457 2519 3520 τελευτῶντας
2548 3455 2616 3522 ⁸⁸,
2647 3451 2763 3506 ἀλλ’
2793 3451 3009 3520 ἐκείνην
3043 3449 3160 3519 μετ’
3188 3447 3454 3518 εὐθυμίας
3482 3447 3528 3478 ⁸⁸
3561 3461 3719 3517 προσ-

2157 3556 2361 3627 μένειν.
2397 3551 2470 3604 Τὸ
2493 3549 2573 3613 δὲ,
2611 3567 2629 3599 ‹
2664 3546 2857 3606 Ὅπως
2881 3545 2948 3598 ἂν
2972 3543 3118 3614 eam
3150 3559 3232 3596 σοι
3259 3544 3294 3612 ἡ
3323 3542 3453 3608 δόξα
3485 3558 3607 3610 μου,
3636 3540 3720 3591 καὶ

2152 3649 2212 3704 οὐ
2258 3645 2334 3718 μὴ
2364 3640 2676 3708 κατανυγῶ,
2718 3657 2736 3689 ι
2769 3639 2797 3691 ὀ
2829 3635 3126 3706 Σύμμαχος
3149 3631 3323 3694 οὕτως
3351 3631 3716 3702 ήρμήνευσενο

2155 3740 2280 3792 Ἵνα
2323 3733 2440 3803 ᾅδῃ
2487 3746 2562 3785 σε
2607 3728 2785 3793 δόξα,
2831 3725 2928 3780 καὶ
2976 3726 3050 3778 οὐ
3084 3724 3134 3803 ’ξ
3163 3721 3253 3793 μὴ
3290 3720 3715 3800 ᾀποσιωπήσῃο

2155 3831 2282 3885 ἀντὶ
2333 3827 2451 3890 τοῦ,
2511 3823 2788 3894 Προσήκει
2834 3818 3042 3887 ταύτης
3083 3795 3247 3870 ἕνεκα
3272 3815 3375 3884 τῆς
3415 3813 3715 3885 εὐεργεσίας

2153 3921 2418 3995 διηνεκῶς
2463 3918 2607 3991 ᾄδειν
2652 3931 2713 3966 σε
2757 3912 2851 3966 καὶ
2879 3912 3069 3982 ὑμνεῖν
3113 3911 3242 3972 τοὺς
3267 3907 3538 3979 τοσαύτης
3573 3905 3715 3973 δόξης

2155 4012 2542 4084 τετυχηκότας,
2589 4011 2647 4062 ὲν
2693 4006 2884 4079 μηδενὶ
2933 4001 3113 4073 καιρῷ
3147 4001 3491 4062 σιωπῶντας.
3541 4000 3640 4053 Καὶ
3683 4001 3712 4065 ή

2156 4106 2450 4172 κατάνυξις
2478 4103 2535 4157 δὲ
2569 4103 2724 4172 σιγὴν
2751 4101 2987 4170 ἐμποιεῖ.
3016 4099 3080 4150 Οἱ
3123 4094 3530 4164 Ἐϐδομήκοντα
3553 4093 3712 4144 τοίνυν

2157 4201 2279 4256 ἀντὶ
2321 4196 2500 4268 σιγῆς
2533 4197 2577 4229 9‘
2607 4193 2885 4247 τεθείκασι
2925 4189 3042 4258 τὴν
3077 4185 3446 4251 κατὰνυξιν·
3485 4183 3630 4255 δόξης
3659 4182 3710 4234 δὲ

2157 4299 2186 4350 ὁ
2219 4295 2317 4366 μὲν
2362 4289 2610 4355 Ἐζεκίας
2638 4286 2928 4357 τετύχηκε,
2953 4281 3222 4337 τοσούτων
3247 4279 3317 4334 δι’
3347 4279 3510 4333 αὑτὸν
3541 4278 3713 4350 μυριὰς

2159 4391 2265 4444 δων
2296 4385 2554 4456 θεήλατον
2585 4379 2893 4450 δεξαμένων
2934 4375 3170 4446 πληγὴν,
3202 4373 3298 4427 καὶ
3345 4373 3532 4443 μέντοι
3559 4372 3599 4402 ⁹¹
3629 4370 3708 4421 καὶ

2161 4485 2254 4539 τοῦ
2309 4479 2461 4554 ἡλίου
2500 4475 2938 4546 ἀναστρέψαντος
2979 4472 3057 4504 ’³⁸
3105 4471 3271 4540 ἡμεῖς
3313 4467 3372 4520 δὲ
3408 4465 3600 4536 πολλῆς
3632 4463 3708 4554 ea-

473 4598 595 4636 rum
653 4594 897 4635 amorem
943 4578 1090 4633 circa
1123 4593 1223 4634 nos
1255 4579 1463 4649 experti
1515 4579 1711 4636 simus.
1760 4579 1853 4635 Sic
1880 4580 2042 4648 enim,

2161 4576 2346 4639 κλείας
2390 4573 2586 4643 ἔχομεν
2635 4566 2912 4638 ἀφορμὴν,
2961 4562 3234 4632 τοσαύτην
3282 4559 3416 4631 περὶ
3453 4560 3591 4629 ἡμᾶς
3621 4553 3705 4649 Acci

476 4675 573 4738 ait,
617 4672 758 4729 Deus
790 4671 980 4726 dilexit
1020 4669 1307 4734 mundum,
1365 4682 1427 4725 ut
1459 4669 1655 4727 Filium
1714 4689 1877 4728 suum
1925 4673 2051 4729 uni-

476 4763 718 4833 genitum
768 4761 957 4827 daret,
1019 4769 1080 4816 ut
1131 4761 1312 4817 omnis
1377 4761 1472 4832 qui
1532 4763 1705 4817 credit
1770 4763 1828 4818 in
1895 4765 2049 4819 illum

476 4873 586 4912 non
628 4864 833 4926 pereat,
894 4854 990 4911 sed
1048 4855 1246 4910 habeat
1301 4854 1467 4909 vitam
1520 4863 1803 4912 aternam.
1867 4875 1887 4909 ι
1956 4857 2064 4915 Do-

476 4951 625 5004 mine
682 4949 828 5005 Deus
868 4949 983 5014 mi,
1049 4949 1109 5003 in
1165 4956 1432 5004 aternum
1490 4948 1798 5006 conﬁtebor
1871 4952 1992 5007 tibi.
2034 4972 2053 5005 ι

473 5042 593 5098 Non
657 5040 804 5096 enim
852 5039 1017 5094 modo
1050 5038 1105 5092 in
1151 5037 1255 5092 hac
1297 5038 1429 5101 vita,
1471 5053 1659 5107 verum
1724 5039 1890 5094 etiam
1937 5048 2059 5110 post
2105 5048 2111 5061 ‘

477 5130 937 5190 resurrectionem
1010 5128 1244 5199 hymnos
1331 5127 1424 5182 tibi
1501 5144 1715 5200 semper
1793 5129 2060 5194 oﬂ‘eram,

2161 4668 2296 4725 Θεοῦ
2338 4666 2448 4720 τῶν
2489 4663 2625 4716 ὅλων
2673 4657 3068 4727 ἐπιδεξαμένου
3123 4652 3529 4725 φιλοστοργίαν.
3575 4647 3704 4702 Οὕτω

2158 4763 2289 4832 γὰρ,
2309 4757 2496 4829 φησὶν,
2520 4757 2549 4821 ὁ
2569 4752 2702 4816 Θεὸς
2729 4750 2983 4821 ἠγάπησε
3006 4747 3100 4801 τὸν
3123 4745 3351 4816 κόσμον,
3380 4745 3464 4798 ὅτι
3495 4743 3581 4796 τὸν
3601 4738 3703 4791 me;

2157 4853 2323 4912 αὑτοῦ
2371 4851 2461 4905 τὸν
2509 4845 2776 4918 μονογενῆ
2809 4842 3062 4904 δέδωκεν,
3108 4840 3196 4894 ῖνα
3237 4839 3348 4902 πᾶς
3393 4838 3423 4890 ό
3467 4832 3702 4889 πιστεύων

2156 4951 2236 5012 είς
2283 4943 2444 4999 αὐτὸν
2497 4939 2572 5010 μὴ
2634 4937 2929 5006 ἀπόληται,
2988 4933 3104 4988 ἀλλ’
3153 4931 3255 5006 ἔχη
3299 4930 3446 5001 ζωὴν
3495 4926 3697 4983 αἰώνιον.

2161 5060 2180 5091 ι
2219 5036 2388 5107 Κύριε
2411 5034 2440 5086 ό
2470 5029 2601 5092 Θεός
2641 5043 2768 5099 μου,
2800 5027 2882 5088 είς
2913 5023 3009 5078 τὸν
3050 5022 3225 5076 αίῶνα
3267 5012 3700 5090 ὲξομολογήσομαί

2157 5150 2258 5186 σοι.
2307 5149 2326 5181 ι
2372 5126 2447 5180 Οὐ
2484 5123 2592 5194 γὰρ
2627 5121 2788 5193 μόνον
2821 5118 2967 5174 κατά
3004 5117 3097 5172 τὸν
3135 5113 3385 5185 παρόντα
3426 5111 3552 5182 βίον,
3588 5108 3697 5163 ἀλλά

1593 5313 1830 5370 VARUE
1867 5313 2250 5370 LECTIONES
2290 5311 2377 5367 ET
2417 5307 2647 5366 ΝΟΤιΕ.
2746 5322 2753 5329 ’

559 5471 604 5502 ⁷³
625 5467 786 5522 cod.2
818 5464 1186 5520 καταϐαίνειν.
1262 5465 1310 5495 ⁸ο
1337 5464 1458 5518 cod.
1501 5462 1537 5516 2
1571 5461 1738 5516 θείου.
1814 5463 1857 5492 ⁸⁸
1879 5464 2042 5515 Ἀλλι

2147 5459 2459 5523 -βεϐόηκε
2494 5453 2616 5508 Des.
2647 5454 2700 5506 in
2742 5450 2950 5523 cod..‘2.
3029 5448 3075 5480 θ’
3109 5448 3250 5523 Ἰιξρτ

478 5539 644 5594 (Iord.
676 5555 728 5608 p.
755 5536 878 5608 506.
907 5536 1176 5608 ὄργανον.-
1213 5535 1281 5608 *³⁸³
1305 5535 1425 5608 cod.
1467 5534 1502 5588 2
1534 5531 1744 5608 ἐλέησε.

1821 5530 1869 5561 ⁸⁵
1899 5530 2008 5585 Καὶ
2034 5532 2105 5584 οὐ
2135 5531 2220 5598 μὴ
2256 5525 2800 5598 xararrﬂehr._D-‘t’
2841 5537 2879 5598 n

3252 5462 3344 5499 ον.
3377 5439 3492 5496 cod.
3530 5437 3620 5496 1,2
3643 5449 3692 5486 ac

2878 5505 2956 5584 ⁸η,
2996 5535 3085 5572 nec
3133 5505 3310 5570 sitiat.
3350 5515 3396 5545 ⁸⁵
3420 5507 3691 5584 καίνιξνν-τ

523 5573 644 5593 mu.
717 5579 728 5591 .
755 5573 878 5591 υυυ.
907 5573 935 5588 η,
1013 5573 1160 5589 νην..
1305 5573 1425 5588 νυ...
1472 5573 1502 5588 ..
1534 5573 1641 5586 -..ω
1667 5573 1744 5585 η.
1899 5573 2042 5585 .

482 5573 850 5678 Ξαρὰνγέμοί.
883 5573 1002 5661 υθέἶ
1024 5606 1179 5678 apud
1203 5605 1367 5678 Cord.
1394 5605 1433 5659 l.
1453 5621 1500 5659 c.
1532 5675 1545 5678 _
1579 5602 1628 5678 εξ
1647 5573 2008 5678 δἰξνιᾳυτῶγ.
2037 5624 2042 5646 ‹

2147 5573 2218 5654 ῗϊ
2253 5573 2422 5652 ἓέἓὶκῖ
2451 5573 3200 5678 's;-:apaz.'ga.1;"i_,3m;n.
3229 5586 3400 5678 _xat.n
3443 5583 3488 5618 ιι
3511 5576 3620 5678 alii“

481 5679 932 5748 τελευτήσαντας.

1020 5673 1423 5744 ’σἘ-ὐθυμίας.
1448 5675 1569 5729 cod.
1609 5674 1660 5738 ι,
1701 5673 1736 5726 2
1763 5673 2060 5744 εὐφημίας-

2137 5644 2517 5722 δίοῖῘᾹυεςι
2569 5644 2753 5718 {£66.
2781 5644 2832 5725 ι,
2865 5644 2922 5715 ’2.
3001 5644 3044 5692 δι
3113 5655 3315 5728 Σιπῆςο
3361 5654 3620 5728 Ferre)?!"
3643 5644 3685 5728 ‘2

483 5711 932 5759 ’ϋιΑε-υξιιυυινυυιδο
1096 5711 1423 5744 υυυυμιυσς·
1448 5711 1581 5756 “uno.
1615 5711 1660 5738 ιν
1707 5711 1736 5726 ι-
1763 5711 2060 5753 υνγξησηνιν
2219 5711 2320 5722 νν·
2349 5711 2517 5722 ιιννυ-
2569 5711 2598 5718 -
2631 5711 2746 5718 τ-’--
2769 5711 2920 5744 ,-ν,--
3087 5711 3133 5763 ’5
3189 5711 3215 5728 ι.
3241 5711 3286 5722 -ν
3577 5717 3596 5767 ί
3657 5711 3686 5762 2

483 5752 570 5802 ed.
600 5746 1074 5818 Fu‘m.rlegebatur
1092 5744 1274 5812 δόξης.
1301 5743 1735 5818 Emendatiorem
1776 5743 2114 5818 lectioneme
2139 5741 2259 5818 cod.
2293 5741 2323 5818 ¹1
2353 5738 2460 5792 εξιὲ
2485 5738 2619 5818 aug.
2655 5741 3012 5818 restitnnnus.
3164 5726 3402 5783 Μέντοι.
3433 5739 3492 5779 co
3531 5759 3542 5773 .
3607 5756 3620 5778 ι

491 5819 589 5889 μὲν
620 5817 703 5887 δή.
780 5803 1408 5886 ⁹³Ἵᾼποοττρέψᾶντοᾳ
1442 5815 1562 5870 cod.
1595 5824 1821 5886 uterque
1853 5813 2000 5869 addit
2029 5830 2042 5864 ε

2147 5811 2390 5866 τούπίσω
2431 5807 2525 5861 καὶ
2572 5803 2988 5869 ἀναζεύξαντος.
