3842 6518
129 309 232 376 1081
1426 306 1509 367 IN
1548 264 1755 367 PSAL.
1782 306 1962 368 xxx.
3206 309 3343 378 1082

178 420 254 474 ια’.
299 418 449 470 «Ὅτι
480 415 724 480 ἐξέλιπεν
769 416 828 470 ἐν
869 416 1031 488 ὀδύνῃ
1058 419 1091 487 ἡ
1141 417 1253 488 ζωή
1293 432 1418 486 μου,
1453 417 1550 470 καὶ
1589 416 1695 476 τὰ,

1834 404 2002 472 Vens.
2048 417 2135 471 ll.
2173 436 2190 467 ι
2230 417 2501 484 Quoniam
2533 419 2732 477 defecit
2755 422 2809 476 in
2840 421 3028 475 dolore
3057 421 3166 476 vita
3194 438 3338 482 mea.

123 514 195 578 ἔτη
225 528 317 580 μου
345 510 400 561 ἐν
428 511 769 579 στεναγμοῖς.
800 528 818 559 ι
860 509 1045 562 Πάντα
1081 526 1206 579 μου,
1236 509 1391 578 φησὶ,
1426 508 1516 562 τὸν
1540 507 1640 579 βίοι

1838 508 1967 560 anni
2006 508 2109 561 mei
2139 508 2194 562 in
2225 510 2542 578 gemitibus.
2582 530 2601 563 ›
2646 510 2876 566 Omnem
2908 527 3104 579 meam,
3141 513 3337 582 inquit,

122 608 182 667 είς
203 602 375 665 ὀδύνας
403 603 497 655 καὶ
528 602 737 673 δάκρυα
767 602 1137 675 δεδαπάνηκα.
1182 622 1201 653 ι
1225 602 1556 673 Ἦσθένησεν
1595 602 1639 656 ἐπ

1822 609 1927 653 tam
1960 600 2014 653 in
2045 601 2332 656 doloribus
2370 614 2424 657 et
2455 604 2714 674 lacrymis
2741 604 3083 671 consumpsi.
3128 623 3146 655 ι
3185 604 3338 659 Inﬁr-

120 694 323 765 πτωχείᾳ
370 695 401 763 ἡ
458 695 614 766 ίσχύς
646 712 771 763 μου,
805 696 900 749 καὶ
944 696 1015 749 τὰ
1052 696 1185 749 ὀστᾶ
1213 712 1317 765 μου
1349 694 1637 766 ἐταράχθη-

1821 702 1908 747 ata
1968 700 2054 748 est
2095 693 2149 747 in
2184 704 2504 765 paupertate
2554 695 2729 751 virtus
2777 712 2920 760 mea,
2971 708 3026 751 et
3062 712 3189 752 ossa
3220 713 3338 754 mea

122 803 214 839 σαν.
259 806 275 837 ι
324 784 490 837 Kal."
524 788 561 855 ἡ
614 784 792 839 ἔνδεια
840 785 918 853 δὲ,
971 787 1066 839 καὶ
1110 785 1220 840 τῶν
1271 785 1639 853 ἀναγκαίωνί

1821 787 2085 841 ιηιυιιικιια
2114 796 2264 843 sunt.
2302 807 2320 840 ι
2356 788 2531 844 Porro
2570 789 2755 860 inopia
2780 797 2835 844 et
2865 804 3047 843 rerum
3084 804 3338 845 necessa-

120 881 296 943 σπάνις,
324 878 586 950 κατέτηξέ
604 882 645 915 η
669 897 779 951 μου
807 879 868 935 τὸ
898 880 1080 951 σῶμα.
1108 880 1324 951 Ταύτης
1351 879 1407 933 δὲ
1435 879 1534 949 τῆς
1564 879 1637 930 ἐν-

1818 893 1969 931 arum
2003 880 2234 948 penuria
2269 895 2470 951 corpus
2499 896 2682 937 meum
2716 880 2934 935 aridum
2965 880 3335 937 reddiderunt.

116 970 231 1031 δείας
256 969 341 1021 καί
374 970 406 1039 ἠ
442 970 656 1042 ίστορία
687 970 983 1043 μέμνηται,
1027 971 1121 1025 καί
1163 970 1422 1041 φησινὀο
1463 988 1481 1019 ι
1510 969 1633 1023 Οὐν·

1873 986 1936 1027 us
1967 980 2149 1027 autem
2192 972 2393 1043 inopiae
2437 973 2668 1030 historia
2718 988 2939 1045 quoque
2971 973 3239 1038 meminit,
3286 982 3342 1028 et
3385 1011 3390 1017 .

112 1060 260 1133 ηςσὶυ
286 1059 313 1113 ὁ
338 1059 427 1113 τοῦ
457 1061 616 1125 Ναὰς
636 1064 682 1095 ²¹
716 1062 854 1129 υίὸς,
904 1065 935 1117 ὁ
978 1062 1343 1135 Ἀμμανίτης,
1390 1063 1483 1115 καὶ
1516 1061 1629 1131 Βερ·

1821 1071 1834 1118 l
1868 1082 1882 1118 :
1924 1083 1941 1116 ι
1984 1062 2193 1121 Unesbi
2223 1066 2371 1122 ﬁlius
2412 1065 2559 1123 Naas
2585 1067 2952 1132 Ammanites,
2996 1076 3050 1122 et
3078 1064 3338 1122 Berzellai

116 1153 255 1218 ζελλεὶ
295 1154 321 1205 ὁ
348 1152 705 1227 Γαλααδίτης,
752 1156 992 1227 ἤνεγκαν
1038 1157 1247 1227 πυροὺς
1291 1156 1387 1211 καὶ
1431 1155 1627 1228 κριθὰς

1824 1157 2086 1222 ilaadites,
2117 1160 2421 1214 attulerunt
2454 1159 2725 1225 triticum,
2757 1168 2813 1214 et
2844 1159 3133 1223 hordeum,
3175 1167 3229 1213 ct
3262 1157 3341 1212 fa-

114 1246 187 1299 καὶ
216 1243 429 1313 ἄλευρον
445 1245 528 1277 ’³⁸
580 1247 677 1300 καὶ
717 1249 953 1318 κύαμον,
997 1250 1092 1304 καὶ
1124 1249 1321 1320 φακὸν,
1359 1249 1457 1302 καὶ
1487 1249 1631 1318 ἐτερε

1820 1262 1958 1312 nam,
1991 1256 2046 1302 et
2073 1247 2281 1316 fabam,
2316 1259 2370 1304 et
2399 1248 2592 1316 lentes,
2626 1256 2681 1306 et
2713 1250 2821 1305 alia
2843 1251 3092 1320 quaedam
3123 1247 3337 1313 Davidi,

112 1356 204 1391 τινα
225 1336 293 1407 τῷ
318 1336 480 1390 Δαόὶδ
506 1340 897 1410 προσήνεγκαν
913 1341 1084 1393 "atat
1118 1341 1196 1411 τῷ
1228 1340 1365 1411 λαῷ,
1409 1341 1491 1394 ὃτι
1530 1339 1629 1393 ἕλε·

1848 1339 2069 1409 populo,
2120 1341 2383 1410 quoniam
2422 1341 2686 1397 dixerunt
2719 1342 2983 1412 populum
3013 1343 3246 1408 esurire,
3284 1351 3340 1397 et

113 1446 182 1497 γον
202 1428 329 1481 τὸν¹⁸
360 1427 488 1483 λαὸν
516 1432 717 1501 πεινᾷν
762 1432 858 1485 καὶ
889 1431 1211 1486 ἐκλελῦσθαι
1257 1432 1560 1503 διψήσαντα
1589 1431 1630 1482 ἐκ

1589 1431 1650 1484 ὲν
1757 1430 1993 1488 sitiendo
2024 1431 2386 1502 defatigatum
2417 1448 2541 1489 esse
2576 1434 2631 1487 in
2666 1434 2967 1489 solitudine
2986 1433 3038 1489 ιι.
3080 1452 3097 1486 ι

112 1524 160 1591 τῇ
181 1522 366 1591 ἐρήμῳ·
399 1540 417 1572 ³

163 1614 231 1684 ιβ’.
273 1632 289 1665 ι
332 1613 489 1684 Παρᾶ
528 1613 741 1679 πάντας
789 1616 917 1680 τοὺς
962 1615 1192 1689 ἐχθρούς
1230 1634 1330 1688 μου
1382 1618 1649 1691 ἐγενήθην

1830 1614 1994 1670 Vens.
2031 1614 2120 1669 1‘2.
2167 1631 2187 1664 ι
2235 1609 2412 1681 Super
2442 1626 2637 1667 omnes
2670 1610 2931 1666 inimicos
2959 1624 3114 1664 meos
3163 1609 3337 1664 factus

112 1706 284 1768 ἂνειδος,
310 1705 399 1758 καὶ
427 1708 545 1772 τοῖς
576 1708 789 1776 γείτοσι
822 1726 925 1779 μου
954 1709 1182 1780 σφόδρα,
1225 1714 1319 1763 καὶ
1348 1709 1512 1780 φόϐος
1536 1714 1629 1771 τοῖς

1826 1724 1877 1762 m
1906 1706 2264 1778 opprobrium
2293 1704 2488 1759 vicinis
2521 1704 2659 1758 meis
2692 1704 2868 1765 valde,
2903 1713 2957 1756 et
2987 1705 3153 1757 timor
3178 1701 3336 1757 fami-

112 1799 323 1865 γνοητοῖς
350 1815 474 1868 μου.
529 1819 549 1852 ι
613 1802 675 1855 Ol
708 1801 891 1873 ἐχθροί
924 1820 1047 1873 μου,
1085 1803 1267 1873 φησὶν,
1304 1803 1363 1857 ἐν
1389 1803 1626 1874 εὐθυμία

1814 1800 1985 1854 nribus
2021 1798 2181 1853 meis.
2221 1815 2240 1848 ι
2286 1794 2497 1851 Inimici
2530 1796 2661 1859 mei,
2703 1797 2801 1859 ait,
2858 1795 2911 1848 in
2968 1795 3155 1850 laetitia
3185 1804 3331 1862 sunt,

112 1892 192 1959 ἐγὼ
218 1892 265 1944 δὲ
294 1893 706 1959 καταγέλαστός
734 1896 870 1965 είμι,
899 1896 995 1950 καὶ
1028 1898 1140 1959 τοῖς
1169 1896 1393 1967 ὁμόροις
1421 1897 1623 1967 ἐπίχαρ

1824 1910 1855 1946 ο
1886 1902 2065 1948 autem
2098 1891 2392 1954 ridiculus,
2442 1898 2497 1944 et
2531 1889 2779 1944 ﬁnitimis
2808 1889 3047 1943 ludibrio
3077 1905 3220 1955 sum,
3254 1888 3336 1943 fa-

110 2001 192 2045 τος,
225 1985 304 2037 καὶ
346 1986 460 2048 τοῖς
492 1986 807 2058 γνωρίμοις
836 1988 1119 2058 ἐπίφοϐος.
1169 1990 1281 2043 Καὶ
1320 1988 1627 2061 σαφέστερα

1819 1986 2068 2040 iliaribus
2112 1992 2294 2038 autem
2341 1994 2606 2038 terrorem
2652 1983 2883 2037 iucutin.
2931 1982 2997 2035 Et
3028 1982 3194 2053 796
3232 1982 3336 2036 hoc

111 2075 229 2127 τοῦτο
254 2073 513 2129 διδάσκων
543 2077 832 2149 ἐπήγαγεν
860 2094 875 2109 ο
913 2097 931 2130 ι
955 2079 1019 2132 Ol
1051 2078 1384 2150 θεωροῦντες
1416 2098 1483 2150 με
1518 2081 1623 2147 ἔξω

1821 2077 2096 2133 anilestius
2122 2076 2346 2138 docens,
2380 2075 2665 2144 subiunxit
2698 2094 2711 2130 :
2754 2094 2771 2126 ι
2813 2074 2918 2140 Qui
2954 2074 3214 2128 videbant
3251 2089 3338 2129 me

110 2168 263 2234 ἔφυγον
303 2167 395 2220 ἀπ’
437 2167 603 2238 ἐμοῦ.
644 2188 663 2222 ι
700 2170 914 2229 Δεδίασι
940 2170 1049 2243 γὰρ
1072 2172 1430 2240 συγγενέσθαι
1450 2173 1496 2204 ’⁸
1537 2191 1626 2245 μοι

1816 2185 1920 2233 ras,
1964 2167 2219 2239 fugerunt
2265 2182 2295 2220 a
2341 2182 2447 2220 me.
2493 2184 2511 2218 ι
2571 2164 2877 2236 Rel‘ugiunt
2926 2164 3073 2218 enim
3120 2179 3333 2219 mecum

112 2260 221 2313 in"
248 2259 315 2330 μὴ
342 2261 451 2324 τοῖς
483 2261 646 2332 ἐμοῖς
676 2264 891 2334 ἐχθροῖς
917 2265 1311 2320 περιπέσωσιν.

1821 2260 1981 2325 rsari,
2044 2273 2114 2314 ne
2179 2259 2233 2312 in
2286 2273 2483 2313 manus
2534 2272 2782 2312 meorum
2836 2256 3188 2311 inimicorum
3250 2256 3337 2312 in-

1753 2354 1953 2411 cidant.

161 2435 233 2504 ιγ’.
263 2453 280 2487 ι
311 2436 658 2510 Ἐπελήσθην
677 2438 812 2493 ὡσεὶ
837 2441 1031 2511 νεκρὸς
1058 2439 1167 2493 ἀπὸ
1187 2441 1437 2512 καρδίας,
1463 2444 1651 2515 ἐγενή-

1824 2445 1992 2502 Vens.
2034 2445 2124 2501 15.
2173 2465 2191 2496 ι
2233 2441 2507 2499 Oblivioni
2542 2441 2705 2497 datus
2733 2456 2855 2497 sum
2893 2450 3153 2513 tanquam
3184 2454 3335 2495 mor-

112 2528 183 2596 θην
216 2527 334 2581 ὡσεὶ
378 2531 579 2596 σκεῦος
628 2532 929 2597 ἀπολωλός.
979 2552 999 2585 ›
1080 2535 1432 2603 Ἀπέγνωσάν
1457 2538 1505 2570 ’⁸
1557 2555 1623 2608 με

1814 2556 1881 2596 us
1909 2555 1939 2593 a
1970 2540 2136 2594 corde
2166 2554 2180 2593 :
2215 2536 2393 2592 factus
2418 2550 2537 2590 sum
2568 2542 2834 2606 tanquam
2864 2549 2957 2589 vas
2983 2534 3279 2604 perditum.
3310 2551 3330 2585 ι

112 2620 250 2687 φησὶν,
279 2617 535 2687 ἅπαντες,
569 2623 731 2695 δίκην
759 2624 989 2687 σκεύους
1036 2625 1399 2691 ἀπολωλότος,
1440 2628 1534 2682 καὶ
1562 2648 1629 2682 νε·

1817 2632 2082 2704 :jecerunt
2130 2644 2241 2693 me,
2302 2629 2400 2692 ait,
2442 2644 2657 2693 omnes,
2714 2628 2891 2683 instar
2944 2627 3092 2683 vasis
3139 2625 3334 2697 perditi

112 2711 208 2779 κροῦ
234 2712 389 2781 τάφον
420 2716 727 2779 οἰκοῦντος.
760 2715 997 2789 [Ἕδειξε
1016 2720 1061 2750 ’θ
1091 2718 1191 2789 τὴν
1219 2720 1525 2792 ὑπερϐολὴν
1550 2724 1629 2794 τῆς

1834 2721 2037 2777 mortui
2085 2720 2403 2790 sepulcrum
2446 2717 2760 2774 incolentis.
2804 2716 3153 2790 [Extremam
3193 2716 3336 2771 obli-

111 2804 428 2877 ἐπιλησμονῆς
475 2808 594 2862 ἀπὸ
631 2810 731 2880 τῆς
774 2809 867 2863 τοῦ
899 2811 1127 2875 σκεύους
1159 2811 1417 2883 ἀτιμίας⁶
1460 2812 1628 2886 ὥσπεε

1820 2829 1970 2870 onem
2006 2811 2269 2868 describit
2298 2812 2402 2867 sub
2433 2810 2673 2882 imagine
2700 2809 2959 2880 ignobilis
2980 2810 3151 2866 vasis.
3182 2807 3337 2865 Sicut

110 2897 203 2967 γὰρ,
245 2899 433 2969 φησὶν,
482 2900 869 2970 ἀπολλύμενον
921 2902 1098 2955 ἐκεῖνο
1140 2904 1355 2973 ταχέως
1398 2908 1496 2977 τῆς
1539 2907 1627 2959 τῶ·

1815 2906 1919 2971 lim,
1955 2904 2154 2975 inquit,
2206 2904 2259 2959 id
2314 2903 2464 2974 quod
2498 2902 2769 2972 perditum
2802 2911 2906 2968 est,
2958 2900 3030 2956 ob
3071 2900 3332 2956 vilitatem

106 2988 483 3045 ἀπολωλεκότων
543 2992 844 3065 ἐξορίζεται
901 2994 1124 3065 μνήμης
1171 2994 1259 3049 διὰ
1306 2996 1368 3050 τὸ
1412 2999 1623 3063 εὐτελὲς

1820 3014 1907 3054 am
1949 2998 2097 3053 illico
2135 2997 2340 3054 excidit
2385 2995 2650 3052 memoria
2694 3010 2885 3050 eorum
2928 2993 3023 3065 qui
3070 2993 3334 3064 perdide-

106 3078 212 3133 οὕτω
238 3082 379 3151 κάγὼ
415 3084 752 3156 λελόγισμαι
782 3085 967 3148 αὐτοῖς
993 3084 1071 3150 ὼς
1109 3086 1265 3141 οὐδὲν
1298 3087 1375 3143 ὢν
1400 3091 1519 3145 οὐδὲ
1551 3110 1623 3163 γει

1823 3106 1883 3152 nt
1914 3097 2073 3163 illud,
2105 3098 2177 3151 ita
2219 3110 2321 3167 ego
2353 3108 2575 3166 quoque
2611 3094 2680 3148 ab
2724 3092 2835 3147 illis
2877 3102 3101 3161 reputor
3130 3106 3229 3161 pro
3269 3106 3335 3146 eo

106 3174 236 3240 τονώς
257 3192 379 3231 ποτε
412 3177 586 3248 λόγου
613 3179 760 3244 τινὸς
789 3179 991 3255 ἄξιος]

1818 3189 1846 3243 ιί
1900 3204 2010 3243 non
2069 3197 2173 3254 est,
2237 3202 2339 3242 nec
2392 3198 2650 3256 'unquam
2711 3182 3074 3239 aestimatione
3134 3181 3335 3252 dignus

1748 3277 1965 3359 luerit.1

156 3355 220 3409 ιδ’.
261 3376 278 3408 ι
296 3357 414 3412 Ὅτι
442 3359 663 3430 ἥκουσα
687 3360 856 3432 ψόγον
876 3365 1088 3422 πολλῶν
1120 3370 1531 3441 παροικούντων
1552 3389 1646 3426 κυ-

1891 3355 1987 3424 :ns.
2030 3370 2119 3425 M.
2162 3372 2181 3392 ⁶
2228 3388 2247 3421 ι
2304 3368 2580 3437 Quoniam
2629 3366 2815 3423 audivi
2870 3367 3331 3438 vituperationem
3400 3420 3408 3425 .

105 3446 269 3504 ιλόθεν.
302 3468 321 3501 ›
377 3451 574 3506 Ταῦτα
620 3452 676 3506 δέ
723 3453 788 3507 οὐ
837 3458 1092 3524 τοπάζων
1134 3460 1299 3532 λέγω,
1347 3463 1484 3518 ἀλλὰ
1523 3465 1622 3519 ταῖ.

1813 3462 2048 3516 ultorum
2096 3460 2563 3516 commorantium
2597 3459 2652 3513 in
2690 3456 2953 3513 circuitu.
2989 3475 3009 3508 ι
3060 3455 3330 3511 Cancrum

103 3542 251 3604 ἀκοαῖς
276 3543 342 3597 τὰ
363 3544 551 3616 ὀνείδη
581 3545 893 3617 δεξάμενος.
939 3551 1207 3623 Σημαίνει
1234 3554 1292 3609 δὲ
1325 3554 1413 3609 διὰ
1440 3556 1620 3610 τούτω

1820 3571 1861 3612 ιο
1919 3572 2028 3610 non
2085 3552 2417 3624 suspicando
2481 3554 2629 3618 dico,
2668 3565 2861 3605 verum
2904 3548 3052 3620 quod
3100 3547 3337 3619 propriis

105 3632 174 3685 καὶ
193 3633 280 3698 τὰς
303 3634 393 3689 τοῦ
420 3636 631 3707 Σεμεεὶ
657 3638 945 3711 λοιδορίας.

1822 3647 1975 3703 ribus
2017 3646 2264 3701 convicia
2314 3644 2640 3700 audiverim.
2687 3641 2975 3714 Signiﬁcat
3019 3650 3204 3695 autem
3240 3654 3336 3710 per

1746 3740 1848 3794 ista
1881 3737 2063 3793 Semei
2095 3736 2377 3791 maledicta
2390 3777 2403 3791 .
2696 3728 2699 3731 λ

158 3831 175 3864 ι
206 3814 286 3868 Ἐν
315 3816 391 3888 τῷ
417 3818 862 3891 ἐπισυναχθῆναι
911 3822 1110 3886 αὐτοὺς
1156 3825 1271 3896 ἅμα
1303 3827 1391 3880 ἐπ’
1419 3826 1521 3897 ἐμὲ
1551 3827 1647 3881 τοῦ

1824 3849 1843 3882 ‹
1879 3829 2018 3883 Dum
2063 3837 2531 3900 congregarentur
2580 3828 2686 3899 ipsi
2722 3826 2888 3883 simul
2922 3826 3189 3881 adversus
3222 3839 3334 3888 me.

103 3900 248 3957 λαϐεῖν
271 3906 365 3977 τὴν
396 3910 586 3980 ψυχήν
622 3926 728 3981 μου
755 3911 1163 3970 ἐϐουλεύσαντο.
1195 3914 1303 3987 [ιε’,
1337 3918 1463 3989 ις’.]
1503 3917 1620 3987 Ἐγί

1854 3921 2134 3977 auferrent
2180 3922 2418 3975 animam
2481 3934 2658 3976 meam
2709 3919 3005 3975 consilium
3064 3917 3328 3973 inierunt.

103 3994 145 4047 δὲ
166 3997 243 4050 ἐπὶ
285 3999 424 4066 at”,
486 4001 686 4075 Κύριε,
731 4004 942 4076 ἧλπισα
962 4023 977 4038 ο
1018 4003 1170 4061 εἶπον
1188 4009 1255 4074 ³⁸,
1286 4010 1356 4062 Σὺ
1384 4005 1435 4063 εἷ
1464 4012 1492 4065 ὁ
1515 4012 1616 4067 Θεό

1811 4012 1939 4067 'sns.
1982 4012 2072 4078 15,
2102 4009 2215 4083 l6.]
2260 4010 2371 4084 Ego
2399 4021 2583 4067 autem
2615 4011 2672 4064 in
2702 4019 2758 4065 te
2786 4009 3030 4081 Speravi,
3054 4007 3328 4064 Domine:

106 4105 199 4155 μου.
234 4091 314 4146 Ἐν
342 4097 465 4159 ταῖς
498 4096 657 4167 χερσί
698 4114 792 4151 σου
826 4100 874 4152 οί
905 4099 1096 4173 κλῆροι
1117 4102 1164 4133 ³⁸
1198 4119 1321 4173 μου.
1354 4122 1374 4156 ι
1418 4103 1623 4158 Ἐκεῖνο

1821 4105 1880 4171 εἰ,
1929 4103 2076 4159 Deus
2120 4119 2279 4161 meus
2324 4121 2384 4161 es
2433 4114 2511 4158 tu.
2567 4104 2624 4157 ln
2674 4104 2933 4163 manibus
2985 4101 3100 4158 tuis
3152 4107 3338 4157 sortes

107 4180 181 4249 μὲν
206 4179 287 4238 οὖν
317 4185 703 4259 ἀθροισθέντες
725 4191 771 4224 ³⁸
796 4192 889 4246 τὸν
914 4192 1049 4263 ἐμὸν
1074 4194 1369 4248 καττύουσι
1395 4194 1622 4251 θάνατον

1818 4214 1900 4255 eae.
1946 4218 1966 4252 ι
2010 4197 2092 4253 llli
2122 4199 2343 4270 quidem
2382 4197 2700 4267 congregati
2731 4211 2911 4251 meam
2942 4203 3176 4250 mortem
3213 4207 3335 4248 mo-

104 4272 186 4340 ὲγὼ
205 4275 254 4328 δέ
283 4294 339 4330 σε
367 4278 509 4332 Θεὸν
537 4274 659 4334 οῖδα
686 4282 783 4336 καὶ
806 4282 1096 4352 πρύτανιν.
1135 4284 1307 4338 Τοῦτο
1330 4287 1441 4357 γὰρ
1459 4286 1607 4356 λέγει

1809 4300 1974 4360 Intur,
2011 4307 2113 4365 ego
2149 4306 2278 4347 vero
2312 4298 2371 4345 te
2402 4289 2576 4345 Deum
2627 4298 2681 4344 et
2709 4288 3135 4360 gubernatorem
3179 4284 3326 4341 novi.

107 4366 220 4419 «Ἕν
238 4372 349 4434 ταῖς
377 4371 544 4444 χερσί
575 4389 669 4426 σου
700 4375 750 4429 oi
782 4374 974 4446 κλῆροί
1006 4393 1132 4447 μου,
1162 4395 1181 4429 ι
1219 4377 1318 4450 ἢκ
1344 4378 1421 4443 ὡς
1451 4380 1501 4432 οί
1533 4380 1624 4434 λοι-

1809 4402 1860 4443 )ο
1885 4386 2030 4441 enim
2075 4384 2211 4440 dicit
2248 4400 2263 4438 :
2304 4401 2324 4435 ι
2362 4383 2422 4438 In
2453 4383 2708 4438 manibus
2744 4382 2854 4437 tuis
2890 4391 3072 4449 sortes
3103 4393 3259 4443 mea,
3303 4395 3326 4431 ι

103 4460 190 4521 mi,
216 4460 278 4513 ἐν
314 4464 445 4531 ταῖς
476 4467 654 4534 χερσί
688 4481 809 4523 σου
847 4471 904 4523 οι
940 4470 1136 4538 καιροί
1164 4486 1317 4540 μου,
1368 4471 1491 4526 ἀντὶ
1524 4471 1618 4526 τοῦ

1815 4479 1855 4545 l,
1899 4489 1960 4534 ut
1993 4478 2189 4549 reliqui
2223 4478 2504 4545 dixerunt,
2532 4477 2591 4531 in
2632 4475 2881 4531 manibus
2937 4473 3044 4528 tuis
3092 4482 3332 4541 tempora

104 4551 161 4605 Σὺ
189 4553 513 4629 ἀποκληροῖς
535 4558 611 4624 ὠς
646 4560 854 4625 ἐθέλεις
898 4560 1116 4634 ἑκάστῳ
1158 4564 1253 4617 καὶ¹
1279 4564 1518 4636 ἀθυμίας
1548 4566 1621 4621 κα

1813 4539 1880 4626 τό.
1907 4570 2075 4638 Quasi
2098 4539 2333 4637 diceret}:
2353 4539 2581 4623 Trib'uis
2608 4575 2669 4623 ut
2706 4566 2973 4631 volueris,
2999 4539 3248 4627 cuilibet,
3276 4570 3330 4616 et

104 4641 346 4716 θυμηδίας,
380 4651 479 4705 καὶ
512 4653 875 4724 μεταϐάλλεις
903 4654 1079 4709 ταῦτα
1107 4655 1268 4710 πάλιν
1296 4656 1432 4729 πρὸς
1465 4657 1525 4713 τὸ
1550 4657 1621 4712 δο

1811 4664 1985 4718 titiam
2028 4672 2083 4718 et
2113 4640 2468 4718 maerorem':
2514 4669 2571 4717 et
2606 4660 2725 4717 hare
2757 4673 2958 4715 rursus
2990 4663 3323 4719 commutas,

103 4735 223 4795 κοῦν.
265 4745 519 4814 Καιροὺς
569 4745 699 4819 γὰρ,
755 4746 790 4820 ἢ
841 4747 1110 4819 κλήρους
1177 4750 1337 4806 καλεῖ
1379 4751 1483 4816 τὰς
1528 4751 1620 4805 τῶς

1830 4752 1931 4809 tibi
1952 4752 2186 4809 videtur.
2226 4751 2487 4820 Tempora
2519 4750 2695 4816 enim,
2746 4749 2835 4805 vel
2864 4756 3061 4825 sortes,
3110 4760 3328 4802 nuncu-

155 4916 180 4956 ι
210 4917 248 4973 ll
283 4918 412 4994 Reg.
446 4938 585 4991 xvn,
614 4922 808 4980 27-29.

1198 5062 1432 5121 VARI/8
1471 5061 1854 5120 LECTIONES
1892 5060 1982 5117 ET
2022 5057 2257 5117 ΝΟΤΔΞΞ.

180 5198 221 5233 ’⁸
248 5203 414 5256 Kal...
442 5203 509 5257 τὸ
543 5202 738 5272 σῶμα.
772 5202 896 5259 Des.
956 5203 1099 5273 apud
1161 5202 1325 5257 Cord.
1377 5219 1432 5273 p.
1489 5201 1613 5257 555.

1807 5199 2119 5273 Κατέτηξε.
2196 5199 2323 5273 cod.
2364 5200 2387 5252 1
2424 5194 2505 5273 _'et
2546 5198 3097 5273 2__xa_ttecxn).lrepae
3130 5199 3324 5273 (sic).

104 5269 140 5343 ξ’
163 5272 353 5337 «bno».
387 5274 509 5329 cod.
542 5274 594 5333 1.
617 5268 653 5328 2
683 5273 893 5328 addunt
921 5268 1021 5338 ὡς’.
1052 5272 1243 5343 Magna
1277 5268 1448 5329 est'h.
1484 5274 1519 5328 Ι.
1558 5273 1621 5327 let

1807 5289 1854 5327 m
1894 5270 2202 5343 diversitas.
2277 5270 2326 5343 fl
2362 5268 2911 5343 0drqo6t._ln_textlt
2940 5270 3050 5343 τῶν
3081 5268 3237 5343 ΟΠ).
3273 5268 3324 5326 c.

110 5339 194 5409 leg.
225 5343 431 5398 οὺεσϐί.
464 5344 589 5399 cod.
617 5345 699 5399 Au
745 5384 759 5397 .
786 5344 811 5396 1
850 5344 1011 5399 habet
1039 5339 1251 5413 Σεφέεί,
1290 5345 1479 5414 sicque
1508 5360 1537 5399 a
1582 5360 1627 5397 ιιι

110 5410 242 5465 habet
262 5414 472 5469 Σεμεεί.
548 5416 592 5447 ⁸³
626 5360 750 5469 cog.
777 5413 927 5469 Flor.
958 5415 1143 5469 Ναώς.
1219 5415 1265 5447 ’³
1295 5417 1420 5469 cod.
1449 5415 1502 5469 1.
1526 5360 1625 5469 ἕᾶ

1809 5343 1850 5398 1.
1876 5359 1930 5413 p.
1962 5341 2088 5407 555,
2126 5342 2230 5411 leg.
2275 5340 2540 5410 Ὀσεφεεί.
2573 5340 2694 5396 cod.
2724 5341 2759 5394 2
2792 5342 2996 5412 Ἐφεεί.
3020 5343 3143 5397 cod.
3174 5342 3326 5396 Flor.

1809 5455 1821 5468 .
1856 5413 1977 5468 cod.
2031 5410 2181 5467 Flor.
2227 5411 2440 5469 ἀμὸοά.
2517 5408 2566 5443 ’⁸
2588 5411 2712 5465 cod.
2765 5410 2818 5469 1.
2855 5414 2973 5467 ﬁet
3039 5412 3187 5467 Flor.
3235 5412 3326 5465 xui

262 5414 472 5483 Σεμεεί.
620 5408 750 5500 sed.
777 5413 927 5500 Flor.
950 5408 1143 5500 ,Ναώςξ
1195 5408 1420 5500 '”“c_od'.
1448 5415 1502 5500 3,
1526 5408 1625 5500 ἦ,

1813 5455 1821 5468 ,
1856 5408 1977 5496 coll.
2031 5408 2203 5500 Flor.
2219 5408 2440 5500 έμςρά.
2517 5408 2572 5500 ’ξ
2588 5411 2712 5500 ρος.
2765 5410 2822 5500 il,
2855 5408 2891 5467 Ξ
2918 5423 2973 5500 et
3039 5412 3204 5500 filum,
3235 5412 3330 5465 καὶ

860 5484 1530 5612 έεήέῖείρ.εί;;¹ι;.¹ξξο;·.ἓδι
1552 5480 1740 5609 Elea“
2079 5480 2888 5621 ἔτῗέγῗὶῒὲἕὲντῗοδῖτὲίὲἔὲέθαέ
3018 5487 3084 5605 in

110 5617 230 5674 Flor.
253 5596 551 5695 desumpta:
598 5596 676 5658 "°
696 5596 815 5681 'Z‘é’.
848 5625 973 5680 cod.
1065 5596 1328 5695 366352};
1356 5596 1627 5682 Esi"£é'c.'i

1809 5625 1908 5680 τῶν
1946 5622 2026 5679 0'.
2104 5624 2148 5654 "
2176 5596 2302 5678 cod.
2336 5622 2372 5676 2
2399 5618 2553 5677 εἶπα.
2631 5622 2677 5653 ³⁸
2730 5596 2979 5693 ῖίλῆροι.
3010 5596 3088 5679 Ita
3122 5624 3228 5695 leg.
3270 5622 3326 5675 in

110 5703 228 5767 vers.
255 5693 357 5745 τῶν
378 5693 453 5767 tif,
478 5710 577 5762 pro
598 5697 798 5765 καιροὶ,
826 5706 887 5751 ιιι
920 5698 1157 5752 videtur.
1188 5693 1392 5751 T'extus
1424 5698 1568 5751 enim
1604 5697 1627 5749 l

1814 5698 1975 5752 habet
2006 5704 2171 5760 ’ΠΙ-ιν,
2206 5704 2442 5765 tempora
2504 5709 2641 5750 mea.
2723 5696 2769 5728 ⁸⁸
2802 5695 2923 5751 cod.
2962 5694 2999 5748 2
3041 5693 3329 5767 συναθροι-

114 5756 318 5825 σθέντες.
390 5765 433 5799 ιι
469 5756 543 5821 Ἦ
571 5756 875 5841 adiiciam.
910 5768 1034 5824 Des.
1066 5768 1232 5837 apud.
1263 5768 1428 5825 (Iord.
1455 5783 1518 5838 ρ.
1552 5766 1676 5823 5Ξ4.
