3842 6518
142 264 260 331 1089

188 578 245 632 ε’.
266 595 286 629 ι
311 578 422 647 Τὴν
444 578 717 650 ἁμαρτίαν
735 581 785 613 ’⁸
797 582 1092 655 ἐγνώρισα,
1121 584 1217 639 καὶ
1244 585 1345 657 τὴν
1387 586 1618 657 ἀνομίαν
1631 589 1676 621 ’⁵

134 689 220 745 μου
234 670 326 724 οὐκ
354 671 621 740 ἐκάλυψα.
643 670 1226 750 Εἷπον,⁹Εξαγορεύσω
1255 681 1377 734 κατ’
1410 681 1546 752 ἐμοῦ
1578 681 1677 753 τὴν

129 764 335 833 ἀνομίαν
363 780 465 833 μου
496 763 575 835 τῷ
601 767 792 838 Κυρίῳ
814 780 831 798 ⁸
857 772 955 824 καὶ
982 771 1046 824 σὺ
1093 772 1316 840 ἀφεῖλες
1348 773 1394 806 ³⁸
1423 773 1524 846 τὴν
1550 774 1679 827 ἀσέ-

129 855 259 909 ϐειαν
295 856 395 926 τῆς
455 856 733 929 ἁμαρτίας
760 862 805 893 ’⁷
836 879 960 933 μου.
1001 881 1020 915 ι
1062 864 1239 929 Εὐθὺς
1271 864 1317 899 ³⁸
1350 867 1449 938 μὲν
1493 868 1674 938 ἀμαρ-

128 948 277 1018 τήσας
294 946 524 1017 ἐσίγησα
544 962 556 977 ·
582 948 721 1004 ἀλλὰ
746 952 891 1022 μετὰ
933 953 1107 1009 ταῦτα
1138 957 1184 988 ⁹⁹
1209 957 1309 1027 τὴν
1342 959 1463 1012 κατ’
1498 959 1634 1031 ἐμοῦ
1660 962 1677 992 ²

128 1038 439 1107 κατηγορίαν
492 1039 710 1112 νύκτωρ
750 1046 850 1098 καὶ
910 1045 1033 1116 μεθ’
1063 1046 1279 1120 ἡμέραν
1328 1050 1672 1123 πεποίημαι’

128 1132 246 1187 δκδὲ
263 1131 357 1202 τῆς
379 1135 720 1206 κατηγορίας
738 1137 1014 1206 μεγάλους
1048 1141 1361 1214 ὲδρεψάμην
1397 1145 1646 1217 καρπούς
1664 1163 1680 1177 ο

128 1222 306 1282 ἔδωκας
324 1221 430 1292 γάρ
455 1240 549 1293 μοι
564 1224 673 1279 τῶν
695 1226 1112 1300 ἁμαρτημάτων
1141 1232 1241 1303 τὴν
1265 1233 1482 1303 ἄφεσιν.
1529 1237 1681 1291 ’Em-

130 1311 445 1381 σημήνασθαι
469 1312 531 1366 δὲ
557 1316 579 1346 ³
600 1318 892 1387 προσήκει,
918 1320 1003 1373 ὅτι
1023 1320 1124 1374 οὑκ
1150 1320 1278 1393 ἔφη,
1296 1323 1550 1393 Ἀςρῆκάς
1571 1343 1677 1395 μοι

126 1405 207 1473 τὴν
232 1404 524 1476 ἁμαρτίαν,
564 1407 725 1475 ἀλλὰ,
750 1409 870 1478 τὴν
893 1411 1179 1467 ἀσέϐειαν
1200 1414 1313 1482 τῆς
1350 1417 1640 1487 ἁμαρτίας
1660 1436 1675 1451 ·

128 1496 372 1550 τουτέστιν
393 1539 409 1559 ,
455 1498 534 1552 Οὑ
573 1499 717 1572 πρὸς
752 1501 912 1567 ἀξίαν
941 1521 1008 1575 με
1031 1504 1133 1575 τῆς
1174 1502 1525 1580 παρανομίας
1552 1511 1678 1565 ἐκό-

128 1590 285 1653 λασας,
313 1589 452 1643 ἀλλὰ
478 1590 582 1663 τὴν
607 1593 708 1662 μὲν
740 1593 762 1627 ³
783 1595 1092 1669 ὑπερϐολὴν
1120 1598 1221 1669 τῆς
1253 1600 1533 1672 ἁμαρτίας
1564 1618 1683 1656 συν-

1458 268 1541 329 ΙΝ
1581 268 1786 329 PSAL.
1829 270 2043 331 XXXI.

135 378 217 431 καὶ
242 376 314 438 ὡς
349 373 615 447 ἄχρηστον
633 374 935 449 ’βλάστημα
957 419 971 445 ,
1002 378 1097 433 καὶ
1144 377 1220 444 ὡς
1257 382 1467 436 κεντεῖν
1502 398 1670 450 πεφυ-

1780 382 2106 447 nominavit,
2141 390 2400 467 tanquam
2430 382 2621 439 inutile
2644 398 2890 456 germen,
2919 391 2977 439 et
3009 381 3076 438 ad
3103 397 3350 455 pungen-

3214 270 3351 338 1090

1782 474 1914 529 dum
1950 475 2111 545 quasi
2144 485 2359 529 natum.

1852 588 2019 642 Vens.
2056 588 2108 643 5.
2151 607 2168 639 ι
2211 575 2481 643 Delictum
2531 602 2713 641 meum
2759 586 3036 657 c0gnitum
3082 588 3176 643 tibi
3225 588 3352 652 ieci,

1779 690 1832 736 et
1862 681 2187 751 injustitiam
2223 695 2398 735 meam
2434 695 2541 736 non
2570 679 2855 734 abscondi.
2881 678 3021 745 Dixi,
3042 679 3356 736 Conﬁtebor

1781 773 2048 828 adversus
2078 788 2165 827 me
2195 772 2519 842 injustitiam
2563 787 2738 826 meam
2768 770 3021 836 Domino,
3059 779 3112 826 et
3140 779 3195 825 tu
3227 771 3354 825 abs-

1780 866 1954 921 tulisti
2025 866 2361 935 impietatem
2415 863 2621 934 peccati
2685 864 2814 919 mei.
2851 883 2870 916 ι
2925 864 3063 917 Cum
3114 863 3355 933 primum

1780 957 2021 1027 peccavi,
2060 956 2204 1011 tacui
2245 975 2259 1011 :
2292 971 2485 1011 verum
2534 964 2719 1026 postea
2748 955 2864 1011 dies
2912 962 3213 1025 noctesque
3242 969 3356 1008 me-

1778 1050 1961 1121 ipsum
2019 1049 2274 1105 accusavi
2320 1068 2334 1104 :
2383 1064 2449 1104 ex
2504 1049 2856 1103 accusatione
2909 1058 3086 1102 autem
3130 1062 3353 1118 magnos

1783 1147 1999 1216 percepi
2052 1143 2265 1199 fructus
2299 1162 2313 1199 :
2353 1153 2700 1213 peccatorum
2745 1144 2890 1197 enim
2949 1144 3160 1195 veniam
3223 1141 3353 1195 mihi

1780 1236 2123 1292 concessisti.
2160 1234 2471 1289 Notandum
2522 1246 2606 1291 est
2655 1236 2798 1304 quod
2838 1249 2946 1288 non
2989 1233 3210 1297 dixerit,
3255 1231 3355 1286 Re-

1779 1326 1975 1380 misisti
2032 1327 2164 1380 mihi
2213 1334 2529 1396 peccatum,
2593 1328 2687 1380 sed
2744 1327 3070 1396 impietatem
3108 1326 3354 1395 peccati:

1778 1418 1885 1474 hoc
1913 1426 2017 1483 est,
2055 1404 2164 1473 non
2206 1419 2477 1487 condigna
2513 1433 2673 1488 ptena
2724 1426 3072 1488 peccatorum
3121 1432 3207 1471 me
3254 1431 3354 1486 pu—

1778 1510 1954 1576 niisti,
1996 1525 2187 1564 verum
2225 1524 2507 1565 excessum
2556 1509 2775 1580 quidem
2826 1509 3033 1579 peccati
3070 1509 3352 1570 remisisti,

1780 1602 2042 1657 mediocri
2096 1611 2281 1657 autem
2327 1601 2806 1656 animadversione
2836 1601 3161 1655 medicinam
3194 1601 3344 1653 adhi-

129 1680 399 1790 τχιὺρησας,
465 1685 772 1757 συμμέτρῳ
817 1686 875 1741 δέ
922 1690 1144 1763 παιδείᾳ
1170 1691 1193 1723 ⁴
1224 1690 1323 1764 τὴν
1374 1692 1670 1765 θεραπείαν

1781 1695 1970 1751 buisti.
2011 1696 2127 1749 Hoc
2167 1702 2223 1750 et
2252 1693 2481 1748 historia
2514 1694 2691 1749 docet.
2747 1692 2884 1749 Cum
2932 1692 3078 1747 enim
3126 1692 3356 1747 dixisset

128 1772 367 1841 ἐπέθηκας
398 1776 439 1829 ³.
478 1776 656 1831 Τοῦτο
686 1780 781 1832 καὶ¹
810 1782 844 1850 ή
873 1781 1084 1854 ἱστορία
1117 1783 1382 1839 διδάσκει.
1414 1787 1670 1858 Είρηκότι

1783 1789 1984 1855 David,
2046 1808 2063 1841 ι
2103 1788 2325 1843 Peccavi
2378 1786 2611 1843 Domino
2638 1827 2653 1849 ,
2690 1806 2708 1839 ι
2758 1786 3042 1856 respondit
3090 1786 3306 1841 Nathan
3337 1827 3351 1849 ,

128 1867 213 1934 γὰρ
237 1866 309 1936 τῷ
348 1868 545 1934 Δαϐὶδ,
579 1889 599 1922 ι
645 1872 979 1946 Ἥμάρτηκα
1016 1875 1097 1948 τῷ
1141 1878 1354 1949 Κυρίῳ,
1388 1897 1407 1930 ι
1442 1880 1675 1951 ἀπεκρί-

133 1976 230 2011 δατο
258 1961 284 2011 ὀ
310 1960 530 2026 Νάθαν,
570 1981 591 2016 ι
627 1964 738 2017 Καὶ
791 1965 997 2038 Κύριος
1039 1969 1230 2038 ἀφεῖλε
1269 1969 1329 2024 τὺ
1367 1972 1676 2045 ἁμάρτημά

129 2067 220 2115 σου,
246 2051 301 2104 οὑ
335 2051 409 2121 μὴ
434 2055 747 2128 ἀποθάνῃς.
787 2074 809 2110 ι
836 2059 1140 2130 -Ἦπείλησε
1187 2061 1373 2132 μέντοι
1404 2066 1674 2119 παντοδα-

128 2142 220 2194 πῶν
236 2142 544 2215 ἐμπλήσειν
568 2146 668 2215 τὴν
696 2147 876 2202 οίκίαν
911 2150 1229 2222 συμφορῶν.
1259 2153 1417 2208 Οὑτω
1444 2156 1675 2211 κάνταῦ-

126 2236 195 2300 θα,
217 2254 233 2287 ι
260 2237 359 2289 Καὶ
379 2238 445 2290 σὺ
462 2238 692 2306 ἀφεῖλες
714 2240 811 2311 τὴν
824 2241 1080 2297 ἀσέϐειαν
1095 2244 1197 2314 τῆς
1211 2246 1484 2317 ἁμαρτίας
1499 2266 1623 2319 μου.
1649 2268 1667 2301 ι

129 2327 246 2379 Ἔδει
272 2345 355 2397 με,
387 2330 588 2399 φησὶν,
610 2331 795 2385 ἐκεῖνα
820 2334 1198 2407 τετολμηκότα
1220 2338 1383 2404 εὐθὺς
1412 2340 1553 2394 κατά
1576 2342 1669 2396 τὸν

128 2419 255 2489 νόμον
276 2418 499 2491 θανάτῳ
530 2424 903 2497 παραδοθῆναι
928 2442 941 2456 ·
968 2427 1105 2482 ἀλλὰ
1134 2430 1516 2505 φιλανθρωπίᾳ
1545 2452 1672 2507 χρηο

127 2512 322 2582 σάμενος
368 2514 598 2588 θανάτῳ
639 2518 738 2589 μὲν
800 2520 864 2573 οὑ
902 2522 1250 2594 παρέδωκας,
1308 2527 1559 2599 μετρίαις
1611 2530 1670 2583 δὲ

126 2605 355 2671 παιδείαις
380 2609 708 2681 ἰάτρευσας.

178 2742 239 2808 ς’.
276 2762 292 2795 ι
334 2742 520 2819 ’Υπέρ
564 2747 772 2820 ταύτης
813 2752 1176 2821 προσεύξεται
1203 2757 1223 2789 ⁸
1250 2759 1360 2822 πᾶς
1416 2759 1561 2825 ὅσιος
1610 2763 1669 2816 ἐν

126 2834 269 2906 καιρῷ
292 2836 529 2910 εὐθέτῳ.
559 2858 579 2892 ι
612 2842 833 2911 Καιρὸν
853 2844 1137 2901 781508207-
1156 2847 1303 2918 λέγει
1336 2852 1436 2922 τῆς
1475 2853 1667 2924 καινῆς

1790 1898 1811 1933 ι
1852 1879 2117 1934 Dominus
2146 1893 2366 1949 quoque
2396 1878 2621 1933 abstulit
2669 1887 2953 1948 peccatum
3003 1887 3191 1942 tuum,
3242 1894 3351 1931 non

1782 1972 2034 2027 morieris
2068 1973 2111 2025 ί.
2156 1990 2175 2023 ι
2211 1971 2449 2026 Minatus
2482 1980 2564 2026 est
2596 1979 2800 2024 tamen
2835 1986 2892 2025 se
2920 1971 3177 2024 omnibus
3204 1971 3351 2023 cala-

1780 2065 2070 2120 mitatibus
2108 2063 2256 2119 illius
2295 2063 2517 2118 domum
2548 2063 2922 2133 impleturum.
2954 2062 3157 2117 Eodem
3194 2064 3354 2117 modo

1779 2170 1835 2214 et
1871 2158 1974 2214 hoc
2004 2158 2123 2211 loco
2158 2174 2171 2212 :
2218 2174 2237 2207 ι
2278 2154 2341 2210 Ει
2375 2164 2430 2210 ιιι
2474 2156 2735 2209 remisisti
2775 2156 3110 2225 impietatem
3143 2154 3351 2224 peccati

1779 2246 1908 2301 mei.
1948 2264 1967 2297 ι
2010 2244 2308 2314 Oportebat
2338 2259 2445 2308 me,
2478 2245 2579 2305 ait,
2616 2260 2738 2299 cum
2787 2244 2879 2298 illa
2912 2255 3226 2314 perpetrare
3250 2260 3353 2298 an-

1779 2354 1873 2394 sus
1906 2352 2106 2402 essem,
2148 2338 2330 2393 statim
2380 2337 2681 2392 secundum
2726 2338 2893 2407 legem
2949 2345 3123 2391 morte
3158 2340 3175 2358 ‘
3208 2338 3351 2390 mul-

1778 2428 1929 2482 tari:
1967 2442 2154 2481 verum
2209 2428 2544 2498 benignitate
2582 2421 2744 2498 803
2799 2444 2954 2492 usus,
3006 2438 3179 2482 morte
3227 2429 3352 2499 qui-

1777 2518 1898 2574 dem
1935 2534 2045 2574 non
2085 2518 2343 2585 all‘ecisti,
2388 2519 2759 2576 mediocribus
2805 2537 2932 2577 vero
2985 2521 3214 2592 ﬂagellis
3265 2538 3351 2577 me

1775 2612 2080 2684 castigasti.

1846 2747 2011 2803 Vens.
2046 2746 2099 2801 6.
2141 2764 2161 2799 ι
2203 2745 2308 2801 Pro
2342 2745 2446 2802 hac
2493 2745 2674 2801 orabit
2720 2746 2787 2801 ad
2828 2754 2880 2802 te
2913 2746 3095 2800 omnis
3128 2755 3349 2802 sanctus

1776 2841 1828 2897 in
1864 2850 2102 2911 tempore
2132 2849 2463 2910 opportuno.
2506 2858 2525 2892 ι
2564 2838 2788 2909 Tempus
2823 2849 3173 2910 opportunum
3218 2842 3351 2898 dicit

125 2927 345 3001 διαθήκης
390 2931 497 3003 τὴν
544 2933 819 2990 πολιτείαν
840 2976 855 3000 ,
888 2938 947 2991 ἐν
1048 2940 1191 2994 κατά
1228 2943 1406 2997 πᾶσαν
1439 2946 1543 3015 γῆν
1571 2945 1667 3000 καὶ

1780 2936 1898 2991 novi
1935 2934 2246 2991 testamenti
2304 2940 2529 2997 statum,
2560 2932 2611 2986 in
2647 2947 2756 3002 quo
2790 2941 2933 2987 terra
2961 2934 3209 3003 marique
3241 2935 3348 2989 Da-

125 3019 358 3075 θάλασσαν
403 3027 539 3089 ταῖς
565 3025 661 3081 τοῦ
694 3028 862 3083 Δαϐὶδ
897 3030 1193 3102 ὑμνῳδίαις
1216 3035 1267 3086 οἱ
1298 3038 1666 3091 πεπιστευκό-

1780 3026 1969 3081 vidicis
2016 3022 2371 3097 hymnis,qui
2411 3022 2783 3087 crediderunt,
2832 3022 2999 3078 Deum
3051 3024 3344 3080 honorant.

124 3128 193 3175 τες
210 3116 529 3187 γεραίρουσι
553 3120 645 3174 τὸν
669 3122 804 3175 Θεόν
823 3138 837 3153 °
860 3097 1221 3179 tofitovtoivuv
1248 3127 1484 3183 ἐνταῦθα
1533 3147 1665 3201 προσ

1780 3116 1883 3173 Hoe
1929 3117 2093 3188 igitur
2137 3116 2227 3170 hic
2262 3114 2588 3186 praedicens,
2639 3115 2715 3169 ait
2752 3115 2987 3170 Domino
3026 3133 3040 3171 :
3075 3114 3342 3182 Quoniam

125 3207 334 3275 αγορεύει
360 3210 455 3264 καί
494 3228 630 3282 φησι
669 3213 749 3283 τῷ
781 3210 1050 3289 Δεσπότῃ,
1082 3218 1163 3273 ὄτι
1194 3220 1269 3273 Οὑ
1327 3222 1489 3292 μόνος
1527 3224 1669 3297 ὑπὲρ

125 3297 287 3369 ταύτης
314 3300 593 3355 ἀντιϐολῶ
621 3320 679 3356 σε
714 3304 816 3375 τῆς
841 3307 1140 3379 ἁμαρτίας,
1174 3311 1312 3365 ἀλλὰ
1345 3312 1440 3367 καὶ
1466 3314 1669 3379 πάντες

124 3387 161 3439 oi
180 3389 302 3442 κατὰ
319 3390 417 3463 τὴν
440 3393 778 3468 οἰκουμένην
812 3399 911 3469 τὴν
936 3399 957 3430 ⁸
975 3401 1304 3470 θεογνωσίαν
1325 3403 1603 3474 δεξόμενοι
1622 3406 1665 3471 ⁸,

123 3480 289 3553 ταύτην
319 3484 462 3556 ὑπὲρ
500 3486 637 3556 ἐμοῦ
674 3489 1030 3558 προσοίσουσι
1058 3492 1157 3564 τὴν
1187 3495 1373 3566 εὐχήν.
1411 3497 1522 3552 Καὶ
1556 3496 1667 3569 γάρ

126 3587 216 3635 πως
246 3574 509 3644 ἐοίκαμεν
543 3576 614 3631 τά
659 3577 754 3633 τοῦ
795 3579 962 3635 Δαϐὶδ
1011 3581 1375 3656 φθεγγόμενοι
1421 3587 1663 3659 ῥήματα,

122 3664 199 3733 τὴν
244 3668 445 3721 ἐκείνου
513 3669 762 3739 γλῶτταν
816 3675 1227 3746 ἀναλαμϐάνειν
1274 3681 1367 3733 ἐπὶ
1395 3678 1473 3751 τῷ
1503 3681 1546 3713 ³ο
1573 3681 1665 3735 τὸν

123 3758 227 3810 θεὸν
249 3760 509 3833 ὰνυμνεῖν
529 3764 594 3817 ⁸⁸.
622 3783 640 3816 ι
670 3765 817 3837 Πλὴν
836 3769 895 3820 ἐν
911 3768 1281 3841 κατακλυσμῷ
1303 3772 1509 3827 ὑδάτων
1535 3773 1665 3827 πολ-

124 3848 206 3904 λῶν
251 3854 379 3926 πρὲις
426 3857 603 3911 αὑτὸν
657 3858 758 3912 οὑκ
804 3859 1071 3930 ἐγγιοῦσι.
1113 3882 1132 3915 ι
1163 3864 1335 3918 Τοῦτο
1374 3865 1430 3919 δὲ
1457 3868 1486 3920 6
1514 3868 1664 3938 Σύμ-

126 3959 265 4013 μαχος
292 3947 876 4022 οὕτως’ἡρμήνευσεν·
905 3956 1047 4024 Περὶ
1086 3958 1305 4011 τούτου
1334 3961 1667 4027 προσεύξε-

125 4052 198 4089 ται
227 4039 336 4107 πᾶς
371 4043 573 4110 ὅσιος,
596 4047 804 4115 καιρὸν
824 4050 1035 4118 εὑρὼν,
1074 4049 1231 4106 ὥστε
1266 4053 1666 4117 ἐπικλύζων-τα

124 4127 279 4185 ὕδατα
300 4134 508 4190 πολλὰ
554 4138 705 4206 πρὸς
752 4140 944 4194 αὐτὸν
971 4142 1059 4211 μὴ
1087 4142 1343 4214 ἐγγίσαι.
1397 4147 1457 4201 '0
1493 4166 1663 4202 σπου-

124 4218 248 4313 δαίαν
276 4241 352 4278 σοι
381 4229 425 4258 ⁸⁸
476 4229 805 4303 προσφέρων
857 4234 957 4304 τὴν
1010 4236 1246 4291 ἱκετείαν
1313 4240 1664 4313 παντοδαπῆς

124 4310 458 4371 ἀπολαύσεται
493 4321 857 4392 προμηθείας.
882 4324 1047 4377 Ὥστε
1079 4325 1183 4380 κᾶν
1203 4328 1487 4401 διαφόροις
1518 4310 1661 4402 συμ-

1768 3227 1879 3268 non
1907 3211 2058 3266 solus
2086 3225 2187 3280 pro
2217 3210 2319 3264 hac
2345 3209 2620 3279 impietate
2643 3218 2694 3263 te
2715 3210 2998 3279 deprecor,
3028 3211 3122 3273 sed
3151 3226 3345 3266 omnes

1767 3305 1863 3374 qui
1916 3318 2013 3374 per
2060 3310 2230 3359 totum
2278 3301 2464 3356 orbem
2503 3300 2743 3354 divinam
2776 3302 3145 3372 cognitionem
3195 3302 3343 3355 acci-
3416 3314 3432 3327 '

1768 3397 1937 3469 pient,
1964 3397 2062 3451 has
2093 3411 2191 3467 pro
2226 3409 2315 3449 me
2344 3394 2442 3448 tibi
2473 3393 2704 3449 offerent
2733 3409 2945 3464 preces.
2979 3394 3345 3464 Etenimquo-

1768 3490 2067 3546 dammodo
2104 3488 2377 3554 videmur,
2412 3487 2633 3541 Davidis
2667 3487 2833 3542 verba
2863 3487 3167 3556 loquentes,
3197 3487 3344 3541 illius

1765 3584 2006 3655 linguam
2043 3596 2325 3638 assumere
2354 3582 2419 3635 ad
2460 3579 2628 3634 Deum
2663 3579 3017 3634 laudandum.
3055 3598 3073 3631 ι
3114 3581 3344 3635 Verum-

1767 3687 1949 3733 tamen
1986 3675 2042 3731 in
2072 3675 2278 3730 diluvio
2313 3673 2935 3745 aquarum-multarum,
2964 3676 3030 3727 ad
3078 3688 3203 3727 eum
3236 3689 3340 3727 non

1766 3768 2294 3841 appropinquabunt.
2346 3784 2364 3816 ι
2436 3764 2546 3819 Hoc
2608 3765 2971 3835 Symmachus
3041 3764 3121 3819 sic
3174 3765 3343 3819 inter-

1763 3870 2007 3933 pretatus
2029 3868 2146 3915 est:
2173 3857 2282 3911 Pro
2312 3858 2408 3911 hoc
2441 3855 2617 3911 orabit
2649 3857 2817 3908 omnis
2844 3863 3056 3908 sanctus
3088 3864 3341 3924 opportu-

1764 3956 1936 4011 nitate
1968 3954 2200 4015 inventa,
2229 3968 2290 4005 ne
2325 3966 2477 4021 aqua:
2508 3949 2691 4002 multa:
2717 3949 3035 4002 inundantes
3071 3949 3140 4001 ad
3166 3950 3339 4018 ipsum

1765 4046 2208 4116 appropinquent.
2258 4042 2364 4109 Qui
2412 4041 2714 4096 studiosam
2755 4039 3193 4110 deprecationem
3242 4041 3337 4097 tibi

1764 4137 1945 4201 oiIert,
1981 4150 2141 4190 omne
2163 4133 2428 4192 auxilium
2465 4140 2849 4201 consequetur.
2889 4130 3095 4201 itaque,
3128 4132 3251 4186 licet
3284 4133 3338 4187 in

1762 4231 2009 4285 diversas
2038 4227 2379 4283 calamitates
2407 4225 2633 4292 incidat,
2656 4239 2779 4295 qum
2796 4224 2962 4279 veluti
2985 4241 3140 4295 aqum
3160 4226 3335 4295 ipsum

1765 4321 2055 4386 inundent,
2098 4318 2348 4389 superior
2378 4326 2556 4372 tamen
2586 4317 2673 4373 his
2701 4317 2828 4381 erit,
2856 4328 2909 4371 et
2936 4317 3208 4387 potentior
3244 4333 3345 4397 οτι-γ
3442 4364 3445 4369 .

125 4407 285 4472 φοραῖς
329 4413 632 4484 περιπέσῃ,
658 4413 814 4485 δίκην
856 4416 1021 4469 αὑτὸν
1052 4418 1260 4473 ὑδάτων
1300 4422 1659 4494 περικλυζού-

1784 4414 2097 4473 amitatibus
2124 4411 2332 4469 evadet.

126 4510 241 4588 ταις,
259 4503 643 4571 περιγενέσθαι
658 4505 865 4560 τούτων
898 4509 994 4563 καὶ
1014 4509 1303 4582 κρείττονα
1316 4514 1594 4588 δειχθῆναι
1610 4518 1654 4551 ¹³

124 4584 211 4638 τῶν
234 4588 507 4665 λυπηρῶν.

178 4677 223 4743 ζ.
251 4699 269 4733 ι
301 4685 369 4737 Σύ
402 4703 510 4757 μου
537 4684 589 4741 εἴ
613 4690 910 4765 καταφυγὴ
940 4694 1049 4751 ἀπὸ
1081 4696 1312 4770 θλίψεως
1354 4704 1454 4773 τῆς
1498 4719 1658 4776 ’περι⁸

187 4878 201 4918 ί
236 4878 276 4934 ll
303 4881 433 4956 Reg.
481 4899 577 4955 xu,
618 4888 709 4943 15.

1837 4703 1999 4758 Vens.
2043 4701 2097 4754 7.
2138 4717 2157 4751 ι
2194 4699 2276 4755 Tu
2306 4713 2367 4755 es
2392 4696 2662 4769 refugium
2694 4712 2873 4752 meum
2909 4696 3328 4765 avtribulatione‘

1198 5048 1431 5105 VARUE
1468 5048 1850 5107 LECTlONES
1889 5051 1978 5106 ET
2018 5051 2254 5108 NOT/E.

185 5233 576 5320 ’δἈμιιρτίᾳν·Σ
622 5242 804 5320 cod._i
840 5245 1085 5320 ἀνομίαν,
1140 5256 1199 5301 ιιι
1249 5247 1446 5318 legitur
1507 5249 1562 5303 in
1618 5265 1670 5305 cc

1801 5251 1955 5306 Alex.
2014 5253 2138 5307 cod.
2191 5251 2405 5320 Aug.il
2451 5260 2507 5306 et
2541 5251 2576 5305 2
2629 5250 2837 5305 addunt
2895 5268 3016 5320 μου.
3092 5252 3137 5285 ⁸⁸
3178 5254 3329 5307 Ἀνο.

128 5301 261 5384 μίαν.
289 5301 421 5384 Δῥοᾷ.
474 5311 496 5363 1
550 5312 850 5384 ἁμαρτίαν,
909 5301 1112 5384 pariter
1166 5301 1465 5374 secundum
1510 5301 1670 5374 abdi};

1801 5301 1978 5376 lie}.

133 5372 225 5458 lt.|_.
262 5377 330 5458 _"
376 5372 706 5458 ξᾼμαρτῖᾳξ.
732 5372 854 5458 cod.
891 5372 942 5452 ί,
968 5386 1004 5438 2
1036 5387 1284 5458 καρδίας,
1311 5372 1430 5457 qua:
1469 5372 1631 5443 etiam
1648 5372 1670 5439 vl

1780 5372 1885 5446 rec.
1899 5372 2066 5446 let-tio
2098 5392 2153 5444 h.
2174 5372 2231 5444 il.

2085 5322 2133 5354 ’⁸
2165 5319 2294 5374 cod.
2337 5319 2373 5390 2
2424 5320 2665 5389 ἀφῆκας,
2715 5337 2837 5390 qua:
2892 5319 2976 5376 est
3023 5339 3132 5379 rec.
3172 5323 3330 5381 lectio

2306 5388 2353 5421 ⁸⁸
2378 5388 2575 5456 Εὐθὺς
2605 5422 2675 5431 -—
2705 5388 2820 5459 τὴν·
2841 5391 3079 5460 ἄφεσιν.
3116 5393 3237 5447 Des.
3273 5396 3326 5449 in

131 5444 236 5533 sed.
256 5444 570 5533 ‘5.“9’00'11.
594 5453 645 5533 ,2
661 5444 896 5533 ξταύτην.
928 5444 939 5452 ’
959 5459 993 5533 ,ί
1026 5444 1146 5512 cod.
1174 5444 1582 5533 i,'2_épautofi.
1616 5462 1670 5533 _’

1780 5444 2066 5516 iaAbestJa
2093 5461 2218 5516 cod.
2251 5460 2304 5512 1.
2325 5530 2333 5533 Α
2355 5459 2401 5533 L’
2426 5444 2573 5515 Μένῖ.
2601 5444 2773 5533 Abest
2796 5478 2823 5515 a
2856 5444 2977 5516 cod.
3005 5444 3077 5517 2;
3136 5444 3328 5533 *Ξινῇξ

404 5520 669 5605 παιδείᾳ.
694 5527 812 5605 coll.
832 5512 1225 5605 ’ᾎσύμμετρον
1248 5528 1333 5605 δέ..
1353 5512 1366 5528 ’
1402 5529 1423 5560 ⁸
1442 5512 1580 5605 cod.
1614 5530 1648 5584 '5

1781 5512 2009 5605 sagae:
2040 5512 2077 5564 3
2099 5512 3127 5605 Massagetae:'3'a'a,ii1;5.;,;e.,
3159 5512 3329 5599 ait

130 5582 195 5635 sic
220 5600 419 5666 quoque
445 5590 497 5666 i_n
536 5582 677 5666 vers.
713 5596 821 5649 τῶν
846 5596 903 5649 ω’
924 5582 1025 5666 leg.

132 5667 211 5740 ξέοι.
259 5656 472 5740 ᾼ¹⁹ιίξτὶ
498 5658 596 5740 ζῷ.
630 5667 787 5720 codd.
818 5678 926 5724 tres
963 5656 1099 5740 Aug.
1132 5668 1244 5722 καί.

128 5734 224 5776 ναι.
248 5725 360 5779 cod.
388 5728 421 5778 2
444 5732 643 5798 μεῖνα..

1102 5599 1120 5629 ⁷
1155 5600 1389 5671 Κᾳιρόν.
1428 5600 1595 5671 Abest
1617 5616 1645 5654 a
1678 5600 1801 5653 cod.
1836 5603 1888 5655 5.
1985 5602 2007 5635 ⁸
2054 5602 2190 5667 Τήν.
2222 5602 2343 5671 cod.
2374 5601 2409 5655 5
2437 5602 2586 5654 addit
2612 5603 2731 5671 σήν.

1350 5671 1387 5701 ¹¹
1414 5671 1536 5726 cod.
1565 5670 1600 5723 2
1626 5680 1677 5725 et
1700 5673 1735 5725 5
1763 5673 1968 5741 ὑμνεῖν.

2838 5603 2857 5633 ⁹
2884 5604 3006 5658 cod.
3033 5603 3065 5657 Vi
3099 5605 3326 5671 δεξάμε-

2046 5675 2088 5704 ¹¹
2119 5672 2242 5725 Σοί.
2276 5670 2330 5726 In
2358 5671 2518 5728 codd.
2551 5672 2583 5726 5
2615 5670 2731 5743 seq.
2774 5674 2927 5744 φησί.
3010 5674 3056 5711 ¹³
3083 5670 3326 5745 Δειχθῆ-
