3842 6508
163 352 274 418 1097

1396 339 1475 398 IN
1533 338 1737 396 PSAL.
1799 336 2046 395 XXXII.

3221 327 3353 391 1008

163 463 433 534 φωστῆρας,
465 457 513 510 οι
539 456 591 510 δὲ
636 455 735 517 τὰς
761 454 1031 524 ἀοράτως
1083 454 1290 523 ἔφασαν
1324 449 1465 505 εἶναι
1522 453 1677 504 δυνά-

1808 452 2007 504 mmino
2043 465 2149 504 non
2179 449 2245 502 de
2276 449 2388 502 sola
2444 456 2692 501 creatura
2734 460 2855 514 qum
2906 443 3170 508 cernitur,
3206 460 3358 498 men-

164 571 279 628 μεις.
319 553 459 621 Ἐμοὶ
480 549 533 602 δὲ
560 547 616 600 τδ
642 546 895 617 δεύτερον
932 546 1296 620 ἀληθέστερον
1341 541 1480 598 εἶναι
1507 545 1672 599 δοκεῖ.

161 642 452 716 Δημιουργὸν
491 641 592 709 γάρ
617 638 940 701 ὑποδεικνὺς
969 636 1062 690 τὸν
1099 636 1255 700 Θεὸν,
1286 636 1386 689 οὐκ
1415 635 1482 690 ἂν
1510 639 1680 707 μόνης

159 740 237 810 τῆς
254 735 508 808 ὁρωμένης
535 731 902 802 ἐμνημόνευσε
925 731 1180 794 κτίσεως.

213 829 269 893 ζ’.
319 844 337 877 ι
384 824 632 892 Συνάγων
688 824 823 876 ὡσεὶ
863 825 1032 878 ἀσκὸν
1051 825 1096 856 ⁷⁸
1154 823 1326 876 ὕδατα
1366 824 1677 894 θαλάσσης·

1783 546 1982 598 tionem
2017 543 2159 596 fecit.

1853 809 2018 863 Vens.
2055 808 2105 860 7.
2155 825 2174 858 ι
2215 808 2572 878 Congregans
2600 806 2742 862 sicut
2769 815 2944 862 utrem
2977 822 3148 878 aquas
3174 809 3364 873 maris,

158 922 296 983 τιθεὶς
332 920 386 972 έν
438 916 731 987 θησαυροῖς
786 917 1078 980 ἀϐύσσους.
1117 936 1138 970 ι
1199 919 1387 970 Πᾶσαν
1430 917 1529 988 μὲν
1574 919 1683 988 γάρ

1808 902 1952 972 309
1983 916 2193 971 ponens
2224 902 2278 954 in
2310 901 2583 956 thesauris
2633 900 2884 970 abyssos.
2921 920 2940 953 ι
2975 898 3109 956 Nam
3145 908 3366 956 omnem

158 1013 298 1067 τῶντί
324 1009 520 1061 ὑδάτων
583 1008 682 1078 τὴν
729 1008 912 1076 φύσιν,
954 1009 1145 1080 ῶσπερ
1171 1012 1228 1062 ὲν
1275 1010 1548 1080 ταμιείοις
1573 1010 1686 1061 τισὶ

157 1108 247 1168 τοῖς
263 1100 645 1172 ἀφωρισμένοις
671 1102 892 1172 χωρίοις
924 1101 1329 1172 καθειργμένην
1361 1102 1503 1172 ἔχει·
1535 1101 1684 1154 ἕλκει

156 1198 201 1248 δὲ
237 1194 418 1262 ταύτην
447 1193 528 1255 είς
561 1193 654 1245 τὸν
688 1193 828 1264 ἀέρα
885 1193 1181 1263 μετέωρον,
1229 1193 1306 1245 ὅτ’
1333 1194 1399 1246 ἂν
1460 1191 1588 1262 θέλῃ
1615 1193 1682 1258 ⁷³,

159 1282 232 1336 καὶ
256 1281 320 1342 ὡς
355 1280 410 1330 ὲν
453 1279 608 1350 ἁσκῷ
647 1296 754 1332 τινι
792 1281 914 1342 ταῖς
959 1278 1215 1347 νεφέλαις
1257 1280 1565 1348 συνάγει⁷³.
1596 1279 1686 1332 Διὸ

159 1370 274 1436 λίγει
295 1368 354 1400 "°
398 1385 415 1418 ι
477 1368 719 1436 Ἀνάγων
754 1368 982 1436 νεφέλας
1018 1367 1079 1432 ἐξ
1111 1369 1344 1438 ἐσχάτου
1374 1371 1474 1439 τῆς
1510 1372 1634 1440 γῆς.
1661 1387 1682 1421 ι

160 1459 245 1511 Καὶ
262 1458 301 1491 ⁷³
321 1456 546 1526 ἀλλαχοῦ
569 1457 627 1510 δὲ
659 1458 822 1514 πάλιν
848 1461 881 1529 ἡ
909 1459 1028 1512 θεία
1057 1459 1249 1530 Γραφή
1273 1479 1286 1491 ·
1315 1479 1332 1511 ι
1365 1461 1422 1511 ’0
1441 1477 1688 1530 προσκα-

159 1550 371 1619 λούμενος
408 1549 467 1601 τὺ
523 1549 671 1619 ὕδωρ
707 1551 807 1621 τῆς
841 1551 1142 1620 θαλάσσης,
1198 1554 1292 1606 καὶ
1319 1553 1528 1623 ὲκχέων
1558 1553 1690 1606 αὐτὸ

160 1646 231 1694 ἐπὶ
255 1642 524 1710 πρόσωπον
556 1644 602 1674 ⁷⁸
626 1643 809 1709 πάσης
834 1645 932 1713 τῆς
956 1646 1078 1717 γῆς.
1116 1667 1134 1698 1

213 1738 270 1801 η’,
297 1731 354 1784 θ’.
396 1751 414 1783 ι
453 1733 756 1805 Φοϐηθήτω
801 1734 894 1788 τὸν
923 1737 1131 1807 Κύριον
1178 1740 1328 1792 πᾶσα
1366 1740 1398 1809 ή
1439 1739 1560 1813 ⁵γῆς’
1593 1738 1688 1791 ἀπ’

1785 995 2003 1064 quidem
2060 1009 2328 1063 aquarum
2363 1003 2641 1061 naturam,
2674 993 2821 1046 velut
2849 993 2902 1046 in
2928 993 3164 1064 quodam
3197 1009 3366 1063 penu,

1785 1086 2024 1141 delinitis
2081 1087 2132 1140 in
2181 1087 2318 1140 locis
2363 1087 2678 1141 conclusam
2715 1087 3004 1140 continet:
3036 1087 3205 1140 trahit
3237 1103 3368 1140 vero

1785 1180 1931 1235 hanc
1981 1180 2037 1233 in
2085 1195 2212 1234 aera
2261 1179 2552 1234 sublimem
2587 1195 2711 1232 cum
2744 1178 3001 1242 voluerit,
3031 1186 3085 1231 et
3110 1185 3369 1247 tanquam

1787 1273 1843 1326 in
1877 1282 1994 1328 utre
2025 1274 2260 1341 quodam
2283 1287 2401 1326 eam
2433 1272 2484 1324 in
2520 1272 2760 1325 nubibus
2783 1281 3091 1340 congregat.
3111 1263 3370 1340 Promer-

1785 1378 1849 1418 ea
1875 1364 1984 1417 ait:
2041 1383 2058 1415 ι
2097 1363 2390 1418 Adducens
2454 1363 2628 1416 nubes
2663 1379 2690 1416 a
2732 1362 2936 1416 ﬁnibus
2967 1371 3125 1416 terrae
3159 1374 3205 1415 ο.
3243 1381 3263 1412 ›
3303 1362 3371 1415 Ει

1788 1455 1916 1508 alibi
1949 1455 2132 1509 divina
2165 1455 2449 1524 Scriptura
2477 1453 2653 1524 inquit
2684 1471 2697 1506 :
2754 1471 2774 1504 ι
2813 1451 2920 1519 Qui
2950 1464 3142 1507 evocat
3170 1468 3369 1522 aquam

1789 1547 1979 1612 maris,
2032 1555 2088 1599 et
2137 1546 2366 1601 ell‘nndit
2411 1545 2586 1614 ipsam
2634 1558 2800 1613 super
2846 1542 3042 1610 facient
3101 1544 3370 1598 universas

1791 1643 1949 1691 terrae
1987 1639 2006 1674 ³
2019 1677 2032 1690 .
2081 1658 2099 1689 ι

1862 1730 2026 1784 Vens.
2061 1730 2114 1796 8,
2133 1731 2184 1785 9.
2219 1748 2237 1781 ι
2261 1728 2473 1782 Timeat
2497 1727 2784 1780 Dominum
2808 1730 2988 1782 omnis
3011 1737 3179 1790 terra,
3209 1729 3278 1781 ab
3307 1742 3372 1782 eo

161 1823 290 1876 αὐτοῦ
311 1823 363 1876 δὲ
393 1823 819 1895 σαλευθήτωσαν
862 1828 1065 1891 πάντες
1095 1830 1144 1880 οἱ
1175 1832 1562 1895 κατοικοῦντες
1590 1832 1689 1902 τὴν

1808 1834 1970 1874 tutem
2018 1828 2471 1874 commoveantur
2497 1834 2690 1873 mnnes
2715 1818 3087 1872 inhabitantes
3115 1828 3313 1871 terram
3354 1834 3368 1869 :

159 1913 454 1983 οἰκουμένην.
495 1915 620 1966 Ὀτι
647 1916 811 1978 αὐτὸς
838 1911 1015 1980 εἶπεν,
1057 1920 1150 1972 καὶ
1189 1923 1529 1992 ἐγενήθησαν
1552 1935 1566 1950 ⁶
1595 1922 1692 1975 αύ-

159 2003 228 2064 τὸς
273 2004 584 2068 ἐνετείλατο,
623 2007 719 2060 καὶ
780 2009 1130 2080 ἐκτίσθησαν.
1186 2031 1205 2063 ›
1269 2011 1391 2064 Τῶν
1449 2013 1692 2083 οὐρανῶν

161 2095 533 2166 μνημονεύσας,
571 2098 669 2151 καὶ
712 2099 820 2153 τῶν
870 2103 1119 2172 ἀοράτων
1149 2105 1452 2174 δυνάμεων,
1501 2107 1692 2159 ἔπειτα

160 2189 236 2254 τῇς
263 2189 356 2242 τῶν
387 2189 602 2243 ὑδάτων
635 2191 847 2257 οὐσίας,
866 2195 988 2262 ἄγει
1021 2198 1117 2250 καὶ
1146 2198 1244 2268 τὴν
1271 2200 1374 2268 γῆν
1400 2201 1478 2262 εἰς
1506 2201 1692 2269 μέσον,

160 2280 367 2342 καὶτοὺς
406 2281 620 2353 ταύτην
659 2285 1068 2352 κατοικοῦντας,
1127 2290 1408 2359 ποιήματα
1461 2291 1628 2344 αὐτοῦ
1651 2293 1693 2323 ’⁷⁷

159 2370 265 2426 εἶναι
286 2375 570 2441 διδάσκων,
601 2378 696 2429 καὶ¹
729 2379 1061 2448 παρεγγυῶν
1087 2380 1318 2434 δεδιέναι
1342 2383 1437 2435 καὶ
1474 2383 1696 2454 τρέμειν

158 2467 226 2520 τὸν
253 2468 493 2536 Ποιητὴν,
541 2471 644 2522 καὶ
683 2472 862 2534 τοῖς⁷⁸
907 2471 1075 2526 αὐτοῦ
1106 2473 1337 2545 νεύμασι
1379 2475 1692 2532 πείθεσθαι.

159 2559 214 2612 Τὸ
232 2560 381 2629 γάρ⁷⁹
401 2563 910 2629 σαλευθήτωσαν,
933 2566 962 2617 ὁ
991 2565 1091 2636 μὲν
1121 2567 1168 2597 ⁸ο
1201 2567 1494 2637 Σύμμαχος
1522 2569 1699 2621 εὐλα-

159 2651 470 2719 ϐείσθωσαν,
488 2658 518 2706 ὁ
531 2655 594 2708 δὲ
613 2657 845 2722 Ἀκύλας
870 2660 1408 2726 ὑποσταλήσονται
1426 2664 1470 2692 ⁸⁸
1483 2662 1692 2734 εἴρηκε,

160 2743 219 2813 τῷ
238 2746 423 2799 ἐπιόντι
447 2748 633 2817 χρόνῳ
679 2748 778 2820 τὴν
825 2751 925 2820 τῆς
964 2755 1289 2824 οἰκουμένης
1321 2755 1701 2826 παραπέμψας

161 2837 427 2892 εὐλάϐειαν.
446 2841 589 2895 esse
613 2843 723 2913 γὰρ
742 2842 906 2914 ἡνίκα
933 2845 1124 2899 τούσδε
1148 2847 1274 2910 τοὺς
1297 2847 1489 2915 λόγους
1514 2847 1703 2918 ἐποιή-

161 2947 279 2992 cura,
306 2933 510 3004 ταύτην
567 2933 730 3004 ἔσχον
785 2937 833 2989 οἱ
888 2938 1188 3010 ἄνθρωποι,
1254 2939 1392 2992 ἀλλὰ
1429 2941 1570 3008 μετὰ
1601 2940 1700 3010 τὴν

155 3020 562 3094 ἐνανθρώπησιν,
597 3026 691 3077 καὶ
724 3026 786 3078 τὸ
811 3027 1008 3091 πάθος,
1041 3031 1135 3083 καὶ
1167 3034 1267 3100 τὴν
1286 3031 1585 3084 ἀνάστασιν
1606 3029 1702 3084 τοῦ

155 3113 386 3168 Δεσπότου
412 3117 459 3168 Χ
466 3135 500 3186 ρ
519 3118 691 3172 ιστοῦ.

211 3212 255 3267 ι’,
290 3207 372 3260 ια’.
410 3226 427 3258 ι
465 3208 685 3279 Κύριος
729 3211 1071 3276 διασκεδάζει
1119 3212 1316 3282 βουλὰς
1349 3213 1538 3280 ἐθνῶν,
1571 3215 1702 3269 ἀθε-

156 3297 284 3349 τείδὲ
314 3299 619 3368 λογισμοὺς
648 3301 820 3353 λαῶν’
845 3303 942 3355 καὶ
975 3303 1158 3356 ἀθετεῖ
1181 3305 1376 3374 βουλὰς
1400 3306 1700 3375 ἀρχόντων.

164 3388 294 3442 Ἡδὲ
340 3390 512 3463 βουλὴ
562 3392 659 3444 τοῦ
711 3393 917 3462 Κυρίου
939 3397 1020 3457 εἰς
1059 3395 1150 3448 τὸν
1196 3397 1371 3450 αίῶνα
1407 3399 1582 3468 μένει,
1616 3399 1698 3452 λο-

156 3483 314 3550 γισμοὶ
338 3483 435 3553 τῆς
457 3483 700 3554 καρδίας
721 3485 886 3539 αὑτοῦ
919 3489 1001 3551 εἰς
1021 3489 1215 3555 γενεὰν
1232 3489 1277 3519 δ’
1310 3491 1406 3543 καὶ
1440 3493 1653 3559 γενεάν.
1679 3513 1697 3544 ι

157 3575 325 3644 Διπλῆν
349 3575 462 3646 ἔχει
528 3576 626 3647 τὴν
675 3577 974 3654 ἑρμηνείαν
1026 3579 1096 3630 τὰ
1127 3581 1427 3650 εἰρημένα·
1475 3583 1538 3634 οὺ
1593 3583 1703 3654 γάρ

159 3665 289 3733 μόνον
329 3666 436 3719 τῶν
468 3668 836 3737 ιἈσσυρίων,
888 3670 983 3722 καὶ
1027 3670 1122 3723 τοῦ
1163 3672 1562 3745 Σενναχηρεὶμ,
1611 3678 1705 3728 καὶ

158 3756 230 3808 τοῦ
265 3756 540 3828 Ῥαψάκου
588 3759 900 3813 διεσκέδασε
955 3762 1053 3826 τὰς
1113 3763 1309 3830 βουλάς
1329 3780 1344 3794 ⁸
1377 3763 1592 3837 καὶτῆς
1625 3767 1706 3818 οἰ-

157 3854 282 3913 κείας
311 3851 514 3922 βουλῆς
539 3852 640 3922 τὴν
667 3853 900 3923 δύναμιν
948 3856 1043 3908 καὶ
1069 3856 1170 3927 τὴν
1193 3856 1453 3928 ἀλήθειαν
1482 3857 1703 3923 ἔδειξεν·

157 3939 268 3992 ἀλλὰ
297 3943 388 3995 καὶ
425 3944 549 3996 τῶν
572 3944 715 3997 κατὰ
743 3945 841 4016 τὴν
870 3946 1200 4018 οἰκουμένην
1239 3948 1410 4002 ἐθνῶν
1440 3951 1536 4013 τὰς
1564 3951 1707 4005 κατὰ

157 4033 243 4086 τῶν
262 4035 583 4089 ἀποστόλων
601 4038 997 4101 ἐπαναστάσεις
1015 4037 1249 4105 διέλυσε,
1268 4041 1364 4094 καὶ
1378 4042 1477 4111 τῆς
1502 4043 1708 4106 οἰκείας

157 4124 407 4196 δυνάμεως
451 4129 524 4182 τὸ
576 4132 776 4200 κράτος
805 4131 962 4203 δῆλον
1019 4135 1320 4203 πεποίηκεν
1349 4135 1555 4188 ἅπασι*
1586 4134 1710 4188 τοῦ-

156 4232 206 4269 το
225 4218 265 4249 ⁸³
291 4221 397 4291 γὰρ
424 4224 454 4276 ὁ
489 4223 834 4293 προφητικὸς
870 4224 1090 4296 ᾐνίξατο
1119 4225 1298 4294 λόγος,
1326 4227 1516 4280 εἰπών’
1553 4249 1570 4280 ι
1610 4229 1712 4282 Λο-

156 4314 321 4378 γισμοὶ
352 4313 451 4382 τῆς
484 4313 722 4382 καρδίας
755 4315 918 4368 αὐτοῦ
955 4318 1035 4380 εἰς
1068 4317 1263 4384 γενεὰν
1289 4319 1384 4371 καὶ⁵
1413 4323 1628 4389 γενεάν.
1685 4341 1704 4374 ι

157 4399 315 4452 Trin“
345 4402 440 4456 δύο
472 4404 743 4476 γενεῶνὴ
797 4410 986 4478 μνήμη
1031 4409 1274 4464 διδάσκει
1318 4414 1413 4466 καὶ
1459 4413 1528 4466 τὰ
1563 4430 1712 4485 τηνι-

158 4493 310 4548 καῦτα
337 4499 635 4569 γενόμενα,
657 4499 756 4552 καὶ
787 4504 857 4553 τά
901 4503 1040 4571 μετὰ
1073 4503 1246 4558 ταῦτα
1279 4507 1533 4576 ἐσόμενα.

218 4675 295 4745 ιβ’.
338 4697 358 4728 ‹
410 4680 708 4752 Μακάριον
737 4684 798 4738 τὸ
824 4683 998 4749 ἔθνος,
1025 4680 1085 4742 οὗ
1115 4689 1232 4742 ἐστι
1261 4689 1468 4761 Κύριος
1509 4693 1539 4745 ὁ
1577 4691 1710 4756 Θεὸς

159 4766 302 4819 αὐτοῦ
321 4786 334 4798 ·
365 4770 497 4834 λαὸς
522 4771 583 4824 ὂν
615 4772 898 4839 ἐξελέξατο
926 4779 1007 4839 είς
1037 4778 1402 4850 κληρονομίαν
1431 4782 1629 4852 ἐαυτῷ.
1685 4801 1703 4833 ι

157 4857 426 4929 Δεῖμρησὶ,
472 4863 827 4934 μακαρίζειν,
857 4866 918 4918 ού
963 4868 1092 4930 τοὺς
1147 4869 1364 4940 πλούτῳ
1402 4871 1707 4940 κομῶντας,

222 5051 243 5076 ε
294 5039 440 5096 Psal.
483 5057 707 5107 cxxxtv,
741 5042 795 5094 7.
881 5044 899 5078 ί
927 5043 1092 5099 Amos
1122 5060 1172 5111 ν,
1207 5044 1261 5099 8.

1789 1914 2050 1982 quoniam
2087 1910 2203 1979 ipse
2229 1909 2388 1974 dixit,
2429 1919 2484 1963 et
2511 1908 2652 1964 facta
2693 1919 2843 1971 sunt,
2869 1910 2984 1978 ipse
3013 1910 3290 1964 mandavit
3322 1919 3377 1965 et

1790 2011 1968 2057 creata
1997 2012 2144 2057 sunt.
2181 2021 2199 2054 ι
2235 2001 2371 2055 Cum
2402 2002 2468 2054 de
2496 2001 2671 2067 caelis,
2707 2011 2871 2070 atque
2917 2002 2984 2056 de
3014 2001 3376 2056 invisibilibus

1792 2094 2110 2154 virtutibus,
2142 2093 2339 2148 deinde
2381 2093 2450 2147 de
2493 2109 2761 2163 aquarum
2806 2103 2996 2147 natura
3044 2094 3376 2148 mentionem

1793 2187 2030 2252 fecisset,
2064 2187 2117 2240 in
2146 2187 2385 2241 medium
2412 2202 2630 2256 quoque
2667 2186 2878 2256 profert
2915 2199 3114 2240 terram
3143 2199 3196 2240 et
3228 2189 3379 2241 habi-

1797 2291 1999 2335 tatores
2047 2281 2188 2350 ejus,
2230 2296 2392 2350 opera
2428 2280 2547 2349 ejus
2577 2295 2698 2335 esse
2723 2281 2946 2346 docens,
2973 2291 3028 2334 et
3059 2282 3376 2346 adhortans,

1796 2382 1856 2427 ut
1889 2375 2115 2428 timeant
2153 2383 2207 2427 et
2241 2374 2659 2443 perhorrescant
2695 2372 3028 2433 Creatorem.
3057 2383 3111 2428 et
3137 2375 3256 2443 ejus
3280 2390 3379 2428 nu—

1798 2465 1946 2520 tibus
1972 2467 2371 2533 obtemperent.
2398 2463 2534 2518 Nam
2570 2480 2664 2534 pro
2694 2468 2711 2487 ‘
2746 2475 3194 2532 commoveantur,
3230 2466 3381 2538 Sym-

1798 2558 2027 2612 machus
2065 2559 2282 2626 quidem
2331 2567 2687 2620 revereantur,
2735 2557 2934 2626 Aquila
2961 2573 3093 2612 vero
3121 2560 3380 2628 formida-

1799 2650 1926 2703 bunt
1957 2651 2114 2714 dixit,
2152 2649 2492 2704 in'l‘uturnm
2527 2658 2744 2719 tempus
2778 2650 2929 2705 orbis
2965 2661 3168 2704 metum
3200 2662 3380 2707 trans-

1801 2746 2040 2799 mittens.
2083 2742 2274 2813 Neque
2301 2745 2446 2798 enim
2480 2760 2604 2798 cum
2643 2745 2757 2798 hch
2783 2744 2945 2798 verba
2980 2743 3204 2808 faceret,
3238 2744 3382 2798 hunc

1804 2838 2051 2891 timorem
2113 2839 2362 2891 homines
2413 2838 2709 2900 habebant,
2746 2853 2934 2892 verum
2975 2849 3100 2909 post
3130 2841 3381 2894 incarna-

1804 2929 2027 2993 tionem,
2080 2939 2134 2983 et
2172 2931 2504 2998 passionem,
2562 2941 2615 2983 et
2670 2931 3128 2986 resurrectionem
3177 2930 3362 2986 Christ

1805 3019 2044 3073 Domini.

1877 3196 2042 3252 Vens.
2070 3196 2158 3264 10,
2186 3197 2272 3250 ll.
2309 3215 2326 3248 ι
2357 3195 2624 3252 Dominus
2639 3196 3108 3267 dissipatconsilia
3123 3199 3384 3266 gentium,

1808 3291 2062 3359 reprobat
2084 3300 2264 3344 autent
2293 3290 2650 3360 cogitationes
2679 3294 3029 3359 pOpulorum,
3059 3301 3113 3345 et
3132 3292 3389 3362 reprobat

1809 3383 2043 3438 consilia
2078 3382 2409 3452 principum.
2437 3382 2739 3437 Consilium
2771 3393 2950 3438 autem
2975 3385 3142 3455 810
3171 3384 3385 3440 Domini

1811 3474 1865 3528 in
1913 3483 2175 3530 internum
2209 3484 2416 3538 manet,
2449 3476 2807 3545 cogitationes
2836 3477 3020 3531 cordis
3054 3478 3175 3545 ejus
3201 3477 3255 3530 in
3297 3492 3390 3546 ge-

1811 3569 2148 3622 nerationem
2204 3578 2258 3622 et
2315 3569 2745 3638 generationem.
2786 3587 2805 3619 ›
2872 3568 3155 3624 Geminam
3187 3569 3388 3624 habent

1811 3658 2243 3728 explanationem
2271 3675 2395 3728 quae
2424 3661 2570 3715 dicta
2595 3672 2743 3716 sunt.
2790 3657 2925 3714 Nam
2959 3673 3066 3714 non
3096 3662 3260 3714 modo
3289 3661 3389 3716 As-

1812 3755 2110 3824 syriorum,
2140 3763 2196 3808 et
2226 3754 2619 3819 Sennacherib,
2644 3765 2698 3808 et
2725 3753 2986 3823 Rapsacis
3015 3755 3241 3824 consilia
3273 3754 3388 3810 dis-

1814 3845 2028 3915 sipavit,
2085 3855 2140 3900 et
2174 3846 2384 3915 proprii
2425 3847 2643 3902 consilii
2686 3848 2982 3915 potentiam
3023 3855 3076 3901 et
3103 3847 3384 3902 veritatem

1814 3939 2055 3994 ostendit
2083 3957 2096 3992 :
2129 3954 2319 3993 verum
2351 3939 2514 3994 etiam
2549 3941 2792 4008 gentium
2825 3939 3062 4009 impetus
3084 3955 3180 4009 per
3196 3940 3385 3996 orbem

1813 4037 2002 4084 contra
2031 4029 2308 4098 apostolos
2343 4029 2515 4084 factos
2545 4028 2733 4084 irritos
2759 4029 3015 4093 reddidit,
3050 4039 3104 4083 et
3131 4032 3384 4099 potentia:

1816 4137 1929 4178 sua:
1961 4122 2130 4178 robur
2182 4131 2374 4178 notum
2419 4125 2674 4179 omnibus
2731 4123 2903 4178 fecit:
2942 4125 3384 4196 quandoquidem

1815 4216 1921 4271 hoc
1967 4215 2318 4285 propheticus
2349 4231 2530 4271 sermo
2563 4216 2866 4279 subinnuit,
2903 4216 3188 4286 inquiens:
3229 4238 3248 4270 ι
3279 4219 3386 4275 Co-

1818 4307 2106 4376 gitationes
2156 4307 2340 4362 cordis
2374 4308 2494 4376 ejus
2540 4309 2594 4362 in
2626 4308 3034 4378 generationem
3071 4318 3123 4364 et
3160 4325 3391 4380 genera-
3455 4351 3460 4367 .

1818 4401 2044 4455 tionem.
2087 4419 2106 4451 ι
2161 4399 2400 4456 Duarum
2456 4410 2679 4456 aetatum
2713 4401 2938 4456 mentio
2969 4402 3149 4465 docet,
3183 4411 3295 4456 tum
3326 4419 3387 4458 ea

1742 4516 1788 4571 ι)
1817 4509 1938 4564 quae
1973 4503 2099 4549 tunc
2124 4494 2463 4560 acciderunt,
2495 4504 2608 4548 tum
2640 4494 2732 4549 illa
2766 4510 2888 4564 qua:
2914 4504 3040 4564 post
3069 4497 3182 4549 hac
3206 4494 3387 4550 futura

1817 4602 1880 4642 su
1889 4594 1964 4640 nt.

1887 4684 2048 4738 Vens.
2081 4682 2166 4736 12.
2206 4701 2224 4734 ι
2257 4683 2419 4738 Beata
2445 4697 2598 4754 gens,
2623 4683 2782 4751 cujus
2801 4690 2886 4737 est
2931 4680 3196 4736 Dominus
3250 4681 3390 4736 Deus

1815 4774 1970 4842 ejus;
1998 4773 2249 4843 populus,
2287 4789 2448 4843 quem
2498 4773 2659 4841 elegit
2704 4773 2757 4826 in
2802 4770 3169 4825 [nereditatem
3197 4769 3322 4824 sibi.
3366 4793 3384 4822 ρ

1817 4866 2060 4937 Oportet,
2083 4867 2281 4936 inquit,
2305 4867 2492 4921 beatos
2505 4865 2819 4934 praedicare,
2839 4877 2946 4917 non
2959 4877 3054 4918 eos
3069 4863 3164 4930 qui
3189 4863 3392 4919 divitiis

1238 5165 1478 5222 VARIIE
1521 5165 1902 5223 LECTIONES
1939 5167 2027 5222 ET
2067 5166 2298 5223 NOTAE.

224 5280 534 5335 τοἈσκόν.
584 5282 660 5335 Ita
697 5297 889 5338 omnes
937 5283 1050 5340 fere
1073 5285 1400 5356 interpretes
1456 5301 1522 5340 ex
1580 5287 1978 5356 permutatione
2025 5288 2176 5342 vocis
2218 5299 2284 5365 'tg
2333 5301 2457 5341 cum
2495 5295 2624 5343 ἢκ).
2701 5285 2744 5316 τι
2781 5282 2929 5339 Τῶν.
2961 5287 3084 5342 cod.
3112 5285 3149 5339 2
3203 5301 3391 5357 praem.

266 5431 278 5444 .
374 5385 422 5424 τί
471 5391 602 5463 cod.
653 5391 902 5463 léeéln.

1020 5395 1068 5425 ⁷³
1099 5395 1372 5464 Συνάγει.
1422 5395 1547 5450 Des.
1595 5395 1648 5449 in
1689 5395 1810 5449 cod.
1859 5393 1911 5448 2.
1953 5393 2152 5455 Inlcod.
2185 5393 2219 5447 3
2247 5393 2368 5464 leg.
2411 5391 2658 5464 συνωθεῖ.

2765 5390 2808 5422 ⁷⁸
2837 5393 2935 5445 Διὸ
2988 5392 3170 5461 λέγει.
3211 5394 3333 5448 cod.
3367 5394 3388 5445 l

174 5405 278 5511 τἸν.
380 5405 422 5424 ¹¹
471 5405 595 5445 cou.
653 5405 676 5444 1
719 5405 902 5464 suam.
1021 5405 1068 5425 "
1099 5405 1372 5464 Συνᾱγει.
1423 5405 1547 5450 Des.
1595 5405 1648 5449 in
1689 5415 1696 5445 ι

174 5459 320 5547 λγει
343 5463 476 5547 γάρέ
505 5461 628 5547 eod.
748 5462 985 5547 ,ἑτέρωθι
1029 5465 1092 5547 δὲ
1109 5465 1318 5547 Μλέγει.
1376 5465 1469 5547 ’⁷⁵³
1494 5466 1602 5547 Κᾳὶ
1629 5496 1696 5547 -_——

1808 5435 1810 5445 .
1859 5405 1911 5448 2.
1954 5405 2152 5455 lnlcod.
2185 5405 2219 5447 ὂ
2250 5405 2352 5464 leg.
2411 5405 2658 5444 συνωυει.
2769 5405 2808 5422 ”
2837 5405 2935 5445 Διο
2988 5405 3170 5461 λέγει.
3211 5405 3333 5448 eoa.
3367 5405 3388 5445 t

1808 5464 2036 5547 ῐςληρεξ.
2098 5465 2152 5518 in
2187 5463 2402 5547 coda}.
2519 5461 2563 5492 ⁷⁸
2593 5459 2718 5547 cod.
2827 5463 3140 5547 προσέξων.
3184 5463 3396 5547 ,ξ’-ἀύ-

298 5529 920 5604 οοιΙ.ή1.2Ῠκαιαὺτούς.
1029 5536 1075 5566 ⁷⁸
1109 5529 1261 5601 Tale.
1290 5536 1414 5591 cod.
1434 5534 1472 5589 2
1497 5538 1696 5600 αὐτοῖς.

1808 5529 1935 5589 ³’Τὸ
1961 5536 2091 5604 γὰρ,
2124 5551 2181 5588 κ.
2227 5534 2275 5586 λ.
2309 5533 2432 5588 Des.
2466 5533 2606 5601 apud
2648 5529 2813 5604 βοτά.
2851 5529 3074 5604 p.560.
3183 5533 3227 5564 ⁸ο
3246 5531 3392 5586 Μέν.

162 5598 315 5678 Abest
351 5603 536 5678 a__cod.
565 5603 615 5666 1,
637 5603 703 5678 ,2.
780 5603 823 5634 ⁸²
855 5604 975 5657 cod.
1007 5605 1043 5658 2
1073 5598 1526 5678 ὑποσταλήσεται.
1565 5598 1696 5678 Moti

1808 5623 1820 5658 ι
1850 5598 2118 5678 llesap'lis
2141 5605 2288 5678 adh.
2319 5604 2355 5657 l.
2406 5598 2724 5678 huiciv‘erbo
2761 5598 3206 5678 sigitilicationem
3249 5619 3395 5678 coer-

163 5671 302 5748 cendi
329 5672 542 5748 tribuit,
568 5673 805 5748 priorem
839 5683 1016 5748 tamen
1048 5669 1547 5748 interpretationem
1576 5677 1913 5732 retinendam
1947 5669 2071 5748 esse
2092 5677 2370 5748 duximus.
2436 5673 2494 5748 _”
2527 5669 2892 5748 Εὶςχενεᾶν·
2928 5673 3019 5748 I111
3035 5673 3154 5748 h°_l'
3183 5675 3235 5727 in
3268 5675 3392 5748 99¢-

164 5738 307 5794 Alex.
334 5738 715 5811 legitur;'cod.
747 5740 919 5798 Vatic.
955 5745 1119 5801 habet
1146 5738 1256 5801 άτιὸ
1285 5747 1490 5816 γενεῶν
1519 5750 1596 5813 εἰς
1629 5763 1692 5818 γε

165 5806 204 5839 ⁸⁸
237 5808 381 5868 Τῶν.
424 5815 541 5868 cod.
592 5816 646 5869 1.
675 5813 712 5866 2
736 5814 864 5868 add.
904 5814 986 5868 δέ.

1808 5764 1840 5809 ς.
1953 5747 1998 5776 ⁸³
2025 5743 2208 5800 Τοῦτο
2233 5774 2305 5786 -
2334 5745 2613 5814 ἐσόμενα.
2646 5738 2772 5800 Des.
2806 5744 2949 5812 apud
2980 5744 3145 5798 Cord.
3179 5760 3232 5815 p.
3266 5743 3388 5800 560.

278 5829 381 5868 ων.
424 5827 541 5868 eoa.
592 5827 646 5879 1,
675 5827 864 5868 zaua.
904 5827 986 5868 οε.

471 5926 736 5990 ΡΑτιιοι.
787 5927 904 5993 Gtt.-
946 5926 1178 5991 LXXX.
2932 5925 3010 6010 35
