3842 6518
500 328 636 393 1699

495 438 742 501 amuunt,
778 436 870 490 sed
901 435 997 505 qui
1027 435 1080 488 iu
1111 434 1219 489 Deo
1244 448 1371 489 suas
1404 452 1529 503 spes
1560 438 1849 500 collocant,
1882 446 1935 490 et
1957 435 2075 503 ejus

494 529 682 584 auxilii
732 537 1011 597 compotes
1044 527 1170 582 l'acti
1204 537 1347 581 sunt.
1383 526 1553 580 l’orro
1587 527 1822 596 populus
1842 528 2071 589 electus,

495 620 590 674 Dei
647 620 937 673 haereditas
983 620 1321 683 nominatus,
1374 618 1502 671 olim
1543 619 1760 688 quidem
1812 617 2077 672 Judaicus

494 714 727 781 populus
766 720 883 766 erat
917 728 931 765 :
982 720 1170 780 postea
1208 726 1336 764 vero
1367 710 1458 778 qui
1490 724 1556 763 ex
1591 710 1842 778 gentibus
1870 710 2077 763 electus

494 803 617 857 lidei
673 804 854 859 radios
906 804 1128 871 recepit.
1178 820 1196 851 ‹
1236 799 1370 853 Nam
1404 800 1639 868 postula,
1676 799 1873 869 inquit,
1906 816 1936 853 a
1964 814 2070 863 me,

496 905 551 950 et
577 896 717 949 dabo
752 896 845 948 tibi
878 903 1064 964 gentes
1096 893 1461 946 [nereditatem
1487 900 1657 954 tuam,
1687 901 1743 946 et
1768 892 2074 962 possessio-

495 1004 617 1040 nem
651 996 797 1042 tuam
833 986 1096 1039 terminos
1125 996 1283 1039 terra:
1314 996 1362 1039 υ.
1414 1004 1432 1035 ι

569 1079 728 1133 Vens.
765 1078 849 1142 l3,
883 1078 968 1132 14.
1005 1097 1022 1128 ι
1065 1079 1136 1132 De
1164 1077 1302 1131 cmlo
1342 1078 1583 1147 respexit
1616 1077 1903 1139 Dominus,
1940 1077 2073 1131 vidit

489 1187 679 1225 omnes
702 1172 839 1224 lilios
863 1170 1170 1223 hominum.
1206 1169 1277 1223 De
1304 1182 1607 1239 przeparato
1633 1172 1941 1226 habitaculo
1975 1188 2075 1226 suo

488 1264 723 1332 respexit
751 1278 913 1333 super
941 1277 1135 1316 omnes
1158 1263 1251 1332 qui
1284 1263 1533 1316 habitant
1560 1272 1817 1317 terram.)
1854 1264 1981 1316 Hzec
2010 1274 2071 1316 et

487 1357 539 1408 iu
570 1356 778 1408 decimo
808 1354 968 1408 tertio
1009 1355 1222 1423 psalmo
1267 1353 1426 1420 dixit,
1454 1354 1597 1408 idem
1636 1355 1981 1409 vaticinatus.
2012 1353 2077 1407 Et

488 1446 742 1514 quoniam
802 1444 971 1509 dixit,
1006 1446 1271 1512 respexit,
1309 1459 1376 1497 ne
1419 1443 1544 1512 quis
1588 1443 1836 1511 Opiuetur
1898 1444 2072 1511 ipsum

487 1540 739 1607 ignorare
784 1552 846 1591 ea
880 1552 999 1603 quae
1026 1536 1189 1604 811
1225 1536 1292 1589 ab
1323 1534 1637 1588 hominibus
1675 1542 2073 1602 perpetrantur,

487 1641 789 1700 Opportune
822 1629 1056 1684 subdidit
1084 1646 1097 1682 :

555 1813 722 1869 Vsus.
774 1814 864 1867 15.
917 1831 934 1863 ι
974 1812 1079 1878 Qui
1126 1812 1283 1865 liuxit
1335 1811 1616 1882 sigillatim
1651 1810 1815 1865 corda
1854 1825 2066 1873 eorum,

484 1908 581 1977 qui
614 1905 863 1975 intelligit
893 1905 1074 1958 omnia
1114 1919 1278 1973 opera
1306 1919 1521 1957 eorum.
1568 1921 1586 1955 ι
1637 1909 1654 1924 ‘
1686 1903 1826 1969 Dixi,
1865 1903 2060 1971 inquit,

484 1997 653 2053 Deum
694 1997 1072 2050 universorum
1099 1997 1166 2050 de
1193 1996 1334 2051 coelo
1363 1996 1774 2066 respicere,non
1806 2003 2065 2064 tanquatn

484 2091 849 2160 ignorantem,
885 2097 938 2142 et
962 2087 1173 2142 discere
1199 2087 1533 2157 cupientem,
1564 2101 1754 2141 verum
1785 2094 1844 2140 ut
1873 2087 2065 2141 dicen-

484 2191 593 2234 tem
656 2184 744 2252 jus
768 2226 782 2249 ,
856 2189 910 2235 et
940 2179 1299 2248 iudicantem.
1335 2177 1621 2242 Quomodo
1644 2178 1787 2232 enim
1821 2178 1936 2231 ﬁeri
1968 2194 2066 2247 po-

484 2280 611 2337 test,
649 2282 705 2323 ιιι
731 2271 825 2339 qui
850 2271 1087 2325 animam
1118 2270 1263 2333 fecit,
1291 2270 1413 2337 ejus
1437 2280 1615 2323 motus
1645 2270 1902 2337 ignoret?
1930 2269 2061 2325 Cor-

483 2363 553 2415 da
585 2363 732 2416 enim
769 2378 867 2431 pro
893 2363 1097 2416 ratione
1149 2360 1352 2430 posuit.

558 2457 723 2513 Vens.
774 2457 864 2521 16,
912 2456 1000 2511 17.
1058 2474 1075 2508 ι
1130 2453 1248 2510 Νοη
1296 2456 1537 2510 salvatur
1580 2472 1670 2511 rex
1703 2472 1800 2527 per
1833 2458 2061 2511 multam

482 2549 1001 2620 virtutem,etgigas
1027 2565 1131 2603 non
1166 2549 1470 2603 salvabitur
1496 2550 1549 2603 in
1574 2550 1919 2605 multitudine
1951 2551 2063 2605 vir-

484 2648 617 2700 tutis
665 2662 797 2700 suze.
851 2644 1036 2698 Fallax
1084 2661 1259 2713 equus
1299 2645 1368 2699 ad
1411 2645 1664 2708 salutem,
1730 2646 2061 2700 abundantia

482 2749 662 2793 autem
721 2739 945 2792 virtutis
988 2754 1101 2793 sua:
1165 2753 1273 2792 non
1324 2738 1645 2792 salvabitur.
1692 2755 1709 2789 ι
1748 2738 1825 2791 Ex
1876 2753 2059 2793 rerum

478 2842 676 2887 eventu
730 2832 1047 2896 didicimus,
1091 2846 1201 2885 non
1235 2846 1356 2886 esse
1396 2830 1778 2886 conﬁdendum
1813 2832 2061 2901 corporis

485 2926 688 2989 robori,
718 2940 824 2979 non
865 2925 1031 2978 animi
1056 2922 1387 2989 fortitudini,
1430 2939 1538 2977 non
1567 2940 1836 2994 equorum
1866 2925 2063 2981 veloci—

482 3021 604 3085 tati,
658 3033 764 3073 non
819 3017 1167 3072 subditorum
1202 3016 1540 3072 multitudini
1572 3036 1585 3071 :
1623 3018 1879 3072 omnibus
1913 3019 2057 3072 enim

480 3113 567 3167 his
595 3112 973 3167 Sennacherib
1003 3112 1252 3176 aﬂluens,
1291 3111 1427 3165 nihil
1460 3110 1760 3181 adjumenti
1786 3111 1910 3165 inde
1932 3128 2058 3181 per-

471 3207 643 3275 cepit,
666 3220 857 3259 vcrum
897 3214 1196 3258 extremam
1242 3204 1534 3273 perniciem
1559 3219 1753 3272 passus
1782 3215 1883 3260 est.
1912 3204 2053 3271 Quid

474 3301 646 3370 igitur
680 3299 995 3354 faciendum
1025 3307 1129 3361 est,
1168 3314 1200 3351 ο
1233 3299 1518 3367 propheta,
1550 3299 1887 3352 demonstra.

554 3392 715 3445 Vens.
786 3391 870 3455 18,
925 3390 1014 3444 19.
1067 3409 1085 3440 ι
1137 3390 1274 3444 Ecce
1302 3390 1445 3445 oculi
1482 3390 1694 3443 Domini
1730 3405 1895 3459 super
1926 3405 2053 3444 me-

479 3492 692 3539 tuentes
734 3499 883 3547 eum,
913 3492 967 3536 et
1008 3482 1062 3536 in
1106 3482 1207 3545 eis,
1245 3483 1337 3551 qui
1392 3492 1612 3551 sperant
1645 3498 1809 3552 super
1841 3483 2053 3537 miseri-

464 3578 663 3631 cordia
701 3577 842 3646 ejus.
899 3574 970 3631 Ut
1003 3585 1160 3630 eruat
1193 3592 1222 3629 a
1264 3585 1436 3631 morte
1482 3577 1694 3631 animas
1745 3592 1957 3641 eorum,
1999 3584 2053 3631 et

477 3671 590 3724 alat
615 3685 708 3725 eos
738 3670 789 3722 in
821 3668 981 3723 fatue.
1035 3686 1053 3719 ι
1089 3666 1371 3735 Omnium,
1412 3668 1609 3737 inquit,
1648 3667 1917 3722 bonorum
1940 3668 2054 3738 pie-

478 3771 564 3815 tas
598 3772 684 3816 est
721 3760 1064 3816 conciliatrix
1093 3780 1107 3816 :
1161 3776 1285 3814 nam
1318 3762 1556 3816 divinam
1592 3776 1749 3831 opem
1781 3760 1847 3815 ad
1880 3776 1939 3816 se
1966 3771 2051 3815 at-

472 3856 663 3918 trahit,
688 3864 743 3909 et
775 3855 887 3925 ipsa
916 3864 1147 3909 mortem
1182 3853 1558 3909 imminentem
1590 3854 1865 3924 prohibet,
1891 3863 2052 3925 atque

469 3947 745 4016 inopiam,
772 3947 997 4018 largitur
1021 3956 1205 4002 autem
1249 3946 1513 4001 bonorum
1541 3945 1896 4000 alliuentiam.
1935 3946 2051 4001 Ca:-

466 4047 654 4090 ternm
718 4037 1015 4092 verisimile
1069 4046 1173 4102 est,
1221 4036 1507 4092 obsidione
1564 4036 1651 4090 illa
1700 4038 1957 4092 obsessos
1996 4037 2049 4090 in

470 4139 716 4198 egestate
767 4145 949 4183 rerum
1000 4131 1431 4184 necessariarum
1484 4128 1673 4194 fuisse,
1730 4129 1927 4185 deinde
1978 4129 2050 4183 ob

469 4222 715 4277 hostium
771 4224 1199 4277 internecionem
1233 4223 1299 4276 ab
1326 4223 1426 4277 hac
1446 4223 1756 4277 calamitate
1789 4223 2049 4277 liberatos

474 4332 617 4371 θεοῦ.

548 4408 708 4461 Vens.
758 4407 851 4473 20,
899 4407 990 4462 2|.
1041 4425 1060 4457 ι
1103 4407 1295 4461 Anima
1368 4415 1547 4461 autem
1616 4415 1802 4460 nostra
1855 4420 2048 4476 exspe-

470 4502 643 4555 et‘ubit
676 4501 988 4566 Dominum,
1026 4502 1283 4569 quoniam
1329 4501 1547 4570 adjutor
1571 4509 1627 4554 et
1656 4509 1928 4569 protector
1946 4513 2049 4553 no-

473 4608 583 4650 ster
631 4605 732 4651 est.
778 4597 945 4667 812
970 4594 1107 4661 Quia
1144 4596 1196 4649 in
1234 4611 1298 4650 eo
1351 4596 1619 4650 laetabitur
1648 4610 1743 4648 cor
1774 4602 2046 4658 nostrum,

468 4700 527 4744 et
560 4692 611 4744 in
643 4691 866 4745 nomine
894 4700 1085 4745 sancto
1112 4690 1232 4759 ejus
1262 4691 1624 4759 speravimus.
1662 4708 1679 4739 ι
1715 4687 1852 4743 Cum
1884 4687 2048 4756 igitur

475 4792 552 4839 tot
586 4794 843 4853 tantaque
881 4784 1022 4838 bona
1068 4785 1347 4839 consecuti
1374 4799 1585 4848 sumus,
1615 4783 1825 4835 firmam
1850 4780 1905 4834 in
1936 4777 2046 4834 Deo

469 4893 625 4949 spem
662 4879 944 4944 habemus,
977 4887 1030 4932 et
1064 4878 1133 4933 ab
1164 4879 1283 4948 ipso
1310 4893 1523 4948 semper
1560 4876 1823 4931 auxilium
1854 4888 2048 4942 exspe-

471 4969 775 5023 ctabimus:
798 4970 914 5039 ipse
941 4970 1087 5025 enim
1126 4969 1284 5024 nobis
1314 4978 1637 5039 przesentem
1672 4966 1912 5021 lectitiam
1940 4966 2049 5019 lar-

505 5179 535 5209 ιι
564 5169 709 5226 Psal.
742 5188 803 5237 ιι,
831 5172 884 5225 8.

1460 328 1555 386 ΤΙΙ
1569 328 1947 387 EODORETI
1998 327 2338 387 EPISCOPI
2389 328 2768 387 '(IYRENSIS

2104 446 2149 497 A
2179 434 2316 503 ᾁλλά
2362 438 2489 499 τοὺς
2522 437 2599 505 τῷ
2633 436 2753 505 6εῷ
2796 436 3149 503 πεποιθότας,
3178 440 3270 493 καὶ
3302 442 3394 512 τῆς
3423 448 3679 517 παρἀδτδδ

2180 528 2357 597 ῥοπῆς
2416 528 2810 591 ἀπολαύοντας.
2857 529 3145 591 Ἐκλεκτδς
3170 530 3225 582 δὲ
3255 531 3376 597 λαὸς
3412 537 3682 613 κληρονομία

2177 622 2312 675 Θεοῦ
2337 623 3089 695 προσαγορευόμενος,πάλαι
3116 624 3214 692 μὲν
3232 626 3262 675 6
3287 627 3564 695 Ἰουδαῖκὸς,
3582 641 3685 705 μετὰ

2175 715 2233 768 δὲ
2266 714 2461 775 ταῦτα,
2491 719 2518 769 ὁ
2551 719 2616 769 ἐκ
2642 717 2753 769 τῶν
2776 717 2948 769 ἐθνῶν
2974 715 3240 782 ὲκλεγεὶς,
3265 720 3363 771 καί
3391 722 3479 789 τῆς
3499 726 3683 793 πίστεως

2175 807 2276 870 τὰς
2304 808 2533 871 ἀκτῖνας
2578 811 2867 881 δεχόμενος
2886 811 2952 865 ⁸⁵.
2997 827 3017 861 ι
3056 810 3285 881 Αίτησαι
3320 811 3443 881 γὰρ,
3472 820 3597 885 φησι,
3617 826 3686 873 καὶ

2176 900 2334 954 δώσω
2364 920 2448 954 σοι
2488 901 2617 971 ἔθνη
2648 904 2747 974 τὴν
2773 902 3143 974 κληρονομίαν
3174 920 3295 970 σου,
3326 905 3419 956 καὶ
3442 904 3531 975 τὴν
3558 912 3684 964 κατά-

2180 994 2362 1064 σχεσίν
2400 1010 2494 1046 σου
2523 995 2592 1048 τὰ
2626 997 2838 1065 πέρατα
2860 997 2959 1065 τῆς
2990 994 3111 1065 γῆς.

2249 1094 2339 1155 ιγ’,
2392 1088 2477 1139 ιδ’.
2520 1106 2538 1139 t
2581 1089 2669 1154 Ἐξ
2716 1089 2948 1159 ούρανοῦ
2990 1089 3343 1158 ἐπέϐλεψενὸ
3378 1088 3577 1158 Κύριος,
3608 1089 3688 1148 εἰει

2178 1183 2387 1245 πάντας
2440 1182 2566 1245 τοὺς
2619 1183 2769 1244 υἱοὺς
2818 1182 2926 1235 τῶν
2970 1181 3299 1252 ἀνθρώπων.
3346 1181 3430 1246 Ἐξ
3458 1183 3499 1213 ⁸⁸
3521 1185 3688 1255 ἑτοίμου

2174 1276 2609 1346 κατοικητηρίου
2664 1275 2831 1329 αὑτοῦ
2875 1276 3179 1345 ἐπέϐλεψεν
3221 1276 3315 1328 ἐπὶ
3374 1277 3566 1339 πάντας
3599 1278 3690 1339 τοὺς

2174 1368 2575 1432 κατοικοῦντας
2602 1369 2702 1439 τὴν
2749 1369 2878 1438 γῆν.
2921 1387 2939 1419 ι
2974 1368 3216 1421 Ταῦτα⁸¹¹
3270 1368 3361 1421 καὶ
3386 1371 3440 1421 ὲν
3474 1368 3542 1439 τῷ
3564 1371 3690 1439 τρίτῳ

2178 1463 2274 1513 καὶ
2290 1461 2504 1532 δεκάτῳ
2534 1460 2639 1532 ἔφη
2656 1461 2880 1531 ψαλμῷ,
2905 1462 3005 1529 τὴν
3025 1461 3195 1531 αὐτὴν
3232 1460 3535 1529 ποιούμενος
3564 1462 3690 1531 πρόρ-

2181 1553 2360 1620 ρησιν.
2423 1552 2534 1606 Καὶ
2568 1551 2756 1623 ἐπειδὴ
2806 1547 2963 1604 εἶπεν
3002 1552 3363 1619 ἐπέϐλεψεν,
3408 1552 3489 1603 ἴνα
3539 1553 3689 1621 μήτις

2178 1641 2340 1694 αὑτὸν
2370 1643 2586 1707 ἀγνοεῖν
2620 1644 2873 1715 οἰηθῇτά
2907 1644 3059 1714 παρά
3082 1644 3192 1696 τῶν
3224 1643 3514 1715 ἀνθρώπων
3529 1645 3689 1715 τολμώς

2182 1750 2341 1802 μενα,
2368 1736 2450 1797 εἰς
2488 1735 2677 1805 καιρὸν
2710 1737 2988 1807 ἐπήγαγεν
3017 1752 3030 1765 ⁸

2246 1826 2328 1878 ιε’.
2363 1845 2381 1877 ι
2432 1827 2490 1879 '0
2523 1827 2733 1889 πλάσας
2767 1828 2913 1881 κατὰ
2962 1829 3130 1897 μόνας
3156 1828 3205 1859 ³³
3263 1830 3361 1892 τὰς
3396 1830 3593 1900 καρδίας
3617 1832 3686 1883 αὺ-

2166 1913 2297 1979 τῶν,
2317 1916 2346 1967 ὀ
2378 1918 2581 1978 συνιεὶς
2614 1918 2793 1970 πάντα
2816 1917 2885 1969 τὰ
2906 1918 3043 1987 ἔργα
3064 1918 3268 1973 αὐτῶν.
3291 1938 3309 1969 ι
3347 1914 3519 1986 Εἶπον,
3546 1923 3684 1991 φησὶν,

2167 2005 2462 2075 ἐπιϐλέψαι
2500 2007 2591 2060 τὸν
2638 2008 2747 2061 τῶν
2801 2009 2940 2061 ὅλων
3006 2009 3159 2072 Θεὸν,
3186 2010 3287 2079 οὐχ
3326 2013 3409 2073 ὡς
3447 2012 3684 2079 ἀγνοοῦντα

2169 2100 2263 2151 καὶ
2292 2100 2486 2169 μαθεῖν
2530 2100 2841 2171 ἐφιέμενον,
2890 2100 3007 2153 ἀλλ’
3042 2100 3127 2163 ὡς
3159 2101 3412 2171 κρίνοντα
3460 2105 3544 2156 καὶ
3572 2104 3684 2158 δικ-ἀ·

2168 2192 2350 2256 ζοντα.
2394 2192 2518 2256 Πῶς
2547 2193 2657 2264 γὰρ
2685 2188 2799 2246 οἷόν
2824 2209 2881 2245 τε
2904 2194 3123 2259 ἀγνοεῖν
3149 2192 3253 2263 τῆς
3290 2193 3464 2263 ψυχῆς
3485 2194 3546 2247 τὰ
3568 2197 3683 2265 xui}-

2171 2303 2317 2355 ματα
2340 2285 2431 2337 τὸν
2460 2287 2669 2355 ταύτην
2699 2286 3043 2355 πεποιηκότα
3065 2301 3080 2348 ;
3103 2284 3218 2351 Τὰς
3247 2285 3487 2354 καρδίας
3508 2288 3597 2357 γὰρ
3618 2290 3683 2341 ἐπὶ

2166 2378 2274 2432 τοῦ
2311 2378 2560 2447 λογικοῦ
2587 2379 2631 2411 ⁸⁹
2669 2377 2938 2431 τέθεικεν.

2238 2477 2334 2535 ις’,
2364 2470 2449 2534 ιζ’.
2468 2488 2485 2521 t
2515 2470 2589 2523 Ού
2615 2470 2847 2533 σώζεται
2873 2470 3246 2541 βασιλεὺςδιά
3274 2470 3469 2543 πολλὴν
3488 2471 3679 2543 δύναμιν,

2165 2566 2260 2617 καὶ
2293 2565 2456 2633 γίγας
2505 2566 2567 2618 ού
2614 2565 2921 2637 σωθήσεται
2956 2570 3014 2620 ὲν
3075 2568 3275 2638 πλήθει
3329 2567 3499 2639 ἰσχύος
3540 2568 3679 2621 αὑτοῦ.

2164 2656 2383 2727 Ψευδής
2410 2657 2582 2721 ἵππος
2620 2660 2701 2721 εἰς
2723 2660 3018 2729 σωτηρίαν,
3048 2662 3109 2712 ὲν
3142 2660 3202 2713 δὲ
3236 2660 3431 2731 πλήθει
3458 2660 3679 2731 δυνάμεως

2163 2748 2329 2800 αὑτοῦ
2348 2750 2407 2801 οὐ
2441 2750 2774 2819 σωθήσεται.
2801 2770 2819 2801 ι
2846 2752 2922 2801 Δι’
2944 2751 3125 2804 αὐτῶν
3142 2753 3191 2783 ⁹⁰
3213 2753 3586 2823 μεμαθήκαμεν
3605 2754 3680 2806 τῶν

2163 2836 2529 2906 πραγμάτων,
2575 2836 2650 2898 ὡς
2684 2836 2743 2887 οὐ
2792 2836 2875 2888 δεῖ
2900 2836 3144 2907 θαρρεῖν,
3182 2838 3245 2890 ού
3279 2837 3436 2909 ῥώμῃ
3471 2837 3678 2907 σώματος.

2161 2928 2261 2979 οὐκ
2284 2926 2509 2998 ἀνδρείᾳ
2530 2926 2729 2996 ψυχῆς,
2749 2926 2847 2997 οὐχ
2878 2927 3064 2980 ἵππων
3090 2926 3342 2998 ὀξύτητι,
3374 2930 3467 2999 οὐχ
3483 2930 3680 3000 ὑπηκόων

2161 3017 2396 3088 πλήθει·
2466 3020 2525 3071 ὲν
2584 3020 2798 3082 τούτοις
2848 3020 2959 3090 γάρ
3017 3019 3227 3073 ἅπασιν
3286 3023 3317 3074 6
3375 3022 3682 3092 Σενναχηρεὶμ

2163 3111 2433 3177 πλουτῶν,
2487 3111 2637 3165 οὐδὲν
2674 3112 2929 3165 ἐντεῦθεν
2960 3112 3255 3177 ἀπώνατο,
3288 3112 3422 3166 ἀλλά
3462 3113 3549 3183 τὴν
3584 3131 3681 3165 παν.

2160 3202 2431 3273 ωλεθρίαν
2450 3201 2669 3267 ἐδέξατο
2690 3218 2703 3229 ⁸
2721 3203 2775 3255 τί
2794 3199 2886 3257 οὖν
2914 3204 3189 3273 ποιητέον,
3204 3204 3499 3271 ὑπόδειξον,
3526 3198 3563 3257 ὦ
3582 3220 3681 3273 προ-

2162 3297 2327 3367 φῆτα.

2238 3395 2328 3459 ιη’,
2365 3389 2446 3442 ιθν.
2492 3409 2509 3439 ι
2558 3389 2692 3443 Ἰδοὺ
2739 3391 2789 3443 οἰ
2823 3390 3097 3461 ὀφθαλμοὶ
3125 3391 3339 3463 Κυρίου
3364 3392 3452 3445 ἐπὶ
3480 3392 3587 3455 τοὺς
3611 3408 3680 3461 φο-

2162 3480 2257 3533 6ου
2265 3480 2461 3552 μένους
2489 3482 2675 3545 αὑτὸν,
2693 3482 2819 3545 τοὺς
2840 3481 3162 3546 ἐλπίζοντας
3191 3485 3288 3538 ὲπί
3308 3484 3370 3538 τὸ
3388 3485 3523 3547 ἔλεος
3539 3485 3678 3537 αὑτοῦ.

2174 3573 2470 3626 Ῥύσασθαι
2502 3574 2567 3626 ὲκ
2611 3572 2847 3627 θανάτου
2889 3572 2989 3637 τὰς
3020 3574 3210 3645 ψυχὰς
3256 3576 3469 3640 αὐτῶν,
3507 3578 3681 3630 καὶδια-

2161 3665 2359 3736 θρέψαι
2387 3667 2586 3730 αὐτοὺς
2610 3668 2668 3719 ὲν
2689 3667 2853 3737 λιμῷ.
2895 3686 2913 3718 ι
2951 3668 3262 3735 Ἀπάντων,
3283 3672 3432 3740 φησι,
3455 3671 3550 3723 τῶν
3576 3672 3671 3737 ἀγα-

2161 3760 2270 3813 θῶν
2320 3762 2583 3832 πρόξενος
2612 3765 2645 3832 ἡ
2687 3761 2942 3815 εὐσέϐεια
2969 3779 2983 3793 ⁸
3015 3763 3115 3833 τὴν
3146 3763 3262 3834 γὰρ
3326 3765 3470 3819 θείαν
3517 3768 3678 3835 προμή·

2160 3857 2311 3909 θειαν
2347 3856 2661 3924 ἐφέλκεται,
2705 3855 2846 3928 αὕτη
2875 3856 2932 3910 δὲ
2968 3858 3062 3910 καὶ
3128 3858 3358 3912 θάνατον
3397 3859 3481 3913 τὸν
3509 3860 3675 3912 ἐπιόντι

2159 3949 2359 4003 κωλύει
2429 3950 2524 4002 καί
2574 3949 2841 4003 ἕνδειανθί
2865 3965 2879 3979 ⁸
2909 3950 3197 4021 χαρίζεται
3219 3953 3276 4006 δὲ
3307 3956 3353 3986 θ’
3379 3954 3480 4006 τῶν
3507 3952 3674 4020 ἀγαθῶν

2157 4039 2257 4109 τὴν
2288 4039 2463 4108 φοράν
2490 4056 2502 4069 ⁸
2544 4038 2693 4103 εἰκὸς
2717 4040 2763 4071 ⁹³
2799 4040 2857 4093 δὲ
2883 4042 2978 4094 ἐπὶ
3014 4040 3118 4110 τῆς
3152 4043 3465 4112 πολιορκίας
3491 4043 3669 4111 ἐκείνης,

2157 4134 2215 4185 ἐν
2248 4133 2441 4185 σπάνει
2468 4130 2725 4200 γενέσθαι
2760 4132 2871 4184 τῶν
2901 4131 3219 4201 ἀναγκαίων
3252 4132 3376 4195 τοὺς
3396 4130 3670 4200 καθειργμέ⁸

2158 4243 2281 4287 νους
2298 4226 2366 4290 ’⁵,
2397 4221 2518 4277 εἶτα
2554 4224 2632 4295 τῷ
2665 4243 2773 4277 των
2814 4225 3090 4294 πολεμίων
3152 4224 3363 4296 ὀλέθρῳ
3398 4225 3485 4277 καί
3518 4224 3669 4291 ταύτης

2156 4314 2544 4384 ἀπαλλαγῆναι
2577 4316 2677 4385 τῆς
2707 4316 3012 4386 συμφορᾶς.

2228 4403 2296 4467 κ’,
2323 4410 2425 4457 κα’.
2457 4423 2477 4454 ι
2546 4406 2590 4457 H
2642 4404 2698 4457 δὲ
2725 4404 2874 4474 ψυχὴ
2922 4404 3081 4475 ήμῶν
3103 4404 3366 4476 ὑπομενεί
3389 4404 3463 4475 τῷ
3492 4401 3666 4473 Κυρίφ’

2082 4520 2122 4574 ι)
2154 4499 2238 4551 ὅτι
2296 4498 2491 4568 βοηθὸς
2552 4498 2649 4551 καὶ
2694 4499 3109 4570 ὑπερασπιστὴς
3172 4499 3333 4570 ⁴ἡμῶν
3394 4501 3541 4552 ἐστιν.
3580 4498 3665 4547 Ὅτι

2158 4594 2214 4644 ὲν
2249 4591 2397 4662 αύτῷ
2433 4591 2871 4662 εὐφρανθήσεται
2897 4593 2928 4660 ἠ
2967 4590 3167 4662 καρδία
3194 4591 3354 4663 ἡμῶν
3386 4607 3401 4621 ⁸
3441 4591 3524 4644 καὶ
3545 4592 3591 4643 ἐν
3612 4586 3666 4655 τῷ

2156 4684 2385 4754 ὀνόματι
2419 4682 2497 4754 τῷ
2540 4683 2680 4755 ἀγίῳ
2735 4682 2905 4737 αὐτοῦ
2964 4684 3299 4754 ἠλπίσαμεν.
3355 4704 3373 4738 ι
3440 4682 3664 4737 Τοσούτων

2155 4774 2339 4828 τοίνυν
2385 4773 2609 4843 ἀγαθῶν
2662 4773 3092 4840 ἀπολαύσαντες,
3131 4776 3357 4845 βεϐαίαν
3413 4775 3585 4845 ἔχομεν
3609 4774 3663 4830 εἰς

2155 4868 2247 4920 τὸν
2276 4866 2409 4920 Θεὸν
2442 4866 2541 4937 τὴν
2568 4865 2759 4919 ἐλπίδα
2786 4884 2801 4899 ⁸
2850 4868 2945 4920 καί
2969 4867 3071 4937 τὴν
3100 4874 3231 4940 παρ’
3277 4868 3437 4921 αὐτοῦ
3466 4864 3663 4936 βοήθειαν

2156 4957 2579 5032 προσμενοῖψεν
2601 4958 2686 5013 ἀεὶ
2713 4976 2727 4991 ⁸
2763 4960 2926 5023 αὐτὸς
2955 4963 3064 5032 γὰρ
3099 4962 3231 5031 ἡμῖν
3262 4961 3355 5014 καί
3388 4960 3477 5029 τὴν
3502 4953 3661 5028 παροῦ·

2100 1813 2142 1866 Β

2086 3157 2132 3216 C

1605 5299 1834 5355 VARI.’E
1875 5294 2259 5353 LECTIONES
2291 5295 2380 5349 ET
2411 5296 2636 5354 NOTAE.

524 5427 579 5513 ⁸⁵,
598 5428 760 5513 θίξόοῖ
789 5427 1100 5513 δεξάέξενοςα
1176 5430 1820 5513 ξθῈξ-ςιὺτοῦζΑιἮιοιν
1840 5441 1923 5485 est
1948 5430 2259 5501 Symmachi
2281 5442 2458 5495 versio
2488 5442 2595 5495 ἀπὸ
2632 5444 2851 5513 ἑδραίας
2879 5445 3159 5507 κατοικίας
3195 5446 3377 5499 αὐτοῦ.
3446 5445 3484 5474 ⁸⁷
3509 5439 3652 5494 Ταῦτα

482 5497 877 5571 Τέπήταγεν.
914 5497 1118 5571 Horum
1176 5501 1351 5555 locum
1412 5504 1464 5555 in
1521 5502 1640 5555 cod.
1680 5497 1848 5556 'Flor.
1909 5497 2058 5571 ore".

2166 5518 2294 5563 tea

467 5567 513 5598 ⁵⁸
539 5571 699 5642 Kurd:
755 5567 966 5637 μόνας.
1028 5570 1166 5642 Aqu.
1227 5580 1279 5623 et
1310 5572 1437 5625 edit.
1467 5574 1678 5642 quinta,
1708 5574 1841 5642 ἅμα.

468 5636 568 5689 Διά
594 5636 819 5691 τούτων.

470 5709 698 5760 multum
724 5709 913 5785 dill‘en
952 5711 1304 5785 lectio_(l_ord.
1338 5728 1389 5780 p.
1420 5714 1541 5777 56!,
1577 5716 1633 5765 ὲν
1666 5714 1860 5785 ἐνδείᾳ.

454 5776 802 5856 ⁸συμφορᾶς.
836 5779 957 5836 Des.
990 5781 1128 5849 apud
1163 5776 1393 5837 Cordfl.
1425 5800 1472 5837 c.
1548 5786 1591 5815 9*
1623 5785 1745 5839 cod.
1776 5776 1967 5840 ἷκαθε

920 5591 966 5635 ς.
1028 5574 1166 5638 Aqu.
1227 5580 1279 5623 et
1310 5574 1437 5625 edit.
1467 5574 1678 5642 quinta,
1708 5574 1841 5642 ἅμα.
1933 5574 1976 5603 ⁸³
2016 5579 2058 5628 Ίῖ

920 5642 961 5669 91
1001 5641 1273 5669 νουκηη...
1333 5644 1427 5669 nn.‘
1510 5645 1525 5669 I
1585 5644 1740 5669 ι...Ι.Λο
1784 5644 1957 5669 λυχνι-
2030 5661 2055 5669 ι.

2166 5574 2418 5669 ῐογικοῦ.
2462 5585 2585 5663 cod.
2633 5574 2784 5639 Flor:
2810 5587 2918 5639 τῶν
2947 5586 3243 5669 λογισμῶν.

1020 5641 1289 5726 lia-delay:
1331 5641 1529 5726 cod.)
1581 5641 2058 5726 habet‘evSsigLo

2170 5641 2244 5726 ξεί
2281 5653 2423 5719 colo,
2479 5657 2548 5726 ita
2592 5664 2649 5707 ut
2684 5672 2807 5710 cum
2849 5641 3202 5726 sequentibus
3238 5658 3501 5713 coluereat.
3531 5652 3646 5726 ῌαυιι

1968 5718 2013 5747 θ’
2043 5716 2135 5797 ΔΑέΙ,
2168 5720 2334 5777 Abest
2365 5716 2550 5779 a'cod.
2592 5727 2637 5791 l,
2680 5738 2735 5783 et
2772 5716 3111 5797 apud'Cord.
3146 5729 3181 5785 Ι.
3210 5744 3257 5783 c.

1977 5788 2279 5859 ιρχθέντας.
2302 5808 2316 5823 ⁸

2364 5528 2485 5579 qua:
2557 5515 2622 5568 ad
2691 5527 3007 5585 sequentem
3069 5518 3265 5571 versie.
3316 5516 3533 5583 apposita
3558 5517 3651 5562 sunt

2364 5581 2418 5638 ῦ.
2462 5585 2585 5638 cod.
2633 5583 2777 5638 Flor.
2810 5587 2918 5638 τῶν
2947 5586 3243 5638 λογισμῶν.
3336 5588 3379 5617 ³ο
3404 5586 3508 5638 cod.
3539 5579 3646 5633 Ποῖα

3404 5593 3508 5641 (3011.
3539 5593 3561 5633 Ι·
3574 5593 3646 5631 ιον.

3363 5728 3403 5758 ⁹⁹
3428 5722 3574 5785 Εἰκὸς
3596 5741 3646 5757 ’-
