3842 6504
199 366 300 433 IIOI

1421 350 1499 407 IN
1549 350 1752 408 PSAL
1794 348 2078 408 XXXIII.

3237 348 3371 413 1102

195 497 276 535 σαν
314 470 548 543 θυμηδίαν
590 463 910 534 δεδώρηται.
946 457 1081 513 Εἶτα
1119 460 1357 530 εἰρηκὼς
1389 462 1475 513 ὅτι
1521 462 1590 512 ἐν
1618 458 1697 524 τῷ

1808 459 1948 529 gitus
1978 466 2081 511 est.
2121 454 2323 510 Deinde
2348 470 2473 510 cum
2506 454 2738 511 dixisset
2768 475 2779 510 :
2828 476 2845 507 ι
2888 456 3157 522 Quoniam
3197 464 3248 513 in
3278 478 3371 516 no-

192 574 389 639 ὀνόματι
407 563 477 628 τῷ
495 560 630 630 ἁγίῳ
645 557 834 611 αὑτοῦ
854 554 1228 624 ἠλπίσαμεν,
1250 554 1481 607 ἱκετεύει
1512 553 1695 606 λαϐεῖν

192 664 428 733 ίσόμετρον
453 657 512 724 τῇ
548 651 716 703 ἐλπίδι
742 651 834 703 τὸν
874 650 1043 702 ἔλεον.

240 750 328 824 κβ⁸.
359 770 376 802 ι
407 749 607 801 Γένοιτο
629 742 771 815 (γὰρ
805 744 1072 815 φησὶνθδ),
1104 743 1296 814 Κύριε,
1331 740 1392 795 τὸ
1420 741 1569 806 ἔλεός
1602 759 1695 794 σου

187 849 253 917 ἐφ’
282 844 424 916 ἡμᾶς,
465 838 705 908 καθάπερ
734 836 1047 907 ἠλπίσαμεν
1070 837 1160 888 ἐπὶ
1200 836 1279 890 σέ.
1325 854 1342 887 ι
1378 834 1697 905 Παρῤησίας

184 939 227 992 δὲ
250 934 475 1007 μεγίστης
495 932 521 982 ὁ
550 928 731 995 λόγος,
756 931 851 981 καὶ
884 931 996 989 τοῖς
1018 927 1139 981 καθ’
1159 928 1307 997 ἡμᾶς
1328 926 1603 996 τολμηρός
1627 926 1691 974 ’⁸.

184 1024 259 1084 Τίς
284 1020 376 1087 γὰρ
414 1016 577 1078 οὔτως
604 1014 850 1085 ἤλπισεν,
880 1013 952 1076 ὡς
983 1012 1299 1085 θαρραλέως
1317 1013 1361 1043 ’⁷
1393 1013 1589 1075 εἰπεῖν,
1616 1011 1693 1080 Τῇ

183 1115 264 1183 ἐμῇ
297 1107 453 1162 ἐλπίδι
496 1107 587 1159 τὸν
641 1103 790 1157 ἔλεον
847 1103 1147 1174 μέτρησον;
1208 1100 1378 1155 Τοῦτο
1410 1102 1458 1132 ⁸⁸
1511 1100 1695 1171 μέντοι

183 1205 255 1257 καὶ
280 1202 328 1252 ὲν
348 1201 450 1262 τοῖς
480 1197 639 1268 ἱεροῖς
663 1194 1020 1265 Εὑαγγελίοις
1058 1196 1085 1247 ὁ
1106 1193 1384 1263 Δεσπότης
1421 1189 1659 1255 ἐδίδαξεν
1677 1202 1691 1217 ⁶

189 1290 282 1366 ιᾯ
307 1294 471 1363 μέτρῳ
502 1292 773 1360 μετρεῖτε,
820 1287 1359 1358 ἀντιμετρηθήσεται
1384 1284 1429 1318 ⁹⁹
1481 1286 1630 1355 ὐμίν’
1672 1302 1691 1334 ι

182 1388 252 1439 καὶ
288 1386 372 1455 τὴν
401 1385 414 1413 ¹
438 1381 626 1434 ἐλπίδα
650 1380 831 1432 τοίνυν
858 1378 1075 1431 τελείαν
1101 1378 1197 1429 καὶ
1223 1376 1452 1445 γνησίαν
1483 1372 1695 1443 κτησώ-

184 1476 309 1547 μεθα,
340 1473 425 1527 καὶ
444 1472 531 1525 τὸν
558 1471 715 1526 ἄλλον
747 1468 861 1540 βίον
889 1472 956 1541 τῇ
997 1468 1173 1522 ἐλπίδι
1203 1465 1563 1538 κατᾶλληλον,
1610 1466 1697 1518 ἵνα

179 1568 293 1621 ἔλεον
316 1564 464 1617 πολὺν
494 1560 946 1634 καρπωσώμεθα.

431 1678 696 1732 ΕΡΜΗΝ.
738 1678 875 1730 ΤΟΥ
914 1677 1018 1730 Al"
1060 1674 1377 1729 ΨΛΛΜΟΥ.

1798 550 1944 603 mine
1995 558 2188 603 sancto
2233 550 2353 618 ejus
2390 549 2751 618 speravimus,
2788 569 2809 601 θ
2845 550 3118 614 obsecrat,
3149 563 3209 607 ut
3239 570 3373 609 con—

1798 652 2059 711 sequatur
2084 642 2518 697 misericordiam
2550 643 2811 711 aequalem
2846 643 2984 714 spei.
3019 645 3157 700 Dicit
3184 648 3328 700 enim
3357 666 3371 702 :

1871 733 2031 789 Vens.
2065 734 2155 788 ἐξῆ.
2187 754 2205 787 ι
2244 735 2365 789 Fiat
2397 735 2770 791 misericordia
2795 746 2907 805 tua,
2930 732 3179 805 Domine,
3215 755 3375 808 super

1798 842 1922 893 nos,
1973 827 2433 896 quemadmodum
2486 828 2827 897 speravimus
2892 829 2945 882 in
2996 839 3070 884 te.
3110 850 3128 883 ι
3184 824 3379 885 Sermo

1798 930 1980 974 autem
2001 920 2089 975 hic
2108 929 2193 975 est
2227 937 2455 976 summa!
2477 922 2707 986 fiduciae,
2728 931 2780 976 et
2800 923 3044 978 insolens
3063 923 3379 978 hominibus

1798 1012 1963 1082 hujus
2007 1015 2215 1070 saaculi.
2271 1014 2404 1080 Quis
2436 1018 2581 1069 enim
2615 1016 2695 1071 sic
2723 1018 2987 1086 speravit,
3020 1028 3073 1069 ut
3116 1018 3377 1072 audacter

1797 1104 1969 1171 dicat,
2000 1107 2195 1161 metire
2228 1107 2659 1162 misericordiam
2689 1124 2807 1163 mea
2840 1110 2978 1178 spe?
3009 1110 3125 1163 Hoc
3152 1110 3376 1179 quidem

1798 1206 1851 1251 et
1882 1199 2054 1253 sacris
2079 1199 2133 1252 in
2170 1199 2477 1271 Evangeliis
2506 1200 2769 1257 Dominus
2789 1202 3012 1257 docuit:
3045 1220 3063 1253 ι
3090 1204 3205 1269 Qua
3226 1219 3381 1257 men-

1800 1306 1927 1344 sura
1950 1293 2124 1346 mensi
2145 1290 2379 1359 fueritis,
2409 1295 2607 1348 iterum
2642 1297 3051 1350 mensurabitur
3075 1296 3231 1351 vobis
3259 1305 3308 1350 ν.
3357 1315 3377 1347 ι

1800 1378 1963 1448 Spem
2001 1380 2168 1449 igitur
2196 1381 2492 1450 perfectam
2551 1392 2606 1437 et
2626 1384 2656 1417 θ’
2686 1384 2954 1438 sinceram
2976 1386 3378 1454 possideamus,

1798 1480 1850 1525 et
1875 1472 2139 1541 reliquam
2161 1473 2327 1526 vitam
2362 1475 2477 1543 spei
2507 1474 2841 1529 conformem
2874 1492 3124 1547 agamus,
3150 1485 3211 1531 ut
3238 1478 3379 1530 mul—

1800 1575 1910 1620 tam
1956 1567 2383 1621 miseticordiam
2425 1583 2850 1638 consequamur,

2157 1678 2433 1736 INTERP.
2491 1678 2747 1735 PSALMI
2786 1680 3026 1736 XXXIII.

231 1805 286 1850 α’.
325 1814 341 1845 ι
375 1793 461 1864 Τῷ
486 1792 676 1852 Δαϐίδ.
724 1792 887 1845 ὁπότε
915 1794 935 1823 ²
982 1791 1243 1860 ήλλοίωσε
1295 1790 1357 1842 τὸ
1406 1788 1698 1859 πρόσωπον

1877 1793 2033 1848 Vens.
2078 1795 2125 1849 1.
2165 1813 2183 1845 ‹
2216 1794 2468 1849 Psalmus
2514 1794 2721 1857 Davidi,
2761 1797 2981 1866 quando
3036 1797 3268 1851 mutavit
3293 1796 3382 1851 fa-

177 1886 308 1941 αὑτοῦ
352 1884 591 1939 ἐναντίον
635 1882 926 1953 ’Ᾱϐιμέλεχ
946 1883 986 1947 ³,
1037 1886 1132 1934 καὶ
1166 1878 1477 1933 ἀπέλυσενδ
1512 1880 1695 1941 αὑτὸν,

177 1985 248 2033 καὶ
276 1977 520 2047 ἀπῆλθεν.
561 1996 582 2028 ι
612 1974 721 2027 Τοῦ
776 1973 951 2027 Σαοὺλ
981 1974 1083 2043 τὴν
1122 1972 1326 2043 πικρὰν
1353 1969 1577 2041 γνώμην
1605 1972 1700 2023 καὶ

176 2075 399 2144 βάσκανον
442 2069 784 2139 θεασάμενος
819 2069 849 2120 ὁ
878 2067 1021 2129 θεῖος
1063 2066 1247 2130 Δαϐὶδ,
1286 2064 1380 2119 καὶ
1410 2062 1700 2134 συμϐούλῳ

174 2165 469 2234 χρησάμενος
520 2160 603 2231 τῷ
633 2159 939 2231 ,θαυμασίῳ
986 2159 1261 2221 Ίωνάθαν,
1307 2158 1543 2227 ἀπέδρα,
1606 2157 1701 2209 καὶ

171 2256 391 2328 Νομϐὰν⁸
419 2254 517 2324 τὴν
554 2253 709 2305 πόλιν
728 2250 1048 2305 κατέλαϐεν.
1091 2250 1241 2302 Ἐκεῖ
1262 2250 1445 2303 τοίνυν
1484 2248 1701 2315 Ἀϐιμέ-

170 2348 241 2417 λεχ
262 2347 329 2416 τῷ
379 2347 514 2417 ἱερεῖ
568 2344 984 2412 συγγενόμενος,
1041 2341 1292 2412 ἔκρυψε⁶
1351 2343 1450 2412 τὴν
1498 2341 1698 2411 φυγὴν,

171 2439 461 2493 ἀπεστάλθαι
496 2438 558 2491 δὲ
594 2438 853 2509 εἴρηκεν⁷
887 2436 991 2490 ὑπὸ
1028 2436 1122 2489 τοῦ
1163 2435 1429 2505 βασιλέως
1463 2434 1545 2497 είς
1578 2451 1701 2487 τινα

170 2533 323 2602 χρείαν
349 2531 669 2595 σπουδαίαν,
700 2530 795 2583 καὶ
821 2530 1062 2598 ζητήσας
1096 2527 1316 2598 ἄρτους,
1348 2527 1570 2597 ἐτέρους
1601 2527 1700 2596 μὲν

168 2626 242 2694 οὐχ
264 2622 393 2695 εὗρε,
429 2624 631 2693 μόνους
654 2622 710 2675 δὲ
737 2623 867 2685 τοὺς
888 2623 1003 2684 τοῖς
1032 2620 1269 2691 ἱερεῦσιν
1290 2620 1702 2687 ἀπονενεμημέ·

168 2718 317 2781 νουςπ,
349 2717 439 2769 καὶ
486 2714 721 2777 τούτους
770 2712 985 2777 ἔλαϐεν,
1037 2713 1335 2776 δεδωκότος
1382 2710 1479 2763 τοῦ
1512 2712 1701 2781 ἱερέως

168 2807 288 2877 παρὰ
316 2808 369 2859 τὸ
396 2807 580 2876 δόγμα
609 2805 702 2858 τοῦ
740 2805 926 2873 νόμου.
950 2805 1151 2867 Μόνοις
1177 2804 1284 2873 γὰρ
1314 2805 1426 2866 τοῖς
1453 2803 1695 2874 ἱερεῦσιν

165 2900 499 2968 ἁπονενέμητο
554 2901 589 2968 ἡ
642 2898 865 2966 τοιαύτη
909 2898 1081 2967 τροφή
1118 2914 1132 2927 ⁸
1162 2898 1275 2950 ἀλλ’
1327 2897 1477 2967 ὅμως
1518 2899 1704 2969 προδι-

162 2993 378 3060 εγρὰφη’
400 2991 505 3060 τῆς
542 2992 766 3060 χάριτος
798 2992 866 3042 τὰ
912 2991 1207 3059 μυστήρια,
1240 2990 1332 3041 καὶ
1362 2990 1701 3059 προανεῲγει

158 3090 246 3150 τοῖς
278 3085 595 3140 πιστεύουσι
641 3086 738 3153 τῆς
774 3084 925 3146 θείας
976 3083 1285 3154 φιλοτιμίας
1317 3086 1350 3154 ἡ
1405 3082 1575 3155 θύρα’
1605 3084 1705 3136 οὐκ

1804 1886 1943 1940 ciem
1991 1901 2146 1940 suam
2195 1902 2381 1941 coram
2436 1887 2807 1951 Abimelecho,
2861 1898 2915 1942 et
2945 1888 3155 1941 dimisit
3206 1887 3380 1947 illum,

1805 1986 1859 2030 et
1890 1979 2039 2032 abiit.
2076 1996 2095 2029 ι
2138 1977 2274 2032 Cum
2304 1978 2521 2033 divinus
2547 1978 2714 2033 David
2746 1980 3001 2033 acerbum
3034 1980 3163 2033 illud
3201 1980 3383 2033 Saulis

1807 2070 2142 2138 propositum
2202 2080 2257 2123 et
2306 2071 2563 2124 invidiam
2612 2072 2999 2141 perspexisset.
3049 2072 3384 2126 admirabilis

1805 2161 2052 2216 Jonat'uaa
2103 2163 2336 2217 consilio
2376 2180 2510 2219 usus
2530 2164 2757 2232 aufugit,
2789 2174 2842 2218 et
2880 2162 3082 2218 Nubem
3108 2165 3380 2219 civitatem

1807 2257 2071 2324 pervenit.
2135 2256 2235 2311 llic
2275 2257 2438 2326 813
2495 2258 2657 2327 igitur
2700 2274 2824 2312 cum
2878 2270 3023 2314 esset
3056 2276 3386 2329 congressus

1807 2364 1930 2402 cum
1960 2348 2274 2403 Abimelecb
2306 2352 2610 2415 sacerdote,
2641 2352 2823 2422 fugam
2857 2354 3119 2415 occuluit.
3155 2340 3381 2411 missum

1808 2452 1989 2495 autem
2023 2456 2081 2495 se
2106 2458 2227 2496 esse
2259 2444 2397 2497 dixit
2429 2459 2459 2497 a
2492 2460 2616 2513 rege
2654 2446 2723 2499 ob
2755 2446 3032 2515 quoddam
3057 2448 3259 2502 serium
3293 2464 3386 2501 ne-

1809 2534 2034 2603 gotium.
2068 2533 2135 2587 Et
2163 2551 2286 2589 cum
2335 2550 2504 2604 panes
2542 2538 2904 2606 quaesivisset,
2937 2553 3036 2591 nec
3065 2538 3199 2592 alios
3230 2538 3383 2592 inve-

1811 2627 1998 2690 nisset,
2048 2642 2211 2696 quam
2254 2628 2405 2681 solos
2448 2627 2826 2682 sacerdotibus
2865 2629 3158 2697 repositos,
3190 2638 3244 2681 et
3281 2627 3385 2681 hos

1809 2721 2035 2788 acet-pit,
2111 2720 2380 2787 prtebente
2414 2719 2697 2775 sacerdote
2733 2729 2923 2776 contra
2961 2730 3287 2790 praeceptum
3316 2720 3389 2774 le-

1809 2812 1929 2879 gis:
1963 2826 2087 2863 nam
2120 2812 2254 2865 solis
2279 2812 2654 2866 sacerdotibus
2686 2812 2809 2866 talis
2832 2813 2989 2867 cibus
3018 2812 3382 2867 tribuebatur.

1812 2901 2197 2957 Verumtamen
2244 2904 2435 2971 gratiae
2488 2905 2743 2976 mysteria
2795 2906 3281 2971 adnmbrabantur,
3332 2915 3388 2961 et

1806 2996 1973 3067 janua
2003 2996 2199 3050 divinae
2234 2997 2575 3052 liberalitatis
2614 2999 2966 3052 credentibus
2992 3008 3229 3053 reserata
3258 3009 3341 3054 est
3368 3017 3383 3053 :

1812 3087 2251 3157 quandoquidem
2289 3104 2394 3141 non
2445 3090 2677 3157 amplius
2718 3089 2849 3144 solis
2893 3090 3270 3145 sacerdotibus
3299 3092 3386 3145 di-

160 3179 224 3233 ἔτι
239 3181 330 3251 γὰρ
359 3180 556 3250 μόνοις
581 3182 695 3243 τοῖς
740 3179 976 3247 ἱερεῦσιν
1006 3179 1314 3250 ἀφώρισται
1349 3180 1382 3247 ἡ
1438 3179 1557 3231 θεία
1582 3195 1701 3249 τρο-

1810 3182 1971 3235 vinus
2000 3181 2155 3235 cibus
2194 3180 2502 3236 destinatus
2530 3192 2634 3247 est,
2674 3182 2767 3235 sed
2800 3183 3112 3238 divinorum
3145 3199 3390 3239 commu-

160 3268 237 3339 φὴ,
265 3270 390 3322 ἀλλὰ
416 3269 719 3339 πρόκειται
748 3269 862 3329 τοῖς
894 3266 1239 3337 βουλομένοις
1280 3270 1312 3338 ἡ
1338 3267 1447 3319 τῶν
1478 3267 1637 3320 θείων
1664 3269 1705 3298 ’θ

163 3364 452 3435 μετάληψις.
500 3363 707 3418 Ἕλαϐε
742 3364 925 3433 μέντοι
982 3366 1103 3417 κατ’
1145 3366 1352 3417 ἐκεῖνον
1391 3369 1485 3416 τὸν
1512 3363 1707 3433 καιρὸν

158 3457 364 3527 ὀμέγας
402 3457 577 3511 Δαϐἱδ
635 3458 731 3510 καὶ
764 3458 858 3510 τοῦ
894 3457 1088 3510 Γολιὰθ
1138 3457 1236 3528 τὴν
1280 3457 1577 3528 ῥομφαίαν,
1642 3459 1709 3526 ἣν

158 3547 319 3617 ὥσπερ
356 3549 676 3620 ἀκροθίνιον
708 3548 766 3612 ἐξ
806 3548 1023 3618 ἐκείνης
1050 3549 1151 3617 τῆς
1204 3548 1562 3618 παρατάξεως
1614 3549 1708 3600 ἀν·

160 3641 301 3711 ἐθηκε
330 3642 405 3711 τῷ
432 3642 617 3710 Θεῷ¹²
640 3658 654 3670 ·
682 3640 973 3710 Ἀϐιμέλεχ
1001 3641 1057 3694 δὲ
1082 3642 1173 3693 τὸν
1202 3641 1464 3710 Ἀϐιάθαρ
1482 3642 1709 3709 ¹⁸προσ-

157 3734 483 3803 ηγὸρευσε¹³,
518 3734 593 3797 ώς
627 3732 917 3802 διώνυμον.
962 3734 1180 3804 Ἐπειδὴ
1235 3734 1416 3786 τοίνυν
1467 3732 1708 3801 φεύγων,

155 3827 238 3880 οὐκ
270 3826 541 3898 ἐγνώρισε
591 3826 670 3897 τῷ
704 3829 841 3898 ἱερεῖ
876 3826 974 3895 τὴν
1015 3828 1218 3897 φυγὴν,
1248 3828 1383 3881 ἀλλὰ
1425 3826 1711 3897 βασιλικὴν

156 3920 244 3989 ἔφη
266 3920 450 3989 χρείαν
491 3918 743 3983 ἐξανυειν
773 3920 895 3972 τινὰ
921 3919 985 3983 ¹⁵,
1014 3918 1382 3987 ἠλλοιῶσθαι
1415 3920 1480 3972 τὸ
1522 3921 1711 3986 πρόσ-

156 4028 296 4065 ωπον
353 4012 607 4080 λέγεται,
667 4011 743 4074 ὡς
818 4011 893 4082 μὴ
953 4014 1020 4082 τῇ
1067 4011 1289 4079 συνήθει
1364 4010 1710 4082 χρησάμενος

1810 3274 2007 3329 nicatio
2025 3276 2329 3329 volentibus
2360 3276 2614 3330 omnibus
2635 3277 2976 3345 proponitur.
3006 3280 3230 3348 Accepit
3262 3277 3389 3348 qui-

1808 3366 1928 3421 dem
1963 3382 2029 3421 eo
2056 3376 2297 3436 tempore
2323 3383 2549 3437 magnus
2574 3367 2741 3421 David
2769 3380 2822 3421 et
2859 3368 3097 3423 Goliathi
3126 3370 3389 3434 gladium.

1809 3472 1970 3525 quem
2012 3464 2265 3524 tanquam
2312 3457 2489 3525 opima
2532 3457 2702 3526 spolia
2755 3474 2819 3511 ex
2858 3459 2950 3511 illo
2979 3459 3233 3513 conflictu
3279 3460 3390 3513 Deo

1811 3550 2167 3604 consecravit.
2201 3549 2613 3603 Abimelechum
2672 3561 2851 3605 autem
2898 3551 3251 3606 Abiatharem
3286 3567 3389 3605 no-

1813 3642 2057 3704 minavit,
2091 3652 2347 3710 tanquam
2377 3643 2652 3711 geminum
2681 3659 2878 3696 nomen
2911 3644 3222 3699 habentem.
3251 3645 3393 3711 Quo-

1815 3732 1958 3785 niam
1997 3731 2165 3801 igitur
2198 3731 2415 3800 fugiens
2445 3732 2715 3785 sacerdoti
2746 3732 2925 3801 fugam
2964 3734 3186 3787 minime
3216 3734 3389 3802 signi-

1816 3823 2014 3885 ficavit,
2046 3822 2139 3877 sed
2176 3823 2383 3891 regium
2418 3823 2691 3892 quoddam
2721 3826 2994 3893 negotium
3039 3840 3098 3878 se
3132 3824 3392 3893 perﬁcere

1813 3916 1970 3980 dixit,
2010 3925 2243 3968 mutasse
2281 3916 2472 3983 faciem
2509 3917 2728 3979 dicitur,
2764 3925 3027 3987 tanquam
3067 3918 3226 3973 solita
3255 3918 3391 3970 veri-

1814 4016 1924 4063 tate
1956 4009 2179 4062 minime
2233 4024 2367 4063 usus
2402 4007 2518 4079 [sed
2546 4010 2729 4073 aliam,
2767 4026 2931 4080 quam
2966 4025 3124 4082 agere
3160 4010 3390 4077 solebat,

1813 4116 2101 4171 personam
2134 4100 2447 4171 simulans].
2500 4100 2670 4154 Porro
2703 4102 2867 4172 aliqui
2910 4104 3203 4173 scriptores
3243 4103 3390 4158 aliud

154 4105 360 4174 ἀληθείᾳ
412 4106 487 4177 [η
517 4106 702 4175 ἕτερον
754 4104 812 4158 δὲ
862 4105 1153 4174 πρόσωπον
1184 4105 1304 4157 ἀντὶ
1338 4105 1430 4157 τοῦ
1463 4106 1712 4167 εἱωθότος

154 4196 496 4269 ἁνειληφώς].
529 4198 688 4259 Τινὲς
733 4196 791 4248 δὲ
823 4196 930 4248 τῶν
960 4197 1320 4267 συγγραφέων
1352 4198 1547 4266 ἑτέραν
1586 4198 1701 4250 ἔδω·

1815 4205 2195 4264 argumentum
2227 4194 2493 4249 dederunt
2521 4195 2644 4249 huic
2667 4196 2897 4265 psalmo.
2938 4196 3197 4250 Dixerunt
3218 4197 3388 4262 enim,

153 4304 241 4339 καν
268 4289 531 4342 ὑπόθεσιν
567 4288 647 4357 τῷ
673 4287 892 4358 ψαλμῷ.
930 4288 1181 4355 Ἔφασαν
1220 4288 1328 4360 γὰρ
1355 4290 1397 4320 ¹⁶
1417 4290 1701 4358 ἠλλοιωκέ-

1816 4288 2072 4342 Davidem
2104 4286 2295 4341 faciem
2326 4298 2586 4351 mutasse,
2619 4288 2839 4357 quando
2866 4290 2930 4341 ad
2958 4304 3136 4359 regem
3165 4289 3391 4344 Auchus

155 4397 229 4431 ναι
250 4381 307 4432 τὸ
336 4383 637 4450 πρόσωπον
670 4381 762 4434 τὸν
785 4380 971 4444 Δαϐὶδ,
1003 4380 1165 4449 ἡνίκα
1196 4380 1331 4451 πρὸς
1357 4381 1445 4433 τὸν
1484 4382 1701 4451 Ἀγχοὺς

1816 4383 2045 4437 accessit
2084 4390 2132 4444 ³,
2184 4382 2382 4437 deinde
2434 4397 2557 4435 cum
2610 4381 3036 4452 alienigenarum
3071 4383 3299 4437 insidias
3323 4384 3392 4437 ti»

151 4471 525 4543 εἱσελήλυθεν’
584 4466 703 4523 εἷτα
762 4470 1020 4541 φοϐηθεὶς
1070 4471 1167 4533 τὰς
1226 4472 1336 4523 τῶν
1398 4472 1701 4541 ἀλλοφὺλωκ.

1817 4483 2010 4536 meret,
2043 4475 2310 4527 insaniam
2348 4476 2647 4538 simulavit,
2679 4486 2732 4529 et
2762 4476 2862 4531 hoc
2890 4477 3052 4530 modo
3084 4476 3243 4529 saluti
3269 4491 3393 4530 con-

155 4562 453 4627 ὲπιϐουλὰς,
517 4564 882 4633 κορυϐαντιᾷν
929 4563 1226 4632 ἐσκήψατο,
1278 4563 1373 4615 καὶ
1425 4563 1601 4633 τούτῳ
1634 4563 1701 4633 τᾷ

1816 4567 2005 4624 suluit.
2038 4566 2237 4622 Verum
2258 4568 2463 4622 nullam
2487 4569 2923 4624 convenientiam
2946 4585 3068 4623 cum
3095 4570 3198 4624 hoc
3225 4584 3389 4623 sensu

214 4807 239 4835 ν
266 4794 458 4851 Matth.
500 4812 596 4863 vn,
640 4796 689 4850 I.
760 4810 783 4836 ι
817 4795 835 4849 I
870 4795 1002 4865 Reg.
1035 4812 1147 4857 xxI,
1188 4795 1213 4848 1
1249 4809 1401 4864 seqq.

1235 5036 1473 5093 VARIE
1516 5034 1905 5093 LECTIONES
1948 5035 2033 5089 ET
2073 5032 2304 5089 NOTAE.

1260 5156 1306 5188 ”
1336 5154 1655 5224 Τολμηρός.
1692 5172 1701 5205 4

1841 5151 2128 5222 1τολμίας
2184 5151 2467 5224 (ιιι-ςηρεεο
2523 5149 2735 5224 videtur
2792 5149 3044 5224 τόλμης)
3103 5147 3394 5224 ἀνώτερος.

218 5158 261 5188 ’⁸
286 5159 436 5229 Γὰρ,
487 5159 659 5228 φησί.
691 5158 859 5212 Abest
901 5174 931 5212 a
964 5157 1085 5212 cod.
1112 5156 1165 5210 2.
1260 5156 1306 5188 ”
1336 5156 1655 5224 Τολμηρός.
1692 5172 1701 5205 4

218 5230 339 5283 cod.
373 5231 409 5283 3
437 5228 771 5289 θαρσαλέως.
866 5229 912 5261 ³⁸
950 5229 1125 5283 Τοῦτο
1168 5256 1237 5269 -—
1264 5226 1425 5289 ὑμῖν.
1462 5226 1587 5278 Des.
1641 5241 1701 5289 ap

1841 5156 1865 5205 1
1900 5156 2128 5222 τολμίας
2184 5156 2311 5219 (leg.
2348 5164 2467 5203 esse
2523 5156 2735 5202 videtur
2792 5156 2994 5218 τόλμης
3024 5156 3042 5218 )
3103 5156 3394 5217 ἁνώτερος.

1837 5224 1996 5277 Cord.
2094 5224 2137 5252 ⁹⁹
2167 5222 2288 5275 cod.
2325 5220 2359 5274 3
2390 5220 2811 5289 μετρηθήσεται.
2892 5220 2905 5249 ¹
2942 5219 3051 5272 Καὶ
3091 5218 3223 5289 τὴν.
3260 5234 3313 5271 κ.
3344 5217 3395 5275 λ,

156 5226 195 5299 [⁷
218 5230 339 5283 cod.
372 5223 409 5283 ξ’)
437 5223 771 5297 θαρσαλέως.
866 5229 912 5261 ³⁸
950 5229 1125 5283 Τοῦτο
1168 5223 1587 5299 -έ-ίύμῖν.-⁷Ι)εε.
1615 5241 1701 5299 Διιιι

1837 5224 1996 5299 Cord.
2094 5224 2137 5252 ⁹⁹
2167 5223 2288 5299 cod_.
2312 5223 2359 5299 ς’)
2390 5223 2871 5299 μετρηθήσεται...
2892 5223 2905 5249 ¹
2942 5223 3051 5299 καὶ
3091 5223 3243 5299 thr,-

156 5294 272 5368 Des.
318 5300 375 5353 in
415 5288 625 5355 οο‹1’.5.
722 5288 1093 5351 εροσιΛδτε.
1192 5288 1701 5368 ξἈειμέλεχριῆ

1808 5308 1833 5345 n
1863 5294 1981 5346 libri
2016 5302 2226 5345 veteres
2248 5290 2276 5368 _I
2312 5288 2443 5359 Reg.
2477 5306 2562 5343 χιιι
2598 5290 2797 5342 habent
2829 5290 3137 5359 ’Λχιμέλεχ.
3166 5288 3401 5368 AI-iacst

156 5367 445 5439 diversitas
476 5370 639 5424 Marc.
678 5385 737 5435 ιι,
768 5368 858 5434 26,
900 5369 992 5422 ubi
1022 5367 1281 5422 Abiathar
1312 5358 1557 5439 vocatur.
1602 5358 1844 5439 Fuerunt
1902 5377 2133 5439 quoque
2167 5362 2260 5439 qui
2313 5358 2435 5439 eum
2485 5368 2861 5439 pertinuerunt
2909 5358 3030 5439 cum
3064 5377 3187 5439 rege
3213 5358 3397 5439 Aeltis,

156 5438 310 5507 cujus
352 5440 371 5493 I
406 5440 539 5507 Reg.
579 5425 747 5494 xxvtt't
791 5425 997 5493 mentio
1027 5439 1288 5506 injicitur.
1324 5434 1459 5507 Vide
1502 5436 1693 5507 Euseb.

1828 5434 1884 5486 h.
1919 5425 1960 5507 Ῑἶ
2032 5425 2198 5507 [Kal
2221 5425 2499 5484 ἀπέλυσέ
2524 5461 2593 5507 ——-_
2619 5428 3071 5507 dﬂﬁq‘ﬁ‘e‘a‘.‘0es.
3110 5425 3397 5507 incudi,

156 5495 238 5560 λ’
279 5512 299 5540 ι
326 5495 588 5577 Νομέάν.
626 5512 747 5566 cod.
775 5507 987 5563 Vatic.I
1018 5495 1151 5576 Re‘g.
1182 5507 1390 5567 xxn,I,
1431 5504 1599 5577 habet
1617 5505 1701 5565 No,

1808 5544 1830 5555 ..
1864 5503 1985 5557 cod.
2022 5502 2175 5577 Alex:
2209 5512 2386 5577 autem
2423 5511 2474 5554 et
2505 5501 2723 5577 quidam
2755 5498 3201 5577 libriimpnressi1
3226 5495 3401 5573 Νοϐᾷ,

1290 5577 1308 5605 ⁷
1346 5576 1470 5644 ϐοά.
1492 5574 1527 5627 2
1558 5576 1701 5644 signa

1808 5590 1859 5624 ιι.
1901 5642 1910 5644 _
1936 5578 1955 5603 ⁸
1984 5576 2107 5627 cod.
2135 5572 2686 5644 ‘2_d1:0jlepnpévo:J;:
2727 5574 2773 5644 _9
2801 5572 2926 5644 cod.
2947 5572 2996 5633 1,
3018 5569 3051 5621 2
3069 5569 3402 5644 1:396:37ch-

157 5665 268 5723 95t._
303 5638 320 5647 ’
340 5638 547 5723 ’θ’ῖῶν
577 5638 767 5723 (Is/aii.
800 5651 921 5702 cod.
954 5648 988 5700 2
1020 5638 1156 5723 θεῖ-α.
1282 5647 1321 5676 ¹¹
1358 5642 1499 5723 gen”).
1531 5638 1715 5723 cod.)
1766 5642 1978 5723 μυρίῳ.
2098 5638 2465 5723 “‘ZAIS’ldO-Qp;
2504 5640 2625 5723 cod:
2659 5640 2703 5723 2_
2726 5641 3046 5723 Ἀχιμέλεχ..
3114 5638 3189 5723 λβ,
3210 5640 3403 5723 [lociq-

157 5708 474 5787 ἠγόρευσε.
506 5721 767 5774 Abiatlmr
796 5728 1021 5773 vocatur
1065 5717 1227 5770 Marc.
1278 5732 1337 5787 ll,
1369 5708 1459 5787 26.
1564 5715 1699 5787 f‘_Tt

1820 5708 1986 5769 Abest
2012 5728 2041 5767 a
2064 5711 2185 5767 cod.
2227 5713 2273 5765 l.
2355 5712 2396 5744 ¹⁵
2428 5710 2643 5766 Ecodd.
2684 5712 2708 5766 1
2744 5708 2861 5766 et”?
2893 5708 3070 5779 suppl.
3150 5710 3191 5741 ¹⁰
3223 5708 3404 5774 Ἔφα-

156 5784 277 5843 σὰιέ
312 5790 448 5861 γὰρ,
476 5809 529 5847 κ.
566 5791 618 5845 λ.
659 5790 860 5847 Contra
894 5790 993 5846 hos
1023 5789 1264 5855 disputat
1292 5785 1489 5843 Euseb.
1516 5784 1582 5841 ad
1620 5784 1677 5839 ιι.
1716 5784 1751 5838 l.

158 5578 177 5605 ‘
205 5580 488 5648 Ἕκρυψε.
538 5582 659 5635 cod.
700 5582 750 5644 1,
784 5580 819 5632 2
845 5580 1049 5632 addunt
1076 5578 1195 5645 μέν.
