3842 6510
201 412 312 489 (105

195 616 424 687 μακάριος
448 612 600 682 ἀνὴρ,
632 612 691 675 ὃς
719 610 931 676 ἐλπίζει
982 612 1070 664 ἐπ’
1121 613 1304 666 αὐτόν.
1346 632 1365 666 ι
1424 611 1714 683 Εἰρηκὼς,

196 730 211 762 ι
244 706 545 777 ΙΙροσὲλθετε
582 702 718 771 πρὸς
735 704 795 735 ³³»
828 704 991 757 αὐτὸν
1023 705 1117 758 καὶ
1160 703 1490 775 φωτίσθητε,
1524 723 1543 755 ι
1580 722 1716 775 προ-

189 800 349 870 τρέπει
380 816 398 848 (
432 797 522 851 καὶ
547 795 837 863 γεύσασθε.
882 814 906 845 ›
944 796 1024 865 Τῇ
1052 796 1243 866 πείρᾳ,
1301 796 1457 867 φησὶ,
1512 795 1715 865 μάθετε

187 895 266 961 τὴν
297 888 586 958 ἁγαθότητα
637 886 731 938 τοῦ
779 886 1081 940 Δεσπότου·
1142 886 1491 957 μακαρισμὸν
1542 887 1653 958 γὰρ
1671 887 1716 919 ³⁸

188 981 396 1037 ἐντεῦθεν
422 980 718 1050 τρυγήσετε
736 979 804 1033 ³⁷.
845 979 1041 1032 ’ἰστέον
1084 980 1266 1050 μέντοι
1292 979 1367 1042 ὡς
1399 981 1511 1043 τοῖς
1544 979 1715 1032 πάλαι

194 1073 491 1141 Ἰουδαίοιςή
529 1071 795 1142 εἰρημένη
839 1071 1107 1142 ἁρμόττει
1157 1070 1391 1127 διάνοια.
1438 1070 1497 1124 Ὀ
1545 1071 1603 1124 δέ
1650 1088 1713 1139 γε

184 1172 231 1222 ὲν
245 1167 308 1236 τῷ
335 1165 475 1235 βάθει
496 1162 588 1217 τοῦ
610 1164 940 1234 γράμματος
956 1163 1000 1195 ³⁸
1027 1164 1406 1234 κρυπτόμενος
1436 1161 1579 1229 νοῦς,
1604 1162 1714 1215 τῶν

184 1256 638 1327 θείωνιμυστηρίων
668 1255 766 1327 τὴν
788 1256 950 1327 χάριν
974 1257 1293 1311 αἰνίττεται.
1336 1255 1437 1309 Διά
1484 1255 1590 1327 γὰρ
1616 1253 1711 1307 τοῦ

181 1349 408 1417 reunion
465 1347 848 1417 βαπτίσματος
903 1349 932 1400 ὁ
987 1347 1197 1419 ἀληθὴς
1265 1345 1549 1418 φωτισμδς
1597 1348 1712 1409 τοῖς

181 1440 426 1513 προσιοῦσι
449 1440 829 1508 προσγίνεται,
858 1440 953 1493 καὶ
990 1440 1092 1509 τῆς
1135 1440 1402 1505 ζωοποιοῦ
1442 1439 1648 1510 τροφῆς
1678 1440 1711 1508 ἡ

178 1533 333 1602 γεῦσις
359 1530 453 1600 τὴν
504 1529 824 1600 ἀγαθότητα
871 1530 968 1583 τοῦ
1004 1532 1257 1601 Σωτῆρος
1289 1530 1561 1585 δείκνυσιν
1624 1531 1710 1583 ὲν-

174 1625 346 1696 αργῶς.
382 1624 445 1676 Τί
473 1624 587 1694 γὰρ
609 1624 781 1688 οὕτως
808 1623 975 1678 αὐτοῦ
1002 1624 1190 1693 σαφῶς
1215 1626 1257 1657 ³³³
1270 1624 1371 1695 τὴν
1401 1623 1711 1695 φιλανθρω-

174 1721 279 1771 πίαν
308 1716 678 1771 ὑποδείκνυσιν
710 1758 725 1781 ,
778 1717 856 1780 ὡς
907 1718 1143 1788 σταυρὸς
1165 1718 1235 1783 ⁸ο,
1283 1718 1380 1771 καὶ
1428 1718 1490 1770 τὸ
1516 1716 1709 1781 πάθος,

174 1811 245 1863 καὶ
267 1812 290 1863 ὁ
312 1810 443 1880 ὑπὲρ
473 1809 635 1879 ἡμῶν
664 1809 957 1880 γενόμενος
1016 1810 1267 1874 θάνατος,
1324 1809 1417 1863 καὶ
1447 1808 1509 1861 τὸ
1556 1807 1713 1877 γενέ-

174 1902 269 1956 σθαι
316 1901 417 1954 τῶν
490 1901 717 1954 οἰκείων
800 1902 1090 1973 προϐάτων
1160 1901 1369 1971 τροφὴν
1421 1901 1556 1971 ὁμοῦ
1619 1902 1713 1954 καὶ
1742 1889 1786 1945 Β

170 2010 324 2065 πηγην
340 2011 352 2047 ε

220 2116 263 2173 ι’,
291 2115 368 2163 ια’.
396 2129 413 2161 ι
443 2109 729 2180 Φοϐήθητε
757 2107 848 2161 τὸν
866 2106 1096 2180 Κύριον,
1126 2106 1327 2171 πάντες
1358 2108 1407 2160 oi
1438 2084 1585 2176 ἅγιοι
1615 2108 1715 2160 αὑ-

166 2201 259 2264 τοῦ,
283 2201 356 2254 ὅτι
379 2202 476 2254 οῦκ
500 2200 657 2255 ἔστιν
687 2201 975 2272 ὑστέρημα
1006 2202 1123 2263 τοῖς
1146 2200 1502 2269 φοϐουμένοις
1526 2200 1709 2254 αὐτόν.

169 2292 380 2346 Πλούσιοι
402 2292 762 2363 ὲπτώχευσαν
806 2292 902 2345 καὶ
924 2291 1222 2345 ἐπείνασαν
1240 2308 1254 2322 ’
1273 2293 1321 2344 οἱ
1338 2291 1396 2344 δὲ
1422 2292 1710 2363 ὲκζητοῦν-

168 2401 239 2447 τες
262 2384 340 2436 τὸν
375 2384 610 2456 Κύριον,
661 2384 762 2437 οὐκ
820 2382 1285 2452 ὲ).αττωθήσονται
1323 2383 1523 2446 παντὸς
1575 2385 1715 2451 ἀγα-

169 2476 260 2532 θοῦ.
296 2495 312 2527 t
343 2476 621 2547 Σύμφωνα
649 2476 705 2528 δὲ
745 2475 840 2529 καὶ
868 2475 1043 2528 ταῦτα
1094 2476 1209 2537 τοῖς
1252 2474 1365 2528 ἀνω
1397 2474 1613 2544 ῥηθεῖσι
1634 2474 1707 2507 ⁸⁸⁸·

168 2568 388 2639 παραινεί
431 2565 544 2637 γὰρ
593 2567 707 2629 τοῖς
752 2566 853 2637 ἤδη
876 2564 968 2618 τὸν
982 2565 1027 2597 ⁸³
1050 2563 1324 2634 ἀγιασμδν
1368 2565 1456 2619 διὰ
1488 2564 1582 2618 τοῦ
1616 2565 1716 2636 βα-

168 2661 435 2731 πτίσματος
460 2657 805 2730 δεξαμένοις,
857 2658 1009 2729 φόϐῳ
1048 2659 1146 2727 τὴν
1193 2659 1417 2728 ἀγάπην
1462 2659 1713 2729 κεράσαι,

168 2753 241 2807 καὶ
271 2754 371 2806 τῶν
415 2751 649 2820 ἀγαθῶν
682 2751 782 2823 τὴν
840 2750 1104 2820 ἀφθονίαν
1161 2750 1510 2821 ἁναμένειν⁸³
1563 2751 1717 2821 παρά

169 2846 298 2913 μόνον
314 2844 358 2875 ⁸*
385 2843 548 2897 Θεοῦ.
585 2844 645 2897 '0
681 2844 789 2913 γὰρ
812 2842 1044 2906 πλοῦτος
1076 2840 1281 2903 πολλὰς
1309 2840 1423 2912 ἔχει
1478 2842 1715 2913 μεταϐο-

162 2937 262 2999 id:
296 2936 384 2989 καὶ
404 2938 433 2989 ό
464 2936 716 3007 σήμερον
738 2933 1015 2996 πλούσιος,
1053 2934 1134 2995 εἰς
1164 2931 1357 2985 πενίαν
1395 2932 1512 3003 μετ’
1535 2932 1716 3001 ὀλίγον

162 3026 415 3097 μετέπεσε.
471 3026 598 3080 Καὶ
666 3023 911 3078 Ἰουδαῖοι
953 3023 1012 3077 δὲ
1067 3022 1237 3076 πάλαι
1283 3022 1377 3076 τοῦ
1427 3022 1561 3075 Θεοῦ
1616 3022 1716 3093 τὴν

158 3119 448 3190 κηδεμονίαν
534 3119 982 3189 πλουτήσαντες,
1054 3115 1411 3186 ὲπτὼχευσαν
1477 3114 1563 3188 [⁸⁸
1622 3117 1717 3169 καί⁸

1442 406 1523 466 ΙΝ
1566 406 1770 466 PSAL.
1806 406 2079 467 XXXIII.

252 525 308 576 0'.
343 541 358 571 ι
391 520 427 571 Γ
429 517 671 579 εύσασθε,
701 519 795 572 καὶ
840 518 979 573 ἴδετε
1009 520 1092 573 ὅτι
1138 520 1371 589 χρηστὸς
1405 521 1434 572 ὁ
1475 519 1711 590 Κύριος.
1746 527 1790 583 Α

1896 519 2057 574 Vens.
2100 520 2153 574 9.
2211 539 2228 569 ‹
2268 520 2515 585 Gustate,
2552 533 2604 576 ct
2651 522 2851 588 videte,
2888 538 3113 579 suavem
3141 538 3262 578 esse
3296 524 3401 575 Do—

1826 613 2075 681 minum;
2107 614 2303 668 beatus
2332 614 2434 679 vir,
2474 614 2564 683 qui
2586 624 2767 683 sperat
2795 614 2848 669 iu
2881 630 2967 670 eo.
3012 634 3031 667 ι
3060 616 3196 669 Cum
3230 615 3401 669 dixis~

1825 714 1942 760 set:
1974 724 1997 757 ι
2025 705 2280 762 Accedite
2301 706 2367 761 ad
2396 723 2520 761 eum
2549 716 2603 762 et
2629 708 3040 769 illuminamini,
3077 727 3093 757 ι
3130 709 3404 769 hortatur,

1830 817 1847 849 ι
1885 806 1940 852 et
1969 808 2204 866 gustate.
2245 817 2267 850 ›
2307 798 2674 869 Experientia,
2705 800 2901 869 inquit,
2950 799 3145 854 discite
3184 798 3405 853 bonita-

1824 898 1931 943 tem
1990 889 2254 944 Domini:
2289 906 2413 943 nam
2458 891 2588 946 hinc
2634 892 3026 946 beatitudinem
3078 890 3401 960 acquiretis.

1823 984 2119 1039 Sciendum
2148 992 2229 1038 est
2252 995 2460 1049 autem,
2489 984 2730 1055 antiquis
2750 983 2954 1039 Judazis
2982 983 3129 1039 hunc
3151 997 3397 1042 sensum,

1821 1093 1983 1147 quem
2014 1077 2275 1140 diximus,
2298 1092 2628 1148 congruere.
2674 1078 2885 1133 Sensus
2924 1088 3128 1141 autem,
3178 1074 3271 1144 qui
3304 1076 3320 1093 '
3343 1073 3395 1127 in

1822 1170 2189 1239 profunditate
2230 1169 2425 1225 littera:
2468 1170 2619 1233 latet,
2667 1170 2977 1223 divinorum
3010 1167 3396 1239 mysteriorum

1824 1264 2056 1333 gratiam
2120 1263 2324 1317 innuit.
2378 1260 2511 1315 Nam
2548 1278 2643 1332 per
2675 1270 2928 1316 sanctum
2973 1260 3238 1329 baptisma
3270 1274 3394 1313 vera

1821 1356 2153 1412 illuminatio
2189 1354 2578 1410 accedentibus
2613 1353 2941 1424 acquiritur,
2984 1364 3037 1408 et
3085 1353 3266 1407 vitalis
3292 1351 3397 1406 eihi

1818 1460 2014 1521 gustus
2074 1449 2376 1504 bonitatem
2431 1446 2735 1504 Salvatoris
2785 1446 3078 1501 manifesto
3141 1444 3397 1500 ostendit.

1820 1542 1964 1609 Quid
1992 1542 2141 1596 enim
2175 1542 2255 1596 sic
2279 1539 2517 1595 dilucide
2552 1540 2671 1609 ejus
2699 1538 3089 1608 benignitatem
3136 1535 3396 1599 ostendit,

1817 1635 1985 1706 816
2018 1643 2078 1690 ut
2102 1649 2258 1698 crux,
2285 1641 2339 1688 et
2370 1632 2578 1703 passio,
2611 1640 2670 1686 et
2704 1647 2856 1686 mors
2900 1646 2998 1701 pro
3031 1631 3188 1685 nobis
3218 1644 3397 1686 susce-

1816 1740 1937 1798 pta,
1960 1737 2013 1783 et
2033 1727 2179 1797 quod
2209 1727 2325 1797 ipse
2348 1741 2571 1781 suarum
2597 1725 2780 1781 ovium
2810 1724 2968 1780 cibus
3008 1723 3171 1779 simul
3202 1731 3255 1776 et
3276 1720 3417 1776 fons.

1818 1820 1997 1877 factus
2026 1819 2142 1874 sit?

1890 2076 2052 2135 Vens.
2087 2078 2175 2141 10,
2202 2080 2287 2136 il.
2325 2098 2344 2130 ‹
2383 2079 2592 2134 Timete
2634 2077 2966 2144 Dominum,
2995 2089 3187 2130 omnes
3218 2075 3421 2130 sanctis

1816 2173 1962 2243 ejus,
1989 2171 2251 2242 quoniam
2291 2187 2397 2226 non
2431 2180 2516 2226 est
2570 2170 2750 2240 inopia
2782 2167 3103 2223 timentibus
3124 2182 3271 2221 eum.
3305 2165 3397 2219 Di-

1816 2266 1952 2320 vites
2001 2272 2272 2335 eguerunt
2324 2276 2378 2318 et
2427 2263 2743 2318 esurierunt
2788 2280 2803 2316 :
2856 2270 3163 2331 quan-entes
3216 2268 3419 2313 autem.

1818 2358 2111 2413 Dominum
2162 2372 2271 2411 non
2321 2356 2639 2412 minuentur
2686 2354 2833 2409 omni
2868 2354 3029 2407 bono.
3072 2372 3089 2403 ι
3142 2350 3265 2406 Ιίωο
3302 2366 3400 2404 auo

1818 2460 2000 2506 autem
2034 2449 2240 2520 pariter
2266 2448 2355 2514 iis,
2380 2464 2503 2519 qum
2535 2447 2789 2520 superius
2828 2446 2975 2501 dicta
3013 2453 3164 2507 sunt,
3198 2458 3397 2497 conso-

1818 2554 1969 2599 nant.
2002 2543 2277 2599 Admonet
2305 2543 2451 2597 enim
2484 2556 2601 2608 eos,
2631 2540 2725 2610 qui
2758 2555 2856 2610 per
2885 2538 3157 2608 baptisma
3194 2535 3398 2592 sancti—

1819 2638 2059 2693 moniam
2093 2645 2443 2707 acceperunt.
2479 2643 2539 2687 ut
2572 2635 2767 2688 timore
2799 2646 3038 2686 antorem
3075 2639 3396 2699 temperent,

1818 2740 1873 2787 et
1904 2732 2179 2787 bonorum
2213 2729 2546 2785 alllueutiam
2579 2743 2608 2782 a
2636 2727 2754 2783 solo
2785 2725 2896 2780 Deo
2924 2732 3241 2794 exspectent
3309 2720 3420 2775 Di-.

1818 2826 1966 2881 vitia:
2020 2824 2166 2879 enim
2220 2824 2422 2879 multas
2476 2822 2681 2876 habent
2721 2819 3151 2881 vicissitudines,
3207 2823 3261 2869 et
3303 2817 3396 2884 qui

1819 2918 1983 2974 hodie
2013 2917 2166 2973 dives
2201 2926 2308 2979 est,
2342 2916 2504 2986 paulo
2538 2923 2660 2984 post
2707 2913 2762 2967 in
2813 2912 3053 2982 inopiam
3092 2910 3301 2964 incidit.
3334 2908 3425 2961 Et.

1816 3010 2018 3074 Judaei,
2056 3026 2180 3065 cum
2234 3010 2362 3064 olim
2407 3006 2503 3062 Dei
2548 3006 2948 3074 gubernatione
2993 3004 3149 3057 ditati
3190 3011 3431 3064 essenth

1818 3118 2084 3175 pauperes
2115 3101 2241 3156 facti
2276 3109 2406 3156 sunt
2463 3099 2540 3171 [et
2570 3098 2714 3154 fame
2739 3098 3081 3159 laborarunt,
3125 3110 3252 3149 cum
3286 3109 3393 3148 non

158 3214 414 3268 ἐπείνασαν
463 3210 933 3282 ἀπιστήσαντες].
970 3211 1014 3262 Τ
1019 3210 1053 3263 ὰ
1088 3210 1147 3263 δὲ
1188 3209 1557 3263 πιστεύσαντα
1588 3209 1711 3281 ἔθνη

1827 3193 2196 3265 crediderint].
2228 3193 2430 3248 Gentes
2478 3206 2633 3256 vero,
2677 3205 2800 3259 quae
2828 3188 3199 3251 crediderunt,
3230 3186 3399 3240 bono-

159 3309 280 3377 παρὰ
298 3307 385 3360 τοῦ
410 3305 559 3360 Θεοῦ
596 3305 707 3358 τῶν
730 3304 956 3374 ἀγαθῶν
984 3304 1085 3373 τὴν
1111 3303 1375 3373 ἀφθονίαν
1409 3304 1631 3368 ἐδέξατο
1643 3304 1710 3357 ⁸⁵⁸.

210 3400 287 3470 ιβ’,
345 3408 430 3468 ιγ’.
504 3419 523 3451 ι
577 3399 768 3465 Δεῦτε,
817 3397 1010 3460 τέκνα,
1053 3395 1325 3450 ἀκούσατέ
1371 3414 1497 3467 μου,
1550 3398 1713 3466 φόϐον

154 3493 329 3562 Κυρίου
366 3492 571 3557 διδάξω
616 3492 783 3561 ὑμᾶς.
834 3490 934 3553 Τίς
976 3490 1127 3542 ἐστιν
1162 3488 1453 3560 ἄνθρωπος
1485 3491 1514 3543 6
1542 3490 1713 3544 θέλων

154 3582 293 3653 ζωὴν,
325 3584 569 3654 ἀγαπῶν
603 3583 817 3654 ἡμέρας
852 3582 981 3635 ἰδεῖν
1018 3580 1261 3650 ἀγαθάς;
1297 3600 1315 3632 ι
1370 3583 1480 3636 Καὶ
1512 3600 1712 3654 προτε-

152 3676 339 3743 θεικὼς,
380 3671 506 3730 οἶόν
557 3693 610 3729 τι
672 3671 839 3728 ἆθλον
882 3673 1227 3745 ἀξιέραστον,
1292 3672 1393 3745 τὴν
1434 3674 1580 3747 ζωὴν
1613 3673 1714 3744 τὴν

153 3763 351 3831 ἄλυπον,
380 3768 484 3821 καὶ
511 3766 612 3839 τὴν
639 3765 995 3837 τριπόθητον,
1028 3763 1121 3816 ἐπὶ
1140 3766 1267 3829 τοὺς
1302 3762 1525 3834 ἀγῶνας
1574 3782 1713 3837 προ-

151 3860 336 3931 τρέπει.

210 3954 281 4018 ιδ’,
309 3962 386 4009 ιε’.
430 3975 449 4006 ι
493 3953 711 4008 Παῦσον
736 3953 841 4025 τὴν
861 3953 1120 4025 γλῶσσάν
1152 3972 1245 4009 σου
1268 3955 1376 4011 ἀπὸ
1393 3954 1588 4019 κακοῦ,
1619 3954 1715 4008 καὶ

151 4046 279 4117 χεΰη
326 4064 418 4100 σου
476 4046 574 4099 τοῦ
623 4046 699 4117 μὴ
752 4046 986 4119 λαλῆσαι
1040 4049 1215 4102 δόλον.
1271 4046 1563 4100 Ἔκκλινον
1605 4046 1715 4098 ἀπὸ

150 4135 315 4201 κακοῦ,
360 4138 459 4191 καὶ
487 4136 713 4207 ποίησον
764 4138 1007 4205 ἀγαθόν’
1048 4139 1285 4209 ζήτησον
1328 4138 1574 4208 εἰρήνην,
1620 4137 1714 4189 καὶ

148 4226 313 4292 δίωξον
342 4230 542 4298 αὐτήν.
613 4248 629 4279 ι
689 4228 965 4299 Πρότερον
996 4227 1302 4298 ἀποτρέπει
1335 4226 1559 4291 κακίας,
1611 4222 1712 4278 εἷθ’

148 4322 266 4373 οὕτω
294 4323 357 4375 τά
387 4323 508 4394 εἴδη
526 4322 569 4353 ⁸⁷
601 4323 700 4392 τῆς
744 4320 953 4391 ἀρετῆς
1004 4321 1254 4391 μετιέναι
1312 4319 1561 4373 κελεύει·
1618 4320 1713 4373 καὶ

150 4416 339 4485 πρῶτον
400 4418 505 4488 μὲν
553 4415 652 4486 τὴν
691 4414 959 4483 γλῶτταν,
1021 4414 1098 4477 ὡς
1152 4412 1432 4466 εὐόλισθον
1502 4412 1711 4483 μόριον,

150 4510 453 4581 καθαρεύειν
483 4508 690 4571 παντὸς
714 4508 879 4561 δόλου
920 4508 1017 4562 καὶ
1051 4508 1318 4578 πονηρίας
1370 4507 1669 4576 παρεγγυᾷ
1693 4520 1708 4535 ’

1819 3305 1941 3345 rum
1984 3286 2315 3343 allluentiam
2349 3301 2379 3338 a
2412 3283 2519 3338 Deo
2546 3289 2899 3352 acceperunt.

1887 3377 2057 3440 VE‘JtS.
2090 3377 2177 3443 12,
2210 3377 2296 3430 15.
2332 3397 2348 3425 ι
2386 3373 2603 3441 Venite,
2637 3372 2757 3437 lilii,
2794 3370 2978 3427 audite
3008 3385 3115 3436 me,
3147 3371 3394 3424 timorem

1816 3470 2039 3525 Domini
2073 3469 2283 3525 docebo
2312 3483 2429 3521 vos.
2449 3466 2585 3532 Quis
2614 3476 2699 3521 est
2730 3464 2919 3529 homo,
2945 3462 3036 3533 qui
3069 3462 3182 3516 vult
3211 3464 3394 3523 vitam,

1814 3562 1990 3632 diligit
2035 3560 2151 3616 dies
2200 3559 2384 3612 videre
2421 3556 2639 3611 bonos?
2676 3574 2721 3605 ιη
2749 3551 3046 3622 Postquam
3092 3550 3395 3621 proposuit,

1816 3667 2076 3724 tanquam
2110 3652 2395 3723 praemium
2431 3648 2708 3720 quoddam
2735 3657 2919 3701 amatu
2952 3646 3199 3715 dignum,
3228 3643 3395 3696 vitam

1814 3747 2003 3801 dolore
2029 3752 2330 3807 carentem,
2360 3752 2413 3797 et
2435 3741 2674 3796 maxime
2702 3738 3148 3802 desiderabilem,
3185 3737 3251 3791 ad
3276 3751 3395 3790 eer-

1818 3836 2024 3891 tamina
2058 3834 2406 3888 adhortatur.

1890 3928 2059 3985 Vens.
2094 3927 2183 3991 14,
2221 3924 2309 3978 15.
2351 3944 2381 3973 «-
2424 3922 2638 3977 Cohibe
2680 3921 2921 3991 linguam
2971 3927 3122 3972 tuam
3152 3932 3184 3970 a
3232 3916 3392 3981 malo,

1814 4027 1871 4075 et
1899 4018 2043 4073 labia
2066 4025 2187 4081 tua,
2238 4030 2307 4070 ne
2338 4015 2633 4084 loquantur
2665 4011 2873 4066 dolum.
2922 4008 3137 4063 Diverte
3168 4024 3198 4061 a
3229 4007 3395 4073 malo,

1812 4122 1868 4168 et
1922 4110 2009 4167 fac
2059 4110 2289 4175 bonum,
2335 4105 2552 4176 inquire
2594 4119 2807 4175 pacem,
2856 4112 2911 4156 et
2944 4111 3153 4158 sectare
3195 4116 3336 4153 υωιι.
3372 4116 3391 4149 ι

1812 4207 2057 4261 Primum
2119 4201 2402 4259 dissuadet
2456 4198 2750 4261 malitiam,
2803 4195 3002 4251 deinde
3050 4194 3130 4248 sic
3178 4193 3423 4247 virtutis.

1816 4302 2033 4373 species
2082 4299 2280 4360 sectari
2322 4296 2495 4367 iubet.
2532 4295 2776 4349 Primum
2826 4291 3046 4362 quidem
3100 4298 3304 4355 monet,
3340 4299 3393 4341 ut

1817 4398 2088 4466 linguam,
2143 4392 2311 4448 veluti
2385 4390 2548 4444 labile
2594 4388 2937 4450 membrum,
2984 4384 3133 4438 omni
3188 4382 3313 4437 dolo
3344 4391 3395 4434 et

1814 4489 2102 4558 iniquitate
2126 4500 2423 4557 purgemus
2454 4500 2468 4536 :
2506 4482 2708 4549 linguae
2741 4496 2869 4534 vero
2899 4478 3071 4551 81³1Δ
3089 4476 3232 4530 labia
3262 4489 3377 4529 con-

147 4604 200 4671 τῇ
228 4567 430 4675 γλώττῃ
451 4603 511 4656 δὲ
535 4602 607 4654 τὰ
639 4601 791 4672 χείλη
818 4600 1103 4661 συνάπτει.
1228 4567 1323 4653 καλ
1345 4567 1483 4651 αύτά
1516 4567 1707 4667 σύνερ-

1827 4584 2006 4646 nectit,
2036 4590 2094 4635 ut
2114 4597 2233 4651 quin
2258 4595 2381 4633 cum
2405 4578 2528 4646 ejus
2547 4574 2792 4630 motibus
2814 4579 3163 4628 concurrant.
3195 4567 3392 4621 Deiodr

145 4693 321 4759 γοῦντα
377 4697 497 4757 τοῖς
558 4692 777 4763 ἐκείνης
846 4694 1133 4762 κινήμασι.
1205 4691 1468 4760 Δεύτερον
1528 4692 1628 4760 τῆς
1662 4688 1707 4719 ⁸⁸

147 4785 323 4850 κακίας
368 4786 713 4857 ἀπαγορεύει
758 4785 857 4857 τὴν
897 4786 1131 4857 πρᾶξιν·
1193 4803 1213 4835 ‹
1255 4784 1539 4838 Ἐκκλινον
1574 4784 1704 4854 γὰρ,

147 4879 309 4947 φησιν,
333 4880 444 4933 ἀπὸ
475 4879 671 4933 κακοῦ.
708 4898 726 4929 ι
765 4873 900 4933 Εἶτα
916 4878 959 4912 ⁸⁸
1013 4878 1112 4949 τὴν
1159 4877 1374 4946 ἀγαθὴν
1423 4875 1706 4946 ἐνέργειαν

147 4966 437 5033 νομοθετεῖ’
482 4985 537 5021 ιι
560 4967 793 5037 Ποίησον
846 4967 977 5039 γὰρ,
1018 4968 1181 5038 φησιν
1200 4967 1271 5030 ⁵⁰,
1302 4966 1549 5036 ίὰγαθόν.
1590 4983 1609 5016 ι
1641 4965 1705 5016 Τί

145 5055 194 5108 δὲ
212 5058 268 5109 τὸ
302 5060 602 5129 κεφάλαιον
648 5061 760 5114 τῶν
800 5059 1055 5129 ἀγαθῶν;
1105 5078 1122 5109 ι
1173 5060 1417 5128 Ζήτησον
1456 5058 1704 5128 εἰρήνην,

148 5148 229 5198 καὶ
252 5149 439 5215 δίωξον
466 5152 654 5223 αὐτήν.
704 5171 723 5204 ι
775 5151 833 5205 '0
866 5152 975 5222 γὰρ
997 5150 1277 5220 εἰρηνικὸς
1307 5149 1533 5219 εἰρήνην
1573 5146 1708 5217 πρὸς

148 5238 370 5307 ἅπαντας
396 5244 797 5315 ἀσπαζόμενος,
833 5242 957 5297 οὔτε
980 5242 1278 5314 κρύϐδην⁶¹
1312 5242 1380 5293 τὰ
1408 5240 1501 5292 τοῦ
1540 5240 1707 5301 πέλας

1818 4678 1946 4732 mali
1978 4674 2437 4746 perpetrationeui
2472 4668 2731 4740 prohibet
2760 4688 2773 4721 :
2808 4689 2824 4718 ι
2859 4665 3079 4720 Declina
3116 4664 3285 4726 enim,
3309 4662 3391 4713 in-

1816 4770 2008 4841 q.uit,a
2041 4768 2207 4821 malo.
2248 4784 2268 4817 ο
2298 4763 2437 4817 Tum
2482 4763 2624 4816 bona
2662 4776 2828 4830 opera
2878 4756 3148 4828 pnecipit,
3184 4755 3392 4815 dicens.

1822 4882 1841 4915 ‹
1896 4859 2002 4915 Fac
2028 4861 2256 4915 bonum.
2288 4874 2309 4907 ›
2364 4855 2628 4921 Quaenam
2674 4870 2801 4906 vero
2835 4859 2918 4904 est
2954 4863 3167 4902 summa
3220 4846 3389 4899 bono-

1820 4970 1941 5009 rum
1971 4950 2245 5023 operuin?
2282 4968 2300 5000 ι
2340 4948 2536 5015 Quaere
2582 4960 2795 5016 pacem,
2832 4950 2887 4996 et
2930 4950 3143 4997 sectare
3182 4954 3325 4993 eam.
3377 4960 3393 4988 ν

1817 5047 1952 5103 Nam
1975 5046 2070 5117 qui
2098 5043 2362 5115 pacificus
2398 5042 2561 5094 homo
2593 5047 2699 5101 est,
2732 5052 2922 5106 pacein
2968 5035 3020 5087 in
3048 5047 3243 5086 omnes
3276 5046 3394 5083 am-

1817 5141 2091 5211 plectitur,
2130 5153 2232 5192 nec
2262 5135 2477 5190 occulte
2513 5146 2599 5195 ea,
2637 5144 2757 5198 qua:
2788 5136 2917 5183 sunt
2953 5125 3214 5196 proximi,
3264 5125 3392 5175 suit--

1816 5235 2034 5288 trahere
2072 5230 2290 5302 quaerit,
2319 5243 2420 5283 nec
2450 5225 2626 5282 caedes
2650 5230 2851 5293 patrat,
2882 5221 2895 5236 '
2924 5236 3023 5275 nec
3064 5219 3269 5287 nuptiis
3312 5217 3390 5267 in-

1228 5402 1462 5457 VARIZE
1504 5398 1886 5455 LECTIONES
1926 5396 2011 5451 ET
2052 5392 2286 5449 NOTA‘J.

210 5515 252 5548 ³⁸
281 5517 433 5589 Πρὸς
462 5553 533 5561 ——
564 5522 915 5590 φωτίσθητε.
949 5520 1069 5575 Des.
1105 5519 1158 5574 in
1193 5520 1315 5573 cod.
1351 5521 1401 5582 l,
1435 5520 1488 5573 εὶ.

150 5605 286 5662 σατε.
384 5593 427 5623 ³⁸
456 5592 570 5646 Τοῦ
621 5592 977 5662 γράμματος.
1005 5592 1172 5645 Abest
1200 5605 1230 5644 a
1260 5592 1382 5662 cod.
1412 5592 1460 5646 1.

150 5660 188 5688 ⁶⁰
218 5662 499 5729 ἓταυρός.
553 5660 676 5717 cod.
712 5660 783 5728 1,
808 5662 844 5715 ‘2.
900 5677 1085 5729 prtem.
1120 5663 1165 5713 ὁ.

152 5728 190 5801 "f
214 5727 342 5783 Τόν.
375 5727 533 5787 Abest
563 5750 591 5786 a
621 5735 744 5787 cod.
765 5727 829 5786 Vl.
902 5727 949 5763 λ³
978 5737 1100 5786 cod.
1144 5732 1191 5795 1,
1223 5732 1257 5783 ‘2.
1290 5734 1634 5801 προσμένειν.

154 5800 193 5828 ⁵⁸
220 5801 337 5855 cod.
376 5803 420 5867 l,
448 5804 481 5856 Ξ).
507 5803 774 5863 ἐδέξαντο.

154 5871 265 5923 (od.
303 5872 321 5924 l
362 5874 509 5930 habet
541 5883 748 5931 tantum
780 5876 888 5929 καί.

1580 5521 1625 5551 ³⁸
1652 5517 1793 5587 Γάρί.
1826 5517 1990 5568 Ahest
2018 5531 2047 5567 ξι
2077 5514 2198 5567 cod.

1560 5591 1601 5621 ³⁵
1629 5593 1709 5642 Su

1827 5610 1857 5646 τ.
1890 5588 2056 5639 Abest
2094 5602 2125 5637 a
2160 5584 2278 5654 cod.
2317 5583 2366 5635 -l.
2415 5581 2488 5654 ln
2532 5578 2656 5631 cod.
2760 5579 2978 5654 ponitur
3038 5584 3157 5654 post
3192 5573 3385 5654 οῦτςις.

1282 5659 1299 5689 ⁸
1310 5662 1324 5691 ί
1360 5644 1505 5715 “Aria;
1561 5662 1705 5726 {4105

1854 5656 1974 5708 cod.
2015 5657 2035 5708 i
2080 5652 2285 5707 ἄνωθεν
2335 5644 2771 5726 (inﬂammanda
2800 5646 2990 5726 ἄνω
3041 5644 3385 5726 θεωρηθεῖσι.

1781 5730 1796 5758 ’⁵
1830 5727 2048 5780 did-ron.
2085 5726 2208 5777 (20d.
2233 5724 2268 5776 ‘2
2296 5718 2480 5793 praim.
2512 5718 2627 5793 τοῦ,

903 5803 943 5833 ⁸⁷
978 5803 1145 5867 Εἵδη.
1186 5802 1350 5856 Abest
1395 5820 1423 5855 τι
1486 5802 1606 5854 rod.
1641 5801 1685 5858 ι,
1714 5800 1765 5851 ‘2.

987 5874 1031 5904 ⁵ο
1063 5873 1211 5942 Γὰρ,
1242 5875 1449 5942 φησίν.
1485 5874 1641 5927 Abest
1676 5890 1705 5926 ιι
1742 5869 1858 5926 cod.
1898 5871 1941 5923 1.

2371 5510 2414 5540 ³⁷
2444 5508 2562 5562 cod.
2600 5508 2635 5560 ‘3
2668 5516 2719 5561 et
2750 5506 2910 5559 Cord.
2944 5522 2997 5573 ῃ.
3031 5503 3154 5567 605,
3185 5505 3389 5572 τρυγή-

2741 5718 2785 5748 “
2821 5717 2859 5769 Ε
2894 5716 3013 5769 cod.
3050 5717 3101 5779 1,
3138 5716 3172 5767 ‘2
3206 5715 3383 5782 suppl.

1862 5796 1905 5827 "3
1938 5796 2073 5863 Τῆς.
2104 5795 2223 5847 cod.
2264 5784 2620 5863 l'praenndé.
2720 5788 2764 5863 δῖ’
2800 5785 2937 5841 Εἶτα
2968 5818 3030 5827 —-
3062 5784 3383 5857 νομοθετεῖ.

2021 5858 2061 5901 ⁸³
2106 5858 2395 5934 [ιγπύὅδηγ.
2437 5862 2553 5917 ςυιΙ.
2591 5862 2623 5913 ‘2
2661 5858 2861 5929 κρύφα,
