3842 6534
413 406 542 486 1107

1399 412 1861 475 TlIEODORE'I‘
1869 412 1896 470 1
1933 405 2274 468 EPISCOPI
2314 405 2684 466 CYRENSIS

3547 389 3665 452 “(‘8

408 544 662 606 sidiatur,
689 556 788 594 nec
812 537 978 594 verbo
999 538 1165 601 laedit,
1192 553 1291 591 nec
1319 536 1461 591 facto
1487 557 1499 591 :
1531 536 1821 598 benefacit,
1851 548 1980 587 con-

2110 528 2437 596 βφαιρείται·
2481 525 2543 576 ού
2595 519 2907 592 μιαιφονίας
2956 516 3297 586 κστατολμᾷ,
3355 512 3421 564 ού
3474 509 3670 577 γάμοις

408 633 561 698 sulit,
612 629 1042 697 aliis‘impertit,
1098 627 1362 692 defendit,
1414 625 1578 681 simul
1625 624 1983 695 periclitatur,

409 726 578 782 simul
613 731 808 778 certat.
843 721 992 776 Talis
1023 722 1167 774 enim
1201 731 1283 774 est
1327 734 1456 774 vera
1487 719 1750 782 ebaritas,
1782 727 1836 771 et
1877 715 1987 770 sin-

408 834 533 874 cera
560 815 823 870 amicitia.
855 814 1057 869 Deinde
1083 828 1274 867 rursus
1304 813 1498 866 borum
1528 809 1766 864 fructum
1805 819 1988 864 osten-

407 913 508 966 dit.

486 1097 651 1151 Vsus.
685 1095 769 1150 16.
807 1112 824 1145 ι
852 1095 1014 1148 Oculi
1047 1093 1267 1147 Domini
1299 1106 1466 1160 super
1499 1091 1704 1161 juslos,
1743 1097 1797 1143 et
1825 1103 1987 1143 aures

409 1190 534 1257 ejus
568 1189 620 1242 in
662 1202 852 1257 preces
881 1202 1070 1241 eorum
1096 1187 1338 1255 (intentae
1363 1188 1534 1253 sunt).
1575 1203 1592 1233 ι
1627 1182 1752 1247 Qui,
1788 1183 1988 1251 inquit,

413 1281 530 1335 haec
557 1279 783 1342 iaciunt,
811 1295 841 1332 a
874 1275 1109 1331 Domino
1140 1278 1250 1331 Deo
1282 1278 1676 1346 respiciuntur,
1717 1285 1768 1330 et
1793 1286 1988 1345 postu-

413 1373 589 1427 lantes
637 1371 800 1431 bona,
835 1386 967 1425 suas
1010 1370 1302 1440 petitiones
1354 1370 1626 1424 obtinent.
1673 1368 1880 1425 Deinde
1923 1387 1990 1425 ex

411 1465 692 1521 contrario
734 1480 857 1534 qua:
889 1464 1033 1520 dicta
1058 1471 1214 1518 erant
1246 1463 1556 1517 conﬁrmat.

485 1557 651 1613 Vens.
683 1557 769 1610 17.
814 1574 832 1608 ι
870 1555 1069 1611 Vultus
1108 1566 1290 1610 autem
1315 1555 1534 1609 Domini
1579 1571 1748 1626 super
1783 1555 1991 1609 facien-

415 1659 498 1704 tes
531 1649 693 1712 Inala,
730 1656 786 1700 nt
827 1648 1020 1717 perdat
1062 1647 1128 1700 de
1159 1654 1301 1700 terra
1340 1645 1659 1700 memoria-in
1710 1660 1924 1700 eorum.
1965 1663 1984 1696 ι

413 1741 626 1812 Aspicit
649 1781 662 1801 ,
693 1741 790 1806 ait,
830 1729 996 1794 etiam
1048 1754 1165 1807 eos,
1198 1741 1292 1808 qui
1327 1738 1602 1794 contraria
1646 1738 1993 1792 committere

414 1835 639 1899 nudent,
672 1843 726 1888 et
762 1833 955 1888 mortis
985 1833 1311 1887 sententiam
1336 1841 1527 1887 contra
1557 1831 1707 1901 ipsos
1741 1846 1990 1901 pronun-

415 1931 533 1981 tiat.

487 2018 652 2076 Vens.
685 2021 772 2085 18,
811 2020 897 2075 l9.
956 2038 974 2073 ι
1027 2019 1419 2076 Clamaverunt
1455 2021 1614 2090 justi,
1647 2029 1702 2075 et
1732 2021 1996 2076 Dominus

416 2111 703 2169 exaudivit
725 2127 840 2177 eos,
869 2120 923 2167 et
941 2128 1005 2166 ex
1037 2112 1298 2166 omnibus
1324 2112 1774 2167 tribulationibus
1803 2129 1997 2167 eorum

414 2203 672 2258 liberavit
692 2219 805 2258 eos.
830 2205 1182 2274 Propinquus
1205 2214 1289 2258 est
1315 2205 1579 2260 Dominus
1625 2206 1710 2261 bis
1741 2206 1834 2276 qui
1859 2221 1996 2260 con-

415 2297 530 2351 triti
551 2305 683 2352 sunt
703 2297 888 2359 corde,
911 2306 965 2354 et
991 2296 1228 2352 humiles
1253 2297 1446 2368 spiritu
1472 2297 1725 2352 salvabit.
1757 2315 1774 2350 ι
1805 2297 1993 2363 Adest,

415 2389 622 2460 inquit,
660 2388 825 2459 justis
867 2389 1153 2455 Dominus,
1189 2398 1472 2456 et,‘eorum
1525 2406 1714 2455 preces
1763 2390 1997 2445 libenter

415 2481 698 2536 admittit:
734 2481 1006 2550 praecipue
1055 2493 1233 2535 autem
1275 2491 1434 2534 curat
1474 2497 1591 2544 eos,
1624 2482 1718 2550 qui
1752 2481 1995 2541 modesta

416 2582 547 2628 sunt
571 2585 772 2630 mente.
795 2572 908 2628 llos
935 2572 1080 2628 enim
1114 2573 1270 2628 corde
1307 2572 1478 2643 818
1501 2574 1755 2628 contritas
1781 2590 1998 2628 nuneu-

415 2669 585 2746 pavit.
629 2666 746 2724 Hoc
791 2676 976 2723 autem
1027 2675 1079 2724 et
1121 2666 1174 2720 in
1223 2666 1330 2721 alio
1363 2667 1574 2736 psalmo
1608 2668 1784 2722 dicit:
1823 2687 1843 2719 ‹
1888 2668 1999 2722 Cor

414 2763 711 2819 contritum
743 2770 798 2818 et
821 2761 1170 2816 bumiliatum
1201 2763 1343 2818 Deus
1371 2776 1480 2816 non
1509 2761 1775 2832 despiciet
1801 2761 1851 2816 δ.
1904 2783 1922 2814 ι

491 3022 768 3090 νεηε.20,
801 3025 894 3079 21.
935 3046 952 3076 ι
1003 3024 1182 3080 Multae
1227 3035 1355 3081 sunt
1389 3026 1774 3082 tribulationes
1817 3026 1999 3097 justo-

418 3134 565 3179 rnm,
619 3118 712 3172 sed
754 3133 820 3172 ex
855 3119 1113 3174 omnibus
1159 3120 1248 3174 his
1289 3119 1547 3175 liberabit
1575 3136 1671 3175 eos
1709 3120 1997 3177 Dominus.

2024 1875 2071 1930 Β

2089 616 2453 677 ἐπιϐουλεύει,
2485 616 2547 668 οὐ
2596 615 2748 682 λέγει
2799 611 3009 675 κακῶς,
3056 611 3118 662 ού
3153 608 3387 675 πράττει
3444 601 3668 661 κακῶςο

2088 710 2395 779 εὐεργετεῖ,
2468 706 2872 778 προμηθεῖται,
2929 700 3274 773 μεταδίδωσι,
3348 693 3672 762 συνηγορεῖ.

2091 798 2518 869 συγκινδυνεύει,
2547 795 3004 865 συναγωνίζεται·
3048 789 3274 858 τοιαύτη
3309 788 3426 855 γὰρ
3456 787 3492 852 ἡ
3547 781 3672 834 εἰλι-

2091 894 2282 966 κρινὴς
2319 894 2549 963 ἀγάπη,
2589 891 2686 946 καὶ
2723 887 2925 959 γνησία
2959 885 3134 955 φιλία.
3179 878 3317 935 Εἶτα
3357 878 3536 932 πάλιν
3567 873 3671 926 δεί-

2091 1004 2246 1041 κνυσι
2272 986 2362 1040 τὸν
2392 985 2600 1038 τούτων
2630 981 2869 1051 καρπόν.
3005 1053 3007 1055 ι
3250 990 3260 999 ‘

2165 1087 2260 1145 ις’.
2289 1097 2309 1130 σ
2363 1077 2661 1148 Ὀφθαλμοὶ
2706 1072 2912 1142 Κυρίου
2965 1053 3060 1120 ἐπὶ
3103 1064 3367 1127 δικαίους,
3416 1061 3520 1112 καὶ
3569 1052 3676 1111 ὦτα

2092 1172 2258 1226 αὑτοῦ
2293 1174 2374 1235 εἰς
2430 1171 2616 1241 δέησιν
2664 1164 2866 1220 αὐτῶν.
2925 1181 2944 1213 ι
2995 1155 3496 1212 Ἐποπτεύονται⁸²
3553 1153 3676 1222 γὰρ,

2093 1270 2282 1336 φησὶν,
2318 1267 2370 1318 οί
2397 1264 2572 1318 ταῦτα
2613 1262 2853 1333 δρῶντες
2877 1262 2984 1316 ὑπὸ
3020 1257 3117 1311 τοῦ
3173 1253 3456 1307 Δεσπότου
3505 1247 3679 1309 θεοῦ,

2093 1363 2185 1415 καὶ
2239 1357 2519 1420 αἰτοῦντες
2585 1355 2769 1423 ἀγαθὰ
2829 1354 3163 1424 τυγχάνουσι
3210 1346 3320 1400 τῶν
3371 1343 3677 1412 αἰτήσεων.

2097 1451 2329 1503 Ἔπειτα
2349 1447 2456 1500 ἀπὸ
2486 1446 2579 1499 τοῦ
2606 1445 2851 1499 ἐναντίου
2874 1443 2946 1498 τὰ
2970 1442 3242 1514 εἰρημένα
3270 1435 3577 1508 κρατύνει.

2165 1538 2251 1601 ιζ’.
2299 1557 2319 1588 ε
2358 1537 2657 1608 Πρόσωπον
2685 1535 2744 1587 δὲ
2774 1533 2982 1606 Κυρίου
3034 1533 3127 1585 ἐπὶ
3174 1529 3479 1587 ποιοῦντας
3514 1522 3684 1586 κακὲ,

2094 1628 2186 1681 τοῦ
2238 1625 2622 1698 ἐξολοθρεῦσαι
2663 1625 2728 1678 ἐκ
2762 1624 2866 1692 γῆς
2903 1623 2966 1675 τὸ
3008 1620 3354 1691 μνημόσυνον
3414 1614 3631 1669 αὐτῶν.
3662 1632 3678 1660 ι

2108 1721 2245 1792 Ὁρᾷ
2279 1721 2358 1784 δὲ,
2405 1720 2559 1790 φησὶ.
2594 1718 2690 1772 καὶ
2731 1717 2860 1779 τοὺς
2911 1715 3173 1769 τάναντία
3210 1711 3570 1780 τολμῶντας.
3597 1707 3685 1758 καὶ

2096 1814 2195 1886 τῆς
2235 1812 2609 1880 πανωλεθρίας
2640 1809 2760 1864 κατ’
2791 1809 2970 1863 αὐτῶν
3013 1806 3240 1877 ἐκφέρει
3268 1803 3367 1875 τὴν
3405 1802 3620 1872 ψῆφον.

2171 2006 2260 2070 ιη’,
2309 1997 2393 2051 ιθ’.
2442 2015 2459 2048 ι
2524 1993 2862 2066 Ἐκέκραξαν
2901 1992 2952 2045 οἱ
2997 1991 3220 2055 δίκαιοι,
3266 1987 3361 2040 καὶ
3399 1989 3432 2039 ὁ
3480 1983 3685 2052 Κύριος

2098 2079 2419 2161 εἰσήκουσεν
2443 2088 2624 2142 αὐτῶν
2645 2102 2661 2119 ·
2683 2087 2780 2140 καὶ
2799 2087 2863 2138 ἐκ
2889 2083 3082 2138 πασῶν
3110 2081 3220 2134 τῶν
3237 2080 3480 2148 θλίψεων
3506 2075 3688 2129 αὐτῶν

2097 2184 2368 2257 ἐρρύσατο
2415 2179 2633 2243 αὐτούς.
2695 2178 2896 2246 Ἐγγύς
2955 2177 3160 2245 Κύριος
3207 2174 3319 2233 τοῖς
3350 2184 3690 2238 συντετριμ-

2101 2278 2282 2348 μένοις
2315 2278 2382 2346 τῇ
2416 2272 2617 2345 καρδίᾳ
2649 2272 2716 2340 ⁵³,
2745 2271 2842 2325 καὶ
2871 2271 2999 2332 τοὺς
3039 2266 3333 2327 ταπεινοὺς
3383 2261 3470 2331 τῷ
3525 2259 3688 2311 πνεύ-

2102 2384 2232 2439 ματι
2271 2365 2456 2419 σώσει.
2492 2384 2509 2417 ι
2542 2363 2802 2433 Πάρεστι,
2835 2362 2991 2431 φησὶ,
3023 2361 3133 2420 τοῖς
3160 2355 3394 2417 δικαίοις
3423 2356 3453 2406 ὁ
3480 2351 3688 2406 Δεσπό-

2097 2475 2218 2528 της.
2249 2458 2341 2509 καὶ
2367 2457 2466 2519 τὰς
2513 2453 2718 2507 τούτων
2754 2452 3015 2521 ἀσμένως
3062 2450 3277 2519 δέχεται
3313 2445 3642 2517 προσευχάς
3665 2460 3677 2473 ·

2099 2548 2464 2620 διαφερόντως
2518 2547 2578 2600 δὲ
2631 2545 2855 2615 κήδεται
2920 2543 3034 2595 τῶν
3099 2541 3304 2613 μετρίῳ
3368 2539 3687 2608 φρονήματι

2100 2641 2498 2713 κεχρημένων·
2544 2637 2771 2699 τούτους
2796 2635 2906 2705 γὰρ
2937 2633 3013 2702 τῇ
3063 2631 3277 2701 καρδίᾳ
3323 2643 3687 2694 συντετριμ-

2095 2734 2321 2803 μένους
2377 2729 2622 2784 ἐκάλεσε.
2687 2727 2859 2780 Τοῦτο
2907 2725 2964 2778 δὲ
3019 2727 3114 2777 καὶ⁹
3177 2725 3236 2774 ἐν
3300 2718 3483 2788 ἑτέρῳ
3541 2716 3687 2783 λέγει

2101 2825 2382 2897 ψαλμῳυδ·
2441 2842 2460 2874 ι
2503 2820 2751 2892 Καρδίαν
2795 2814 3274 2888 συντετριμμένην
3298 2813 3396 2864 καὶ⁵
3430 2825 3689 2862 τεταπει-

2101 2922 2352 2991 νωμένην
2377 2920 2406 2973 ὁ
2438 2917 2572 2979 Θεὸς
2599 2915 2699 2968 ούκ
2722 2910 3096 2978 ἐξουδενώσει.
3160 2930 3178 2960 ι

2172 3019 2244 3074 κ’,
2279 3018 2383 3066 καν.
2425 3027 2442 3059 ι
2486 3007 2689 3061 Πολλαὶ
2720 3006 2775 3058 αἱ
2813 3003 3025 3073 θλίψεις
3057 3000 3168 3055 τῶν
3199 2998 3453 3060 δικαίων,
3486 2997 3588 3049 καὶ
3629 2997 3691 3048 ἐκ

2103 3106 2294 3160 πασῶν
2319 3102 2498 3156 αὐτῶν
2531 3101 2754 3170 ῥύσεται
2811 3096 3013 3159 αὐτοὺς
3069 3096 3098 3148 ὁ
3131 3092 3362 3161 Κύριος.
3415 3090 3692 3142 Φυλάσσει

418 3210 674 3266 Custodit
701 3209 966 3266 Dominus
986 3213 1171 3266 omnia
1201 3229 1329 3268 ossa
1353 3229 1570 3278 eorum,
1604 3231 1775 3270 unum
1805 3231 1873 3271 ex
1911 3216 1994 3272 bis

2110 3202 2306 3269 Κύριος
2329 3198 2510 3251 πάντα
2533 3195 2603 3247 τὰ
2627 3193 2760 3249 ὀστᾶ
2788 3191 2995 3256 αὐτῶν,
3040 3189 3098 3242 ἓν
3137 3187 3196 3254 ἐξ
3226 3187 3406 3240 αὐτῶν
3453 3187 3517 3236 οὐ
3565 3199 3691 3235 συν-

418 3315 527 3355 ιιοη
559 3308 896 3357 conteretur.
935 3321 956 3355 ι
996 3301 1207 3358 Etenim
1247 3305 1379 3359 sinit
1405 3307 1625 3375 quidem
1657 3307 1805 3376 ipsos
1835 3310 1888 3363 in
1916 3307 1997 3362 af-

418 3394 727 3450 ﬂictionum
754 3395 1065 3464 palaestram
1097 3397 1452 3463 descendere,
1501 3400 1759 3455 subvenit
1789 3411 1997 3468 autem,

418 3496 474 3542 et
518 3488 898 3558 ingruentium
945 3490 1320 3545 calamitatum
1367 3493 1605 3548 victores
1639 3493 1836 3559 reddit,
1874 3511 2000 3550 cor-

419 3581 694 3636 roborans
724 3589 778 3636 et
825 3581 1033 3638 solidas
1085 3583 1320 3640 reddens
1370 3600 1562 3640 eorum
1614 3586 1998 3656 cogitationes,

419 3688 560 3744 quas
604 3689 726 3727 oua
768 3674 1082 3743 appellavit.
1121 3673 1193 3730 Ut
1226 3677 1372 3730 enim
1423 3693 1522 3746 per
1570 3694 1694 3734 ossa
1738 3687 1999 3750 tanquam

424 3765 601 3820 solida
629 3765 903 3835 reliquum
952 3783 1152 3838 corpus
1180 3779 1524 3825 sustentatur
1559 3791 1572 3826 :
1609 3773 1690 3827 sic
1720 3787 1817 3843 per
1851 3775 2003 3844 cogi-

419 3859 658 3918 tationes
686 3860 870 3914 anima
899 3861 1131 3917 salutem
1165 3865 1541 3935 consequitur.

494 4036 662 4093 Vens.
696 4037 786 4099 εξ,
821 4038 912 4091 25.
959 4056 978 4090 ι
1039 4037 1184 4093 Mors
1227 4048 1574 4108 peccatorum
1611 4043 1777 4104 mala.
1816 4055 1872 4098 et
1909 4043 2004 4113 qui

423 4133 660 4186 oderunt
680 4131 893 4198 justum
919 4131 1262 4200 delinquent.
1295 4133 1546 4186 Redimet
1590 4132 1857 4191 Dominus
1884 4136 2005 4190 ani-

424 4239 545 4278 mas
575 4238 863 4278 servorum
915 4237 1170 4286 suorum,
1215 4232 1270 4277 et
1303 4239 1410 4278 non
1454 4225 1778 4295 delinquent
1812 4243 2007 4283 omnes

423 4314 517 4382 qui
549 4324 770 4383 sperant
820 4315 874 4366 in
923 4329 1009 4368 eo.
1077 4332 1094 4364 ι
1153 4312 1256 4378 Qui
1290 4315 1452 4384 igitur
1503 4317 1721 4373 virtutis
1772 4320 2004 4376 studiosi

425 4415 574 4471 sunt,
611 4406 774 4461 tantis
795 4407 957 4462 bonis
988 4406 1262 4463 fruentur.
1297 4407 1400 4474 Qui
1427 4423 1554 4463 vero
1582 4408 1728 4466 vitiis
1759 4421 1890 4466 sunt
1914 4413 2009 4468 de-

423 4497 549 4563 diti,
580 4497 744 4552 tinem
771 4497 1036 4567 recipient
1066 4513 1180 4553 suae
1210 4498 1332 4553 vita:
1363 4508 1776 4571 congruentem,
1808 4513 1864 4558 et
1890 4519 2009 4558 nia-

2101 3295 2443 3365 τριὸήσεται.
2487 3310 2505 3341 ι
2539 3287 2818 3357 Συγχωρεί
2855 3285 2953 3355 μὲν
2972 3283 3138 3354 γὰρ⁸⁵
3162 3281 3358 3342 αὐτοὺς
3381 3278 3464 3340 είς
3494 3275 3558 3328 τὸ
3584 3274 3693 3326 τῶν

2105 3388 2335 3457 θλίψεων
2372 3383 2618 3438 κατιέναι
2653 3380 2951 3452 γυμνάσιον
2976 3394 2989 3406 ·
3021 3377 3256 3446 ἐπαρκεῖ
3277 3373 3355 3434 δὲ,
3379 3371 3478 3422 καὶ
3501 3368 3691 3438 κρείτ-

2100 3494 2228 3540 τους
2263 3474 2555 3545 ἀποφαίνει
2575 3471 2686 3525 τῶν
2710 3465 3175 3543 προσπιπτουσῶν
3195 3460 3518 3534 συμφορῶν,
3548 3475 3691 3528 κρα-

2102 3572 2278 3626 τύνων
2331 3567 2513 3622 αὐτῶν
2563 3564 2692 3628 τοὺς
2739 3561 3076 3632 λογισμοὺς,
3148 3556 3245 3610 καὶ
3278 3555 3321 3586 ⁵⁵
3391 3551 3692 3618 στεγανοὶθς

2104 3657 2679 3735 ἐργαζόμενοςοόστᾶ
2712 3655 2824 3727 γὰρ
2877 3653 3005 3716 τοὺς
3058 3645 3355 3717 λογισμοὺς
3377 3645 3422 3676 ⁸⁷
3478 3641 3691 3696 ἀπεκα-

2103 3755 2258 3808 λεσε·
2293 3752 2548 3822 καθάπερ
2576 3749 2688 3820 γὰρ.
2721 3746 2826 3801 ὑπὸ
2844 3747 2889 3777 ⁵⁸
2937 3743 3047 3797 τῶν
3096 3740 3289 3804 ὀστῶν,
3317 3738 3392 3800 ὡς
3416 3737 3462 3767 ⁵⁸
3500 3749 3689 3803 στερε-

2109 3850 2299 3922 μνίων,
2356 3847 2417 3900 τὸ
2468 3845 2655 3898 λοιπὸν
2708 3843 2934 3912 φέρεται
2987 3838 3183 3907 σῶμα,
3244 3833 3389 3886 οὕτω
3446 3831 3538 3883 διὰ
3577 3829 3687 3882 τῶν

2105 3941 2384 4012 λογισμῶν
2414 3941 2445 4010 ἠ
2475 3937 2624 4007 ψυχὴ
2645 3939 2746 4005 τὴν
2777 3931 3057 4002 σωτηρίαν
3089 3927 3422 3999 καρποῦται.

2175 4033 2282 4105 κβ’,
2314 4039 2418 4100 κγ’.
2461 4049 2479 4081 ι
2518 4030 2760 4090 Θάνατος
2782 4028 2826 4058 ⁶⁰
2883 4022 3226 4095 ἁμαρτωλῶν
3279 4022 3550 4090 πονηρός·
3591 4019 3683 4070 καὶ

2105 4127 2156 4180 οἱ
2199 4124 2487 4197 μισοῦντες
2517 4121 2609 4177 τὸν
2637 4120 2848 4173 δίκαιον
2887 4116 3404 4186 πλημμελήσουσιν.
3464 4110 3680 4180 Λυτρὼ-

2109 4237 2263 4273 σεται
2290 4218 2493 4288 Κύριος
2511 4214 2687 4284 ψυχὰς
2727 4209 2935 4265 δούλων
2968 4207 3161 4271 αὐτοῦ,
3183 4207 3282 4260 καὶ
3307 4207 3369 4258 ού
3405 4206 3482 4275 μὴ
3503 4206 3680 4271 πλημ-

2111 4306 2404 4386 μελήσουσι
2458 4309 2660 4370 πάντες
2709 4306 2758 4358 οἱ
2802 4304 3114 4368 ἐλπίζοντες
3173 4300 3262 4352 ἐπ’
3300 4300 3483 4352 αὐτόν.
3539 4318 3556 4348 ι
3615 4296 3681 4348 Ui

2111 4407 2210 4476 μὲν
2247 4404 2340 4458 οὖν
2391 4403 2490 4470 τῆς
2527 4399 2728 4471 ἀρετῆς
2765 4396 2994 4469 ἐρασταὶ
3036 4395 3080 4425 εί
3129 4390 3409 4446 τοσούτων
3462 4388 3680 4457 ἀγαθῶν

2109 4497 2506 4552 ἀπολαύσουσιν
2529 4493 2593 4545 ⁸³.
2614 4494 2675 4545 Οἱ
2691 4493 2747 4545 δὲ
2773 4488 3010 4560 πονηρίᾳ
3030 4487 3302 4551 συζῶντες
3319 4485 3569 4554 “apo-32,105.
3590 4481 3677 4533 6.5.-

423 4590 510 4646 los
555 4605 738 4645 mores
776 4589 955 4644 malus
1005 4590 1130 4644 tinis
1161 4593 1178 4610 '
1213 4591 1549 4647 terminabit.
1598 4594 1871 4650 Czeterum
1909 4599 1994 4666 qui

2113 4593 2293 4657 ξονται
2318 4588 2417 4658 τὴν
2446 4585 2704 4656 τελευτὴν
2744 4587 2810 4654 τῇ
2858 4582 2970 4653 ζωῇ
2991 4583 3057 4645 ⁶³,
3092 4582 3188 4634 καὶ
3216 4579 3463 4649 πονηρᾶς
3499 4574 3677 4645 βιοτῆς

424 4682 596 4738 Deum
632 4684 813 4738 colere
843 4691 1176 4748 statuerunt,
1219 4683 1419 4752 quique
1461 4702 1612 4756 spem
1649 4703 1806 4744 suam
1852 4691 1906 4745 in
1939 4708 2006 4746 eo

425 4773 785 4840 collocarunt,
823 4773 896 4828 ab
923 4773 1046 4843 ipso
1075 4775 1306 4828 salutem
1338 4787 1778 4846 consequentur:
1801 4782 2008 4852 quippe

425 4863 518 4935 qui
549 4867 846 4925 noluerunt
874 4867 1089 4940 penitus
1117 4867 1435 4937 delinquere
1464 4868 1518 4923 in
1544 4869 1688 4941 leges
1719 4872 1790 4928 ab
1807 4890 1873 4930 eo
1903 4891 2006 4945 po-

426 4957 558 5010 situs

463 5246 494 5290 ἀ
521 5249 666 5305 Psal.
703 5267 754 5314 1.,
793 5251 874 5306 17.

2115 4673 2356 4753 πονηρὸν
2379 4681 2531 4733 ἔσται
2564 4678 2627 4730 τὸ
2654 4677 2824 4737 τέλος.
2863 4677 2925 4728 υἱ
2959 4675 3016 4726 δὲ
3065 4673 3160 4726 τοῦ
3210 4671 3348 4724 Θεοῦ
3389 4670 3484 4740 τὴν
3516 4667 3673 4737 θερα-

2112 4778 2273 4830 πείαν
2299 4775 2564 4842 ἑλόμενοι,
2591 4771 2685 4824 καὶ
2701 4769 2799 4840 τὴν
2826 4770 2906 4831 εἰς
2930 4765 3309 4821 αὑτὸνὲλπίδα
3335 4761 3671 4833 κτησάμενοι,

2112 4877 2209 4941 τῆς
2239 4872 2368 4940 παρ’
2393 4866 2559 4921 αὐτοῦ
2602 4864 2885 4927 τεύξονται
2909 4859 3188 4931 σωτηρίας
3220 4877 3234 4889 ο
3271 4859 3366 4911 ἆτε
3413 4857 3475 4925 δὴ
3503 4855 3673 4921 πλημ-

2125 4967 2359 5037 μελῆσαι
2391 4960 2672 5023 παντελῶς
2703 4959 2780 5022 εἰς
2820 4957 2946 5019 τοὺς
2976 4954 3066 5008 ὑπ’
3103 4953 3270 5011 αὑτοῦ
3310 4952 3553 5010 τεθέντας
3578 4947 3672 4997 οὐκ

2116 5057 2478 5128 ἀνασχόμενοι
2505 5054 2563 5107 νό
2571 5071 2723 5124 μους.

1564 5458 1801 5515 VAle
1841 5458 2225 5515 LECTIULVES
2265 5459 2352 5513 ΕΤ
2395 5454 2627 5511 ΝυΤΛΞ.

516 5627 562 5656 ⁵³
594 5627 714 5678 cod.
752 5625 786 5678 2
850 5625 1267 5680 ὑποπτεύονται.

427 5695 550 5748 cod.
573 5693 610 5746 ‘2
635 5696 749 5751 καί.

431 5763 484 5828 'l,
577 5766 715 5836 éfni._
790 5769 834 5799 '9
872 5767 990 5832 Ὡς.
1031 5763 1224 5821 εοόζ2
1253 5763 1462 5836 ὥσπερ.

850 5625 1267 5680 ὑποπτεύονται.
1343 5627 1389 5658 ⁸³
1419 5626 1545 5681 Ιῖρε.
1582 5626 1745 5680 lectio
1800 5624 1853 5676 h.
1886 5623 1922 5675 l.
1955 5630 2038 5677 est
2063 5620 2162 5691 τὴν
2199 5619 2446 5687 καρδίαν.

822 5698 869 5728 ιθ
904 5697 1005 5730 νη)
1036 5726 1105 5730 __
1143 5695 1519 5730 ἕης-ηνιιτηι-νηιι
1566 5699 1664 5730 and
1719 5695 1752 5730 (ι)
1786 5694 1910 5730 Xﬂeu
1947 5693 2038 5730 νηί
2161 5691 2204 5722 ⁵⁷
2240 5690 2358 5730 Γὴη
2377 5707 2442 5730 τη

899 5697 1008 5749 καὶ
1036 5726 1106 5737 ·-··
1138 5695 1538 5764 ἐργαζόμενος.
1565 5699 1686 5751 cod.
1719 5695 1754 5748 2
1786 5694 1910 5746 ὅθεν
1947 5710 1994 5744 κε

899 5769 990 5827 Ως.
1031 5768 1153 5821 cod.
1188 5768 1224 5820 2
1253 5766 1462 5827 ὥσπερ,
1563 5769 1606 5798 ⁶⁰
1643 5766 1908 5827 Θάνατος
1935 5794 1994 5802 -

2161 5694 2204 5722 "
2234 5694 2358 5756 Γὰρ
2377 5694 2517 5754 τοὺς
2543 5694 2673 5754 .ior.
2719 5694 2843 5739 Des.
2876 5694 2930 5737 tn
2965 5694 3085 5738 eod.
3122 5694 3176 5736 ξς.
3279 5694 3323 5713 ³³
3365 5694 3514 5732 ·ι⁷.το.
3553 5694 3648 5727 tce.

2111 5761 2314 5827 κηρός.
2349 5759 2510 5813 Hebr.
2563 5769 2682 5820 ΠὩἿ
2715 5759 2844 5820 ναί-ι
2884 5765 3085 5814 nmen
3119 5751 3430 5827 interﬁciat
3484 5747 3648 5827 oraturi-

2526 5617 2571 5649 ⁵¹⁵
2605 5613 2846 5678 Ψαλμῷ.
2884 5612 3050 5668 Abest
3083 5628 3114 5665 a
3171 5611 3296 5666 cod.
3335 5611 3387 5664 (Ξ.
3461 5610 3502 5638 ³³
3535 5604 3653 5672 Ιίὶρ.

2161 5691 2204 5722 ⁸⁷
2234 5681 2358 5756 Γὰρ
2377 5689 2517 5754 τοὺς
2543 5690 2673 5754 .ior.
2719 5685 2843 5739 Des.
2876 5685 2930 5737 in
2965 5685 3085 5738 eod.
3122 5681 3176 5756 2:
3279 5683 3332 5756 “9A
3361 5681 3514 5756 '_Y:ro’.
3553 5681 3655 5756 red.

429 5817 660 5907 ιίτιάίίιίιᾳ.
705 5833 776 5888 lla
825 5817 1289 5907 quoquewSilvrt—ts.‘
1331 5817 1732 5907 is‘q'ﬁllipaetnt'.
1769 5817 1954 5892 cudi!

2110 5817 2526 5903 itaniascripta
2580 5817 2762 5883 tamen
2797 5828 3027 5883 lectione
3081 5817 3307 5880 alteraﬁ
3349 5824 3391 5853 δ’
3417 5822 3523 5875 cod.
3558 5817 3597 5879 t,
3641 5854 3644 5858 .
3691 5860 3694 5862 .

427 5904 816 5962 ἀπολαύουσιν.
847 5904 850 5905 ⁷
895 5904 1082 5964 6reed.
1107 5908 1142 5966 2
1186 5905 1284 5978 τῆς
1322 5906 1488 5979 ζωῆς.
