3842 6506
167 421 277 488 1109

213 646 228 678 1
263 622 457 691 ‘l'alpb;
477 617 553 687 τῷ
583 616 769 672 Δαόίδ.
833 635 852 666 1
887 617 999 670 Καὶ
1026 618 1216 670 τοῦτον
1248 616 1512 680 ὡσαύτως
1561 617 1652 670 τὸν

1399 417 1479 476 ΙΝ
1509 417 1714 477 PSAL.
1755 419 2017 479 XXXIV.

424 524 670 586 EPMHN.
708 524 844 579 ΤΟΥ
869 525 968 578 AN
997 526 1316 582 ΨΑΛΜΟΥ.
1680 534 1727 588 Α

3191 368 3322 480 ιιιό

2001 527 2170 599 819
2207 525 2478 581 INTERP.
2523 523 2773 579 PSALMI
2834 523 3073 580 XXXIV.

1833 639 1852 672 1
1889 621 2139 678 I‘salmus
2167 619 2378 675 Davitli.
2413 639 2431 671 1
2460 618 2615 674 llunc
2644 618 2806 674 etiam
2833 620 3104 689 psalmum
3133 621 3325 676 eodem

155 715 326 788 ψαλμὸν
349 712 552 782 εἴρηκεν
573 709 601 760 ὁ
636 708 908 778 μακάριος
926 709 972 738 ⁸⁸
1002 708 1186 772 Δαϐὶδ,
1218 708 1324 760 ὑπὸ
1355 706 1450 760 τοῦ
1481 705 1654 759 Σαοὺλ

1785 715 1920 770 nodo
1954 714 2148 769 beatus
2180 712 2344 768 David
2376 713 2626 782 protulit,
2670 728 2796 767 cum
2820 711 3042 766 Saulem
3093 711 3324 784 fugeret.

153 807 426 875 διωκόμενος
444 818 458 834 ο
499 799 772 871 μέμνηται
798 799 856 852 δὲ
879 800 974 854 καὶ
1003 799 1104 870 τῆς
1133 798 1228 852 τοῦ
1267 799 1427 868 Δωὴκ
1482 815 1654 868 πονη-

1759 805 2003 863 Meminit
2033 815 2216 863 autem
2246 814 2301 862 et
2335 806 2552 860 malitia:
2586 805 2773 877 Doegi.
2798 804 2916 876 Ipse
2941 805 3088 860 enim
3113 807 3332 859 nuntia-

155 903 265 972 ρὶας.
303 893 455 958 Αὐτὸς
500 891 607 962 γὰρ
659 891 904 962 ἐμήνυσε
961 891 1041 961 τῷ
1087 890 1258 945 Σαοὺλ
1290 890 1360 942 τὰ
1396 889 1538 942 κατὰ
1567 889 1657 943 τὸν

1785 901 1838 954 νὶι
1862 899 2014 955 Sauli
2048 917 2136 966 ea,
2168 916 2291 972 quae
2329 900 2396 954 de
2425 899 2781 954 Abimelecbo
2812 898 3098 954 sacerdote
3146 897 3334 952 ferun-

162 987 454 1062 Ἀβιμέλεχ⁶⁵
482 984 570 1038 τὸν
620 984 794 1056 ἱερέα,
830 982 928 1037 καὶ
978 982 1241 1056 πρόξενος
1299 983 1396 1052 τῆς
1456 980 1658 1050 πολλῆς

153 1083 321 1151 ἐκείνης
342 1075 639 1150 μιαιφονίας
696 1076 947 1144 ἐγένετο·
983 1076 1260 1147 μέμνηται
1313 1075 1370 1128 δὲ
1401 1075 1497 1129 καὶ
1550 1074 1658 1127 τῶν

153 1175 359 1243 Ζιφαίων,
392 1171 481 1222 καὶ
512 1167 622 1222 τῶν
675 1166 881 1232 ἄλλων,
914 1168 963 1221 οἳ
1006 1167 1085 1238 τῷ
1142 1168 1319 1220 Σαοὺλ
1351 1167 1442 1220 τὸν
1494 1166 1662 1220 Δαϐὶδ

155 1265 468 1334 κατεμήνυον,
498 1260 574 1322 ὡς
622 1258 760 1313 αὐτὰ
785 1259 987 1324 διδάξει
1025 1260 1092 1313 τὰ
1128 1260 1376 1331 ῥήματα.

201 1367 254 1412 α’.
281 1377 304 1410 1
336 1357 581 1421 Δίκασον,
615 1354 812 1427 Κύριε,
834 1356 964 1418 τοὺς
1000 1354 1326 1418 ἀδικοῦντάς
1359 1372 1426 1425 με
1450 1371 1464 1384 ·
1499 1353 1660 1407 πολέ-

153 1469 285 1522 μησθν
301 1451 417 1512 τοὺς
446 1447 820 1519 πολεμοῦντας
846 1465 936 1518 με.
972 1466 990 1498 1
1029 1447 1185 1519 Καλὴ
1215 1448 1324 1500 τῶν
1356 1447 1663 1519 εἰρημένων

148 1544 334 1616 ὴτάξις,
375 1542 466 1596 καὶ
533 1544 602 1611 τῇ
662 1539 756 1594 τοῦ
803 1540 1016 1594 δικαίου
1086 1540 1376 1612 πρέπουσα
1435 1540 1571 1610 εὐχῇ
1595 1538 1660 1593 ⁸⁸.

152 1643 312 1711 ᾙτηαε
339 1638 442 1707 γὰρ
467 1638 737 1708 πρότερον
777 1636 998 1691 δικάσαι
1055 1636 1148 1690 τὸν
1200 1637 1310 1691 τῶν
1339 1636 1478 1690 ὅλων
1505 1635 1660 1699 Θεὸν,

148 1730 220 1786 εἷθῖ
245 1728 449 1795 οέιτως⁸⁷
485 1732 792 1800 ἐπαγαγεῖν
818 1732 863 1763 ⁸⁸
892 1731 992 1800 τῆς
1019 1729 1298 1801 τιμωρίας
1329 1728 1428 1800 τὴν
1457 1727 1660 1798 ψῆφον.

1764 1005 1888 1062 tur,
1928 1004 1986 1050 et
2014 1002 2206 1050 auctor
2249 992 2356 1048 fuit
2407 993 2558 1046 illius
2606 993 2862 1046 maximae
2914 991 3332 1046 internecionis.

1765 1087 2092 1142 lllent-ionem
2131 1096 2312 1141 autem
2345 1097 2396 1140 et
2431 1085 2775 1154 Ziphaeorum
2802 1094 2855 1139 et
2890 1085 3229 1153 reliquorum
3263 1083 3338 1138 fa-

1765 1181 1859 1244 cit,
1895 1181 1994 1251 qui‘
2038 1181 2294 1236 Davidem
2349 1177 2500 1232 Sauli
2543 1177 2876 1239 indicarunt,
2910 1184 2968 1229 ut
3022 1175 3139 1246 ipsa
3173 1175 3336 1229 verba

1764 1275 2060 1335 docebunt.

1833 1367 2001 1421 Vsus.
2037 1366 2087 1420 Ι.
2125 1383 2142 1414 ι
2180 1361 2392 1427 Judica,
2427 1361 2794 1426 Domine,eos
2814 1361 2906 1438 qui
2939 1361 3142 1429 injuste
3174 1369 3372 1431 agunt.-

1765 1475 2003 1522 mecum,
2047 1471 2101 1513 et
2132 1473 2310 1528 pugna
2346 1465 2536 1511 contra
2575 1455 2962 1525 impugnantes
3011 1469 3118 1508 me.
3154 1473 3176 1505 1
3214 1453 3342 1510 Puli-

1766 1551 2078 1607 cberrimus
2103 1558 2188 1605 est
2215 1549 2507 1603 verborum
2559 1547 2718 1609 ordo,
2750 1555 2805 1601 et
2835 1547 3090 1617 precibus
3121 1545 3222 1600 viri
3247 1547 3343 1616 ju-

1767 1647 1836 1700 sti
1865 1644 2138 1700 convenit.
2161 1642 2320 1696 Petiit
2343 1642 2487 1696 enim
2515 1641 2666 1710 prius
2688 1654 2717 1692 a
2742 1638 2853 1693 Deo
2886 1654 3069 1695 rerum
3095 1639 3344 1694 omnium

1769 1737 2075 1802 conditore,
2113 1746 2171 1791 ut
2199 1734 2496 1805 iudicaret,
2519 1732 2715 1788 deinde
2743 1733 2824 1788 sic
2855 1731 3179 1787 sententiam
3210 1747 3344 1802 snp-

1769 1829 1913 1901 plicii
1943 1829 2233 1900 proferret.

196 1911 247 1982 β,
269 1916 332 1979 γ’.
363 1926 384 1962 1
434 1907 729 1963 Ἐπιλαὸοὖ
755 1909 949 1972 ὅπλου,
1003 1909 1100 1962 καὶ
1133 1905 1350 1978 θυρεοῦ,
1387 1906 1483 1959 καὶ
1531 1904 1668 1957 ἀνά-

1785 1897 1788 1900 ’
1841 1897 2005 1975 Vens.
2040 1920 2098 1983 2.
2130 1920 2182 1972 5.
2230 1937 2248 1968 1
2286 1917 2646 1988 Apprebende
2691 1930 2867 1982 arma,
2918 1925 2974 1970 et
3017 1924 3258 1980 scutum,
3290 1926 3343 1969 et

146 2003 264 2073 ετηθι
291 2003 363 2065 εἰς
397 2000 492 2072 τὴν
539 2002 798 2073 βοήθειάν
833 2019 957 2072 μου.
1009 2002 1240 2070 Ἐκχεον
1262 1998 1306 2032 ⁶⁹
1363 1996 1662 2068 ῥομφαίαν,

144 2099 213 2151 καὶ
237 2097 534 2166 σύγκλεισον
566 2096 878 2163 ἐξεναντίας
904 2093 1015 2148 τῶν
1045 2091 1496 2147 καταδιωκόντων
1521 2107 1610 2160 με.
1645 2107 1662 2140 1

131 2189 337 2266 ᾙολέμου
372 2189 782 2260 μνημονεύσας,
812 2186 1128 2257 ἀναγκαίως
1181 2185 1276 2238 καὶ
1321 2183 1430 2236 τῶν
1488 2182 1669 2235 ὅπλων

141 2281 191 2334 τὰ
218 2281 312 2352 εἴδη
333 2281 713 2352 προστέθεικε,
737 2281 817 2352 τῷ
843 2290 845 2293 ’
873 2281 1116 2351 σχήματι
1140 2278 1239 2348 τῆς
1292 2273 1601 2336 πανοπλίας
1622 2274 1668 2305 ὀ

141 2371 430 2441 ἑκδειματῶν
451 2373 494 2404 "
536 2375 670 2436 τοὺς
732 2372 973 2444 πονηρίᾳ
1029 2370 1331 2434 συζῶντας·
1357 2397 1362 2402 ‘
1390 2368 1526 2421 Οὐδὲ
1561 2366 1671 2437 γὰρ

141 2460 416 2526 τοσούτοιςη
435 2462 628 2526 ὅπλοις
656 2462 701 2494 ⁷³
718 2464 984 2534 ἐκέχρητο
998 2460 1044 2493 ⁷⁵
1068 2463 1097 2514 ό
1120 2459 1264 2534 Θεὸς
1281 2457 1526 2522 κολάζων
1547 2458 1670 2520 τοὺς

138 2553 441 2618 ἀδικοῦντας·
505 2555 677 2626 ἀρκεῖ
727 2555 787 2608 δὲ
816 2532 993 2624 Παύτῷ
1049 2532 1341 2620 λόγοςέίς
1398 2550 1673 2620 τιμωρίαν

139 2643 343 2712 ἐσχάτην.
374 2661 392 2694 ι
431 2640 610 2697 Εἶπον
639 2647 706 2715 τῇ
741 2644 886 2715 ψυχῇ
923 2659 1024 2713 μου
1046 2659 1058 2671 ·
1115 2641 1366 2712 Σωτηρία
1409 2640 1501 2693 σού
1557 2642 1673 2711 εἰμι

139 2734 236 2799 ἐγώ.
289 2754 306 2786 1
379 2736 574 2808 Ἀρκεῖ
637 2753 728 2807 μοι
784 2737 813 2790 ὁ
873 2736 964 2800 σὸς
1021 2735 1181 2804 λόγος
1237 2735 1319 2797 εἰς
1377 2732 1670 2802 σωτηρίαν.

148 2824 322 2895 Ἐπειδὴ
392 2827 502 2897 γὰρ
537 2827 727 2882 ὃπλων
769 2829 798 2881 ὁ
836 2827 1188 2898 προφήτηςη
1240 2824 1673 2895 ἐμνημόνευσεν,

136 2918 313 2982 εἰκότως
341 2919 672 2986 ἐδίδαξεντθ,
701 2921 776 2986 ὡς
796 2922 858 2975 ού
892 2919 1082 2994 χρῄζει
1103 2919 1364 2973 τοιούτων
1387 2919 1431 2948 ⁷⁷
1468 2919 1675 2988 ὑπουρ-

133 3008 217 3074 γῶν
242 3011 282 3042 ⁷⁸
315 3013 341 3064 ό
369 3011 536 3078 Θεὸς,
569 3013 708 3068 ἀλλὰ
751 3015 897 3085 λόγῳ
935 3018 1081 3084 μόνῳ
1125 3012 1412 3075 κάκείνους
1434 3012 1479 3042 ⁷9
1524 3010 1678 3064 κολά·

130 3101 208 3168 ζει,
234 3104 316 3156 καὶ
341 3105 581 3170 τούτους
602 3107 649 3138 ⁸⁸
684 3107 986 3177 εὐεργετεῖ.

1769 2029 2002 2086 exsurge
2033 2015 2086 2069 in
2111 2012 2373 2067 auxilium
2403 2011 2558 2065 mihi.
2590 2008 2823 2063 Eﬂ‘unde
2852 2009 3188 2078 gladium,et
3213 2025 3346 2069 con-

1771 2106 1929 2162 clude
1956 2122 2025 2161 ex
2055 2105 2284 2159 adverso
2315 2118 2434 2166 eos,
2457 2104 2552 2172 qui
2576 2109 2983 2171 persequuntur
3014 2115 3116 2155 me.
3159 2119 3176 2152 1
3209 2100 3347 2154 Cum

1772 2199 2287 2263 bellimeminisset,
2321 2212 2548 2253 necesse
2579 2204 2697 2251 erat
2728 2205 2786 2250 ut
2817 2209 3100 2250 armorum
3129 2210 3350 2265 quoque

1773 2293 2326 2362 speciesapponeret,
2374 2297 2665 2342 armaturae
2698 2286 2879 2357 specie
2909 2295 3192 2341 exterrens
3247 2285 3349 2338 lio--

1773 2387 1949 2441 mines
1988 2383 2176 2454 inique
2205 2382 2473 2436 viventes.
2498 2378 2685 2450 Neque
2725 2378 2870 2433 enim
2905 2377 3046 2431 Deus
3076 2385 3156 2430 tot
3181 2374 3352 2429 annis

1774 2479 2004 2550 indiget,
2042 2487 2100 2533 ut
2130 2475 2328 2546 impios
2362 2474 2592 2544 castiget
2627 2490 2640 2526 :
2673 2473 2809 2527 satis
2838 2481 2920 2527 est
2950 2471 3095 2525 enim
3125 2468 3233 2539 ipsi
3262 2483 3353 2522 so-

1775 2573 1887 2629 lum
1938 2571 2166 2626 verbum
2213 2567 2280 2622 ad
2340 2565 2692 2637 inﬂigendam
2751 2573 3055 2619 extremam
3109 2577 3351 2633 poenam.

1781 2687 1799 2719 1
1843 2667 1940 2721 Dic
1969 2665 2166 2720 animae
2199 2677 2334 2716 meae
2367 2680 2379 2714 :
2418 2659 2584 2714 Salus
2630 2667 2720 2713 tua
2751 2673 2853 2729 ego
2885 2673 3030 2713 sum.
3087 2675 3105 2708 1
3143 2655 3355 2710 Sullicit

1779 2760 1912 2815 mibi
1962 2765 2090 2812 tuus
2139 2770 2342 2816 sermo,
2394 2761 2456 2807 ut
2495 2752 2681 2807 salvus
2719 2751 2844 2806 sim.
2890 2749 3162 2816 Quoniam
3209 2749 3355 2802 enim

1779 2864 2056 2905 armorum
2110 2846 2360 2901 meminit
2402 2843 2690 2914 propheta,
2737 2841 2930 2896 merito
2962 2840 3152 2895 docuit
3183 2839 3354 2895 Deum

1780 2940 2048 2996 ministris
2084 2936 2355 3005 ejusmodi
2405 2951 2513 2989 non
2545 2935 2811 3010 indigere,
2867 2933 2964 2988 sed
2995 2933 3162 2987 verbo
3214 2931 3367 2996 solo,

1777 3036 1944 3107 820
1970 3043 2025 3090 et
2051 3033 2172 3087 illos
2207 3030 2511 3102 suppliciis,
2539 3030 2718 3084 ethos
2751 3027 3034 3084 beneliciis
3084 3026 3320 3082 allicere.

180 3197 272 3250 17.1
306 3199 800 3272 Αίσχυνθήτωσαν,
835 3200 932 3254 καὶ
967 3199 1457 3270 ὲνίιῖραπήτωσαν81
1493 3200 1542 3250 οἱ
1576 3196 1674 3267 ζη-

1852 3212 2019 3267 Vsns.
2060 3211 2112 3264 4.
2160 3230 2177 3261 1
2239 3207 2681 3268 Confundantur,
2714 3215 2768 3260 et
2827 3211 3181 3260 revereantur
3212 3219 3360 3274 quie-

129 3287 304 3353 τοῦντες
325 3289 421 3363 τὴν
448 3291 642 3362 ψυχήν
693 3307 819 3362 μου,
860 3289 1374 3361 ὰποστραφήτωσαν
1394 3286 1440 3319 ⁸²
1483 3288 1562 3351 εἰς
1605 3286 1676 3340 τὰ

128 3381 289 3448 ὀπίσω,
340 3385 434 3437 καὶ
475 3382 1048 3455 καταισχυνθήτωσαν
1093 3384 1142 3435 οἱ
1182 3380 1530 3451 ,λογιζόμενοί
1583 3397 1674 3450 μοι

127 3477 259 3530 κακά.
297 3496 314 3528 1
365 3477 834 3549 Διαμάρτωσι⁸³,
865 3478 1052 3547 φησὶν,
1093 3469 1169 3530 ὧν
1222 3474 1534 3548 τυρεύουσι,
1583 3475 1678 3526 καὶΙ

127 3567 311 3636 γένηται
343 3567 389 3601 ⁸³
475 3571 666 3633 αὐτοῖς
754 3569 986 3642 αἰσχύνη
1059 3571 1158 3641 τῆς
1235 3569 1504 3640 πονηρίας
1558 3569 1678 3622 ὲπι-

126 3663 318 3731 καρπία.

179 3760 231 3805 ε’.
272 3773 290 3806 ι
322 3756 732 3828 Γενηθήτωσαν
769 3755 904 3811 ὡσεὶ
939 3755 1098 3826 χνοῦς
1119 3755 1166 3788 ⁸³
1195 3755 1340 3813 κατὰ
1381 3756 1678 3826 πρόσωπον

123 3845 328 3917 ἀνέμου,
376 3850 478 3903 καὶ
532 3848 761 3917 ἄγγελος
811 3848 1017 3919 Κυρίου
1063 3847 1344 3908 ὲκθλίὸωνν
1383 3845 1602 3908 αὐτούς.
1653 3865 1670 3896 1

124 3938 263 3992 Τοῦτο
280 3943 375 3995 καὶ
391 3943 453 3996 ὲν
473 3940 558 4011 τῷ
579 3939 779 4013 πρώτῳ
797 3941 998 4012 ψαλμῷ
1025 3940 1274 3994 τέθεικεν
1290 3957 1304 3972 ·
1335 3940 1491 4009 «Οὐχ
1507 3937 1681 4002 οὔτως

122 4030 160 4082 οἱ
179 4031 404 4099 ἀσεϐεῖς,
426 4035 540 4103 οὐχ
555 4031 728 4097 οὕτως
749 4050 762 4064 ο
794 4032 909 4085 ἀλλ’
930 4032 964 4103 ἢ
984 4033 1120 4086 ὡσεὶ
1137 4030 1320 4102 χνοῦς,
1347 4031 1407 4084 ὃν
1427 4029 1681 4100 ἐκρίπτει

120 4125 337 4198 όᾶνεμος
369 4129 491 4181 ἀπὸ
529 4126 949 4199 προσώπουιτῆς
977 4127 1104 4196 γῆς.
1143 4143 1162 4176 1

177 4219 242 4284 ς’.
280 4241 296 4271 1
335 4220 638 4290 Γενηθήτω
679 4221 713 4290 ἡ
771 4219 891 4283 ὁδὸς
948 4218 1134 4273 αὐτῶν
1168 4217 1383 4281 σκότος,
1436 4217 1532 4270 καὶ
1573 4216 1685 4269 ὀλί-
1762 4259 1764 4262 .

121 4311 302 4382 σθημα,
327 4315 425 4366 καὶ
466 4310 706 4380 ἄγγελος
732 4311 938 4383 Κυρίου
993 4309 1349 4364 καταδιώκων
1398 4308 1618 4372 αὐτούς.
1660 4327 1678 4361 1

121 4403 302 4475 Τρέψον
316 4407 365 4440 ⁸⁸
399 4407 612 4469 αὐτοὺς
643 4408 724 4469 είς
755 4407 956 4476 φυγὴν,
990 4407 1104 4468 τοῖς
1143 4406 1398 4476 ἁοράτοις
1431 4405 1686 4473 ἀγγέλοις

118 4498 406 4570 ἐπιτρέπων
435 4499 542 4570 τὴν
571 4498 776 4563 δίωξιν.
823 4498 1008 4562 υῦτως
1055 4497 1389 4570 εὑρίσκομεν
1441 4498 1535 4551 καὶ
1560 4499 1687 4559 τοὺς

129 4590 426 4664 Ἀσσυρίους
492 4592 587 4646 ὑπ’
650 4590 886 4661 ἀγγέλου
941 4591 1352 4662 ἀναιρεθέντας,
1418 4592 1511 4645 καὶ
1576 4591 1687 4645 τῶν

1784 3315 1967 3362 rentes
2017 3305 2256 3358 animam
2303 3317 2505 3357 meam.
2552 3301 2886 3354 A-vcrlantur
2931 3306 3255 3360 νοινοιειιιιι,
3307 3307 3363 3351 οι

1781 3397 2184 3454 confundantur
2227 3395 2528 3466 cogitantes
2555 3400 2748 3448 contra
2782 3408 2867 3446 me
2916 3391 3080 3445 mala.
3123 3410 3140 3442 1
3193 3390 3361 3444 Aber-

1779 3499 1924 3554 rent,
1956 3491 2152 3558 inquit,
2184 3487 2251 3540 ab
2288 3486 2372 3541 his
2403 3500 2526 3555 quae
2550 3492 2745 3538 contra
2793 3498 2877 3537 me
2906 3491 3124 3552 parant,
3157 3490 3210 3535 et
3240 3479 3359 3534 fru—

1766 3593 1902 3640 ctus
1930 3583 2152 3638 malitia:
2182 3581 2256 3636 sit
2284 3579 2418 3650 ipsis
2453 3579 2829 3644 Opprobrium.

1853 3764 2019 3818 Vens.
2056 3763 2106 3818 5.
2150 3781 2168 3814 1
2204 3759 2364 3816 Fiant
2420 3768 2680 3830 tanquam
2726 3757 2906 3828 pulvis
2943 3769 3128 3810 coram
3164 3763 3358 3816 vento,

1784 3867 1836 3914 et
1866 3856 2094 3928 angelus
2141 3853 2358 3908 Domini
2387 3860 2632 3907 coarctet
2659 3865 2778 3906 eos.
2820 3867 2838 3901 1
2871 3851 2889 3868 ‘
2924 3848 3039 3903 Hoc
3067 3855 3121 3901 et
3150 3845 3202 3898 in
3249 3844 3360 3915 pri-

1784 3969 1875 4007 mo
1907 3950 2116 4021 psalmo
2147 3948 2331 4019 posuit
2376 3965 2390 4002 :
2432 3965 2451 3998 1
2489 3944 2608 4001 Non
2641 3946 2722 4002 sic
2766 3944 2940 4011 impii,
2984 3957 3089 3996 non
3123 3940 3224 4004 sic,
3268 3939 3361 3993 sed

1785 4051 2046 4112 tanquam
2080 4040 2282 4110 pulvis,
2313 4054 2476 4109 quem
2511 4037 2730 4108 proiicit
2757 4044 2957 4090 ventus
3005 4050 3034 4088 a
3073 4030 3364 4102 superﬁcie

1787 4144 1946 4189 terrae
1981 4144 2003 4172 θ
2014 4174 2024 4186 .
2067 4152 2084 4184 1

1863 4225 2024 4282 Vens.
2054 4225 2108 4279 6.
2168 4243 2188 4277 1
2223 4223 2347 4280 Fiat
2372 4224 2460 4278 via
2500 4221 2716 4278 illorum
2744 4219 3003 4283 tenebrze,
3045 4225 3100 4272 et
3155 4216 3362 4286 lapsus,

1787 4329 1840 4375 et
1867 4319 2095 4389 angelus
2128 4317 2346 4372 Domini
2398 4325 2762 4388 persequatur
2797 4328 2914 4369 eos.
2953 4331 2972 4363 1
3013 4308 3172 4365 Verte
3217 4309 3365 4377 ipsos

1788 4415 1843 4468 in
1894 4413 2102 4484 fugam,
2135 4411 2488 4467 committens
2539 4409 2654 4465 tuis
2697 4407 2930 4479 angelis,
2965 4405 3058 4476 qui
3087 4405 3239 4459 cerni
3272 4417 3368 4454 ne-

1789 4520 2016 4580 queunt,
2049 4506 2507 4578 persecutionem.
2552 4505 2642 4558 Sic
2669 4501 2982 4556 invenimus
3011 4498 3174 4554 etiam
3207 4497 3370 4564 Assy—

1789 4602 1903 4655 rios
1948 4600 2014 4654 ab
2049 4597 2243 4668 angelo
2286 4592 3042 4664 occisoszetprimogenitos
3087 4586 3370 4658 Egyptio-

116 4682 412 4750 Αἰγυπτίων
448 4685 528 4740 τὰ
550 4686 877 4756 πρωτότοκα
929 4686 958 4738 ὁ
1005 4686 1330 4759 ὁλοθρευτὴς
1384 4685 1674 4756 διέφθειρε.

1788 4709 1907 4746 rum
1947 4692 2345 4747 exterminator
2375 4689 2444 4745 de
2477 4687 2659 4743 medio
2707 4685 2948 4742 sustulit.
2984 4681 3244 4736 Tenebras
3271 4695 3368 4731 au—

117 4778 321 4845 Σκότος
368 4779 429 4832 δὲ
474 4780 574 4833 καὶ
607 4779 911 4848 ὀλίσθημα.
946 4777 1045 4849 τὴν
1081 4779 1470 4834 κατάπτωσιν
1511 4779 1684 4847 λέγει.

116 4871 173 4922 Οἵ
199 4889 255 4924 τε
285 4873 398 4944 γὰρ
435 4871 898 4944 προσπταίοντες,
927 4856 1024 4928 καὶ
1077 4875 1126 4927 οἱ
1169 4873 1260 4927 τὸν
1302 4873 1516 4926 ὄλισθον
1552 4874 1686 4926 ὑπο-

117 4963 382 5032 μένοντες,
416 4968 864 5021 καταπίπτουσιν
887 4967 954 5020 ⁸⁷.
992 4968 1100 5020 Kal.
1144 4965 1366 5031 δεικνὺς
1400 4967 1499 5037 τῆς
1523 4966 1686 5034 εὐχῆς

112 5060 166 5110 τὸ
187 5059 418 5125 δίκαιον,
452 5061 654 5130 ἐπάγει
672 5076 688 5092 ο

183 5164 205 5192 ⁸
236 5152 389 5212 Psal.
424 5172 468 5220 1,
502 5157 555 5212 5.

1797 4797 1926 4850 tem,
1959 4792 2014 4841 et
2037 4785 2267 4855 lapsum,
2297 4791 2456 4838 vocat
2483 4782 2716 4834 ruinam.
2749 4778 2854 4845 Qui
2886 4776 3032 4832 enim
3064 4773 3367 4837 offendunt,

1795 4890 1850 4937 et
1873 4880 1965 4951 qui
1992 4880 2266 4943 labuntur,
2299 4891 2556 4933 corruere
2585 4874 2785 4930 solent.
2811 4873 2878 4927 Et
2907 4869 3208 4928 ostendens
3243 4883 3370 4924 sua-

1798 4987 1918 5028 rum
1949 4987 2170 5042 precum
2202 4970 2494 5041 justitiam,
2530 4964 2814 5037 subjungit
2849 4982 2862 5018 :

1206 5246 1438 5303 VARUE
1478 5245 1857 5304 LECTlONES
1895 5245 1982 5299 ET
2018 5244 2250 5300 ΝΟΤᾹῦ.

193 5340 236 5369 ⁸⁸
265 5341 600 5410 Μακάριος.
633 5341 754 5397 cod.
785 5342 820 5396 2
849 5340 1011 5404 θεῖος.

110 5408 308 5478 οὕτως.
343 5408 473 5467 cod.
512 5410 659 5468 Flor.
720 5414 817 5466 καὶ
857 5413 999 5466 τότε.

1109 5341 1153 5412 ⁶ξ⁶
1183 5340 1304 5396 cod.
1343 5340 1731 5412 ἎΑἊχιμέλεχ.

1103 5409 1149 5441 ⁸⁸
1187 5412 1309 5466 cod.
1368 5409 1515 5468 Flor.
1545 5409 1556 5412 “
1595 5409 1928 5480 ἐπενεγκεῖν.

1823 5339 1866 5369 ⁸⁸
1890 5337 2078 5408 Εὺχῇ.
2112 5336 2232 5408 cod.
2283 5335 2333 5397 l,
2385 5334 2420 5386 ‘2
2451 5342 2530 5408 ‘et
2565 5333 2712 5387 Flor.
2769 5331 3068 5408 προσευχῇ.
3095 5398 3107 5408 .
3161 5327 3214 5408 γ⁶⁷
3252 5323 3370 5379 Εἶθ’

2048 5398 2093 5440 ⁸³
2132 5405 2407 5474 Ἐκχεον.
2451 5405 2678 5474 Praastat
2719 5398 3055 5474 reliquorum
3095 5398 3367 5474 interpre-

111 5488 219 5554 tum
263 5469 463 5539 versio
515 5482 823 5554 γύμνωσον.
893 5484 945 5554 Ῐο
982 5481 1101 5550 Τῆς
1147 5483 1506 5554 πανοπλίας,
1540 5483 1674 5554 Ahes

1797 5482 1927 5554 eod.
1986 5479 2130 5532 Flor.
2211 5469 2871 5554 ΤίΕιεδειρηατῶνηοοὰ.
2913 5469 3364 5554 Ὲιοι..-ὲκῖοϐιῦει.
3407 5475 3410 5484 “

110 5549 536 5619 τ’Τοσούιόιςζ
591 5549 713 5609 cod.
746 5555 770 5607 1
808 5562 861 5609 et
888 5549 1060 5607 Flor.’
1098 5552 1382 5617 τοιούτοις.

107 5623 318 5694 φήτης.
351 5626 525 5681 Abest
555 5641 588 5680 ει
620 5626 740 5680 cod.
772 5625 826 5678 2.

108 5693 222 5749 cod.
250 5696 288 5747 ‘2
315 5698 401 5758 εἰς
429 5696 753 5766 ὑπουργίαν.
830 5697 872 5728 ⁷⁹
905 5695 1252 5758 Κὰκείνους.
1283 5695 1401 5750 cod.
1431 5698 1467 5746 ‘2
1494 5696 1586 5747 καὶ
1611 5712 1670 5746 το

108 5764 427 5819 miramur.
457 5765 646 5819 Bosius
701 5768 828 5819 lenit
890 5767 1308 5819 ὲντοαπείησαν.
1418 5767 1462 5797 ’⁸³
1487 5765 1612 5819 cod.-
1648 5766 1674 5819 l

1785 5712 1851 5756 ις.
1928 5694 1961 5722 ⁸(

1785 5782 1822 5818 :.
1856 5763 1961 5818 hab

1418 5767 1462 5797 “’
1487 5765 1612 5819 cod.
1648 5765 1822 5819 Vatic.
1856 5763 2016 5818 habet
2075 5760 2579 5831 ἀποστραφείησαν.

106 5764 427 5846 {glaucina
449 5764 646 5846 _Bosius
701 5768 828 5846 legit
862 5767 1308 5846 ﬁvrpansfnafv.

106 5833 149 5864 “
167 5830 293 5891 cod.
319 5840 358 5892 2
396 5840 623 5905 γένοιτο.
704 5830 895 5892 ’δἐοιΙ.
933 5830 1098 5894 Vatic.
1132 5830 1278 5909 χούς.
1354 5840 1398 5871 εὖ
1431 5836 1674 5905 Τρέψον.

1785 5835 1869 5890 τιΙ.
1907 5852 1958 5904 p.
1990 5832 2113 5899 M8,
2144 5830 2402 5902 Στρέψον.

109 5918 334 5972 ponitur
386 5919 505 5978 post
548 5909 996 5982 προσπταίοντες.

1476 5555 1520 5584 ⁷³
1545 5553 1663 5608 cod.
1711 5552 1746 5605 2
1791 5551 1958 5618 ὅπλῳ.

923 5627 968 5657 ⁷⁸³
1002 5623 1310 5687 [ἐδίδαξεν.
1346 5623 1468 5678 cod.
1511 5622 1656 5678 Flor.
1693 5622 2118 5692 ἐμνημόνευσεν.

2053 5551 2100 5580 ⁷³
2126 5551 2246 5604 cod.
2286 5547 2336 5610 l,
2362 5546 2397 5598 ‘2.
2422 5539 2648 5599 ιιιἚΙοικ
2678 5545 2963 5614 κέχρηται.
2997 5613 3005 5614 7
3054 5540 3100 5614 7⁵
3137 5539 3198 5591 '0
3224 5553 3365 5614 προ-

2212 5619 2255 5649 ⁷⁷
2290 5609 2412 5671 c111l.
2446 5617 2495 5680 l,
2534 5609 2846 5669 2τούτων.’
2909 5611 2954 5644 ⁷⁸
2995 5609 3362 5680 ’Υποιιργὼνκ

1928 5693 1973 5722 ⁸⁰
2007 5693 2108 5744 Καὶ
2143 5691 2410 5753 τούτους.
2446 5679 2566 5742 cdd.
2600 5688 2634 5739 ἓ
2664 5685 2967 5746 κάκείνους.
3042 5681 3086 5712 ⁸¹
3120 5679 3364 5746 Ἐντραο

1929 5763 2016 5809 hut
2075 5760 2579 5809 ἁποστοαωείησαν.
2684 5758 2730 5788 ⁸³
2757 5756 2874 5809 cod.
2917 5756 2953 5808 ‘2
2991 5754 3360 5809 διαμάρτοιεν.

2757 5769 2874 5810 οοιι.
2917 5769 2953 5808 ’Ζ
2991 5769 3360 5810 οιαμαρτοιεξι.

2552 5776 2579 5812 ν.
2684 5769 2730 5788 ⁸⁵³
2757 5769 2874 5810 cou.
2917 5769 2953 5808 ’Ζ
2991 5769 3360 5822 οιαμαρτοιεξι.

2552 5826 3058 5886 Καταπίπτουσιν.
3095 5825 3152 5877 111
3186 5823 3307 5878 Cod.
3339 5823 3362 5873 1
