3842 6510
104 307 211 375 1125

1381 299 1461 358 ΙΝ
1495 299 1698 359 PSAL.
1741 301 2004 362 XXXVI.

3174 305 3309 374 1126

155 413 227 467 ια’.
265 429 283 462 ι
311 410 634 481 Παράτεινον
661 406 718 460 τὸ
748 406 893 468 ἕλεος
925 423 1018 461 σου
1041 413 1152 468 τοῖς
1175 407 1502 476 γινώσκουσί
1531 423 1618 460 σε·

1803 407 1971 464 Vrsas.
2009 408 2030 460 1
2079 447 2093 462 .
2128 427 2145 459 ι
2179 409 2451 464 Brotende
2472 409 2911 466 misericordiam
2939 421 3085 466 tuam
3117 413 3184 468 ad
3208 423 3310 469 eos

99 507 170 561 καὶ
207 503 290 572 τὴν
325 500 667 569 δικαιοσύνην
712 517 806 552 σου
842 502 958 563 τοῖς
999 499 1183 553 εὐθέσι
1230 503 1298 572 τῇ
1345 500 1562 572 καρδίᾳ.
1601 519 1621 554 ι

84 585 337 664 ’Τοιγάρτοι
366 591 624 661 διηνεκῶς
648 591 746 661 τῆς
785 591 994 661 ἡμέρου
1025 608 1118 644 σου
1150 591 1246 645 καὶ⁸
1281 591 1500 655 δικαίας
1530 608 1628 662 με·

98 690 216 751 τὰδος
244 686 584 757 κηδεμονίας,
609 685 706 753 τῆς
721 685 765 716 ³³
791 683 1122 753 θεογνωσίας
1151 684 1496 756 ἠξιωμένοις,
1533 685 1628 738 καὶ

94 784 238 851 ἀγαθὰ
289 782 545 852 πράττειν
606 780 1084 852 προαιρουμένοις.
1140 780 1460 852 Ἀμφότερα
1515 783 1626 853 γὰρ

95 881 191 948 περὶ
219 873 314 927 τῶν
347 872 526 925 αὐτῶν
551 873 764 944 εἴρηκε,
800 873 944 926 κατὰ
966 873 1083 927 to“
1112 875 1313 927 οἰκεῖον
1339 873 1534 944 ἰδίωμα
1557 877 1625 946 τῇ

94 969 306 1038 διαιρέσει
331 965 697 1037 χρησάμενος.
741 966 815 1020 Οὐ
856 967 965 1039 γὰρ
1001 966 1196 1029 ἄλλους
1221 967 1369 1036 λέγει
1393 969 1520 1030 τοὺς
1549 970 1628 1020 εἱ-

93 1063 211 1123 δότας
251 1057 418 1119 αὑτὸν,
465 1057 662 1121 ἄλλους
706 1058 764 1110 δὲ
789 1058 916 1123 τοὺς
955 1059 1130 1122 εὐθεῖς
1151 1061 1217 1130 τῇ
1247 1059 1461 1131 καρδίᾳ,
1504 1060 1626 1113 οὐδὲ

94 1156 177 1215 τῶς
215 1154 300 1221 μὲν
349 1151 439 1203 τὸν
501 1151 674 1214 ἔλεον,
732 1153 848 1215 τοῖς
883 1151 940 1204 δὲ
995 1151 1092 1223 τὴν
1147 1152 1492 1222 δικαιοσύνην
1534 1153 1623 1217 ἐξ·

92 1244 325 1319 ᾔτησενπ·
354 1243 490 1295 ἀλλὰ
533 1245 635 1313 τὴν
655 1243 870 1297 τελείαν
911 1243 1110 1315 ἀρετὴν
1135 1246 1191 1296 ἐν
1237 1243 1462 1315 ἀληθέσι
1499 1245 1622 1312 δόγ-

97 1359 194 1413 μασι
255 1338 340 1392 καὶ
404 1337 732 1408 πράγμασιν
753 1337 798 1367 ³⁶
837 1335 1061 1405 ἀγαθοῖς
1110 1337 1456 1408 ὁρισάμενος,
1509 1341 1622 1401 τοῖς

94 1432 250 1501 ταύτην
290 1432 646 1500 κεκτημένοις
688 1429 782 1483 τὸν
824 1429 973 1483 ἔλεον
1015 1431 1108 1485 καὶ
1143 1429 1240 1502 τὴν
1280 1430 1624 1504 δικαιοσύνην

94 1524 376 1594 ἐπήγγειλεν.

143 1618 211 1688 ιβ’,
239 1624 317 1684 ιγ’.
362 1635 380 1666 ι
410 1614 505 1686 Μὴ
546 1616 750 1670 ἐλθέτω
777 1634 870 1686 μοι
911 1616 1046 1680 ποῦς
1085 1617 1484 1688 ὑπερηφανίας,
1530 1618 1624 1670 καὶ

96 1715 180 1781 χεὶρ
206 1707 513 1780 ἁμαρτω).οὖ
549 1710 629 1780 μὴ
654 1707 896 1782 σαλεύσῃ
910 1709 952 1740 ³⁷
979 1725 1065 1779 με.
1102 1709 1252 1762 Ἐκεῖ
1274 1708 1468 1761 ἔπεσον
1489 1709 1624 1762 πάν-

95 1804 204 1864 τες³⁸
234 1803 276 1854 οἱ
304 1799 669 1870 ἐργαζόμενοι
712 1800 810 1872 τὴν
847 1801 1112 1871 ιΞινομίαν⁸
1154 1798 1490 1868 ἐξώσθησαν,
1527 1801 1622 1855 καὶ

96 1900 134 1949 οὐ
165 1897 224 1966 μὴ
253 1894 508 1946 δύνωνται
549 1892 766 1963 στῆναι.
800 1912 818 1944 ι
873 1893 946 1946 Τὸ
985 1913 1002 1944 ι
1027 1893 1177 1946 Ἐκεῖ
1200 1892 1394 1946 ἔπεσον
1423 1893 1620 1956 πάντες

94 1992 126 2041 οξ
157 1987 478 2058 ἐργαζόμενοι
520 1985 624 2056 τὴν
668 1987 897 2057 ἀνομίαν
917 1987 982 2050 ³³,
1016 2005 1036 2040 ι
1061 1989 1089 2040 ὁ
1116 1987 1410 2056 Σύμμαχος
1451 1986 1621 2050 οὕτως

94 2082 373 2152 ἡρμήνευσεν
392 2095 405 2107 ο
437 2078 640 2132 Ὅπου
673 2080 1005 2134 πίπτουσιν
1026 2083 1079 2132 οἱ
1106 2079 1479 2149 ἐργαζόμενοι
1506 2079 1622 2148 τὴν

93 2173 307 2240 ἀνομίαν,
351 2169 652 2224 ὠθοῦνται
698 2172 800 2225 καὶ
844 2173 916 2226 οὐ
963 2170 1335 2241 δυνήσονται
1377 2171 1616 2240 στῆναι.

94 2264 262 2317 Αξτεῖδὲ
285 2264 311 2315 ὁ
335 2264 628 2333 προφήτης
651 2262 751 2332 τῆς
774 2263 986 2332 φύσεως
1008 2264 1078 2316 τὰ
1105 2264 1280 2334 μέτρα
1308 2263 1616 2334 φυλάττειν,

95 2357 256 2424 καὶτῆς
297 2355 508 2419 εὐθείας
538 2354 665 2409 ὀδοῦ
703 2357 780 2424 μὴ
823 2356 1254 2427 παρατραπῆναι
1272 2356 1317 2387 ⁸⁰
1358 2359 1480 2419 ταῖς
1509 2354 1617 2408 τῶν

95 2446 361 2517 παρανόμων
383 2446 709 2510 ἐπιϐουλαῖς
731 2463 747 2479 ο
782 2447 878 2501 ἅτε
914 2447 978 2518 δὴ
1011 2446 1295 2515 γινώσκων
1329 2449 1428 2518 τῆς
1461 2450 1616 2502 ἐναν-

94 2542 176 2602 τίας
196 2539 299 2592 ὀδοῦ
325 2540 382 2592 τὸ
421 2539 604 2603 τέλος.
629 2540 694 2593 Οἱ
715 2538 824 2610 γὰρ
847 2539 926 2602 εἰς
961 2541 1161 2604 έκεῖνο,
1196 2542 1351 2610 φησὶ,
1381 2540 1617 2594 καταπί-

95 2630 279 2694 πτοντες,
300 2631 606 2701 ἀναστῆναι
639 2629 826 2682 λοιπὸν
857 2630 949 2683 καὶ
988 2631 1069 2693 είς
1101 2629 1200 2700 τὴν
1238 2631 1434 2701 ἑτέραν
1487 2631 1617 2702 δρα-

97 2726 178 2793 μεῖν
203 2724 253 2775 οὑ
295 2723 640 2792 δυνήσονται.
683 2723 906 2786 Τούτοις
948 2721 1093 2775 ἔοικε
1142 2722 1210 2775 τὰ
1253 2723 1522 2793 εἰρημένα
1561 2725 1617 2776 ἐν

94 2815 146 2884 τῷ
165 2814 280 2884 ἕκτῳ
314 2812 551 2885 ψαλμῷο
604 2833 621 2864 ι
651 2814 774 2866 Ὅτι
814 2815 915 2867 οὐκ
958 2813 1106 2867 ἔστιν
1138 2815 1197 2868 ἐν
1229 2814 1310 2884 τῷ
1353 2802 1566 2885 θανάτῳ
1591 2818 1619 2868 ὁ

96 2908 381 2976 μνημονεύων
419 2924 516 2961 σου
547 2923 563 2936 ·
615 2908 674 2961 ὲν
712 2907 771 2961 δὲ
807 2906 885 2978 τῷ
920 2907 1020 2980 ᾄδῃ
1049 2908 1133 2972 τίς
1163 2907 1618 2980 ἑξομολογήσεταί

95 3017 237 3063 σοι;›

338 3137 608 3192 EPMIIN.
653 3139 791 3191 Tur
826 3141 943 3207 ac."
981 3141 1300 3195 ΨΑΛΜΟΥ.

143 3260 193 3304 α’.
231 3252 494 3323 «Ψαλμὺς
530 3253 612 3324 τῷ
651 3254 836 3308 Δαδίδ.
879 3255 971 3326 Μὴ
1016 3255 1332 3327 παραζῆλου
1364 3257 1422 3308 έν
1457 3273 1622 3327 πονη-

95 3345 378 3416 ρευομένοιςο
431 3348 576 3418 μηδὲ
631 3347 796 3419 ζήλου
852 3350 978 3412 τοὺς
1022 3350 1312 3414 ποιοῦντας
1355 3351 1453 3420 τὴν
1494 3351 1622 3404 ἀνο-

94 3443 202 3509 μίαν.
223 3461 239 3492 ›
260 3444 331 3515 Τῇ
347 3442 389 3474 ⁸³
414 3445 592 3515 πείρᾳ
615 3442 802 3514 μαθὼν
821 3445 849 3497 ὁ
869 3443 1013 3507 θεῖος
1032 3443 1215 3506 Δαδίδ,
1237 3444 1376 3499 ὅσων
1399 3443 1622 3512 ἀγαθῶν

93 3534 293 3603 πρόξενος
328 3539 361 3606 ἡ
404 3538 678 3608 πραότης,
709 3537 806 3588 καὶ
849 3537 934 3589 ὃτι
970 3536 1080 3588 τῶν
1112 3536 1296 3608 ἀδικίᾳ
1336 3536 1621 3602 συζώντων

93 3630 159 3680 καὶ
187 3628 448 3702 ἀλαζονείᾳ
475 3629 804 3701 χρωμένων,
841 3630 902 3682 τὸ
948 3627 1106 3691 τέλος
1149 3630 1372 3700 ἀνιαρὸν
1412 3631 1508 3684 καὶ
1543 3630 1622 3701 τῷ

93 3717 164 3787 βίῳ
185 3721 493 3792 κατάλληλον
518 3737 536 3752 ο
585 3721 932 3792 ἐμεμαθήκει
950 3723 994 3752 δ’
1027 3719 1084 3772 δὲ
1115 3719 1288 3773 ταῦτα
1322 3720 1384 3774 ἔκ
1424 3739 1484 3774 τε
1517 3722 1621 3775 τῶν

93 3813 194 3865 κατὰ
216 3813 293 3866 τὸν
319 3815 488 3869 Σαοὺλ
516 3816 617 3867 καὶ¹
649 3815 738 3868 τὸν
764 3812 1144 3885 Ἀϐεσσαλὼμ,
1168 3813 1264 3866 καὶ
1287 3814 1397 3867 τῶν
1422 3814 1618 3880 ἄλλων,

91 3904 173 3956 ὅσοι
193 3905 377 3959 τούτων
399 3907 703 3978 δεδράκασι
731 3906 1093 3978 παραπλήσια
1113 3921 1125 3933 ·
1170 3906 1492 3976 παραίνεσιν
1519 3908 1622 3958 εἰσ-

93 3999 208 4066 φέρει
233 4001 386 4053 πᾶσιν
412 4000 730 4071 ἀνθρώποις
752 4017 766 4031 ·
807 3998 996 4070 φέρειν
1025 3998 1124 4070 μὲν
1158 3998 1398 4062 καλῶς⁸³
1436 4016 1618 4070 παρα-

92 4089 226 4142 καλῶν
246 4092 306 4144 τὰ
328 4093 745 4164 προσπίπτοντα
767 4091 1010 4163 λυπηρὰ,
1034 4091 1134 4154 τὰς
1160 4091 1216 4144 δὲ
1238 4091 1345 4144 τῶν
1371 4091 1620 4162 πονηρῶν

90 4180 335 4252 ἀνθρώπων
358 4185 663 4257 εὐημερίας
684 4186 777 4238 καὶ
825 4185 1124 4256 εὐπραξίας
1140 4184 1185 4216 ⁸⁵⁵
1214 4183 1288 4255 μὴ
1345 4184 1621 4254 μακαρίας

91 4274 300 4341 νομίζειν,
333 4277 527 4340 ἀθλίας
553 4277 607 4330 δὲ
640 4277 841 4346 μᾶλλον
863 4277 1218 4332 ι5,·ιιοκαλεῖν⁵⁵
1237 4296 1253 4310 ο
1283 4273 1344 4332 οὗ
1363 4277 1408 4307 ⁸⁸
1438 4277 1502 4348 δὴ
1527 4278 1623 4346 χὰ-

93 4380 154 4430 ριν
185 4365 321 4430 εὐθὺς
341 4367 382 4399 ⁸⁷
435 4369 748 4440 ἀρξάμενος
799 4370 894 4422 τοῦ
943 4368 1185 4440 ψαλμοῦ,
1243 4369 1425 4439 φησί’
1483 4388 1500 4420 ι
1530 4371 1621 4439 Μὴ

91 4448 352 4528 πα’ραζήλου
415 4461 472 4513 ἐν
538 4461 996 4532 πονηρευομένοις
1021 4502 1035 4526 ,
1090 4459 1227 4533 μηδὲ
1270 4461 1435 4533 ζήλου
1491 4461 1616 4525 τοὺς

1731 497 1825 568 qui
1855 506 2060 554 norunt
2093 509 2167 564 te,
2202 507 2255 554 et
2293 496 2566 569 justitiam
2597 510 2745 554 tuam
2781 503 2847 556 ad
2889 502 3012 566 illos
3037 505 3129 575 qui
3159 515 3312 560 recto

1731 601 1860 646 sunt
1885 591 2074 645 corde.
2117 609 2135 642 ι
2194 589 2420 661 Largire
2457 591 2640 660 itaque
2670 593 2937 646 continue
2967 607 3116 662 tuam
3151 611 3310 649 man-

1730 693 1943 737 suetam
2019 693 2073 738 et
2116 683 2324 752 justam
2378 683 2781 753 providentiam
2839 684 2924 738 his
2981 686 3076 756 qui
3124 665 3334 740 divina.

1729 775 2042 845 cognitione
2073 776 2260 833 deuati
2302 784 2470 838 sunt,
2523 784 2580 829 et
2629 775 2715 830 his
2767 791 2863 846 qui
2911 791 3064 831 recte
3113 776 3311 844 agendi

1728 866 1872 920 viam
1910 869 2215 938 elegerunt.
2270 869 2568 938 Utrumque
2603 872 2750 926 enim
2787 871 2855 924 de
2903 867 3100 924 iisdem
3130 868 3306 930 dixit,

1729 961 2038 1016 secundum
2060 961 2262 1031 lingum
2290 963 2680 1034 proprietatem
2706 962 2976 1019 divisione
3008 976 3165 1015 usus.
3191 958 3310 1013 Non

1729 1054 1877 1108 enim
1915 1055 2052 1108 alios
2087 1055 2222 1109 dicit
2251 1055 2488 1111 scientes
2533 1057 2754 1126 ipsum,
2810 1055 2949 1109 alios
2985 1052 3148 1124 833
3185 1068 3313 1105 vero

1727 1158 1911 1203 rectos
1963 1147 2175 1202 corde:
2213 1163 2394 1219 neque
2431 1164 2530 1219 pro
2575 1149 2663 1205 his
2713 1147 2935 1219 quidem
2991 1146 3312 1201 misericor-

1727 1242 1900 1307 diam,
1935 1258 2034 1312 pro
2063 1242 2171 1297 illis
2197 1256 2329 1296 vero
2351 1239 2625 1310 juStitiam
2655 1240 2808 1310 petiit
2837 1256 2850 1292 :
2885 1237 2981 1293 sed
3010 1236 3310 1308 perfectam

1726 1336 1988 1388 virtutem
2024 1334 2173 1388 veris
2206 1334 2555 1404 dogmatibus
2583 1343 2638 1388 et
2667 1331 2832 1388 rectis
2870 1329 3182 1386 actionibus
3214 1328 3312 1383 de-

1727 1427 1946 1492 finiens,
1985 1427 2070 1481 his
2101 1427 2194 1496 qui
2231 1426 2372 1481 hanc
2403 1425 2726 1496 possident,
2786 1421 3221 1479 misericordiam
3256 1428 3314 1476 et

1722 1521 1993 1590 justitiam
2030 1519 2303 1589 promisit.

1805 1613 1971 1668 Vens.
2009 1613 2100 1679 12,
2137 1613 2227 1668 15.
2262 1632 2280 1664 ι
2319 1610 2436 1665 Non
2483 1611 2664 1666 veniat
2709 1610 2846 1666 mihi
2875 1625 2970 1680 pes
2998 1607 3270 1677 superbiae
3295 1647 3309 1670 ,

1726 1715 1780 1760 et
1800 1721 1998 1760 [uanus
2028 1705 2337 1774 peccatoris
2368 1719 2477 1756 non
2503 1712 2720 1758 moveat
2750 1718 2858 1754 me.
2885 1702 2958 1754 lbi
2995 1699 3312 1755 ceciderunt

1727 1816 1922 1854 omnes
1976 1799 2071 1868 qui
2110 1808 2414 1868 operantur
2468 1796 2814 1866 iniquitatem
2851 1813 2863 1846 :
2898 1793 3109 1864 expulsi
3157 1800 3308 1855 sunt.

1725 1909 1826 1948 nec
1858 1901 2120 1962 poterunt
2148 1900 2317 1945 stare.
2351 1909 2368 1941 ι
2406 1888 2586 1944 Verba
2619 1889 2720 1942 ista
2754 1904 2768 1940 :
2811 1906 2830 1938 ‹
2867 1884 2944 1941 lbi
2971 1885 3308 1944 ceciderunt,

1724 1984 1818 2053 qui
1851 1991 2155 2053 operantur
2183 1981 2553 2051 iniquitatem,
2589 1999 2607 2030 ι
2638 1977 3007 2048 Symmachus
3031 1976 3112 2031 sic
3141 1976 3301 2029 inter-

1723 2089 1971 2150 pretatus
2019 2086 2149 2133 est:
2203 2075 2306 2131 Ubi
2360 2077 2558 2130 cadunt
2606 2085 2885 2145 operantes
2940 2073 3307 2142 iniquitatem,

1723 2172 2096 2240 impelluntur,
2151 2181 2200 2225 et
2251 2187 2354 2224 non
2403 2178 2652 2238 poterunt
2709 2180 2876 2222 stare.
2939 2165 3082 2220 Petit
3125 2175 3306 2220 autem

1722 2266 2016 2336 Propheta,
2049 2275 2108 2320 ut
2139 2266 2313 2334 possit
2341 2274 2552 2318 natura:
2584 2276 2902 2316 mensuram
2942 2274 3184 2325 servare,
3216 2275 3308 2313 ne-

1722 2379 1829 2433 que
1857 2378 1884 2415 a
1915 2362 2004 2417 via
2051 2370 2200 2416 recta
2249 2376 2347 2430 per
2395 2360 2794 2414 sceleratorum
2850 2356 3086 2412 insidias
3126 2355 3304 2410 diver-

1720 2464 1890 2518 tatur,
1927 2465 1985 2509 ut
2019 2455 2112 2524 qui
2163 2453 2426 2508 contrarii
2463 2451 2678 2505 itineris
2729 2451 2892 2504 finem
2929 2460 3306 2519 cognosceret.

1724 2544 1828 2608 Oui
1879 2544 2053 2604 enim.
2108 2543 2209 2608 ait,
2252 2542 2306 2596 in
2346 2542 2502 2595 illum
2556 2541 2824 2606 incidunt,
2885 2555 2993 2594 non
3053 2547 3305 2610 poterunt

1720 2638 1978 2706 deinceps
2015 2650 2320 2706 resurgere,
2361 2644 2413 2688 ct
2453 2634 2506 2687 in
2545 2634 2708 2687 aliam
2743 2633 2886 2687 viam
2921 2648 3164 2688 currere.
3203 2631 3302 2686 His

1720 2739 1901 2783 autem
1955 2742 2200 2782 consona
2249 2735 2398 2792 sunt,
2448 2741 2573 2795 quae
2606 2726 2750 2780 dicta
2793 2725 3016 2780 fuerunt
3063 2725 3118 2780 in
3153 2736 3306 2780 sexto

1720 2824 1979 2892 psalmo:
2024 2840 2042 2871 ι
2082 2818 2350 2886 Quoniam
2409 2834 2518 2872 non
2565 2827 2652 2873 est
2691 2818 2746 2871 in
2798 2827 2996 2882 morte,
3054 2819 3149 2886 qui
3191 2832 3307 2873 me-

1721 2932 1842 2970 mor
1889 2915 1962 2969 sit
2017 2915 2132 2980 tui,
2175 2914 2230 2968 in
2271 2912 2488 2968 inferno
2537 2923 2721 2966 autem
2774 2911 2899 2982 quis
2954 2909 3303 2968 etmfitebitur

1722 3006 1815 3060 tibi
1840 3007 1907 3058 ‘1?
1943 3025 1960 3056 ι

2074 3146 2090 3164 ⁸
2133 3139 2406 3194 INTERP.
2448 3138 2701 3194 PSALMI
2742 3139 2988 3195 XXXVI.

1793 3258 1960 3312 Vens.
1995 3257 2047 3310 1.
2087 3275 2104 3307 ι
2148 3253 2402 3310 Psalmus
2455 3254 2665 3310 Daridi.
2715 3253 2840 3310 Noli
2888 3256 3135 3312 aemulari
3177 3271 3303 3328 erga

1724 3352 2018 3421 malignos,
2080 3364 2260 3418 neque
2318 3348 2434 3402 zelo
2478 3349 2805 3405 exardescas
2855 3364 2985 3420 erga
3038 3349 3308 3406 facientes

1722 3446 2093 3515 iniquitatem.
2135 3461 2154 3495 ›
2217 3440 2564 3511 Experientia
2614 3441 2813 3497 doctus
2842 3443 3066 3499 divinus
3109 3441 3303 3512 David,

1721 3554 1887 3609 quam
1922 3536 2220 3591 multorqu
2255 3535 2526 3588 bonorum
2565 3535 2910 3590 conciliatrix
2942 3537 3015 3591 sit
3048 3553 3307 3592 mansue-

1723 3623 1873 3694 tudo,
1907 3637 1961 3684 et
1993 3628 2138 3698 quod
2170 3641 2383 3690 eorum,
2423 3627 2516 3696 qui
2561 3626 2765 3697 injuste
2793 3629 2990 3683 vivunt
3017 3631 3303 3699 superbia-

1723 3737 1827 3792 que
1854 3729 2104 3782 utuntur,
2138 3718 2263 3772 finis
2285 3719 2356 3772 sit
2387 3718 2564 3773 tristis
2589 3729 2643 3772 et
2669 3718 2794 3773 vita:
2829 3735 3141 3789 congruens
3171 3722 3306 3791 (haec

1723 3823 1905 3869 autem
1954 3829 2021 3866 ex
2059 3813 2126 3866 iis
2160 3811 2462 3876 didicerat,
2515 3826 2637 3878 quae
2686 3812 2833 3866 circa
2873 3812 3041 3885 834
3086 3813 3302 3870 Saulem

1722 3919 1776 3964 et
1822 3909 2182 3962 Absalomum
2240 3906 2578 3968 acciderant,
2629 3915 2683 3961 et
2719 3924 2785 3962 ex
2835 3908 2960 3962 aliis
2993 3909 3308 3980 quicunque

1724 4001 1925 4056 similia
1973 3999 2274 4068 fecerunt),
2330 3998 2760 4055 admonitionem
2795 3999 3004 4070 profert
3050 4004 3306 4061 omnibus

1726 4092 2064 4155 hominibus,
2101 4091 2600 4146 commonefacieus
2633 4100 2693 4146 ut
2722 4108 2881 4164 aequo
2912 4095 3100 4150 animo
3133 4095 3307 4154 ferant

1724 4199 1813 4238 res
1846 4185 2130 4249 molestas,
2161 4201 2282 4254 qua:
2308 4185 2564 4241 accidere
2594 4186 2775 4241 solent
2808 4207 2822 4242 ι
2857 4187 3147 4246 felicitates
3178 4207 3308 4248 vero

1724 4277 1993 4332 malorum
2038 4278 2321 4332 hominum
2389 4292 2443 4333 et
2504 4282 2900 4350 prosperitates
2955 4299 3300 4355 nequaquam

1723 4369 1914 4424 beatas
1949 4371 2286 4432 existiment,
2324 4371 2434 4425 imo
2484 4370 2717 4426 miseras
2746 4373 2931 4442 potius
2966 4385 3297 4444 nuncupent.

1725 4460 1991 4527 Quocirca
2043 4462 2314 4530 psalmum
2356 4463 2651 4518 exordiens
2697 4464 2880 4519 statim
2939 4466 3016 4520 ait
3055 4490 3066 4523 ;
3119 4485 3137 4518 ι
3171 4465 3300 4521 Noli

90 4545 325 4614 ποιοῦντας
344 4550 440 4622 τὴν
461 4551 720 4620 ἀνομίαν.
749 4573 770 4603 ›
803 4553 876 4605 Τὸ
903 4553 960 4606 δὲ
987 4552 1073 4622 μὴ
1100 4553 1445 4622 παραζήλου
1468 4553 1496 4605 ὁ
1523 4553 1618 4622 μὲν

1728 4553 1973 4608 aemulari
2002 4570 2133 4624 erga
2162 4555 2646 4626 malignos,neque
2674 4559 2791 4611 zelo
2825 4558 3152 4614 exardescas
3176 4575 3300 4630 erga

92 4636 354 4712 Σύμμαχος,
372 4645 456 4713 μὴ
485 4645 818 4714 φιλονείκει
843 4685 857 4710 ,
889 4649 916 4698 ὁ
939 4645 996 4697 δὲ
1024 4643 1334 4710 Θεοδοτίων,
1362 4642 1448 4713 μὴ
1471 4659 1618 4711 παρ-

90 4732 296 4795 ερεθίζού
331 4737 706 4809 ἡρμήνευσεν·
749 4738 872 4792 ἀντὶ
904 4737 1025 4803 τοῦ,
1067 4738 1158 4809 Μὴ
1189 4737 1494 4808 παροξύνου
1539 4737 1618 4798 είς

93 4821 277 4893 μίμησιν
321 4828 428 4881 τῶν
467 4828 787 4900 παρανομίᾳ
834 4827 1140 4895 συζώντων,
1182 4828 1280 4900 τὴν
1318 4841 1617 4900 προσγενο-

168 5032 289 5087 Psal.
319 5051 364 5090 Vl
383 5076 399 5102 ,
444 5037 500 5092 6.

1725 4647 1990 4702 facientes
2025 4649 2393 4717 iniquitatem.
2436 4668 2454 4699 ι
2495 4649 2610 4705 Hoc
2635 4661 2841 4716 autem,
2885 4653 2996 4705 noli
3036 4653 3299 4718 a’mulari,

1727 4737 2112 4808 Symmachus,
2141 4755 2204 4794 ne
2231 4739 2540 4805 contendas,
2580 4738 2888 4796 Theodotio
2916 4757 3064 4804 vero,
3092 4759 3154 4796 ne
3180 4743 3294 4797 irri-

1729 4829 1874 4892 teris,
1923 4829 2314 4900 interpretatus
2343 4837 2448 4894 est,
2489 4829 2594 4883 hoc
2642 4839 2766 4892 est,
2799 4828 2921 4885 Noli
2966 4830 3185 4885 incitari
3237 4831 3302 4886 ad

1148 5240 1386 5296 VARI/Ii
1417 5239 1804 5298 LECTIONES
1831 5240 1920 5295 ET
1950 5239 2184 5297 ΝΟΤᾹΞ.

149 5349 188 5436 ξ
394 5357 518 5412 cod.
549 5357 574 5410 1
607 5360 738 5436 τοῖς.
772 5358 916 5436 Αροά.
1037 5359 1149 5419 τοῖς
1203 5357 1324 5436 τῇς.
1400 5357 1449 5436 ξι
1473 5361 1620 5436 ⁸Κίλιξ

1731 5358 1782 5410 ό.
1835 5358 1956 5412 cod.
2004 5358 2027 5410 1
2071 5359 2214 5436 κατ’.
2253 5358 2338 5436 ,³⁵
2368 5356 2868 5436 Ἐ-ετξζηονενἉοοᾴ.
2918 5358 3299 5436 2ηὲζήτῃσ-εν.

96 5418 482 5498 κῃίῖάῖλίλασιν.
523 5429 647 5482 cod.
687 5432 738 5495 1,
770 5427 806 5481 2
857 5418 1140 5498 πράξεσιν.

1236 5427 1278 5458 ³⁷
1311 5428 1434 5482 cod.
1470 5429 1506 5482 Ξ
1537 5429 1620 5481 σα]

1728 5445 1819 5486 ται.
1859 5444 1982 5496 quae
2027 5439 2112 5482 est
2144 5427 2304 5482 lectio
2338 5429 2459 5482 eod.
2491 5426 2667 5482 Vatic.
2712 5425 2921 5482 Codex.
2954 5425 3112 5482 Alex.
3142 5425 3304 5486 habet

93 5490 332 5566 cuistieai.
393 5498 438 5530 ³⁸
466 5490 919 5564 Πάντες.Ἀ1)θεὶ
948 5490 1146 5566 acod.
1177 5499 1229 5563 f,
1261 5499 1315 5561 2,
1346 5514 1445 5552 nec
1493 5501 1547 5552 in
1611 5509 1620 5552 t

1730 5516 1761 5552 ιι
1819 5490 1984 5554 llcbr.
2033 5500 2211 5552 locum
2268 5499 2450 5552 habet.
2531 5500 2575 5529 ³³
2610 5496 2734 5562 Τὴν
2767 5499 3042 5566 ἀνομίαν.
3071 5500 3242 5554 Abest
3271 5517 3304 5557 a

95 5561 253 5647 ςοίεςιη
552 5568 596 5647 θ
999 5565 1159 5647 λιτῇ
1211 5561 1620 5647 agna-mam.

1728 5585 1801 5647 :s._
1842 5569 1983 5647 apud
2027 5571 2198 5647 90rd.

92 5642 133 5693 il-
157 5633 262 5686 679.
335 5636 378 5667 δ’
405 5641 523 5693 cod.
550 5640 584 5692 2
608 5633 945 5710 μὲμαθῆκει.
1020 5638 1066 5669 ⁸³
1100 5633 1335 5704 Καλῶζι.
1373 5640 1536 5692 Abest
1563 5633 1592 5693 a
1625 5641 1744 5693 cod.
1781 5640 1830 5702 1,
1867 5633 1920 5692 ‘2.
1999 5644 2046 5671 ’δ
2077 5639 2199 5694 cod.
2227 5633 2606 5708 1ἐύπραγίας.

93 5700 366 5780 ίῖρμίζειν,
403 5711 634 5780 ascripta
661 5721 840 5764 tamen
865 5710 1098 5765 lectione
1127 5710 1315 5764 altera.
1407 5711 1456 5742 ἰθ
1489 5707 1571 5764 Οὗ
1602 5741 1668 5750 -—
1691 5713 1969 5778 ἀνομίαν.
2004 5710 2126 5765 Des.
2165 5710 2306 5780 apud
2353 5710 2516 5765 Cord.
2600 5710 2606 5734 ‘

93 5700 366 5835 ἶιέῧιίζειν,
403 5700 634 5780 ascripta
661 5700 840 5764 tamen
865 5710 1098 5765 lectione
1127 5700 1315 5764 altera.

99 5784 108 5802 ⁰
214 5787 280 5830 ον.

99 5784 280 5830 μαλλον.

2257 5585 2308 5638 p.
2347 5568 2475 5621 666.
2513 5568 2628 5621 Alia
2670 5567 2869 5621 Nostro
2913 5570 3102 5622 tribuit
3162 5572 3305 5627 idem

2701 5639 2744 5670 "
2771 5639 3142 5693 Ἀποκαλεῖν.
3180 5643 3300 5694 rml.

2600 5710 2643 5740 "7
2680 5708 2861 5778 Χάριν
2889 5711 3090 5776 εὐθύς.
3121 5713 3239 5766 cod.
3268 5712 3304 5766 Ξ).
