3842 6516
505 311 636 375 1127

1493 320 1979 381 THEODORET]
2025 317 2382 387 EPISCOPII
2419 322 2788 381 CYRENSIS

3635 320 3767 385 1123

502 431 861 485 imitationem
913 432 1224 502 .niquorum
1284 433 1590 499 hominum,
1643 449 1768 489 cum
1805 435 2074 492 secundas

2199 433 2348 504 ιένην
2390 435 2577 496 αὐτοῖς
2615 433 2914 504 εύκληρίαν
2950 433 3244 504 θεώμενος.
3274 435 3386 487 Καὶ
3412 433 3632 497 δεικνὺς
3673 440 3732 505 τῆ
3742 457 3766 500 ς

500 539 608 588 res,
654 539 776 593 quae
820 525 955 594 ipsis
986 526 1262 590 accidunt,
1301 527 1525 580 videris.
1565 525 1632 580 Et
1664 527 1958 581 ostendens
1996 527 2079 580 iu-

499 615 864 668 constantiam
899 615 1200 681 felicitatis,
1233 616 1416 670 statim
1449 613 1694 670 subdidit
1722 633 1734 668 :

577 703 737 759 Vsus.
769 705 823 758 9..
876 725 894 757 ι
940 704 1212 772 Quoniam
1263 717 1525 776 tauquam
1567 705 1753 759 fenum
1805 707 1914 760 cito
1961 721 2081 760 are-

503 805 678 859 scent,
714 807 768 850 ct
797 797 1259 865 quemadmodum
1305 796 1451 849 olera
1501 796 1794 849 herbarum
1842 793 1952 848 cito
1984 793 2081 848 de-

504 891 706 945 cident.
749 910 767 941 ι
806 889 930 944 Hmc
958 899 1011 943 et
1039 891 1230 943 beatus
1265 887 1432 942 Isaias
1460 886 1596 941 dixit
1629 904 1642 939 :
1675 905 1693 937 ι
1731 885 1925 940 Omnis
1953 900 2082 938 caro

505 983 713 1047 fenum,
766 992 820 1037 et
869 982 1051 1036 omnis
1106 981 1279 1052 gloria
1331 980 1570 1034 hominis
1605 981 1760 1050 quasi
1797 978 1894 1034 ﬂos
1948 978 2080 1034 feni.

507 1073 854 1129 Exsiceatum
896 1082 979 1126 est
1012 1072 1220 1138 fenum,
1256 1080 1310 1126 et
1345 1071 1541 1127 cecidit
1576 1071 1694 1134 ﬂos,
1730 1072 1956 1125 verbum
1985 1086 2083 1124 au-

507 1175 613 1219 tem
651 1163 867 1216 Domini
899 1172 1082 1217 manet
1120 1163 1172 1216 in
1205 1173 1467 1217 aeternum
1499 1172 1542 1216 ι’.
1582 1182 1602 1214 ι
1638 1162 1755 1218 Hoc
1795 1170 1850 1216 et
1895 1163 2083 1217 beatus

509 1255 583 1308 ait
620 1254 785 1307 David
811 1269 823 1306 :

577 1345 741 1400 Vens.
779 1344 922 1408 5,1.
969 1366 982 1396 ι
1031 1343 1200 1413 Spera
1238 1345 1291 1398 in
1323 1343 1582 1408 Domino,
1613 1352 1666 1398 et
1693 1358 1886 1399 exerce
1922 1343 2084 1399 boni-

508 1447 695 1502 tatem,
728 1447 782 1491 et
810 1436 1053 1490 inhabita
1091 1445 1314 1498 terram,
1352 1445 1406 1489 et
1444 1436 1688 1504 pasceris
1710 1435 1916 1490 divitiis
1944 1435 2083 1504 ejus.

509 1532 791 1585 Delectare
824 1529 1077 1592 Domino,
1102 1537 1157 1582 et
1184 1529 1275 1582 det
1302 1529 1396 1582 tibi
1428 1528 1720 1596 petitiones
1738 1528 1920 1582 cordis
1949 1527 2080 1580 tui.»

508 1625 617 1677 Per
642 1621 826 1676 omnia
861 1620 1049 1675 docuit
1079 1619 1194 1690 spei
1226 1620 1278 1673 in
1315 1621 1426 1674 Deo
1458 1620 1741 1675 collocatae
1770 1620 2084 1675 utilitatem.

507 1713 612 1780 Qui
669 1714 838 1778 enim,
865 1713 966 1771 ait.
1000 1713 1053 1765 in
1089 1712 1182 1765 illo
1243 1727 1394 1781 spem
1451 1712 1614 1766 lixam
1681 1711 1863 1774 habet,
1918 1720 1971 1765 et
2020 1711 2090 1764 ab

2181 527 2480 596 εὐποτμίας
2510 526 2570 578 τὸ
2591 526 2949 598 πρόσκαιρον,
2972 525 3136 590 εὐθὺς
3153 526 3201 558 ’⁸⁸
3234 527 3515 598 ἐπήγαγεν
3535 547 3551 560 ·

2253 706 2321 776 β’.
2377 724 2394 756 ι
2429 706 2552 758 Ὅτι
2599 705 2731 758 ὡσεὶ
2776 706 2969 776 χόρτος
3011 706 3150 776 ταχὺ
3199 705 3763 778 ἀποξηρανθήσονται,

2183 798 2275 850 καὶ
2298 797 2433 850 ὡσεὶ
2452 796 2661 866 λάχανα
2695 797 2858 866 χλόης
2896 798 3034 868 ταχὺ
3061 797 3486 852 ἀποπεσούνται.
3529 818 3546 850 ι
3589 800 3761 852 Ταῦτα

2183 887 2342 942 atat“
2383 889 2412 940 ὁ
2461 887 2728 958 μακάριος
2749 888 2796 918 ⁸ο
2855 887 3084 950 Ἡσαΐας
3145 886 3290 958 ἔφη·
3361 907 3379 939 ι
3425 889 3588 942 Πᾶσα
3643 891 3766 960 σὰρξ

2185 981 2377 1051 χόρτος
2393 979 2460 1045 ⁵⁸,
2492 979 2588 1032 καὶ
2610 982 2758 1033 πᾶσα
2783 979 2907 1044 δόξα
2938 979 3230 1049 ἀνθρώπου
3256 982 3333 1043 ὡς
3354 980 3518 1043 ἄνθος
3545 981 3732 1051 χόρτου
3751 999 3762 1009 ο

2183 1072 2459 1143 ἐξηράνθη
2481 1074 2508 1125 ὁ
2538 1072 2754 1143 χόρτος,
2776 1073 2872 1125 καὶ
2897 1073 2958 1124 τὸ
2994 1071 3154 1133 ἄνθος
3183 1072 3348 1125 αὑτοῦ
3365 1074 3412 1104 ⁵⁸
3436 1073 3688 1138 ἐξέπεσε,
3713 1076 3764 1125 τδ

2182 1165 2241 1218 δὲ
2267 1166 2415 1236 ῥῆμα
2441 1163 2648 1234 Κυρίου
2683 1164 2832 1234 μένει
2861 1163 2940 1227 εἰς
2972 1163 3064 1216 τὸν
3088 1164 3313 1219 αἰῶνα.»
3349 1162 3524 1216 Τοῦτο
3546 1163 3604 1216 δὲ
3631 1167 3716 1216 καὶ
3741 1170 3763 1217 ὁ

2187 1257 2458 1326 μακάριος
2475 1256 2523 1287 ⁵³
2557 1255 2660 1323 ἔφη
2689 1254 2852 1307 Δαείδ
2872 1271 2886 1285 ο

2255 1349 2328 1418 γ’,
2354 1348 2419 1402 δ’.
2467 1367 2485 1399 ι
2516 1348 2778 1401 Ἔλπισον
2821 1348 2913 1400 ἐπὶ
2961 1347 3187 1417 Κύριον,
3231 1349 3322 1401 καὶ
3356 1347 3505 1400 ποίει
3545 1351 3764 1417 χρηστὸ·

2184 1457 2345 1511 τητα,
2394 1439 2490 1493 καὶ
2529 1440 2874 1510 κατασκήνου
2921 1439 3022 1508 τὴν
3069 1439 3195 1509 γῆν,
3237 1440 3330 1491 καὶ
3361 1438 3763 1508 ποιμανθήσῃ⁸⁸

2186 1533 2278 1585 ἐπὶ
2317 1531 2395 1601 τῷ
2423 1532 2640 1604 πλούτῳ
2684 1533 2873 1602 αὐτῆς.
2923 1531 3358 1602 Κατατρύφησον
3400 1531 3498 1584 τοῦ
3547 1531 3762 1601 Κυρίου,

2188 1625 2282 1676 καὶ⁸
2331 1622 2445 1694 δώῃ
2470 1624 2518 1655 ⁸³
2555 1640 2636 1676 σοι
2661 1623 2730 1675 τὰ
2760 1623 3040 1693 αἰτήματα
3073 1622 3173 1690 τῆς
3203 1621 3426 1692 καρδίας
3456 1639 3574 1673 σου.
3618 1641 3638 1671 ›
3678 1623 3762 1674 Διά

2189 1715 2411 1768 πάντων
2450 1713 2656 1780 ἐδίδαξε
2683 1714 2782 1783 τῆς
2811 1716 2887 1776 είς
2917 1713 3052 1765 Θεὸν
3088 1711 3302 1774 ἐλπίδος
3350 1712 3413 1763 τὸ
3442 1711 3731 1782 κερδαλέον
3749 1730 3760 1740 ·

507 1805 672 1876 835
707 1806 800 1860 illo
825 1806 1082 1874 pascitur,
1106 1805 1264 1858 bonis
1319 1803 1387 1858 ab
1418 1804 1536 1873 ipso
1583 1805 1940 1874 suppeditatis
1969 1818 2089 1872 per-

2199 1809 2216 1859 i
2244 1808 2352 1878 γὰρ
2381 1808 2461 1871 εἰς
2493 1807 2676 1872 αὑτὸν,
2711 1807 2898 1876 φησιν,
2927 1802 3184 1870 ἐλπίζων,
3211 1806 3305 1857 καὶ
3338 1805 3429 1857 ὑπ’
3461 1805 3630 1857 αὑτοῦ
3663 1823 3764 1856 ποι-

511 1899 758 1953 t‘ruetur:
798 1898 956 1967 plena
987 1913 1114 1951 vero
1147 1912 1312 1950 manu
1347 1897 1460 1950 hch
1494 1905 1921 1965 consequentur,
1961 1897 2088 1966 qui-

510 2006 670 2046 veras
701 1991 923 2045 delicias
959 1999 1149 2058 putant
1177 2005 1322 2056 esse,
1357 1991 1555 2044 habere
1610 2005 1903 2060 perennem
1963 2005 2086 2044 cum

515 2084 606 2137 illo
641 2082 1118 2137 consuetudinem.

586 2173 754 2228 Vens.
788 2174 841 2235 5,
869 2172 923 2226 θ.
977 2192 995 2222 ι
1030 2176 1045 2190 ⁹
1079 2172 1274 2226 llevela
1327 2171 1557 2225 Domino
1608 2173 1750 2226 viam
1796 2181 1944 2226 tuam
1969 2211 1984 2237 ,
2036 2181 2092 2227 et

513 2283 673 2337 spera
731 2266 783 2319 in
821 2279 909 2330 eo,
958 2273 1012 2318 et
1058 2265 1174 2332 ipse
1216 2263 1399 2319 faciet.
1451 2264 1517 2317 Et
1565 2265 1762 2319 educet
1806 2275 1867 2318 ut
1907 2265 2087 2318 lumen

515 2359 781 2429 iustitiam
812 2368 982 2423 tuam,
1023 2367 1078 2411 et
1119 2357 1382 2428 judicium
1414 2370 1568 2411 tuum
1619 2367 1878 2428 tanquam
1927 2357 2092 2411 ineri-

513 2453 683 2506 diem.
729 2470 748 2502 »
785 2451 919 2515 Deo,
957 2451 1151 2519 inquit,
1187 2460 1241 2504 et
1280 2452 1546 2520 teipsum,
1599 2460 1656 2505 et
1684 2460 1807 2505 tuas
1850 2451 2095 2506 actiones

515 2545 670 2609 oﬂ’er,
722 2555 776 2598 et
830 2545 900 2598 ab
947 2545 1064 2613 ipso
1097 2543 1363 2597 auxilium
1401 2553 1653 2613 exspecta
1687 2561 1698 2596 :
1734 2560 1858 2597 nam
1890 2545 2007 2613 ipse
2036 2551 2096 2598 ut

513 2638 681 2709 judex
707 2638 911 2708 justam
955 2638 1280 2692 sententiam
1320 2636 1582 2707 proferet,
1615 2646 1672 2690 et
1698 2638 1994 2693 celebrabit
2019 2649 2094 2704 te,

515 2741 572 2785 et
607 2730 876 2786 illustrem
911 2739 964 2784 te
991 2728 1209 2794 reddet,
1246 2739 1308 2783 ut
1338 2729 1595 2784 omnibus
1627 2729 1707 2784 sis
1733 2731 1914 2784 clarus
1933 2729 2095 2783 veluti

518 2821 818 2876 meridiana
854 2821 969 2874 lux.

592 2914 753 2970 Vens.
788 2915 843 2970 7.
879 2934 896 2965 ι
938 2913 1206 2969 Subdilus
1234 2923 1354 2970 esto
1388 2914 1640 2981 Domino,
1673 2926 1727 2970 et
1755 2930 1852 2970 ora
1887 2930 2035 2969 eum.
2073 2935 2092 2967 ι

519 3006 645 3062 llaec
680 3009 846 3078 igitur
892 3008 1105 3072 sciens,
1152 3009 1464 3077 obtempera
1509 3007 1619 3063 Deo
1669 3009 2015 3078 gubernanti,
2047 3017 2100 3062 et

2193 1899 2538 1969 μαινόμενος.
2569 1897 2677 1951 τῶν
2709 1897 2800 1950 ὑπ’
2833 1897 2996 1950 αὑτοῦ
3023 1897 3446 1967 χορηγουμένων
3463 1897 3511 1926 ⁸⁸
3542 1896 3764 1948 ἀπολαύ-

2192 2009 2346 2045 σεται
2384 2007 2399 2022 ’
2453 1992 2816 2061 διαφερόντως
2843 1991 2900 2042 δὲ
2929 1990 3209 2054 τεύξονται
3242 1989 3449 2041 τούτων
3487 1991 3537 2041 οἱ
3571 1989 3763 2058 τρυφὴν

2193 2085 2490 2155 ἡγούμενοι
2515 2085 2615 2154 τὴν
2635 2084 2857 2153 διηνεκῆ
2896 2083 3033 2152 πρὸς
3067 2082 3233 2136 αὑτὸν
3259 2083 3497 2152 ὁμιλίαν.

2261 2185 2324 2242 ε’,
2345 2177 2419 2244 ς’.
2446 2177 2906 2246 «Ἀποκάλυψονδτ
2931 2177 3066 2248 πρὸς
3084 2176 3289 2245 Κύριον
3300 2177 3400 2245 τὴν
3415 2175 3535 2228 ὁδόν
3553 2192 3666 2238 σου,
3683 2177 3764 2228 καὶ

2191 2269 2411 2323 ἔλπισον
2445 2269 2729 2335 ὲπάὐτδν,
2747 2269 2857 2334 ﬁxa!
2887 2269 3048 2331 αὐτὸς
3076 2269 3312 2337 ποιήσει.
3347 2268 3460 2319 Καὶ
3483 2266 3676 2332 ἐξοίσει
3698 2268 3761 2329 ὡς

2194 2361 2308 2428 φῶς
2329 2362 2428 2430 τὴν
2444 2361 2792 2430 δικαιοσύνην
2807 2377 2922 2422 σου,
2945 2359 3112 2412 καὶτὸ
3135 2361 3310 2429 κρῖμα
3331 2375 3446 2424 σου,
3463 2358 3541 2422 ὡς
3569 2377 3762 2430 μεσημ-

2195 2454 2373 2526 ϐρίαν.
2389 2473 2407 2505 ι
2429 2452 2519 2524 Τῷ
2537 2453 2677 2524 Θεῷ,
2697 2454 2854 2522 φησὶ,
2869 2455 2961 2506 καὶ
2980 2454 3197 2518 σαύτὸν,
3219 2454 3314 2506 καὶ
3330 2454 3427 2516 τὰς
3443 2455 3542 2516 σὰς
3559 2455 3764 2524 πράξεις

2194 2547 2416 2610 ἁνάθου,
2447 2548 2540 2599 καί⁸
2571 2547 2670 2617 τὴν
2714 2549 2847 2617 παρ’
2873 2546 3038 2599 αὐτοῦ
3069 2547 3349 2616 πρόσμενε
3377 2547 3555 2616 ῥοπήν
3576 2563 3589 2574 ·
3620 2547 3764 2608 ace..-

2195 2639 2306 2710 γὰρ
2354 2634 2442 2691 οἷα
2496 2639 2754 2710 δικαστὴς
2803 2638 3001 2703 ἐξοίσει
3031 2638 3249 2692 δικαίαν
3287 2639 3388 2708 τὴν
3439 2639 3635 2708 ﬁliam,
3683 2641 3763 2691 καί

2197 2731 2534 2804 ἀνακηρύξει
2567 2749 2648 2798 σε,
2681 2732 2776 2786 καὶ
2811 2731 3064 2803 λαμπρὸν
3095 2733 3503 2802 ἀπεργάσεται,
3540 2731 3612 2794 ὡς
3639 2731 3763 2784 εἶναι

2198 2823 2356 2894 δῆλον
2385 2822 2579 2889 ἅπασι,
2613 2821 2802 2886 καθὼς
2832 2823 2933 2892 τῆς
2967 2821 3318 2892 μεσημϐρίας
3349 2822 3412 2873 τὸ
3441 2821 3575 2889 φῶς.

2272 2918 2337 2982 ζ’.
2384 2936 2402 2968 ι
2444 2915 2853 2988 ’Υποτάγηθιθδ
2895 2915 2973 2985 τῷ
3017 2915 3244 2985 Κυρίῳ,
3291 2915 3388 2967 καὶ
3443 2915 3764 2967 ἱκέτευσονκ

2200 3009 2446 3063 αύτόνεθ.
2480 3028 2498 3060 ι
2554 3009 2740 3061 Ταῦτα
2782 3007 2963 3060 τοίνυν
2998 3006 3174 3071 εἰδὼς,
3211 3005 3400 3059 πείθου
3430 3005 3508 3075 τῷ
3543 3005 3654 3076 Θεῷ
3679 3025 3763 3057 κν-

519 3115 684 3171 perge
703 3100 771 3152 ab
801 3100 918 3168 ipso
943 3100 1080 3152 bona
1113 3100 1419 3154 necessaria
1453 3111 1684 3167 petere.¢
1709 3098 1828 3153 Noli
1855 3099 2091 3153 asuudaui

2203 3101 2485 3172 ϐερνῶντι,
2518 3100 2612 3153 καί
2632 3099 2801 3152 αἰτῶν
2823 3101 2951 3171 παρ’
2976 3097 3144 3152 αὑτοῦ
3171 3098 3240 3152 τὰ
3263 3097 3450 3166 ἀγαθὰ
3471 3098 3692 3151 διατέλει
3707 3100 3761 3149 ".

519 3207 649 3260 erga
676 3205 820 3255 eum,
840 3191 930 3259 qui
951 3202 1303 3260 prosperatur
1337 3191 1388 3244 iu
1415 3191 1499 3244 via
1537 3205 1799 3260 sua,erga
1827 3191 2098 3246 hominem

524 3283 810 3338 facientem
850 3283 1194 3352 iujustitiam.
1233 3303 1251 3334 ι
1288 3283 1441 3348 Quod
1472 3283 1516 3337 si
1556 3284 1867 3352 quempiam
1899 3283 2101 3336 videris

523 3391 692 3446 prave
725 3385 1000 3445 agentem,
1027 3386 1080 3430 et
1110 3391 1205 3444 spe
1237 3391 1336 3429 sua
1370 3391 1480 3430 non
1521 3375 1706 3443 dejici,
1739 3375 1831 3429 sed
1861 3375 2102 3428 secundo

525 3469 750 3525 ﬂumine
779 3468 930 3530 ferri,
968 3470 1080 3523 noli
1112 3470 1408 3539 indignari,
1439 3483 1616 3538 neque
1653 3469 1883 3522 moleste
1921 3467 2098 3531 terre,

525 3571 784 3631 tanquam
822 3561 1051 3630 hujusce
1082 3561 1270 3614 mundi
1304 3559 1618 3614 machinam
1652 3559 1872 3612 nemine
1902 3556 2102 3625 guber-

526 3666 708 3708 nante.
736 3652 846 3708 Hoc
873 3655 1017 3709 enim
1045 3669 1166 3722 quae
1196 3662 1500 3722 sequuntur
1540 3653 1958 3706 demonstrant:

603 3745 764 3800 Vens.
799 3745 850 3809 8,
885 3748 940 3800 9.
974 3767 991 3796 ι
1037 3746 1233 3800 Desine
1265 3745 1332 3798 ab
1365 3746 1468 3809 ira,
1516 3753 1570 3799 et
1596 3743 1914 3813 derelinque
1949 3739 2101 3794 furo—

525 3855 688 3894 rem:
727 3839 836 3892 noli
889 3838 1137 3892 aamulari
1193 3845 1252 3891 ut
1310 3836 1648 3906 maligneris.
1689 3834 1960 3902 Quoniam
2008 3834 2101 3903 qui

525 3932 928 4001 malignantur,
974 3931 1509 3986 exterminabuntur.
1550 3949 1568 3981 ι
1607 3929 1686 3983 Ne
1722 3927 1984 3998 respicias
2015 3942 2102 3981 se-

524 4026 738 4079 condas
773 4042 858 4081 res
892 4026 1136 4089 illorum,
1169 4025 1266 4080 sed
1308 4033 1562 4095 exspecta
1600 4022 1760 4077 tinem
1797 4031 1850 4076 et
1894 4021 2102 4075 videbis

527 4119 830 4175 interitum.
1897 4163 1921 4181 ,

605 4229 625 4262 ι
666 4209 1059 4280 Exspectantes
1107 4219 1286 4264 autem
1320 4208 1609 4263 Dominum
1656 4208 1760 4279 ipsi
1811 4207 2100 4263 haeredita—

527 4303 666 4358 hunt
700 4314 920 4357 terram.
962 4303 1166 4376 [Vens
1203 4302 1290 4368 10,
1335 4302 1445 4374 IL]
1476 4302 1541 4355 Et
1571 4301 1753 4356 adhuc
1787 4317 1977 4370 parum
2005 4317 2101 4354 su-

528 4403 734 4464 perest,
764 4403 819 4448 et
844 4409 949 4448 nou
981 4395 1086 4448 erit
1114 4403 1382 4462 peccator,
1422 4402 1478 4447 et
1504 4407 1716 4461 quzeres
1748 4391 1928 4446 locum
1959 4389 2099 4458 ejus,

2204 3193 2294 3262 Μὴ
2323 3191 2643 3262 παραζήλου
2684 3194 2740 3244 ὲν
2769 3189 2848 3260 τῷ
2879 3191 3321 3260 κατευοδουμένῳ
3364 3192 3422 3242 ἐν
3449 3192 3518 3260 τῇ
3560 3190 3654 3257 όδῴ
3683 3191 3761 3242 αὖ·

2201 3285 2296 3338 τού
2317 3303 2330 3316 ·
2388 3287 2444 3337 ἐν
2484 3283 2759 3354 ἀνθρώπῳ
2789 3281 3031 3336 ποιοῦντι
3059 3282 3412 3353 παρανομίαν
3428 3283 3497 3335 ⁸⁸.
3539 3302 3556 3332 ι
3602 3283 3760 3334 Κᾶν⁶’

2199 3395 2322 3430 τινα
2347 3377 2461 3448 ἴδῃς
2494 3376 2708 3446 πονηρὰ
2738 3372 3195 3445 προαιρούμενον,
3236 3373 3446 3425 καὶτοῦ
3477 3372 3673 3425 σκοποῦ
3700 3372 3762 3442 μῆ

2201 3465 2669 3538 διαμαρτάνοντα,
2731 3464 2869 3518 ἀλλὰ
2923 3464 3066 3518 κατὰ
3129 3463 3257 3535 ῥοῦν
3309 3464 3641 3534 φερόμενον,
3699 3471 3758 3534 μὴ

2201 3558 2542 3628 δυσχέραινε,
2583 3556 2718 3627 μηδὲ
2751 3557 3031 3629 δυσφόρει,
3066 3557 3142 3620 ὠς
3193 3556 3421 3627 μηδενὸς
3481 3558 3574 3628 τὴν
3610 3559 3757 3611 κτίσιν

2206 3647 2497 3712 ίθύνοντος.
2525 3647 2696 3700 Τοῦτο
2727 3647 2829 3718 γὰρ
2851 3647 3002 3717 δηλοῖ
3035 3648 3103 3700 τὰ
3134 3648 3454 3717 ἑπαγόμενα
3477 3665 3491 3678 °

2271 3741 2342 3813 η’,
2372 3741 2436 3800 θ’.
2482 3763 2500 3791 ι
2530 3743 2741 3795 Παῦσαι
2766 3741 2872 3794 ἀπὸ
2893 3742 3080 3812 ὀργῆς,
3107 3742 3202 3793 καὶ
3224 3740 3559 3809 ἐγκατάλιπε
3583 3741 3752 3809 θυμόν·

2207 3834 2282 3904 μὴ
2333 3831 2648 3903 παραζήλου
2695 3831 2836 3885 ὥστε
2883 3831 3303 3905 πονηρεύεσθαι.
3345 3834 3472 3885 Ὀτι
3519 3837 3567 3886 οἱ
3607 3850 3752 3902 πονη-

2206 3927 2488 3996 ρευόμενοι
2519 3923 3085 3995 ἐξολοθρευθήσονται.
3129 3944 3145 3974 ι
3204 3924 3296 3994 Μὴ
3337 3925 3453 3994 ἴδῃς
3484 3928 3657 3978 αὐτῶν

2203 4020 2528 4091 εὐημερίαν,
2554 4017 2692 4071 ἀλλὰ
2725 4018 3054 4088 πρόσμεινον
3083 4018 3145 4071 τὸ
3169 4019 3322 4081 τέλος
3337 4019 3404 4080 ιδ,
3435 4020 3528 4072 καί
3555 4018 3666 4087 6;}32
3686 4018 3749 4068 τὸν

2203 4111 2321 4164 ὅλεθ
2333 4129 2444 4183 ρον.

2281 4224 2297 4253 ι
2329 4204 2391 4256 υἱ
2421 4203 2479 4255 δὲ
2507 4202 2875 4274 ὑπομένοντες
2896 4202 2989 4256 τὸν
3015 4202 3241 4272 Κύριον,
3272 4203 3426 4256 αὐτοὶ
3454 4202 3748 4273 κληρονομή-

2207 4310 2360 4346 σουσι
2414 4293 2537 4363 γῆν.
2590 4292 2668 4364 [ι’,
2703 4293 2818 4364 ια’.]
2877 4295 2986 4346 Καὶ
3037 4293 3176 4346 Eu“
3215 4293 3418 4361 ὀλίγον,
3463 4295 3555 4347 καὶ
3598 4295 3655 4345 ού
3695 4292 3747 4361 μὴ

2206 4386 2422 4456 ὑπάρξῃ
2454 4389 2481 4438 ὁ
2506 4386 2852 4457 ἁμαρτωλὸς,
2878 4387 2970 4440 καὶ
2999 4385 3255 4457 ζητήσεις
3281 4387 3373 4439 τὸν
3401 4387 3565 4439 τόπον
3596 4384 3746 4442 αὐτοῦ.

526 4494 582 4541 ct
607 4501 712 4540 non
743 4486 1005 4540 invenies.
1032 4483 1296 4539 Mausucti
1329 4496 1510 4538 autem
1567 4482 1960 4537 luereditabuut
1998 4490 2091 4533 ter-

2209 4482 2301 4533 καὶ
2329 4480 2389 4532 οὐ
2421 4481 2495 4549 μὴ
2517 4479 2702 4552 εὕρῃς.
2743 4481 2805 4531 Οἱ
2845 4480 2901 4532 δὲ
2928 4483 3122 4551 πραεῖς
3164 4481 3631 4552 κληρονομήσουσι
3652 4481 3744 4545 γῆν.

530 4595 669 4647 ram,
701 4591 756 4637 et
779 4580 1194 4636 delectabuntur
1228 4581 1281 4632 in
1311 4577 1478 4649 836
1512 4576 1863 4631 multitudine
1895 4575 2095 4644 pacis.»

669 4827 773 4884 lsa.
827 4845 914 4892 XL,
961 4829 995 4878 θ
1043 4842 1195 4894 seqq.

2212 4575 2300 4624 καί
2334 4573 2843 4643 κατατῳφὴσουσιν
2878 4573 2970 4625 ἐπὶ
2999 4572 3191 4642 πλήθει
3219 4574 3460 4644 εἰρήνης.
3507 4591 3524 4622 ι
3576 4567 3641 4624 Εὖ
3665 4569 3745 4634 γὰρ

1542 5045 1779 5101 VARI/Ii
1812 5041 2197 5101 LECTIONES
2222 5043 2309 5096 ET
2347 5041 2579 5099 ΝΟΤΑΞ.

625 5277 676 5312 ⁸⁸
698 5275 914 5341 Εὺθύς.
944 5274 1109 5330 Abest
1139 5291 1168 5328 a
1193 5276 1314 5332 cod.
1352 5274 1403 5329 1.

534 5364 723 5420 prtem.
756 5347 852 5420 ᾡς.
879 5416 891 5420 _
929 5345 975 5376 ⁸²
1004 5346 1222 5401 Αὐτοῦ.
1254 5347 1422 5420 Abest
1445 5361 1473 5401 a
1497 5346 1709 5420 cod._9.

1499 5276 1542 5308 ⁸⁸
1581 5274 1712 5328 Καί.
1755 5272 1924 5326 Abest
1949 5285 1978 5324 a
2010 5271 2134 5328 cod.
2166 5269 2220 5326 2.

1790 5344 1834 5373 ⁵³
1863 5342 2190 5411 Μακάριος.
2221 5342 2345 5396 cod.
2372 5342 2408 5395 2
2461 5342 2656 5412 μέγας.

2336 5270 2892 5348 '°_Mag¢dptoc._cod.
2930 5276 2966 5329 2
2993 5275 3156 5348 θεῖος.
3263 5279 3306 5310 ⁸¹
3341 5280 3575 5348 Χόρτος,
3607 5277 3741 5334 cod,t

2738 5344 2785 5376 “
2812 5346 3214 5417 Ποιμανθήσῃ
3243 5376 3310 5388 ——
3339 5344 3547 5417 αὺὶῆςζ
3572 5350 3746 5403 Rectius

535 5412 732 5490 Aquila
760 5416 839 5470 sic
879 5416 1270 5490 interpretatus
1294 5429 1378 5490 est
1406 5418 1534 5490 ista,
1564 5415 1658 5468 καὶ
1683 5415 1857 5490 ,νέμον
1891 5413 2091 5490 πίστιν.

2399 5414 2474 5490 Ita
2508 5414 2611 5490 leg.
2645 5417 2700 5470 in
2727 5416 2849 5490 cod.
2884 5412 3067 5490 A'lex”
3094 5412 3386 5473 sed'Vatic.
3418 5412 3573 5474 habet
3601 5419 3744 5490 6615;:-

534 5492 580 5522 ⁶⁶
601 5483 1096 5555 Χορηγουμένών.
1160 5487 1281 5541 cod.
1309 5488 1332 5539 1
1381 5499 1433 5542 et
1457 5487 1528 5550 2,
1559 5502 1624 5540 ac
1673 5485 1837 5538 Cord.
1887 5499 1938 5552 p.
1972 5484 2091 5548 666,

2201 5485 2357 5536 ldunt
2403 5483 2649 5548 ἀγαθῶν.

538 5559 748 5628 Aquila:
779 5557 952 5621 κύλιε,
985 5565 1040 5610 et
1065 5556 1377 5628 Symmachi
1409 5559 1745 5610 ἐπικύλισον.

536 5626 673 5683 σόν.
706 5627 900 5696 Aquila
930 5626 1350 5696 ἀκοκαραδόκει.
1429 5630 1473 5659 ⁶⁰
1502 5630 1625 5683 cod.
1663 5628 1698 5679 ἓ
1731 5626 1902 5696 αὐτῷ.

537 5701 640 5753 (580
736 5695 928 5767 δἐυοᾱ.
966 5695 1138 5750 Vatic.
1171 5699 1540 5767 παρανομίας.

536 5782 718 5824 (γουσι
752 5765 880 5837 γῆν.
913 5768 1034 5823 Des.
1060 5767 1110 5820 iu
1140 5765 1267 5820 cod.
1297 5769 1345 5819 1.

1821 5555 1868 5629 δέ
1910 5554 2291 5629 ’Υποτάγηβμ
2337 5555 2533 5629 Aquila
2579 5556 2824 5629 σίγησον.
2874 5557 3082 5628 Symm.
3121 5554 3388 5629 ἡσύχαζε.

2729 5485 2773 5518 ⁸⁷
2819 5487 3263 5556 Ἄποκάλυψον.
3313 5491 3540 5544 Praestat
3606 5489 3747 5540 versiu

2729 5574 2824 5609 rev.
2874 5557 3082 5612 Svmm.
3121 5559 3388 5612 ἡσύχαζε.
3465 5561 3510 5591 η
3547 5560 3743 5612 Ἰιέτευ-

3547 5563 3743 5611 Ἰιέτευ·

1981 5627 2091 5676 ΜΔ

2199 5625 2342 5699 ἐλε-ι..
2379 5624 2514 5699 illoc
2579 5624 2705 5681 loco
2752 5624 2998 5699 quamdam
3043 5624 3319 5685 adduntur
3361 5631 3500 5699 apud
3527 5629 3670 5683 ϐοαί.
3702 5642 3741 5699 p.

1617 5699 1661 5730 ⁶³
1688 5697 1834 5751 mir.
1863 5697 1984 5751 cod.
2031 5696 2066 5749 2
2095 5696 2211 5748 ἐάν.

2293 5695 2338 5725 ⁸³
2373 5695 2572 5760 Τέλος.
2608 5700 2730 5752 cod.
2767 5699 2801 5750 2'.
2835 5698 3004 5762 ἕλεος.
3078 5700 3122 5730 ⁸⁵
3146 5703 3259 5754 Kal.
3298 5695 3740 5767 ἓτίκληρενομή-
