3842 6510
150 352 267 419 11Ξ9

1387 344 1469 407 ΙΝ
1510 345 1710 406 PSAL.
1752 348 2012 410 XXXVI.

3194 352 3327 418 1130

152 469 257 528 ίσθι,
288 465 361 516 ὅτι
390 460 435 514 οί
468 460 565 531 μὲν
596 461 687 530 τῆς
719 458 871 522 θείας
908 459 1124 525 ἐλπίδος
1159 462 1297 529 σφᾶς
1328 461 1525 525 αὐτοὺς
1564 462 1664 515 ἁν-

1776 462 1918 520 Scito
1942 465 2088 522 enim
2134 465 2258 529 fore.
2287 475 2352 522 ut
2403 464 2479 533 hi,
2514 465 2609 536 qui
2649 480 2681 520 a
2723 466 2909 521 divina
2945 481 3041 536 spe
3070 469 3331 537 pendent.

150 560 454 629 αρτήσαντες,
486 552 577 606 καὶ
617 552 705 605 τὸν
742 552 961 623 ἐπιεικῆ
991 554 1414 625 προαιρούμενοι
1444 554 1576 625 βίον,
1606 555 1663 608 ἐν

148 646 495 720 ἀπραγμοσύνῃ
545 645 638 699 καί
687 645 881 717 εἰρήνῃ
936 645 1392 710 διατελέσουσισθ,
1452 647 1665 719 τρυφήν

144 746 321 814 ἔχοντες
347 742 563 809 μόνιμον
581 737 672 792 τοῦ
692 739 992 802 συνειδότος
1018 740 1117 810 τὴν
1135 740 1504 812 καθαρότητα.
1525 743 1588 796 Ol
1608 742 1665 795 δὲ

142 841 193 906 τῇ
213 834 496 906 προσκαίρῳ
520 832 785 903 εὐημερίᾳ
830 832 1159 904 θαρροῦντες
1180 836 1405 905 ταχεῖαν
1423 833 1666 901 δέξονται

143 930 221 999 τὴν
248 926 544 998 μεταϐολὴν,
577 926 666 977 καὶ
688 924 829 998 λήθῃ
859 926 1323 998 παραδοθήσονται
1356 927 1626 982 παντελεῖ.

197 1020 271 1091 ιβ’,
299 1024 376 1086 ιγ’.
419 1036 437 1067 ι
470 1018 979 1088 Παρατηρήσεται⁶⁷
1025 1018 1055 1070 ό
1099 1020 1425 1091 ἀμαρτωλὺς
1468 1021 1560 1073 τὸν
1588 1020 1667 1072 δί-

143 1131 284 1176 καιον,
315 1109 401 1162 καὶ
438 1108 624 1179 βρύξει
652 1109 742 1161 ἐπ’
775 1109 939 1162 αὑτὸν
970 1113 1098 1174 τοὺς
1132 1112 1354 1175 ὀδόντας
1381 1112 1566 1166 αὐτοῦ.
1606 1113 1666 1165 '0

140 1208 185 1259 δὲ
220 1202 395 1271 Κύριος
443 1200 797 1268 ὲκγελάσεται
847 1202 1034 1267 αὐτὸν,
1086 1204 1168 1257 ὃτι
1218 1203 1533 1274 προϐλέπει,
1585 1204 1667 1257 ὅτι

140 1299 233 1368 ἥξει
266 1295 355 1366 ή⁶⁶
394 1293 575 1365 ἡμέρα
630 1294 819 1349 αὐτοῦ.
865 1314 884 1348 ι
935 1296 1047 1350 Καὶ
1095 1297 1184 1351 διὰ
1232 1297 1439 1351 τούτων
1485 1314 1668 1368 παρα-

139 1389 282 1459 ψυχὴν
308 1388 414 1449 τοῖς
453 1387 829 1458 ἀδικουμένοις
890 1389 1212 1462 προσφέρει.
1265 1390 1519 1446 Δείκνυσι
1557 1392 1667 1463 γὰρ

141 1484 211 1537 τὸν
244 1480 329 1549 μὲν
355 1480 693 1551 παράνομον,
734 1479 1010 1535 λυττῶντα
1053 1482 1152 1534 καὶ
1202 1483 1483 1555 μεμηνότα
1524 1482 1669 1538 κατά

140 1576 224 1627 τῶν
258 1575 337 1626 τὸν
352 1574 394 1605 ⁶⁹
439 1572 775 1644 ἀπράγμονα
822 1572 936 1643 βίοι⁸
983 1574 1380 1645 ἀσπαζομένων
1408 1591 1424 1605 ·
1471 1576 1565 1630 τὸν
1610 1576 1669 1629 δὲ

140 1669 306 1723 δίκαιον
334 1666 518 1739 κριτὴν
549 1666 938 1735 καταγελῶντα
976 1669 1074 1736 τῆς
1110 1670 1476 1742 ἐγχειρήσεως
1502 1685 1515 1699 ·
1572 1670 1668 1725 ἅτε

139 1760 188 1829 δὴ
209 1760 290 1827 τὴν
310 1760 522 1828 ταχείαν
553 1759 738 1811 αὐτῶν
754 1760 801 1791 ’θ
828 1758 1085 1831 τελευτὴν
1114 1761 1454 1832 προορῶντα.

1764 566 1818 611 et
1847 558 1940 627 qui
1977 567 2319 613 mansuetam
2350 557 2515 613 vitam
2551 558 2857 629 elegerunt,
2889 558 2944 611 in
2977 559 3089 613 otio
3120 571 3174 614 et
3203 576 3336 631 pace

1766 650 1987 720 degant,
2018 649 2246 707 delicias
2279 651 2540 706 habentes
2569 659 2821 714 aeternas,
2848 650 3200 706 conscientiae
3226 654 3337 708 sci-

1766 741 1894 794 licet
1921 741 2235 811 puritatem.
2290 740 2353 796 Hi
2386 756 2515 797 vero
2540 743 2633 812 qui
2670 743 2827 795 ﬂuxae
2872 742 3119 797 felicitati
3162 744 3336 798 conii-

1764 833 1919 899 dunt,
1952 835 2185 890 celerem
2216 835 2578 891 mutationem
2612 835 2933 905 percipient,
2984 846 3039 891 et
3065 847 3339 907 perpetua:

1765 923 2025 978 oblivioni
2060 927 2364 982 tradentur.

1838 1014 2003 1071 Vsns.
2037 1014 2126 1079 12,
2166 1015 2254 1070 13.
2293 1035 2312 1067 ι
2349 1015 2673 1073 Observabit
2718 1028 2971 1087 peccator
3004 1018 3235 1088 justum,
3281 1031 3338 1076 et

1768 1110 2021 1165 stridebit
2050 1127 2221 1182 super
2242 1128 2377 1169 .eum
2400 1114 2656 1170 dentibus
2684 1116 2821 1170 suis.
2855 1114 3123 1173 Dominus
3153 1125 3334 1173 autem

1768 1201 2017 1257 irridebit
2068 1219 2219 1266 eum,
2270 1204 2529 1273 quoniam
2566 1206 2826 1275 prospicit
2875 1205 2992 1261 fore
3045 1216 3106 1262 ut
3154 1210 3339 1264 veniat

1768 1293 1885 1348 dies
1916 1293 2058 1363 ejus.
2097 1312 2116 1345 ι
2157 1292 2263 1349 Per
2301 1295 2418 1351 haec
2464 1296 2627 1350 etiam
2664 1297 3098 1353 consolationem
3133 1299 3337 1367 injuria

1767 1383 1977 1440 aﬂectis
2027 1385 2202 1441 aﬂ‘ert.
2254 1384 2505 1442 Ostendit
2550 1389 2697 1443 enim
2740 1400 3081 1459 peccatorem
3115 1394 3337 1461 quidem

1766 1475 1921 1530 rabie
1953 1476 2243 1546 percitum,
2283 1486 2339 1533 et
2368 1478 2639 1535 furentem
2675 1491 2870 1535 contra
2907 1497 3023 1547 eos,
3059 1482 3152 1553 qui
3183 1484 3339 1553 quie-

1768 1577 1879 1621 tam
1912 1569 2078 1624 vitam
2132 1566 2367 1640 amplexi
2423 1579 2551 1626 sunt
2602 1589 2616 1625 :
2661 1570 2872 1640 justum
2912 1587 3042 1629 vero
3090 1573 3337 1644 judicent

1770 1656 2006 1713 audaces
2041 1660 2260 1715 illorum
2293 1671 2522 1717 conatus
2545 1662 2886 1729 irridentem,
2908 1674 2967 1719 ut
2990 1665 3083 1736 qui
3106 1665 3338 1720 celerem

1768 1764 1965 1806 eorum
1996 1752 2160 1807 tinem
2197 1754 2513 1823 praevideat.

195 1810 263 1911 ιδί
284 1848 355 1905 ιε’.
374 1810 417 1901 Α(
456 1850 763 1920 Ῥομφαίαν
1123 1810 1547 1924 ἀᾇᾶῥέῶοι
1578 1855 1666 1908 ὲν-

1844 1841 2013 1897 Vsns.
2050 1843 2138 1911 14,
2304 1846 2321 1865 "
2356 1844 2653 1902 «Gladium
2683 1848 3113 1918 evaginaverunt
3141 1867 3340 1922 pecca-

140 1942 305 1996 ἐτειναν
345 1942 493 2008 τόξον
540 1942 750 2008 αὐτῶν,
792 1942 889 1996 τοῦ
935 1944 1261 1997 καταϐαλεῖν
1307 1948 1522 2018 πτωχὸν
1571 1948 1666 2001 καὶ

142 2036 319 2105 πένητα,
343 2034 431 2086 τοῦ
464 2034 670 2102 σφάξαι
698 2036 826 2099 τοὺς
855 2035 1032 2099 εὐθεῖς
1056 2038 1123 2107 τῇ
1156 2038 1372 2110 καρδίᾳ.
1427 2039 1493 2093 Ἥ
1529 2042 1665 2112 ῥομ-

144 2127 243 2193 φαία
271 2124 432 2178 αὐτῶν
462 2126 697 2180 εἰσέλθοι
727 2128 810 2191 εἰς
847 2127 948 2191 τὰς
976 2129 1203 2198 καρδίας
1239 2130 1437 2195 αὐτῶν,
1473 2133 1568 2185 καὶ
1597 2133 1667 2187 τὰ

140 2218 236 2284 τόξα
260 2218 421 2271 αὐτῶν
449 2218 790 2291 συντριϐείη.
835 2238 855 2273 ι
909 2220 1020 2291 Τὴν
1054 2221 1222 2293 αὐτὴν
1256 2222 1367 2292 ἔχει
1396 2226 1508 2287 τοῖς
1537 2240 1667 2295 προ-

144 2310 399 2379 ειρημένοις
425 2312 519 2364 καὶ
570 2310 745 2365 ταῦτα
773 2311 1090 2366 διάνοιαν⁷¹.
1145 2313 1393 2367 Διδάσκει
1442 2314 1549 2386 γὰρ
1591 2314 1667 2379 ὡς

142 2400 453 2465 παντοδαπαῖς
510 2400 614 2471 μὲν
662 2402 692 2454 ό
744 2400 1067 2473 ἁμαρτωλὸς
1084 2403 1128 2434 ⁷³
1182 2403 1322 2456 κατὰ
1365 2403 1473 2457 τῶν
1517 2403 1667 2459 οὐδὲν

142 2491 423 2561 ἠδικηκότων
473 2493 748 2565 κέχρηται
798 2496 1105 2566 μηχαναῖς,
1162 2497 1281 2558 ταῖς
1331 2495 1390 2548 δὲ
1439 2497 1669 2560 οἰκείαις

142 2583 589 2652 πριπαρήσεταιη
637 2585 862 2651 πάγαις.
916 2585 1091 2637 Καὶτδ
1122 2586 1393 2659 ῥομφαίαν
1427 2586 1536 2657 γὰρ
1574 2588 1668 2641 καὶ

144 2673 258 2737 τόξον
267 2673 482 2745 κέκληκε
498 2675 606 2739 τὰς
618 2676 905 2746 διαφόρους
920 2676 1229 2742 ἐπιϐουλάς.
1239 2676 1420 2732 Ἐοικε
1437 2679 1609 2733 ταῦτα
1619 2680 1665 2711 ’⁸

140 2768 223 2827 τοίς
246 2768 295 2819 ἐν
314 2767 385 2836 τῷ
411 2766 633 2837 ἑϐδόμῳ
663 2770 970 2840 εἰρημένοις
998 2769 1475 2841 ψαλμῷοιΛάκκον
1491 2770 1667 2842 ὤρυξε

144 2855 212 2907 καὶ
246 2854 527 2925 ἀνέσκαψεν
568 2857 752 2921 αὑτὸν,
787 2857 935 2910 xui."
978 2858 1297 2928 ἐμπεσεῖται
1350 2861 1431 2923 εἰς
1476 2859 1668 2931 βόθρον

142 2945 184 2998 ὃν
200 2947 480 3016 εἰργάσατο.
508 2966 528 2999 ι
1520 3004 1527 3013 ,

193 3042 268 3101 ις’.
304 3056 321 3089 t
356 3038 631 3108 Κρείσσον
667 3039 850 3108 ὀλίγον
879 3040 957 3111 τῷ
979 3039 1211 3113 δικαίῳ,
1248 3042 1393 3113 ὑπὲρ
1436 3041 1666 3097 πλοῦτον

1771 1941 1942 1998 tores,
1972 1932 2327 1988 intenderunt
2355 1950 2543 1991 arcum
2578 1950 2761 2002 suum,
2806 1945 2868 1992 ut
2900 1939 3175 2009 decipiant
3204 1954 3341 2009 pau-

1771 2039 1955 2094 perem
1994 2031 2048 2077 et
2073 2023 2310 2094 inopem,
2337 2036 2397 2079 ut
2419 2026 2670 2095 iugulent
2699 2037 2879 2085 rectos
2907 2031 3088 2085 corde.
3115 2030 3339 2086 Gladius

1772 2131 1963 2171 eorum
2001 2116 2168 2171 intret
2218 2117 2273 2171 in
2319 2119 2484 2173 corda
2543 2118 2811 2189 ipsorum,
2854 2129 2908 2175 et
2946 2137 3106 2176 arcus
3148 2136 3339 2177 eorum

1772 2210 2206 2279 confringantur.
2260 2228 2279 2261 ι
2343 2209 2607 2267 Eumdem
2667 2228 2891 2269 sensum
2938 2213 3053 2269 haec
3100 2200 3339 2285 habent,

1772 2317 1935 2371 quem
1988 2301 2291 2371 superiora.
2330 2299 2464 2357 Nam
2520 2303 2680 2359 docet
2727 2313 3070 2374 peccatorem
3119 2306 3341 2376 quidem

1774 2396 2029 2450 omnibus
2062 2396 2564 2453 machinationibus
2595 2406 2788 2452 contra
2816 2413 2910 2453 eos
2932 2399 3027 2469 qui
3054 2399 3192 2455 nihil
3218 2416 3345 2472 pec-

1774 2497 2145 2544 caruntusum
2167 2489 2357 2555 fuisse,
2385 2506 2571 2545 verum
2601 2492 2741 2545 intra
2760 2492 2978 2562 propria
3003 2492 3139 2548 retia
3171 2502 3345 2550 trans-

1773 2586 2091 2642 fodiendum
2133 2601 2276 2643 esse.
2322 2586 2574 2641 Gladium
2618 2602 2856 2659 namque
2877 2597 2931 2643 et
2955 2602 3145 2643 arcum
3176 2603 3343 2645 voca-

1771 2676 1851 2730 vit
1875 2676 2122 2731 diversas
2158 2676 2406 2731 insidias.
2445 2673 2571 2731 Haac
2602 2677 2935 2746 respondent
2980 2678 3082 2743 iis,
3125 2693 3248 2750 qua:
3284 2678 3343 2733 in

1772 2766 2009 2837 septimo
2059 2768 2272 2837 psalmo
2307 2766 2452 2822 dicta
2494 2765 2687 2822 fuere:
2728 2787 2746 2819 ι
2794 2766 2997 2824 Lacum
3028 2770 3261 2840 aperuit,
3289 2777 3345 2825 et

1773 2859 1965 2915 eﬂ‘odit
1994 2874 2142 2922 eum.
2172 2870 2226 2914 et
2254 2859 2449 2915 incidit
2477 2859 2530 2914 in
2572 2859 2810 2927 foveam,
2845 2877 3009 2932 quam
3048 2862 3176 2917 fecit
3196 2872 3241 2916 ³.
3278 2879 3306 2919 ο

1843 3037 2006 3108 83⁸1
2041 3035 2208 3093 Vens.
2243 3038 2329 3093 16.
2370 3056 2388 3089 ι
2412 3036 2605 3093 Melius
2636 3048 2721 3094 est
2753 3041 3026 3107 modicum
3055 3040 3202 3111 quod
3231 3048 3318 3096 cst

144 3129 422 3200 ἁμαρτωλῶν
442 3129 641 3184 πολύν.
687 3151 706 3183 ι
743 3134 1023 3203 Ἄμεινον,
1046 3136 1202 3205 φησὶ,
1230 3134 1369 3204 μετὰ
1395 3134 1666 3188 δικαιοσύ-

1776 3130 1943 3200 justo,
1964 3131 2173 3186 divitiis
2197 3139 2543 3201 peccatorum
2558 3132 2767 3186 multis.
2782 3150 2799 3182 ι
2819 3131 3006 3187 Melior
3021 3143 3125 3199 est,
3144 3133 3342 3205 inquit.

145 3239 214 3291 νης
235 3223 541 3294 αὐτάρκεια,
580 3226 900 3297 παρανόμου
944 3227 1177 3281 πλούτου
1205 3228 1301 3281 καὶ
1350 3229 1666 3299 περιουσίας

1776 3221 2093 3277 sudicientia
2134 3236 2256 3276 cum
2290 3221 2502 3290 justitia
2526 3261 2540 3285 ,
2576 3223 2979 3292 quam‘divitia:
3022 3224 3251 3295 iniquas,
3290 3236 3347 3281 et

142 3313 304 3367 ἀδίκου.
326 3311 463 3383 Εἰταν
483 3317 713 3381 δεικνὺς
741 3318 786 3350 ⁷⁷
817 3317 916 3389 τὴν
947 3320 1279 3391 ἀμφοτέρων
1307 3320 1666 3390 ἐπικαρπίαν,

1776 3314 2042 3368 aﬂluentia
2094 3313 2319 3383 injusta.
2378 3312 2580 3369 Deinde
2629 3316 2929 3371 ostendens
2983 3325 3346 3388 utrorumque

142 3406 268 3475 φησίν
289 3407 328 3438 ⁸13
347 3424 359 3436 ο

1776 3408 2032 3471 fructum,
2069 3408 2142 3462 ait
2171 3425 2185 3461 :

192 3496 261 3561 ιζ’.
290 3517 307 3550 ι
347 3501 462 3554 Ὀτι
491 3501 790 3574 βραχίονες
821 3503 1163 3574 ἁμαρτωλῶν
1191 3506 1666 3579 συντριϐήσονται,

1840 3500 2121 3557 Vsus.17.
2167 3519 2186 3551 ι
2216 3499 2486 3566 Quoniam
2520 3499 2743 3555 brachia
2771 3511 3120 3572 peccatorum
3151 3512 3343 3560 conte-

144 3590 439 3663 ὖποστηρίζει
470 3594 529 3646 δὲ
549 3596 677 3659 τοὺς
699 3595 941 3659 δικαίους
972 3597 1001 3649 ὁ
1026 3597 1250 3668 Κύριος.
1282 3617 1301 3650 ι
1335 3601 1666 3669 Βραχίονας

1776 3606 1980 3662 rentur,
2013 3596 2302 3649 conﬁrmat
2331 3602 2512 3649 autem
2542 3593 2722 3663 justos
2744 3595 3032 3651 Dominus.
3060 3616 3079 3648 ι
3111 3597 3347 3653 Brachia

141 3684 363 3749 τροπικῶς
379 3686 424 3717 ⁷³
453 3686 565 3756 τὴν
601 3686 831 3757 δύναμιν
875 3689 1252 3744 ἀπεκάλεσεψ
1288 3692 1479 3765 ἐπειδὴ
1504 3695 1551 3726 ⁸⁸
1583 3694 1673 3748 διὰ

140 3772 302 3827 τούτων
330 3778 666 3847 ἐργάζεσθαι
693 3779 1003 3846 πεφύκασιν
1031 3783 1331 3854 ἄνθρωποι.
1369 3786 1671 3856 Προσφυῶς

139 3863 181 3914 δὲ
204 3865 324 3932 ἄγαν
350 3869 434 3931 τὸ,
462 3868 857 3939 ὐποστηρίζει
902 3872 1046 3938 τοὺς
1070 3874 1111 3905 ⁸¹
1164 3874 1454 3941 δικαίους,
1496 3876 1670 3930 τέθει-

140 3970 238 4009 κεν⁶
272 3959 368 4013 ὑπὸ
394 3962 676 4032 δαιμόνων
710 3965 820 4034 γὰρ
870 3964 968 4016 καὶ
1016 3965 1320 4036 ἀνθρώπων
1348 3967 1393 3999 ⁸⁸
1423 3967 1671 4037 ὠθούμε-

139 4060 215 4111 νοι,
244 4047 338 4102 ὑπὸ
374 4050 433 4103 δὲ
482 4052 595 4120 τῆς
631 4052 781 4115 θείας
828 4052 1165 4125 ἐρειδόμενοι
1199 4055 1439 4128 χάριτος,
1490 4059 1671 4112 ἵσταν-

138 4152 205 4189 ται
240 4140 300 4206 ⁸³,
361 4143 455 4196 καὶ
524 4143 638 4197 τῶν
716 4146 978 4200 ἐπιόντων
1034 4148 1404 4217 περιγίνονται
1477 4150 1672 4222 δυσχε-

140 4240 241 4292 ρων.

192 4313 267 4383 ιη’,
298 4316 342 4369 ιθ
361 4358 376 4373 .
404 4337 423 4370 ι
454 4318 730 4374 Γινώσκει
749 4322 955 4394 Κύριος
979 4323 1078 4388 τὰς
1099 4326 1253 4391 ὁδοὺς
1277 4326 1384 4380 τῶν
1399 4326 1666 4399 ἀμώμων,

140 4404 257 4476 καἰὴ
286 4408 619 4483 κληρονομία
652 4414 832 4468 αὐτῶν
888 4417 967 4478 εἰς
1014 4417 1189 4472 αἰῶνα
1241 4418 1412 4474 ἔσται.
1443 4420 1517 4473 Ού
1542 4438 1672 4474 κατ·

1768 3704 1869 3761 per
1919 3688 2293 3757 metaphoram
2338 3687 2633 3756 appellavit
2684 3688 3033 3757 potentiam:
3083 3688 3345 3758 quoniam

1770 3798 1869 3854 per
1913 3782 2029 3837 haec
2067 3781 2293 3836 insitum
2333 3789 2419 3835 est
2458 3795 2489 3834 a
2530 3789 2726 3835 natura
2768 3781 3083 3835 hominibus
3115 3788 3175 3836 ut
3214 3796 3346 3851 ape-

1771 3885 1981 3931 rentur.
2016 3872 2284 3928 Praeclare
2319 3887 2448 3928 vero
2501 3873 2841 3949 «'conﬁrmat
2885 3873 3067 3943 justos
3098 3894 3118 3928 ι
3164 3874 3344 3931 dixit:

1772 3984 1896 4023 nam
1926 3982 1957 4022 a
1986 3965 2329 4022 daemonibus
2352 3971 2406 4019 et
2430 3964 2499 4019 ab
2522 3964 2840 4019 hominibus
2870 3965 3079 4034 agitati,
3107 3980 3136 4020 a
3159 3965 3345 4020 divina

1772 4075 1901 4114 vero
1930 4058 2101 4129 gratia
2132 4055 2468 4119 conﬁrmati,
2504 4056 2835 4121 consistunt,
2869 4066 2926 4111 et
2958 4056 3343 4129 ingruentibus

1772 4150 2174 4206 calamitatibus
2213 4148 2525 4219 superiores
2554 4146 2711 4204 ﬁunt.

1841 4324 2009 4381 Vsus.
2045 4324 2143 4389 18,
2180 4324 2265 4380 19.
2319 4340 2338 4375 ι
2378 4318 2543 4377 Novit
2576 4320 2840 4377 Dominus
2878 4322 2996 4377 vias
3024 4321 3345 4377 immacula-

1772 4431 1983 4483 torum,
2027 4429 2081 4473 et
2112 4416 2401 4473 baereditas
2442 4429 2631 4471 eorum
2679 4416 2733 4469 in
2774 4424 3033 4470 aeternum
3062 4415 3187 4471 erit.
3224 4414 3343 4470 Non

138 4499 549 4571 αιτχυνθήσονται
607 4506 666 4557 ὲν
697 4506 876 4577 καιρῷ
906 4510 1152 4582 πονηρῷ,
1192 4512 1288 4564 καὶ
1329 4514 1388 4564 ἂν
1436 4511 1666 4583 ἡμέραις

1776 4511 2183 4569 confundentur
2214 4520 2456 4579 tempore
2492 4510 2667 4574 malo,
2703 4518 2758 4562 et
2781 4508 2975 4563 diebus
2998 4506 3161 4562 famis
3191 4515 3344 4564 satu-

138 4582 263 4653 λιμοῦ
319 4596 808 4667 χορτασθήσονται.
848 4617 867 4650 ι
902 4599 1092 4671 Πάσης
1145 4582 1485 4656 ἀπολαύουσι
1535 4582 1666 4672 προ-

1778 4609 2066 4661 rabuntur.
2092 4623 2115 4656 ι
2148 4602 2310 4657 Omni
2341 4602 2599 4657 fruuntur
2630 4600 2970 4671 providentia
2990 4642 3005 4665 ,
3043 4599 3137 4669 qui
3167 4598 3345 4653 incul-

140 4684 257 4747 νοίας
283 4688 328 4738 οἰ
354 4690 647 4762 ἄμεμπτον
685 4692 800 4763 βίον
844 4695 1178 4765 αἱρούμενοι.
1222 4695 1339 4750 Κᾶν
1376 4698 1484 4767 γὰρ
1527 4704 1666 4767 συμ-

1776 4707 1958 4767 patam
2003 4696 2174 4751 vitam
2214 4694 2498 4763 elegerint.
2532 4691 2682 4746 Licet
2724 4692 2871 4746 enim
2908 4690 2964 4745 in
3005 4689 3342 4767 calamitates

139 4777 297 4842 φοραῖς
325 4782 687 4850 περιπέσωσι,
716 4785 1000 4853 κρείττους
1049 4786 1443 4856 ἀποφαίνονται
1462 4788 1507 4820 ⁸⁸
1544 4788 1666 4843 τού-

1776 4790 2055 4854 tncidant,
2108 4788 2192 4842 his
2231 4785 2542 4855 superiores
2586 4784 2925 4848 redduntur,
2962 4790 3018 4838 et
3062 4781 3339 4838 communi

139 4872 247 4913 τυν-
271 4868 356 4920 καὶ
380 4872 568 4942 κοινῆς
592 4875 891 4946 γενομένης
917 4878 1147 4943 ἐνδείας,
1208 4879 1357 4950 παρά
1405 4878 1500 4932 τοῦ
1529 4876 1666 4932 Θεοῦ

1776 4883 1958 4951 inopia
1998 4888 2315 4951 grassante,
2362 4893 2389 4931 a
2427 4878 2534 4932 Deo
2576 4876 2931 4932 sufﬁcientem
2962 4878 3164 4933 victum
3197 4876 3341 4934 acci-

198 5060 219 5088 '
243 5056 368 5116 Psal.
398 5078 511 5129 vn,
545 5064 633 5122 16.

1177 5220 1409 5276 VARIA‘J
1459 5212 1841 5275 LECTIONES
1878 5219 1966 5275 ET
2007 5216 2239 5276 NOTAE.

200 5340 365 5410 "00d.
401 5357 450 5421 1,
485 5360 522 5414 2
556 5359 878 5413 διατελοῦσι.

200 5359 236 5383 ’⁵
256 5359 365 5410 cod.
401 5359 450 5421 1,
485 5360 522 5414 2
556 5359 878 5413 διατελοῦσι.
963 5363 1005 5393 ⁸⁷
1031 5366 1520 5429 Παρατηρήσεται
1545 5392 1614 5402 -
1650 5360 1758 5414 τὸν
1786 5361 2041 5416 δίκαιον.
2077 5361 2288 5432 Symm.
2322 5360 2498 5413 ὲννοεῖ
2530 5360 2559 5412 ὁ
2596 5359 2800 5431 ἀσεϐὴς
2828 5379 2893 5413 πε
2906 5362 2957 5431 pl.
2985 5361 3079 5414 τοῦ
3105 5360 3338 5415 δικαίου.

146 5421 296 5477 “'11.
343 5427 528 5484 Abest.
570 5446 599 5484 a
645 5431 764 5484 cod.
795 5430 850 5483 2.
964 5433 1007 5461 ⁸⁹
1060 5435 1188 5484 Τόν.
1258 5436 1423 5484 Abest
1488 5450 1516 5484 a
1579 5431 1699 5484 cod.
1775 5433 1830 5484 2.
1928 5431 2119 5484 "cod.
2183 5431 2235 5484 1.
2289 5430 2323 5483 2
2379 5429 2567 5482 αὐτοῦ.
2680 5431 2724 5462 ’ί
2767 5431 3062 5484 Διὰνοιαν.
3123 5432 3244 5484 cod.
3311 5434 3333 5484 1

964 5433 1007 5461 "
1060 5435 1188 5486 Τόν.
1258 5436 1423 5487 Abest
1488 5450 1516 5485 a
1579 5432 1666 5485 cod

1776 5433 1830 5484 2.
1928 5433 1974 5463 "°
1994 5429 2134 5486 cod.
2183 5431 2235 5488 1.
2289 5430 2323 5483 2
2379 5429 2567 5482 αὐτοῦ.
2680 5431 2724 5462 ’ί
2758 5429 3062 5485 ’Διάνοιαη
3123 5432 3244 5486 cod.
3311 5434 3333 5489 1

146 5506 329 5573 prtum
359 5499 473 5568 τήν.
539 5502 616 5573 ﬂ"
661 5500 1051 5573 Ἀμαρτωλός.
1115 5502 1237 5556 rod.
1274 5500 1326 5563 1.
1369 5502 1405 5555 2
1462 5502 1666 5565 ἄδικος.

1776 5501 1818 5533 ⁷³
1854 5504 1976 5556 cod.
2016 5502 2071 5563 1,
2106 5502 2164 5557 .2
2224 5502 2681 5573 περιπαγήσεται.
2745 5504 2908 5557 Cord.
2963 5520 3015 5573 p.
3075 5503 3201 5573 668,
3243 5521 3338 5557 πε-

148 5568 433 5682 ριπεσεῖται.
538 5569 584 5600 ⁷⁵
642 5568 769 5623 Kal.
828 5572 991 5623 Abest
1031 5586 1058 5622 a
1100 5574 1221 5626 cod.
1284 5575 1332 5634 1,
1390 5573 1447 5626 2.
1574 5574 1666 5624 ⁷⁸1

168 5631 318 5682 lorum
356 5638 405 5682 in
445 5640 619 5682 Inmtm
666 5642 767 5682 alia
823 5640 1098 5682 snlnelilnil
1145 5642 1302 5682 {Im-4|,
1355 5659 1402 5682 n,
1441 5641 1545 5682 προ

1776 5589 1865 5626 τα.
1924 5573 2045 5627 cod.
2087 5574 2139 5636 1,
2194 5573 2229 5625 2
2270 5568 2457 5639 p’ram.
2512 5570 2587 5624 δέ.
2693 5573 2738 5603 ⁷⁸
2761 5575 2868 5627 Καὶ
2901 5568 3333 5643 α-ἰείργάσατο.

1776 5645 1874 5682 -ml-
1919 5643 1941 5682 4
2005 5643 2040 5682 9.
2070 5642 2327 5682 διίνυυηι-
2443 5640 2489 5672 ⁷⁸
2511 5644 2707 5682 ὠιιηΙν
2769 5646 2921 5682 Ahnct
2964 5660 2990 5682 α
3037 5645 3135 5682 nm!
3190 5647 3209 5682 Ι
3278 5643 3314 5682 θ

168 5631 318 5711 lorum
356 5638 619 5711 in_locum
666 5642 770 5693 alia
821 5640 1103 5697 substituit
1145 5631 1328 5696 (ιω-(1(
1355 5659 1408 5711 p.
1441 5641 1565 5696 682.

1776 5645 1877 5696 :od.
1919 5643 1971 5703 1,
2005 5643 2040 5695 2
2070 5631 2329 5695 δείκνυσι.
2443 5640 2726 5709 ⁷⁸Φησίν.
2762 5646 2927 5699 Abest
2963 5660 2992 5698 a
3037 5631 3240 5709 5011.1,
3278 5643 3336 5700 ε.

146 5699 496 5783 Πρεπέκῶςο
523 5712 737 5783 colui.
785 5711 821 5783 2
851 5726 1038 5783 praem.
1068 5712 1146 5764 δέ.
1247 5699 1441 5783 "cod.
1466 5714 1502 5767 2
1534 5710 1666 5783 ιπεί.

1776 5716 1801 5742 κ⁸
1842 5699 2008 5783 τούξ.
2037 5712 2157 5768 cod.
2183 5712 2217 5765 2
2246 5726 2433 5782 pra'm.
2471 5711 2550 5765 δέ.
2582 5699 2592 5709 ’
2626 5714 2671 5746 ⁸³
2694 5713 2804 5769 Καὶ
2838 5714 3183 5783 ἀνθρώπων.
3212 5699 3334 5771 éod.

145 5766 249 5825 201'
273 5766 551 5847 ἄνθρωποι.
626 5781 673 5812 ⁸³
699 5766 821 5836 cod.
852 5766 910 5845 ⁸1,
935 5782 969 5834 2
999 5782 1207 5836 ἑστᾶσι.
1282 5781 1327 5816 ⁸⁸
1356 5766 1481 5839 cod.
1523 5782 1622 5851 1,2
1659 5804 1666 5834 ι

1776 5766 2083 5857 φανοῦνται.

430 5872 692 5938 Ριτιιοι..
725 5875 844 5936 Gn.
879 5876 1127 5939 LXXX.

2940 5882 3018 5941 36
