3842 6532
507 349 641 414 1131
1497 338 1983 406 THEODORETI
2017 335 2160 396 EPIE

2183 334 2359 395 .COPI
2410 334 2775 396 CYRENSIS
3563 344 3662 411 113!

507 463 690 534 pieut,
724 468 779 515 et
809 467 1066 529 preterea
1112 454 1461 527 sempiternis
1505 454 1662 508 bonis
1707 450 2072 522 perfruentur.
2106 453 2149 507 Α

2183 443 2422 508 δέξονται
2459 445 2559 514 τὴν
2616 443 2970 514 αὐτάρκειαν,
3025 443 3118 495 καὶ
3174 444 3305 515 πρὸς
3368 449 3542 514 τούτοις
3589 458 3669 510 τῶν

415 593 430 612 η
509 533 680 607 Porro
710 550 910 605 famem
944 551 1142 621 Opinor
1186 548 1278 604 hic
1311 546 1606 617 significari
1631 560 1751 599 eam
1773 584 1787 607 ,
1821 559 1943 613 quae
1977 557 2075 595 ειη--

2183 535 2418 588 αἰωνίων
2465 533 2866 586 ἀπολαύσουσιν
2913 533 3153 601 ἀγαθῶν.
3207 537 3368 604 Λιμὸν
3411 539 3460 592 δὲ
3486 543 3670 615 ἠγοῦμαι

508 647 679 715 tiquis
702 642 904 699 Iudaeis
934 643 1196 698 intentata
1229 641 1364 696 fuit:
1407 660 1424 690 ι
1455 638 1657 693 Ducam
1684 636 1883 692 famem
1915 649 2077 702 super

2183 626 2416 681 ἐνταῦθα
2453 626 2498 657 ⁸⁸
2549 625 2995 696 παραδηλοῦσθαι
3072 627 3161 679 τὸν
3232 629 3392 682 πάλαι
3459 633 3672 702 Ἰουδαίοις

508 748 712 792 terram
737 776 752 801 ,
786 750 893 790 non
922 733 1120 790 famem
1151 733 1339 804 panis,
1379 745 1550 801 neque
1581 729 1728 785 sitim
1761 741 1945 798 aquae,
1982 725 2074 780 sed

2183 719 2546 790 ἀπειληθέντα
2573 735 2588 752 ο
2624 737 2642 768 ι
2667 718 2882 782 Ἐπάξω
2908 719 3066 790 λιμὸν
3100 720 3190 772 ἐπὶ
3221 721 3318 790 τὴν
3339 723 3460 789 γῆν·
3489 727 3537 778 οὐ
3558 728 3673 798 λιμὸν

510 835 706 887 famem
740 829 994 885 audiendi
1023 829 1246 883 verbum
1279 826 1373 880 Dei
1403 833 1444 881 ι.
1475 845 1493 876 ι

2183 815 2366 885 ἄρτου,
2408 815 2528 867 οὐδὲ
2563 815 2724 884 δίψαν
2762 815 2973 882 ὓδατος,
3018 816 3154 871 ἀλλὰ
3194 818 3350 887 λιμὸν
3383 820 3468 873 τοῦ
3501 825 3675 880 ἀκοῦσαι

2183 908 2338 976 λόγον
2377 910 2605 977 Κυρίου.
2643 926 2661 958 ι
3688 933 3694 988 ι

564 1006 724 1062 VEBS.
761 1007 851 1060 20.
908 1024 927 1057 ι
969 1004 1106 1069 Quia
1153 1014 1464 1068 peccatores
1506 1003 1760 1072 peribunt
1801 1021 1813 1055 :
1869 999 2076 1055 inimici

2253 1000 2321 1053 κ’.
2359 1019 2376 1050 ι
2413 1001 2534 1053 Ὅτι
2559 1003 2606 1054 oi
2638 1000 2954 1070 ἁμαρτωλοὶ
2976 1001 3335 1057 ἀπολοῦνται·
3370 1008 3415 1058 οἱ
3450 1007 3499 1060 δὲ
3541 1011 3676 1080 ἐχθροὶ

506 1116 634 1155 vero
668 1099 883 1153 Domini
911 1139 926 1163 ,
957 1097 1120 1152 simul
1143 1112 1208 1150 ac
1232 1095 1576 1151 honorificati
1613 1094 1816 1149 fuerint
1845 1102 1900 1148 et
1927 1092 2076 1146 exal-

2183 1092 2276 1145 τοῦ
2297 1093 2541 1162 Κυρίου,
2586 1092 2704 1162 ἅμα
2726 1093 2772 1124 ⁸⁸
2825 1092 2903 1163 τῷ
2938 1093 2980 1123 ⁸⁷
3028 1093 3349 1162 ὼξασθῆναι
3399 1098 3567 1162 αὐτοὺς
3613 1107 3677 1155 ul

509 1192 634 1256 tati,
663 1191 982 1245 deficientes
1013 1188 1476 1258 quemadmodum
1524 1187 1708 1241 fumus
1735 1184 2015 1241 deficiunt.
2051 1201 2069 1233 ›

2184 1183 2508 1254 ὑψωθῆναι,
2557 1185 2905 1248 ἐκλείποντες
2965 1185 3100 1264 ώσεὶ
3165 1189 3369 1250 καπνὸς
3421 1189 3674 1254 ἐξέλιπον.»

509 1281 734 1335 Mutatio
767 1279 1169 1349 coniunctionis
1204 1279 1564 1333 ditlerentiam
1596 1290 1960 1346 personarum
1989 1274 2073 1327 in-

2192 1277 2256 1330 'H
2310 1277 2402 1330 τοῦ
2457 1279 2756 1348 συνδέσμου
2815 1278 3085 1350 ἐναλλαγὴ
3141 1280 3396 1352 διαφορὰν
3441 1285 3679 1355 προσώπου

505 1373 690 1436 duxit,
716 1381 770 1426 et
804 1387 993 1426 ansam
1027 1372 1196 1442 838
1234 1372 1438 1441 praebet
1472 1369 1898 1438 interpretandi,
1939 1367 2075 1421 alios

2183 1370 2492 1440 εἰργάσατο’
2516 1370 2609 1423 καὶ
2631 1371 2821 1434 ἄλλους
2849 1372 2947 1442 μὲν
2971 1372 3259 1426 ὑποϐάλλει
3279 1377 3411 1426 νοεῖν
3428 1378 3534 1439 τούς
3551 1380 3681 1449 ἁμαρ·

504 1482 625 1520 esse
651 1475 988 1536 peccatores,
1015 1466 1152 1519 alios
1176 1465 1429 1519 inimicos
1452 1463 1691 1516 Domini.
1724 1462 1922 1532 Aquila
1944 1475 2075 1516 vero

2183 1461 2404 1526 τω).οὐς,
2434 1462 2626 1526 ἄλλους
2653 1463 2708 1516 δὲ
2742 1463 2969 1532 ἐχθροὺς
2990 1465 3035 1495 ³⁸
3065 1464 3162 1517 τοῦ
3197 1466 3415 1535 Κυρίου.
3456 1468 3680 1534 ’Δκύλαςυ

505 1569 559 1613 et
586 1556 950 1629 Symmachus
980 1573 1079 1627 pro
1112 1573 1230 1611 vero
1260 1557 1697 1625 coniunctionem
1734 1565 1783 1608 et
1824 1558 1839 1575 ⁶
1872 1569 2076 1624 ponen-

2183 1554 2237 1606 δὲ
2284 1554 2375 1606 καὶ
2409 1554 2437 1605 ό
2467 1554 2762 1625 Σύμμαχος
2808 1557 2930 1608 ἀντὶ
2971 1557 3065 1608 τοῦ
3096 1556 3166 1608 δὲ
3200 1557 3291 1610 τὸν
3331 1558 3420 1610 καί
3451 1559 3681 1630 σύνδεσμον

506 1658 606 1717 tes.
645 1648 866 1703 eosdem
898 1664 1021 1702 esse
1052 1658 1367 1717 peccatores
1395 1657 1448 1702 et
1483 1646 1574 1701 Dei
1607 1646 1856 1700 inimicos
1888 1655 2076 1700 osten-

2183 1646 2531 1711 τεθεικότες,
2582 1649 2711 1709 τοὺς
2757 1647 2957 1710 αὐτοὺς
3007 1647 3218 1712 ἔδειξαν
3273 1650 3588 1721 ἁμαρτωλοὺς
3618 1657 3682 1707 καὶ

503 1741 719 1793 derunt.
769 1737 904 1792 Dicit
945 1748 1124 1792 autem
1155 1737 1401 1792 homines
1453 1737 1523 1791 ob
1577 1734 1796 1804 propria
1853 1744 2073 1805 peccata

2183 1739 2276 1792 τοῦ
2330 1739 2536 1811 Κυρίου
2586 1740 2837 1811 ἐχθρούς.
2870 1741 3036 1809 Λέγει
3065 1742 3122 1794 δέ
3155 1743 3238 1795 ὄτι
3272 1744 3320 1795 οἱ
3368 1744 3598 1814 θεομισεῖς
3623 1747 3682 1801 διὰ

507 1828 780 1895 inimicos,
832 1845 956 1883 cum
1005 1845 1198 1899 parum
1247 1828 1506 1897 temporis
1553 1825 1892 1891 ﬂoruissent,
1924 1836 2086 1896 atque
2119 1816 2160 1874 Β

2187 1831 2286 1894 τάς
2312 1833 2520 1896 οἰκείας
2558 1833 2905 1903 παρανομίας
2931 1833 3236 1904 ἂνθρωποι,
3279 1834 3449 1903 ὀλίγον
3476 1837 3682 1908 ἀνθήσαν-

505 1922 747 1977 illustres
773 1931 826 1976 et
853 1920 986 1976 clari
1020 1920 1120 1974 visi
1163 1929 1380 1983 essent,
1414 1926 1473 1974 ut
1520 1918 1730 1973 fumum
1789 1918 2089 1973 dissolutos

2190 1940 2281 1986 τες
2304 1923 2515 1995 χρόνον,
2563 1925 2656 1977 καὶ
2685 1921 2936 1988 δόξαντες
2964 1919 3103 1976 εἶναι
3135 1927 3448 1996 περιφανεῖς
3472 1927 3553 1980 καὶ
3574 1928 3682 1998 περί-

503 2003 692 2067 fuisSe.
2190 2013 2429 2081 ϐλεπτοι,
2461 2015 2618 2085 δίκην
2653 2015 2864 2068 καπνοῦ
2894 2015 3245 2089 διελύθησαν.

519 2162 521 2164 _
575 2100 737 2154 Vens.
779 2099 869 2153 2f.
920 2119 938 2150 ι
975 2097 1259 2153 Mutuatur
1297 2107 1588 2168 peccator,
1633 2106 1686 2150 et
1722 2113 1829 2151 non
1872 2096 2079 2150 solvet:
2259 2114 2365 2160 και,
2408 2126 2427 2156 ι
2461 2108 2778 2173 Amatam,
2804 2112 2832 2164 ὁ
2857 2111 3205 2181 ἁμαρτωλὸς,
3235 2111 3329 2162 καὶ
3357 2110 3450 2162 οὐκ
3470 2110 3681 2165 ἀποτίσειν

501 2193 684 2262 justus
744 2202 924 2246 autem
981 2194 1304 2258 miseretur,
1356 2201 1409 2246 et
1457 2191 1663 2244 tribuit.
1712 2209 1730 2241 ι
1787 2189 1938 2243 Talis
1987 2187 2088 2242 fuit

2189 2201 2216 2253 ό
2241 2200 2298 2253 δὲ
2325 2200 2530 2265 δίκαιος
2551 2204 2834 2275 οίκτείρει,
2869 2205 2963 2259 καὶ
2984 2203 3202 2256 δίδωσιν
3229 2205 3297 2256 ⁸ο.
3327 2221 3344 2254 ι
3373 2202 3587 2262 Τοιοῦτος
3602 2200 3682 2274 ﬁve

507 2284 660 2348 Saul,
681 2270 773 2355 qui
801 2300 1017 2354 semper
1045 2285 1320 2339 beneﬁciis
1342 2284 1570 2338 aﬂ‘ectus
1599 2299 1628 2336 a
1649 2284 1834 2337 divino
1860 2281 2080 2343 Davide,

2187 2291 2380 2356 Σαοὺλ,
2410 2292 2498 2345 ἀεὶ
2530 2293 2628 2363 μὲν
2657 2293 3114 2365 εὐεργετούμενος
3147 2293 3256 2347 ὐπὸ
3289 2293 3381 2346 τοῦ
3407 2293 3635 2348 θειοτάτου
3650 2299 3678 2327 ⁹¹

504 2380 646 2430 bona
689 2375 1027 2430 benefactori
1073 2375 1372 2446 rependere
1406 2374 1603 2428 noluit.
1651 2372 1721 2426 At
1757 2375 1943 2427 beatus
1974 2372 2080 2425 Da-

2186 2385 2372 2449 Δαϐὶδ,
2423 2386 2760 2456 ἀμείψασθαι
2809 2387 2866 2440 δὲ
2911 2387 3136 2456 ἀγαθοῖς
3184 2387 3277 2440 τὸν
3329 2388 3584 2457 εὐεργέτην
3614 2389 3680 2440 οὐκ

506 2465 625 2530 vid,
679 2466 960 2534 proprium
998 2465 1289 2520 Dominum
1333 2464 1592 2530 imitans,
1637 2465 1729 2535 qui
1786 2463 1918 2518 oriri
1956 2463 2085 2518 facit

2187 2479 2535 2550 ἀνεχόμενος.
2595 2480 2654 2533 '0
2682 2480 2737 2534 δέ
2792 2482 3063 2551 μακάριος
3093 2483 3138 2513 ⁸⁸
3186 2481 3369 2545 Δασὶδ,
3413 2483 3495 2537 τὸν
3539 2485 3682 2536 οἰκίων

505 2555 676 2609 solem
712 2570 872 2610 suum
904 2570 1066 2624 super
1095 2555 1269 2609 bonos
1316 2565 1370 2609 et
1414 2556 1585 2609 malos
1609 2562 1671 2621 ιι,
1712 2554 1778 2608 de
1821 2555 1914 2608 illo
1949 2556 2085 2609 bene

2185 2573 2464 2643 Δεσπότην
2509 2571 2864 2642 μιμούμενος,
2899 2574 3265 2627 ἀνατέλλοντα
3290 2573 3380 2626 τὸν
3411 2575 3542 2644 ἥλιον
3564 2573 3680 2626 αὐτοῦ

507 2644 702 2698 mereri
740 2658 849 2697 non
882 2644 1150 2699 cessabat.
1181 2643 1339 2699 Tales
1372 2643 1594 2698 fuerunt
1617 2642 1814 2707 Judaei,
1845 2645 1936 2713 qui
1965 2659 2083 2698 om-

2185 2664 2279 2716 ἐπὶ
2324 2642 2596 2735 πονηροὺς
2655 2665 2751 2718 καὶ
2811 2665 3074 2734 ἀγαθοὺς,
3141 2642 3442 2737 εὐεργετῶν
3498 2666 3676 2720 διετέλει.

502 2735 598 2788 nia
630 2733 935 2789 studiorum
963 2749 1158 2806 genera
1184 2750 1213 2790 a
1239 2737 1410 2790 sacris
1435 2736 1699 2805 apostolis
1728 2736 2080 2829 accipientes,

2185 2733 2614 2829 Tocoi'rrorﬁaav
2642 2759 2693 2811 οί
2757 2733 3022 2823 Ἰουδαῖοι,
3064 2760 3164 2822 τάς
3203 2733 3529 2822 παντοδαπὰς
3566 2758 3679 2828 θερα-

508 2826 988 2897 sanguinolenlum
1033 2826 1276 2896 animum
1320 2836 1510 2881 contra
1552 2842 1649 2882 eos
1703 2795 2081 2881 ostendebant.

2195 2795 2432 2811 "wn...
2481 2795 2612 2829 ην...
2643 2795 2693 2811 ν.
2775 2795 3022 2823 manu“,
3075 2795 3161 2822 ...ς
3211 2795 3526 2822 ..νιηυνυηως
3568 2795 3679 2828 νη...-

2184 2850 2344 2914 πείας
2392 2852 2545 2922 παρά
2600 2849 2711 2906 τῶν
2758 2852 2922 2923 ίερῶν
2982 2854 3300 2907 ἀποστόλων
3334 2853 3590 2923 δεχόμενοι,
3617 2854 3680 2904 καὶ

507 2918 764 2973 Attamen
787 2918 958 2972 divini
986 2919 1219 2989 apostoli
1240 2918 1426 2973 divina
1459 2920 1602 2973 dona
1631 2918 1765 2988 ipsis
1789 2919 2084 2973 liberaliter

2183 2941 2282 3011 τὴν
2313 2918 2602 3012 μιαιφόνον
2645 2918 3081 3013 ἐπιδεικνύμενοι
3134 2943 3361 3015 γνώμην
3391 2918 3420 2972 λ-
3454 2918 3552 2997 ἀλλ’
3577 2944 3681 3011 ὅμως

508 3013 931 3068 distribuebant.
2183 3033 2232 3084 οἱ
2261 3032 2395 3086 θεῖοι
2413 3034 2699 3088 ἀπόστολοι
2722 3036 2821 3100 τάς
2849 3037 2999 3103 θείας
3028 3039 3214 3104 αὐτοῖς
3235 3013 3436 3111 δωρεὰς
3459 3037 3683 3109 φιλοτίμως

2109 3167 2153 3226 c
2184 3123 2448 3194 διένεμον.

582 3211 743 3268 Vnus.
774 3213 864 3268 22.
913 3233 930 3266 ι
963 3212 1233 3280 Quoniam
1280 3214 1664 3270 benedicentes
1707 3214 1756 3268 ei
1793 3213 2081 3269 hzeredita-
2113 3211 2153 3226 ν’

2257 3217 2359 3286 κβη
2396 3238 2413 3271 ι
2452 3221 2574 3274 Ὅτι
2623 3222 2672 3274 οῖ
2700 3222 3052 3292 εὐλογοῦντες
3084 3224 3252 3278 αὐτὸν
3285 3225 3681 3296 κληρονομήσουσι

509 3306 648 3360 bunt
678 3314 877 3361 terram
901 3347 916 3372 ,
947 3307 1334 3362 maledicentes
1375 3315 1553 3361 autem
1591 3308 1639 3361 ei
1668 3307 2032 3377 disperihunt.
2059 3324 2076 3357 ι

2185 3311 2308 3382 γῆν,
2345 3313 2393 3365 οἱ
2427 3313 2481 3366 δὲ
2522 3315 2902 3386 καταρώμενοι
2939 3317 3104 3370 αὐτὸν
3125 3317 3677 3390 ἐξολοθρευθήσονται.»

511 3397 625 3453 Hoc
652 3399 978 3467 patriarchae
1011 3400 1324 3453 Abrahamo
1368 3398 1510 3454 Deus
1541 3400 1919 3454 universorum
1954 3414 2083 3469 pro-

2185 3404 2356 3457 Τοῦτο
2408 3405 2487 3476 τῷ
2540 3409 2856 3480 πατριάρχῃ
2917 3409 3172 3481 Ἀϐραὰμ
3213 3413 3242 3464 ὁ
3290 3411 3397 3463 τῶν
3441 3411 3558 3463 ὅλων
3590 3409 3683 3468 Θεὸς

509 3489 661 3543 misit
689 3507 703 3544 :
744 3509 761 3541 ι
793 3487 1112 3543 Benedieam
1149 3490 1597 3544 benedicentibus
1623 3490 1759 3556 tibi,
1789 3504 1842 3544 et
1869 3491 2085 3545 maledi-

2184 3495 2568 3565 ἐπηγγείλατο,
2609 3516 2628 3548 ι
2665 3497 2958 3569 Εὐλογήσω
2981 3501 3106 3563 τοὺς
3137 3500 3488 3570 εὐλογοῦντάς
3521 3517 3585 3566 σε,
3619 3501 3682 3551 καὶ

510 3581 759 3636 centibus
785 3581 880 3636 tibi
911 3582 1236 3636 maledicam
1265 3592 1312 3636 ν.
1350 3601 1368 3634 ι

2184 3589 2310 3651 τούς
2338 3591 2766 3660 καταρωμένους
2801 3610 2859 3645 σε
2894 3594 3298 3664 καταράσομαι.
3329 3613 3349 3644 ι

582 3669 750 3724 Vens.
783 3670 854 3724 25
874 3709 889 3734 ,
914 3671 1004 3724 24.
1057 3690 1075 3722 ι
1103 3671 1149 3725 Α
1177 3670 1408 3726 Domino
1432 3687 1656 3741 gressus
1688 3673 1924 3728 hominis
1950 3673 2082 3728 diri~

2255 3688 2361 3748 κγ’,
2399 3679 2497 3735 κδ’.
2544 3701 2561 3732 ι
2605 3682 2763 3755 Παρά
2791 3684 2996 3754 Κυρίου
3019 3686 3085 3738 τὰ
3113 3685 3425 3756 διαῦήματα
3461 3683 3680 3751 ἀνθρὼποί

510 3771 753 3833 guntur,
794 3772 848 3817 et
875 3763 960 3817 via
990 3762 1110 3832 ejus
1141 3763 1297 3818 valde
1336 3763 1712 3818 delectabitur.
1764 3764 1900 3817 Cum
1945 3768 2087 3819 ceci-

2186 3769 2599 3836 κατευθύνεται,
2635 3773 2728 3824 καὶ
2755 3772 2852 3843 τὴν
2877 3773 2994 3826 όδδν
3021 3773 3190 3828 αὐτοῦ
3214 3773 3428 3845 θελήσει
3461 3771 3624 3841 σφόδρα
3637 3771 3680 3822 ’³.

509 3855 653 3908 derit
674 3895 690 3918 ,
719 3870 825 3908 non
859 3854 1164 3921 collidetur,
1199 3855 1327 3925 quia
1355 3855 1618 3910 Dominus
1651 3855 1937 3910 confirmat
1966 3872 2084 3911 ma-

2189 3858 2305 3912 ”οτ’
2357 3859 2421 3912 ἂν
2456 3860 2499 3893 ⁸⁸
2555 3859 2699 3932 πέσῃ
2753 3862 2814 3914 οὐ
2865 3862 3403 3934 καταρῤαχθήσεται,
3445 3860 3682 3929 ὃτιΚύρικ

511 3967 641 4005 nutn
676 3951 816 4020 ejus.
851 3970 870 4002 ι
913 3950 1024 4005 Hac
1048 3952 1194 4006 enim
1223 3952 1289 4006 de
1305 3966 1482 4005 causa
1515 3951 1698 4005 laudat
1722 3951 1937 4020 quidem
1977 3951 2087 4006 lau-

2190 3950 2561 4022 ἀντιστηρίζει
2636 3955 2792 4022 χεῖρα
2865 3953 3012 4023 αὐτῷ
3060 3950 3126 4007 ’⁸.
3202 3970 3222 4006 ι
3261 3953 3452 4005 Τούτου
3505 3952 3681 4020 γάρτοι

509 4039 726 4096 dantem
762 4041 1002 4111 justum,
1047 4042 1461 4097 maledicentem
1507 4040 1673 4110 839
1720 4057 1845 4095 vero
1889 4043 2084 4111 aequali

2186 4043 2345 4114 χάριν
2389 4044 2601 4113 εὐλογεῖ
2647 4045 2744 4113 μὲν
2800 4044 2892 4098 τὸν
2935 4043 3264 4114 εὐλογοῦντα
3284 4048 3329 4077 ⁸⁸
3375 4045 3459 4098 τὸν
3506 4045 3679 4098 δίκαιον.

508 4133 664 4187 lance
685 4142 1083 4197 remuneratur,
1111 4133 1373 4204 quoniam
1409 4133 1524 4203 ipse
1551 4133 1828 4202 justorum
1862 4135 1976 4190 vias
2001 4135 2085 4189 di-

2186 4135 2277 4187 τὸν
2319 4135 2375 4188 δὲ
2418 4135 2813 4207 καταρώμενον
2855 4140 2967 4200 τοῖς
3005 4136 3140 4200 ἴσοις
3189 4139 3502 4208 ἀμείϐεται⁸
3551 4131 3680 4196 ἐπειδὴ

512 4224 657 4292 rigit.
696 4223 840 4279 Fieri
870 4225 1015 4279 enim
1054 4241 1160 4279 non
1204 4234 1381 4294 potest
1429 4234 1488 4278 ut
1531 4226 1653 4294 quis
1680 4227 1883 4295 absque
1913 4228 2086 4298 ipsius

2187 4227 2352 4290 αὐτὸς
2387 4228 2709 4281 κατευθύνει
2733 4228 2832 4290 τάς
2860 4228 2969 4281 τῶν
2994 4229 3223 4283 δικαίων
3255 4230 3419 4292 ὁδούς.
3465 4227 3679 4282 Ἀδύνατον

511 4313 686 4376 gratia
716 4315 835 4368 sine
863 4314 1022 4383 culpa
1050 4315 1104 4368 in
1132 4314 1353 4367 virtutis
1384 4313 1471 4368 via
1507 4312 1738 4367 incedat.
1778 4312 1945 4368 Favet
1986 4314 2088 4385 igi-

2186 4319 2295 4390 Ὑάρ
2319 4319 2440 4389 δίχα
2470 4323 2570 4391 τῆς
2595 4320 2761 4374 αὑτοῦ
2797 4322 3025 4393 χάριτος
3062 4324 3370 4395 ἀμέμπτως
3390 4319 3575 4375 ὁδεῦσαί
3599 4333 3680 4368 τινα

513 4413 603 4457 tur
626 4403 731 4466 his,
763 4403 857 4474 qui
881 4404 996 4458 tale
1020 4403 1358 4473 propositum
1391 4402 1591 4457 habent
1619 4419 1634 4469 ;
1669 4410 1724 4457 et
1756 4418 1978 4458 necesse
2001 4413 2086 4460 est

2188 4411 2288 4482 τὴν
2316 4412 2414 4475 τῆς
2445 4412 2648 4483 ἀρετῆς
2689 4413 2829 4467 ὀδύνα
2880 4415 3148 4485 Συνεργεῖ
3174 4415 3413 4487 μέντοι⁹⁷
3456 4414 3553 4474 τοῖς
3595 4406 3679 4460 τοῦ·

512 4495 579 4550 ad
610 4495 830 4550 virtutis
872 4495 1290 4565 acquisitiouem
1321 4537 1335 4558 ,
1373 4494 1668 4550 humanam
1702 4496 2086 4566 promptitudi-
2117 4517 2160 4576 ο

2189 4521 2280 4556 τον
2305 4502 2351 4534 ’⁸
2392 4504 2573 4574 ἔχουσι
2624 4505 2716 4560 τὸν
2757 4507 2959 4560 σκοπόν
2983 4525 2996 4539 ⁸
3036 4509 3129 4561 καὶ
3181 4511 3341 4578 χρεία
3385 4506 3512 4560 κατά
3543 4500 3679 4556 ταύτὸν

510 4601 634 4640 nem
666 4596 719 4640 et
743 4587 982 4642 divinam
1010 4601 1166 4656 opem
1198 4602 1302 4640 una
1327 4601 1673 4642 concurrere.
1700 4585 1791 4642 Sic
1813 4589 1959 4642 enim
1983 4587 2086 4643 etsi

2193 4591 2520 4663 συνδραμεῖν
2565 4594 2646 4657 είς
2691 4594 2790 4664 τὴν
2840 4596 3035 4666 κτῆσιν
3074 4597 3178 4666 τῆς
3212 4597 3406 4668 ἀρετῆς
3443 4590 3678 4665 προθυμίαν

510 4675 802 4747 aliquando
840 4677 1157 4747 prolabatur
1201 4677 1293 4746 qui
1347 4676 1451 4731 hoc
1494 4677 1598 4730 iter
1632 4675 1806 4741 facit,
1837 4677 2079 4732 divinam

2187 4683 2556 4756 ἀνθρωπίνην,
2607 4689 2702 4741 καὶ
2742 4687 2892 4741 θείαν
2926 4689 3293 4762 προμήθειαν.
3326 4688 3470 4742 Οὐτω
3506 4685 3592 4752 γὰρ
3609 4679 3678 4732 κᾶν

513 4776 690 4823 tamen
721 4783 878 4839 opem
918 4767 1290 4838 consequitur.
1337 4767 1538 4823 Eodem
1567 4769 1727 4822 modo
1759 4767 1950 4825 beatus
1976 4770 2080 4823 Da-

2187 4777 2448 4851 ὀλισθήσῃ
2483 4779 2616 4833 ποτὲ
2649 4780 2854 4852 ότήνδε
2884 4782 2983 4851 τὴν
3023 4781 3251 4854 πορείαν
3285 4778 3586 4849 ποιούμενος,
3611 4769 3676 4836 τῆς

510 4861 636 4927 vid,
672 4876 792 4915 cum
845 4860 1195 4926 offendisset,
1261 4869 1316 4915 et
1360 4875 1428 4914 ne
1462 4860 1518 4913 in
1571 4871 1767 4915 terram
1830 4862 2082 4933 procide-

2187 4870 2340 4935 θείας
2394 4872 2735 4943 ἀντιλήψεως
2784 4872 3058 4938 τεύξεται.
3109 4873 3293 4938 Οὕτως
3343 4875 3369 4926 ό
3415 4860 3676 4942 μακάριος’³
3771 4891 3773 4914 ι

514 4959 598 5006 ret
644 4951 1088 5023 periclitaretur,
1143 4967 1239 5024 per
1291 4951 1529 5006 divinam
1580 4954 1809 5023 gratiam
1865 4965 2080 5012 erectus

2184 4965 2565 5034 προσπταίσας
2605 4965 2792 5033 Δασὶδ,
2833 4968 2925 5021 καὶ
2968 4967 3361 5038 κατενεχθῆναι
3405 4957 3674 5018 κινδυνεύσας

510 5055 614 5100 est.
2179 5055 2261 5119 είς
2292 5056 2414 5128 γῆν,
2441 5057 2545 5111 ὐπὸ
2572 5059 2670 5129 τῆς
2698 5058 2850 5124 θείας
2871 5061 3094 5132 χάριτος
3120 5057 3412 5130 ἀνωρθώθη
3429 5058 3468 5111 ¹.

590 5162 607 5196 ⁸
640 5162 810 5216 Amos
843 5174 938 5215 vut
961 5200 977 5228 ,
1011 5160 1100 5215 ll.
1173 5169 1201 5197 ιι
1234 5160 1425 5216 Matth.
1457 5177 1524 5223 v,
1565 5159 1654 5215 45.
1733 5170 1759 5198 ν
1782 5160 1920 5217 Gen.
1963 5178 2067 5228 xu,
2107 5166 2160 5220 5.

1647 5278 1876 5336 νΑΒιιΕ
1903 5280 2282 5341 LECTIONES
2313 5280 2402 5337 ET
2429 5281 2662 5339 NOTE.

579 5370 646 5445 ⁸³,
677 5370 798 5425 cod.
827 5371 892 5437 ‘l,
945 5372 980 5426 2
1024 5370 1256 5445 ἐνταῦθα
1284 5372 1569 5445 Αήγοῦμαι.
1615 5373 1719 5445 Pro
1759 5375 1997 5445 ἠγοῦμαι
2046 5377 2160 5430 θοάς

2199 5376 2234 5430 2
2274 5376 2438 5431 habet
2483 5371 2658 5444 οἶμαι.
2759 5373 2806 5406 ⁸⁸
2841 5374 2989 5443 Ἅμα
3027 5405 3099 5413 -
3133 5371 3453 5443 ὑψωθῆναι·
3475 5362 3670 5445 Ηέῖδτκίί

544 5440 680 5517 [aria
713 5457 1051 5517 pascuorum.
1121 5443 1192 5517 _"7
1230 5438 1497 5517 fed.
1525 5446 1559 5498 2
1588 5443 1716 5517 rei:1
1781 5438 1863 5477 ’⁷⁸⁸
1897 5438 2160 5517 Ἑχθρούς

2185 5485 2199 5499 .
2238 5449 2359 5517 cod.
2405 5447 2456 5513 1,
2485 5446 2520 5499 2
2541 5438 2736 5517 prtem.
2773 5438 2922 5517 τούς.
3020 5445 3066 5517 δέ
3098 5438 3353 5517 Ἀκύνζᾳς
3378 5470 3440 5517 -_-
3464 5438 3669 5517 ἐχθροῖς·

537 5511 626 5588 loc
647 5500 892 5588 Scholion
921 5514 1171 5588 exstatin
1192 5500 1323 5588 edit.
1360 5513 1517 5570 Rom.
1546 5513 1793 5588 τῷν-(ξε
1869 5516 1914 5548 ⁸ο
1942 5500 2160 5588 Α’ζὲωσί

2183 5533 2225 5588 ἡ.
2249 5500 2326 5571 Ita
2349 5500 2470 5588 leg.
2507 5500 2566 5571 ἰιῖ
2608 5519 2730 5572 cod.
2781 5500 2935 5588 Alei.
2971 5516 3061 5571 sed
3092 5518 3219 5588 cpit.
3261 5500 3375 5588 Vat.
3401 5500 3669 5588 μειὶἑιξιξφξ·

588 5581 709 5655 cod.
810 5581 976 5655 θείου.
1020 5652 1042 5655 μ
1071 5584 1117 5615 ⁹¹
1151 5583 1471 5652 Μακάριος.
1503 5587 1623 5641 cod.
1655 5584 1688 5637 2
1711 5585 1873 5648 Θεῖος.
1985 5586 2032 5618 ⁸⁸
2068 5589 2157 5655 Σςο

2183 5586 2325 5654 ςδρα.
2362 5581 2596 5642 Additur
2624 5589 2677 5641 in
2709 5587 2832 5642 cod.
2871 5587 3024 5641 Alex.
3063 5581 3267 5641 ﬂ‘Rec.
3300 5583 3535 5655 Ιεοιίοεει
3557 5581 3664 5655 6.1a:-

509 5651 706 5726 .”'_cod.
726 5652 788 5726 _l_,
818 5653 852 5704 2
881 5652 1068 5726 αὐτοῦ,
1098 5669 1220 5726 qua:
1248 5634 1528 5726 etiamjest
1565 5670 1680 5726 rec.
1728 5634 1887 5710 lectio
1931 5657 1982 5710 in
2028 5634 2160 5712 vesz

2216 5634 2426 5712 (graeca.
2526 5659 2572 5689 ⁹⁶
2608 5659 2729 5712 rod.
2785 5660 2817 5710 2
2846 5659 2974 5720 τοὺς
3017 5656 3410 5726 εὐλογοῦνταςο,
3451 5649 3486 5680 ﬂ
3519 5634 3665 5726 milia?

519 5719 638 5798 μέν.
724 5705 2019 5798 ιε’,τοίξτδμςδιρέέιτιπαῖε.ίῖεδηᾱσεάμδξ.
2042 5705 2156 5785 εδδ

2210 5705 2438 5787 ξ-θέῗθέο
2518 5729 2534 5760 ⁸
2563 5705 2816 5798 οξ
2835 5705 3379 5796 2
3396 5705 3664 5777 ἐπανεκλήθη

517 5788 762 5861 χάριτος.
785 5791 962 5868 Curd.
982 5810 1037 5866 p.
1069 5795 1192 5851 669.
1224 5796 1442 5866 χάριτος
1470 5795 1701 5870 ἠξιώθη.
