3842 6510
126 324 259 408 ιιιίι

1362 326 1443 388 ΙΝ
1482 328 1684 387 PSAL.
1721 329 1984 391 XXXVI.

3179 344 3313 425 mi

178 458 263 517 κε’,
291 455 392 515 κς’.
427 465 447 499 ι
475 445 747 516 Νεώτερος
778 442 1064 512 ἐγενόμην,
1110 440 1333 513 καὶγὰρ
1362 444 1629 514 ὲγήρασα.

1810 446 1970 502 Vens.
2015 449 2120 515 25,
2169 450 2260 505 26.
2308 472 2325 503 ε
2360 450 2553 507 Junior
2589 453 2664 508 fui
2691 494 2706 518 ,
2755 455 2885 522 quin
2920 457 3084 512 etiam
3121 478 3318 516 conse-

123 546 195 601 ιιαὶ
216 544 305 596 οὐκ
335 536 471 593 εἶδον
506 538 712 590 δίκαιον
759 532 1354 603 ἐγκαταλελειμμένον,
1416 534 1537 587 οὐδὲ
1578 534 1639 586 τὸ

126 638 310 705 σπέρμα
369 630 528 683 αὑτοῦ
574 626 765 698 ζητοῦν
814 626 1034 697 ἄρτους.
1068 624 1237 695 Ὅλην
1282 627 1384 694 τὴν
1424 625 1638 697 ἡμέραν

1744 541 1860 604 nui,
1891 552 1949 596 et
1970 556 2077 596 non
2112 542 2216 597 vidi
2243 543 2457 612 justum
2483 546 2821 611 derelictum,
2854 563 2954 603 nec
2987 565 3174 605 semen
3200 553 3320 623 ejus

1740 646 1992 701 quaerens
2019 648 2236 703 panem.
2275 633 2414 690 Toto
2446 637 2535 691 die
2573 638 2863 693 miseretur
2885 680 2900 703 ,
2934 649 2988 694 et
3012 642 3323 699 commodat

120 730 233 785 ιλεεῖ
260 724 345 779 καὶ
374 721 607 785 δανείζει
628 722 655 773 ό
676 720 884 782 δίκαιος
908 720 953 786 ³,
990 717 1087 771 καὶ
1111 716 1173 771 τὸ
1209 718 1435 788 σπέρμα
1471 716 1637 771 αὑτοῦ

1750 722 1920 791 iustus
1943 763 1959 788 ,
2000 736 2054 779 et
2083 742 2265 780 semen
2309 726 2458 782 illius
2488 727 2540 781 in
2585 730 2965 786 benedictione
2996 735 3121 787 erit.
3166 753 3184 785 ε
3212 732 3321 791 Nec

119 825 181 880 tt;
199 816 428 885 εὐλογίαν
475 813 651 868 ἔσται.
693 831 711 864 ι
744 812 855 866 Καὶ
904 812 1022 874 νέος
1053 810 1162 875 ὢν,
1198 810 1292 864 καὶ
1342 812 1423 875 είς
1459 812 1638 881 γῆρας

118 913 273 973 ἐλθὼν,
318 908 413 962 οὐκ
460 901 628 960 οἷδα⁸
677 904 1013 975 θεασάμενος
1043 904 1250 957 δίκαιον
1309 903 1450 974 τῆςδ
1488 903 1639 968 θείας

117 1008 284 1075 ἔρημον
327 997 581 1071 προνοίας
634 996 927 1066 γενόμενον
949 997 994 1052 ⁸.
1040 994 1101 1049 '0
1145 996 1255 1066 γάρ
1304 1012 1386 1049 τοι
1431 994 1639 1059 δίκαιος

116 1098 273 1170 κριτὴς
318 1095 376 1149 οὐ
433 1095 594 1163 μόνον
648 1090 849 1155 αὐτῶν,
899 1088 1037 1143 ἀλλά
1079 1089 1176 1141 καὶ
1223 1088 1335 1142 τῶν
1368 1086 1428 1153 ἐξ
1457 1088 1638 1142 αὐτῶν

118 1187 353 1259 φυομένων
398 1186 582 1238 πᾶσαν
628 1183 865 1236 ποιεῖται
930 1178 1272 1250 κηδεμονίαν.
1332 1178 1490 1232 Οὕτω
1543 1179 1636 1232 τοῦ

126 1278 305 1353 Ἰσραὴλ
347 1276 441 1331 καὶ
476 1274 654 1332 ταῦτα
679 1275 700 1305 ⁸
736 1272 1202 1344 παρανομοῦντος,
1244 1272 1334 1326 διὰ
1370 1272 1470 1344 τὴν
1504 1289 1637 1343 προ-

116 1373 295 1442 γονικὴν
332 1369 532 1440 ἀρετὴν
580 1364 912 1438 προύνοήθη.
946 1364 1103 1419 Οὖτω
1150 1365 1245 1419 τοῦ
1296 1364 1638 1435 Σολομῶντος

115 1462 394 1535 ἠσεϐηκότος
422 1460 687 1530 ἠνέσχετο
705 1458 794 1512 διὰ
814 1455 914 1529 τὴν
945 1455 1207 1537 πατρῴαν
1241 1455 1537 1526 φιλοθεῖαν.
1565 1457 1638 1509 Τὸ

117 1558 174 1622 δὲ,
197 1576 211 1608 ι
236 1554 388 1625 Ὅλην
406 1553 508 1623 τὴν
532 1552 755 1625 ἡμέραν
778 1550 920 1606 ἐλεεῖ
946 1550 1041 1603 καὶ
1063 1548 1294 1613 δανείζει
1320 1550 1349 1602 ὁ
1373 1548 1599 1612 δίκαιος,
1614 1569 1632 1600 ι

117 1652 191 1712 τὰς
214 1644 542 1707 παντοδαπὰς
586 1641 681 1696 τοῦ
728 1642 936 1696 δικαίου
976 1639 1297 1711 εὐεργεσίας
1334 1639 1506 1711 δηλοῖ,
1540 1639 1638 1703 τὰς

1741 830 1867 879 cum
1891 831 2070 871 essent
2094 818 2301 887 junior,
2332 835 2510 889 neque
2533 821 2687 875 senio
2715 821 3021 891 confectus,
3053 826 3198 891 novi,
3223 842 3322 881 nec

1741 908 1853 962 vidi
1897 908 2111 978 justum
2163 910 2348 965 divina
2398 912 2740 982 providentia
2794 913 3120 971 destitutum
3180 933 3319 971 esse.

1740 999 1961 1055 Etenim
1991 1001 2178 1070 justus
2196 1003 2363 1068 judex
2386 1020 2495 1059 non
2519 1006 2682 1061 modo
2713 1007 2979 1076 ipsorum,
2997 1009 3091 1064 sed
3116 1014 3133 1033 ‘
3157 1012 3320 1064 etiam

1742 1090 1999 1158 illorum,
2050 1094 2146 1163 qui
2189 1109 2258 1148 ex
2304 1095 2440 1164 ipsis
2488 1107 2827 1162 nascuntur,
2879 1114 3096 1154 omnem
3131 1115 3319 1157 curam

1741 1185 1901 1255 gerit.
1926 1185 2018 1240 Sic
2045 1185 2267 1242 lsraelis
2293 1187 2459 1243 etiam
2488 1189 2603 1244 haec
2634 1191 2797 1261 impie
2823 1192 3036 1262 agentis
3055 1232 3070 1254 ,
3105 1192 3177 1247 ob
3213 1209 3325 1246 ma—

1734 1278 1919 1348 jorum
1951 1279 2210 1335 virtutem
2240 1280 2510 1335 rationem
2545 1281 2751 1337 habuit.
2785 1283 2989 1339 Eodem
3024 1285 3189 1340 modo
3222 1284 3321 1339 Sa-

1740 1370 2015 1426 lomonem
2059 1368 2225 1440 impie
2271 1380 2588 1439 peccantem
2633 1373 2703 1426 ob
2750 1383 3031 1441 paternam
3070 1375 3321 1444 pietatem

1741 1461 1983 1533 pertulit.
2008 1461 2124 1516 Hoc
2150 1470 2332 1516 autem
2358 1503 2375 1529 ,
2416 1481 2434 1513 (
2473 1459 2612 1517 Toto
2637 1463 2726 1517 die
2757 1465 3050 1519 miseretur
3084 1476 3138 1522 et
3171 1483 3323 1531 cotu-

1741 1552 1927 1606 modat
1963 1551 2146 1623 justus
2169 1591 2186 1618 ,
2219 1570 2238 1604 ι
2282 1552 2462 1608 omnis
2511 1555 2729 1623 generis
2768 1555 3031 1611 beneficia
3067 1555 3199 1625 justi
3232 1557 3324 1614 de-

1742 1645 1921 1715 signat
1949 1664 1963 1699 :
1998 1645 2281 1711 videlicet,
2313 1661 2599 1733 perppes,
2626 1662 2721 1717 per
2750 1648 2966 1719 negotia
2987 1690 3003 1715 ,
3037 1664 3131 1719 per
3161 1651 3323 1705 verba

117 1741 181 1793 διὰ
198 1738 470 1809 χρημάτων
491 1735 535 1799 ⁷,
568 1735 669 1799 τὰς
692 1733 781 1788 διὰ
802 1732 1146 1805 πραγμάτων
1166 1731 1208 1797 ⁸,
1232 1732 1330 1796 τὰς
1352 1730 1442 1785 διὰ
1462 1730 1638 1800 λόγων

1750 1748 1798 1794 et
1831 1739 2084 1794 consilia.
2121 1738 2248 1795 Haec
2287 1730 2423 1796 vero
2470 1742 2714 1806 faciens,
2760 1743 3054 1799 miseretur
3100 1744 3341 1813 quidem

118 1832 189 1885 καὶ
226 1826 551 1899 συμϐουλῶν.
603 1826 790 1881 Ταῦτα
842 1825 900 1879 δὲ
949 1824 1142 1888 ποιῶν,
1190 1824 1333 1878 ἐλεεῖ
1380 1823 1481 1895 μὲν
1516 1824 1638 1887 τοὺς

1750 1844 1968 1897 eorum,
2001 1830 2095 1900 qui
2143 1831 2260 1885 haec
2298 1842 2710 1902 consequuntur
2746 1846 2760 1885 :
2796 1834 3111 1887 commodat
3140 1845 3321 1890 autem

117 1917 450 1981 ἀπολαύοντας,
483 1915 727 1981 δανείζει
757 1915 815 1968 δὲ
842 1914 923 1986 τῷ
945 1914 1154 1968 τούτων
1173 1917 1195 1948 ⁹
1222 1914 1342 1985 Θεῷ
1360 1930 1374 1943 ·
1404 1932 1422 1965 t
1459 1914 1519 1967 Ὀ
1533 1916 1641 1985 γὰρ

115 2012 255 2075 ἐλεῶν,
275 2009 417 2080 φησὶ,
443 2010 689 2080 πτωχὸν,
716 2007 953 2073 δανείζει
973 2006 1147 2079 Θεῷ,›
1176 2006 1254 2071 ώς
1286 2008 1348 2061 τὸ
1373 2010 1415 2040 ⁸⁸
1443 2008 1574 2062 αὐτὸ
1597 2011 1635 2040 ¹¹

114 2103 225 2155 ἔλεον
247 2096 372 2154 εἶναι
409 2100 506 2153 καὶ
531 2099 822 2169 δάνεισμα.

161 2192 242 2258 κζ’.
277 2212 294 2245 ‹
339 2191 636 2245 Ἔκκλινον
672 2191 782 2246 ἀπὸ
810 2189 1009 2256 κακοῦ,
1041 2189 1133 2244 καὶ
1159 2190 1386 2260 ποίησον
1415 2191 1635 2259 ἀγαθὸν,

112 2288 180 2341 καὶ
208 2286 529 2357 κατασκηνου
588 2286 669 2348 είς
710 2284 886 2339 αίῶνα
915 2284 1131 2347 αἰῶνος.
1170 2303 1188 2334 ι
1238 2282 1421 2337 Ταῦτα
1458 2284 1639 2339 τοίνυν

111 2379 264 2441 εἰδότες
297 2376 538 2441 ἅπαντες
604 2375 884 2447 ἄνθρωποι
910 2415 927 2439 ,
974 2376 1070 2429 καὶ
1122 2374 1504 2446 μεμαθηκότες
1539 2377 1638 2447 τῆς

112 2470 265 2542 ἀρετῆς
291 2470 378 2523 καὶ
402 2468 505 2539 τῆς
534 2469 741 2533 κακίας
778 2468 848 2523 τά
886 2469 1161 2540 ἐπίχειρα,
1206 2469 1437 2538 φεύγετε
1462 2469 1504 2501 ⁸³
1540 2470 1638 2539 μὲν

112 2566 181 2633 τῆς
200 2563 377 2626 κακίας
410 2560 483 2615 τά
513 2560 641 2632 εἴδη
664 2601 677 2625 ,
711 2558 969 2615 όδεύσατε
1003 2559 1061 2613 δὲ
1098 2560 1196 2631 τὴν
1225 2559 1470 2615 ὲναντίαν
1497 2559 1635 2625 ὁδὸν,

114 2655 172 2706 iu
195 2652 284 2706 τῶν
298 2651 531 2706 αιωνίων
560 2650 785 2720 ἀγαθῶν
808 2650 1177 2721 άπολαύσητε.

160 2750 243 2815 κη’,
268 2743 364 2800 κθ’.
399 2762 418 2797 ε
456 2745 591 2798 Ὀτι
634 2744 841 2814 Κύριος
890 2745 1080 2816 ἀγαπᾷ
1136 2743 1351 2816 κρίσιν,
1404 2745 1498 2799 καὶ
1537 2746 1637 2798 οὐκ

112 2836 435 2903 ίγκαταλείπει
463 2837 511 2868 ¹³
560 2838 691 2901 τοὺς
726 2836 909 2901 ὁσίους
972 2835 1174 2903 αὑτοῦ,
1225 2839 1307 2891 ὃτι
1334 2837 1379 2869 ⁸³
1418 2839 1502 2901 εἰς
1546 2837 1638 2889 τὸν

111 2928 237 2981 αἰῶνα
299 2928 744 3001 φυλαχθήσονται
778 2944 794 2960 ο
859 2928 1055 3000 ἄνομοι
1126 2929 1184 2983 δὲ
1249 2929 1639 3001 ὲκδιωχθήσον-

109 3036 172 3073 ται
185 3020 238 3086 ¹³,
260 3022 343 3074 καὶ
367 3022 602 3094 σπέρμα
622 3021 838 3077 ἀσεϐῶν
858 3021 1637 3093 ὲξολοθρευθήσεταιηΔίκαιοι

1746 1920 1942 1976 horum
1973 1921 2141 1995 8&0
2171 1922 2315 1979 Deo:
2351 1943 2369 1975 ι
2399 1923 2503 1991 Qui
2531 1929 2677 1980 enim
2704 1925 3019 1989 miseretur,
3054 1928 3151 1991 ait,
3190 1943 3327 1998 pau-

1744 2013 1913 2082 peris,
1948 2015 2268 2069 commodat
2296 2014 2407 2071 Deo
2443 2033 2457 2070 :
2489 2025 2549 2071 ut
2578 2017 2719 2073 idem
2758 2016 2829 2072 sit
2858 2018 3233 2073 misericordia
3259 2035 3322 2075 ac

1745 2114 1997 2160 mutuum
2025 2116 2129 2161 ιογ.
2160 2127 2180 2159 ι

1817 2196 1984 2254 Vens.
2032 2200 2124 2255 27.
2180 2219 2198 2253 ι
2236 2201 2463 2257 Declina
2492 2220 2523 2259 a
2563 2204 2742 2269 malo,
2788 2216 2844 2261 et
2876 2204 2966 2262 fac
2998 2208 3235 2275 bonum,
3270 2219 3326 2264 et

1745 2289 1932 2346 babita
1962 2293 2019 2346 in
2056 2294 2316 2349 saeculum
2350 2294 2557 2350 saeculi.
2588 2313 2606 2346 ι
2641 2294 2776 2350 Cum
2809 2297 2924 2354 haec
2952 2299 3120 2370 igitur
3157 2316 3323 2358 nove-

1744 2383 1866 2439 ritis
1894 2399 1993 2439 vos
2021 2400 2214 2442 omnes
2250 2388 2533 2454 homines,
2574 2405 2811 2460 cumque
2844 2393 3068 2462 prtemia
3104 2394 3321 2450 virtutis

1742 2484 1798 2531 et
1837 2477 2059 2532 malitia:
2089 2479 2424 2546 didiceritis,
2463 2480 2632 2551 fugite
2660 2482 2882 2551 quidem
2924 2484 3150 2540 sceleris
3193 2502 3319 2555 spe-

1743 2566 1880 2634 cies,
1911 2568 2191 2631 ambulate
2226 2586 2357 2625 vero
2391 2572 2722 2628 contrariam
2761 2574 3008 2640 viam,ut
3034 2576 3320 2645 sempiter-

1742 2660 1830 2715 nis
1857 2661 2015 2717 bonis
2038 2662 2420 2732 perfruamini.

1818 2751 1979 2811 Vens.
2005 2754 2095 2820 28,
2121 2755 2211 2810 29.
2249 2775 2267 2809 ι
2298 2756 2436 2824 Quia
2464 2757 2727 2816 Dominus
2757 2770 2905 2815 amat
2933 2760 3198 2831 judicium
3222 2804 3237 2829 ,
3264 2773 3319 2817 et

1745 2859 1852 2901 non
1896 2846 2241 2919 derelinquat
2292 2861 2516 2907 sanctos
2558 2867 2730 2916 suos,
2777 2854 2905 2923 quia
2941 2853 2997 2910 in
3045 2864 3313 2910 aeternum

1743 2940 2247 3005 conservabuntur;
2283 2940 2469 3010 injusti
2500 2950 2683 2996 autem
2714 2942 3029 3012 punientur,
3052 2955 3107 2999 et
3128 2960 3315 3001 semen

1744 3027 2034 3097 impiorum
2057 3031 2274 3099 peribit.
2296 3030 2439 3087 Justi
2463 3044 2644 3089 autem
2668 3033 3072 3091 bzereditabunt
3093 3046 3316 3104 terram,

108 3112 621 3185 δὲκληρονομήσουσι
673 3115 801 3185 γῆν,
852 3115 949 3167 καὶ
988 3112 1509 3185 κατασκηνώσουσιν
1558 3117 1637 3178 είς

1750 3129 1797 3176 et
1828 3121 2154 3177 habitabunt
2190 3123 2245 3179 in
2277 3126 2535 3181 saeculum
2565 3127 2750 3182 seculi
2781 3143 2947 3199 super
2974 3144 3058 3185 ea.
3092 3150 3110 3183 ι
3147 3129 3320 3187 Recto

109 3204 237 3259 αἰῶνα
258 3206 447 3271 αίῶνος
476 3207 576 3260 ἐπ’
599 3207 791 3279 αὐτῆς.
820 3226 840 3259 ι
879 3206 1044 3278 Ὀρθῇ
1072 3205 1169 3259 καὶ
1194 3205 1379 3277 δικαία
1395 3207 1577 3276 κρίσει
1596 3208 1641 3239 ¹⁶

108 3296 335 3367 χρώμενος
380 3299 492 3352 τῶν
542 3297 684 3352 ὅλων
720 3301 750 3352 ό
782 3298 993 3369 Κύριος
1024 3300 1322 3369 προσφυεῖς
1367 3300 1480 3361 τοῖς
1524 3301 1644 3351 ἐπι-

107 3389 353 3461 τηδεύμασι
386 3391 486 3455 τὰς
536 3391 839 3455 ἀντιδόσεις
872 3392 1163 3461 ποιήσεται
1198 3405 1211 3417 ·
1254 3392 1349 3443 καὶ
1378 3391 1505 3455 τοὺς
1544 3392 1643 3462 μὲν

105 3481 178 3551 τῆς
215 3482 558 3555 δικαιοσύνης
602 3483 839 3557 ἐραστάς
889 3483 1074 3553 πάσης
1117 3481 1343 3548 ἀξιώσει
1407 3484 1643 3556 κηδεμο-

106 3575 211 3639 νίας,
242 3576 360 3640 τοὺς
403 3577 463 3630 δὲ
501 3575 777 3631 τάναντία
818 3576 1289 3647 προαιρουμένους
1336 3578 1642 3631 ἀνασπάσει

106 3670 405 3741 προρρίζους.
444 3669 673 3724 Οὖτωίτ
695 3669 824 3732 τοὺς
850 3668 1128 3739 ἑκατέρων
1163 3669 1345 3736 δείξας
1368 3671 1640 3743 καρποὺς,

105 3756 296 3813 διδάσκει
346 3759 567 3824 λοιπὸν,
625 3759 744 3821 πῶς
790 3756 970 3811 ἔνεστι
1029 3756 1129 3829 τὴν
1180 3757 1259 3829 τῷ
1312 3757 1430 3829 Θεῷ
1482 3758 1642 3829 φίλην

104 3851 395 3920 κατορθῶσαι
411 3849 793 3921 δικαιοσύνην.
1060 3889 1063 3892 ‹

153 3940 207 4005 λ’,
228 3942 321 3999 λα’.
364 3963 383 3996 ε
412 3944 613 4015 Στόμα
638 3942 853 3996 δικαίου
904 3942 1195 4014 μελετήσει
1230 3942 1443 4012 σοφίαν,
1475 3945 1569 3996 καὶ
1608 3946 1641 4014 ἡ

104 4028 279 4096 γλῶσσα
306 4032 472 4088 αὑτοῦ
508 4031 743 4104 λαλήσει
782 4032 986 4103 κρίσιν.
1030 4033 1090 4087 Ὀ
1113 4033 1281 4102 νόμος
1308 4033 1403 4086 τοῦ
1439 4033 1573 4086 Θεοῦ
1599 4035 1643 4067 ¹⁸

102 4124 145 4173 ἐν
171 4125 347 4197 καρδίᾳ
375 4124 574 4183 αὐτοῦ.
624 4126 719 4179 καὶ
746 4125 847 4196 οὐχ
880 4123 1407 4196 ὐποσκελισοήσεται
1441 4125 1635 4197 διαϐή-

104 4230 218 4282 pata.
260 4216 444 4273 αὑτοῦ,
488 4237 509 4270 ι
556 4216 869 4287 Προσήκει,
918 4215 1089 4286 φησὶ,
1148 4216 1251 4268 κάν
1288 4218 1355 4287 τῇ
1399 4216 1639 4289 γλώττῃ,

104 4307 178 4358 κὰν
197 4311 254 4379 τῇ
286 4308 499 4381 διανοίᾳ
552 4309 621 4363 τά
661 4308 781 4361 θεῖα
808 4308 964 4377 λόγια
1009 4308 1368 4379 περιφέρειν,
1404 4310 1499 4364 καὶ
1542 4312 1640 4382 τὴν

103 4396 271 4452 τούτων
322 4401 564 4473 μελέτην
603 4400 878 4455 ποιεῖσθαι
909 4400 1194 4471 διηνεκῶς.
1229 4401 1387 4456 Οὕτω
1438 4402 1548 4475 γὰρ
1582 4403 1641 4456 τὸ

1748 3217 1803 3266 et
1819 3211 1971 3280 justo
1986 3211 2197 3282 judicio
2227 3223 2383 3270 utens
2412 3216 2791 3273 universorum
2819 3217 3103 3286 Dominus,
3137 3237 3321 3276 remu-

1750 3304 2060 3360 nerationes
2079 3306 2274 3362 studiis
2290 3309 2729 3365 accommodatas
2746 3311 2916 3366 dabit.
2935 3309 3170 3367 Justitia:
3196 3313 3323 3384 qui-

1750 3390 1872 3446 dem
1899 3392 2139 3448 cultores
2160 3394 2307 3449 omni
2334 3409 2465 3449 cura
2497 3396 2850 3467 dignabitur;
2883 3400 3161 3455 contraria
3192 3415 3324 3455 vero

1748 3484 2012 3555 eligentes
2046 3485 2312 3542 radicitus
2355 3488 2568 3544 evellet.
2614 3489 2706 3545 Sic
2749 3500 3109 3563 utrorumque
3146 3492 3323 3548 fructu

1749 3579 2057 3651 patefacto,
2088 3580 2247 3639 docet
2286 3582 2544 3656 deinceps
2572 3587 2850 3657 quomodo
2883 3589 3060 3658 possit
3084 3589 3195 3644 Deo
3230 3605 3326 3643 ac-

1750 3684 1904 3745 cepta
1931 3675 2143 3746 justitia
2165 3676 2431 3732 exerceri.

1822 3935 1990 3992 Vens.
2018 3937 2109 4001 50,
2138 3938 2228 3993 31.
2270 3956 2288 3988 ι
2320 3936 2394 3994 Os
2422 3941 2555 4010 justi
2591 3942 2940 3999 meditabitur
2974 3948 3325 4016 sapientiam,

1749 4037 1803 4083 et
1836 4028 2021 4099 lingua
2065 4029 2185 4100 ejus
2219 4031 2475 4101 loquetur
2515 4020 2807 4103 judicium.
2840 4036 2951 4092 Lex
3003 4037 3095 4093 Dei
3124 4041 3245 4109 ejus
3275 4043 3327 4095 in

1748 4124 1915 4179 corde
1942 4124 2135 4194 ipsius,
2159 4132 2213 4178 et
2235 4138 2342 4178 non
2375 4125 2872 4195 supplantabuntur
2897 4145 3121 4200 gressus
3141 4132 3282 4200 ejus.
3305 4154 3322 4182 ι

1749 4217 2018 4272 Decorum
2041 4225 2146 4279 est,
2178 4215 2376 4284 inquit,
2412 4222 2468 4268 et
2496 4215 2684 4286 lingua
2711 4225 2765 4271 et
2792 4232 2974 4274 mente
3004 4219 3189 4277 divina
3216 4225 3329 4277 elo-

1748 4307 1876 4378 quia
1899 4304 2276 4368 circumferre,
2300 4314 2353 4359 et
2380 4305 2495 4361 haec
2519 4321 2735 4376 semper
2766 4309 3038 4366 meditari.
3067 4310 3159 4367 Sic
3179 4315 3325 4368 enim

1751 4388 1970 4454 virtutis
2006 4397 2289 4454 studiosus
2320 4397 2452 4467 quid
2482 4399 2749 4469 agendum
2780 4402 2852 4457 sit
2885 4404 3124 4469 discens,
3162 4407 3328 4461 intre-

104 4492 337 4557 πρακτέον
364 4493 659 4565 μανθάνων
692 4496 722 4547 ό
749 4493 849 4564 τῆς
878 4492 1078 4564 ἀρετῆς
1108 4494 1366 4566 ἐραστὴς,
1390 4495 1637 4565 ἀτρεμὴς

1750 4493 1908 4563 pidus
1937 4500 1990 4545 et
2033 4488 2327 4544 immobilis
2376 4491 2655 4556 manebit,
2704 4495 2957 4563 superior
2997 4495 3172 4553 factus
3225 4499 3325 4562 iis,

105 4584 279 4648 pave?"
303 4588 394 4640 καὶ
420 4585 747 4649 ἀσάλευτος,
776 4585 886 4639 τῶν
919 4585 1251 4639 καταϐαλεῖν
1293 4587 1640 4658 ἐπιχειρούν-

102 4685 188 4722 των
227 4677 663 4749 περιγινόμενος.
702 4677 892 4732 Ταῦτα
922 4676 1017 4730 καὶ
1061 4679 1119 4730 έν
1169 4677 1249 4747 τῷ
1287 4677 1491 4749 πρώτῳ
1536 4679 1639 4751 ἔφη

102 4762 292 4837 ψαλμῷ·
322 4787 341 4821 ε
386 4770 533 4823 Ἀλλ’
568 4772 626 4824 ἑν
653 4772 699 4802 ⁸⁸
751 4768 831 4841 τῷ
880 4769 1033 4841 νόμῳ
1067 4770 1274 4842 Κυρίου
1325 4772 1382 4825 τὸ
1429 4770 1640 4842 Θέλημα

104 4854 257 4923 αὑτοῦ,
281 4861 372 4913 καὶ
396 4863 441 4894 ’ί
483 4862 544 4915 ὲν
577 4860 655 4932 τῷ
693 4861 844 4932 νόμῳ
885 4859 1052 4915 αὐτοῦ
1098 4861 1382 4933 μελετήσει
1428 4863 1641 4934 ἡμέρας

106 4947 179 5001 καὶ
205 4953 383 5017 νυκτός
406 4970 421 4983 ο
456 4974 476 5006 ι
517 4955 614 5009 καὶ
642 4953 710 5007 τά
735 4952 885 5024 ἑξῆς.
920 4936 924 4940 θ

161 5076 228 5117 xoy
262 5070 416 5129 Ριιον,
460 5089 552 5129 χιχ
582 5117 597 5140 ,
640 5073 728 5127 17.
807 5084 832 5113 ι
871 5071 1015 5128 Psal.
1061 5088 1113 5134 t,
1154 5072 1210 5125 2.

1748 4586 1841 4656 qui
1872 4585 2024 4640 illum
2048 4584 2115 4639 de
2135 4593 2280 4639 statu
2303 4599 2405 4638 suo
2430 4583 2669 4653 dejicere
2691 4598 2982 4643 conantur.
3007 4589 3168 4663 841
3199 4589 3327 4645 Haec

1748 4691 1802 4733 et
1832 4679 1885 4732 in
1917 4678 2095 4747 primo
2117 4676 2327 4747 psalmo
2354 4676 2491 4729 dixit
2521 4697 2533 4730 :
2574 4694 2593 4727 ι
2622 4677 2727 4733 Sed
2764 4680 2816 4733 in
2848 4680 2965 4751 lege
2993 4681 3207 4736 Domini
3241 4700 3328 4737 vo-

1752 4772 1932 4826 luntas
1960 4771 2112 4839 ejus.
2147 4770 2278 4824 etin
2313 4769 2429 4838 lege
2457 4768 2578 4838 ejus
2615 4772 2967 4829 meditabitur
2999 4775 3087 4830 die
3123 4792 3188 4831 ac
3227 4793 3327 4832 no-

1751 4872 1837 4919 cte
1864 4875 1888 4902 ⁸
1910 4903 1924 4928 ,
1952 4881 1969 4912 ι
2005 4871 2058 4916 et
2085 4875 2207 4930 qua
2233 4868 2554 4928 sequuntur.

1197 5165 1429 5221 VARIAS
1472 5165 1858 5223 LECTIONES
1908 5164 1998 5222 ET
2031 5164 2263 5221 ΝΟΤᾸΞ.

190 5281 209 5312 ³
244 5282 295 5334 '0
322 5282 570 5350 δίκαιος.
613 5274 844 5339 Additur
870 5284 923 5338 in
959 5284 1082 5337 cod.
1115 5282 1271 5335 Alex.

109 5346 290 5430 δίκαιον
350 5346 914 5430 ἐγκαταλελειμμένον
948 5354 1152 5430 ,ἡγουνὲ
1186 5353 1307 5422 τῆς.

108 5435 295 5474 τοιαυτα
303 5463 316 5476 .

107 5488 194 5561 τῶν
230 5492 373 5549 ὅλων.
479 5488 539 5527 ¹⁰’
579 5488 700 5550 an.
742 5496 804 5561 1,
849 5496 884 5549 2
937 5494 1098 5550 ὥστε.

110 5557 476 5637 Euganeum,
522 5583 643 5637 qua:
682 5576 765 5637 est
792 5557 1134 5637 ’τευκΙ-υοιὶο.

112 5701 212 5753 cod.
268 5702 301 5757 2
358 5706 502 5761 addit
550 5708 662 5763 καί.

117 5766 315 5833 ipim.
391 5778 434 5808 ιο
455 5780 570 5834 cod.
618 5779 669 5846 ι,
712 5778 883 5832 2a).):
914 5780 967 5849 ἦ.

1385 5282 1407 5313 ⁸
1443 5280 1566 5337 cod.
1607 5282 1642 5336 2
1679 5278 1841 5346 εἶδον,
1886 5282 2091 5336 οηιίεευ
2125 5281 2480 5351 θεασάμενος.

1431 5354 1453 5384 ⁸
1507 5354 1631 5406 cod.
1697 5353 1732 5408 2
1788 5353 2044 5424 προνοίας
2093 5353 2383 5424 γενόμενον
2435 5353 2662 5423 ἔρημον.

418 5427 438 5458 ⁷
481 5422 821 5494 Χρημάτων.
863 5422 990 5479 cod.
1020 5425 1072 5485 1,
1121 5424 1157 5477 2
1186 5422 1547 5522 πραγμάτων.
1621 5424 1643 5456 ⁸
1674 5422 2056 5504 Πραγμᾴτων.
2120 5423 2242 5477 cod.
2282 5424 2304 5475 1

479 5496 521 5527 ²⁰
579 5498 700 5549 cod.
742 5496 804 5549 1.
849 5496 884 5549 2
937 5494 1098 5549 ὥστε.
1256 5495 1271 5523 ¹
1300 5494 1478 5547 Αῠτό.
1531 5495 1651 5548 cod.
1700 5497 1725 5548 1
1785 5494 1935 5549 addit
1979 5492 2093 5548 καί.
2220 5494 2260 5525 ¹²
2300 5519 2304 5540 ε

1248 5564 1289 5595 ¹³
1327 5564 1469 5616 Ὅτι.
1504 5563 1671 5620 Abest
1700 5580 1730 5619 a
1776 5581 1919 5619 vers.
1953 5564 2063 5616 τῶν
2090 5564 2166 5617 0'.

114 5624 215 5709 Des.
242 5633 294 5709 in
326 5624 473 5709 testu
500 5624 660 5692 Hebr.
689 5636 745 5690 ln
777 5637 897 5709 cod.
938 5634 1109 5709 Yatic.
1144 5705 1157 5709 _
1180 5634 1286 5709 leg.
1309 5634 1541 5709 ἄμωμοι
1568 5636 1638 5709 ~ita

1750 5634 2074 5709 ηθήσονται.Δ
2143 5634 2186 5665 ³⁸
2216 5635 2442 5709 Κρίσει.
2475 5624 2611 5691 ἐοιι
2674 5637 2709 5690 2
2742 5641 2953 5709 χρήσει.

2594 5282 2617 5313 ⁸
2662 5284 2901 5337 Δίκαιον
2949 5284 3081 5354 τῆς.
3116 5289 3237 5343 cod.
3284 5292 3319 5345 2

2791 5356 2812 5387 ⁸
2852 5356 3062 5410 Ταῦτα.
3116 5359 3237 5414 cod.
3290 5364 3311 5414 1

2360 5424 2678 5493 χρημάτων.
2757 5427 2778 5458 ⁸
2811 5429 3059 5482 Τούτων.
3107 5430 3228 5484 cod.
3283 5434 3319 5485 2

2220 5494 2260 5525 ¹¹
2300 5497 2421 5548 cod.
2476 5496 2501 5548 1
2531 5537 2544 5560 ,
2591 5494 2626 5549 2
2661 5495 2894 5565 φύγητε.
3004 5499 3046 5529 ¹³
3102 5501 3223 5554 rod.
3283 5512 3318 5555 2

2249 5565 2294 5596 ¹⁸
2333 5565 2577 5633 ’Δνομοι
2654 5565 2723 5619 δὲ
2779 5567 3313 5638 ὲκδιωχθήσονται.

2249 5635 2442 5691 ἶοίσει.
2491 5635 2611 5691 cod.
2674 5637 2709 5690 2
2742 5641 2953 5691 γοῆσει.
3033 5641 3072 5669 ¹⁷
3126 5642 3313 5691 Οὕτω-

3188 5660 3313 5697 υτω.

769 5708 811 5779 ’ξ
837 5707 1004 5779 Θεοῦ.
1062 5705 1181 5779 cod.
1227 5703 1277 5779 Δ2
1326 5705 1474 5758 addit
1522 5707 1638 5779 αὐτ(

1750 5703 1943 5775 Sicque
2004 5705 2168 5779 etiam
2219 5707 2320 5775 leg.
2382 5706 2433 5759 in
2490 5723 2625 5762 vers.
2698 5703 2934 5762 τῶνυκ
3000 5703 3189 5766 "cod.
3260 5712 3314 5779 1,

1065 5778 1104 5809 ²¹
1137 5776 1242 5831 Καὶ
1276 5806 1343 5817 —-
1376 5778 1615 5843 νυκτός.
1661 5778 1824 5832 Abest
1858 5774 1894 5830 7a
1924 5777 2047 5830 col.
2070 5774 2124 5827 2.
