3842 6514
498 366 634 433 1135

1481 345 1969 414 THEODORETI
2005 343 2341 405 EPlSCOPl
2380 343 2746 404 CYRENSIS

3568 354 3673 421 1196

573 474 842 541 “235.32,
865 475 953 531 35.
975 492 993 525 ι
1007 470 1274 527 lnsidiose
1294 468 1548 525 observat
1568 471 1822 535 peccator
1837 460 2067 529 justum,

2242 456 2342 526 λβν,
2368 455 2467 523 λγ’.
2501 476 2518 507 ι
2557 457 2832 509 Κατανοεῖ
2858 457 2886 509 6
2920 455 3244 527 ἁμαρτωλὸς
3266 456 3354 510 τὸν
3381 459 3578 525 δίκαιον,
3605 476 3675 522 καὶ

412 569 417 573 ’
499 584 553 627 et
580 570 777 641 quierit
826 577 885 623 ut
925 566 1142 621 occidat
1182 577 1330 619 eum.
1370 564 1389 583 ⁶
1432 556 1693 612 Dominus
1742 562 1922 605 autem
1964 564 2071 602 non

500 638 848 731 derelinquet
888 674 1013 714 eum
1060 658 1115 712 in
1162 654 1420 709 manibus
1458 650 1617 718 ejus,
1664 658 1762 698 nec
1792 638 2075 696 damnabit.

500 768 647 823 curn,
679 771 804 811 cum
832 753 1104 824 judicium
1139 750 1345 803 feretur
1376 744 1444 797 de
1479 741 1596 794 illo.
1629 759 1646 789 ι
1682 733 1927 791 Diversis
1959 744 2076 784 mo-

500 854 585 909 dis
626 852 815 907 eadem
860 848 1031 910 dicit,
1084 843 1277 912 majori
1329 833 1687 893 meditatione
1740 827 2074 883 tenaciorem

501 944 822 999 memoriam
856 938 1082 992 faciens.
1120 933 1259 986 Dicit
1292 938 1474 984 autem
1526 922 1821 978 Dominum
1848 915 2076 972 minime

500 1039 883 1107 despecturum
907 1044 1028 1085 esse
1060 1026 1339 1082 hominem
1368 1023 1601 1093 justum,
1627 1031 1751 1070 cum
1781 1014 1849 1068 ab
1875 1010 2077 1080 iniquis

502 1098 816 1181 hominibus
842 1117 1056 1173 insidiis
1084 1114 1308 1184 petitur,
1350 1122 1527 1178 neque
1550 1104 1903 1161 adhazsurum
1941 1098 2077 1169 ipsis

500 1215 596 1287 qui
629 1213 756 1268 talia
783 1209 1022 1271 audent,
1053 1204 1148 1260 sed
1174 1202 1499 1257 etl‘ecturum
1539 1204 1600 1252 ut
1626 1195 1760 1249 retia
1785 1190 2074 1247 transiliat.

502 1282 654 1363 lianc
697 1320 852 1375 opem
898 1307 1227 1356 consecutus
1274 1304 1358 1349 est
1402 1291 1679 1347 Abraham
1706 1328 1722 1354 ,
1784 1285 1922 1341 Sara
1957 1282 2078 1353 ejus

500 1415 670 1457 uxore
707 1398 793 1453 bis
826 1402 1015 1466 rapta;
1050 1393 1192 1446 hanc
1220 1398 1275 1444 et
1310 1389 1483 1450 Isaac,
1515 1384 1621 1438 hoc
1662 1381 1805 1436 idem
1840 1390 2075 1449 passus;

504 1495 645 1549 hanc
670 1489 864 1556 Jacob,
898 1504 927 1542 a
956 1486 1125 1539 fratre
1159 1492 1211 1536 et
1255 1496 1285 1534 a
1317 1492 1509 1533 socero
1538 1471 1741 1530 invidia
1774 1467 2075 1539 appetitus;

503 1591 644 1643 hanc
673 1583 894 1654 Joseph,
926 1595 1023 1651 per
1056 1575 1319 1632 invidiam
1354 1580 1410 1627 et
1441 1567 1774 1625 calumniam
1797 1575 2080 1632 Oppugna-

501 1693 611 1736 tus.
633 1680 699 1734 Et
720 1653 849 1748 quid
873 1690 1009 1745 opus
1034 1681 1117 1726 est
1136 1668 1318 1725 omnia
1348 1661 1703 1737 percurrere?
1724 1656 1909 1713 Facile
1931 1653 2077 1708 enim

502 1782 588 1830 est
614 1744 921 1840 studiosis,
953 1778 1007 1823 et
1031 1764 1257 1832 antiqua
1287 1758 1576 1828 colligere,
1618 1760 1675 1807 et
1712 1762 1849 1804 nova
1895 1744 2078 1800 consi-

503 1868 696 1922 derare

574 1970 738 2024 Vens.
762 1968 850 2020 54.
876 1964 1141 2032 Exspecta
1168 1957 1483 2018 Dominum,
1508 1947 1726 2006 custodi
1755 1945 1898 2000 viam
1913 1943 2032 2015 ejus
2060 1960 2073 1996 :

501 2061 762 2117 exaltabit
792 2068 841 2112 te
862 2099 876 2122 ,
908 2064 967 2109 ut
994 2051 1307 2108 haereditate
1336 2045 1521 2115 capias
1544 2052 1778 2105 terram;
1810 2051 1934 2093 cum
1958 2050 2081 2105 per-

505 2154 668 2208 ierint
702 2158 1049 2221 peccatores,
1111 2141 1339 2195 videbis.
1376 2158 1393 2190 ι
1436 2135 1563 2190 Ηιιξο
1608 2133 1775 2205 igitur
1814 2129 2074 2193 edoctus,

502 2246 744 2300 divinam
783 2238 1108 2297 sententiam
1151 2240 1406 2300 exspecta
1433 2272 1448 2294 ,
1490 2236 1543 2283 et
1592 2226 1740 2295 leges
1788 2222 2080 2300 impositas

504 2338 740 2397 custodi.
780 2335 872 2391 Sic
899 2334 1044 2389 enim
1073 2339 1126 2385 et
1154 2330 1206 2382 in
1241 2328 1343 2380 hac
1367 2324 1475 2377 vita
1506 2320 1739 2376 illustris
1768 2316 1878 2373 eris
1898 2357 1913 2382 ,
1946 2324 2000 2370 ct
2023 2297 2079 2368 in

506 2438 686 2491 futura
720 2426 1169 2503 permanentibus
1205 2421 1363 2476 bonis
1402 2413 1699 2488 perfrueris
1722 2455 1738 2479 ,
1782 2420 1838 2468 et
1870 2408 2081 2466 videbis

506 2527 877 2585 miserrimum
922 2527 1270 2591 peccatorum
1321 2513 1505 2566 linem.
1565 2507 1769 2564 Deinde
1819 2504 2077 2577 quoniam

503 2618 670 2693 842
716 2615 917 2670 multos
951 2609 1286 2669 contristat,
1328 2603 1472 2673 quod
1521 2614 1667 2654 nunc
1710 2612 1822 2652 non
1865 2595 2083 2649 videant

506 2690 801 2769 sceleratos
828 2704 1077 2760 homines
1108 2712 1300 2769 poanas
1333 2693 1591 2765 pendere.
1623 2690 1718 2746 sed
1751 2690 1914 2760 longo
1942 2698 2081 2743 tem-

505 2820 634 2877 pore
669 2799 997 2874 persistere,
1038 2792 1234 2847 merito
1274 2804 1341 2843 ex
1392 2785 1684 2857 praeteritis
1729 2781 1908 2837 futura
1950 2796 2081 2835 con-

504 2901 709 2955 ﬁrmat.

579 3074 739 3129 Vens.
774 3070 866 3134 55,
894 3066 984 3123 36.
1021 3085 1041 3118 ι
1067 3064 1191 3120 Vidi
1221 3060 1447 3130 impium
1481 3056 1801 3119 exaltatum,
1829 3060 1885 3107 et
1912 3051 2084 3106 eleva-

2177 546 2333 619 ζητεί
2385 548 2483 601 τοῦ
2544 548 2855 602 θανατῶσαι
2885 548 3070 603 αὐτόν.
3113 549 3172 602 '0
3224 549 3281 603 δὲ
3330 551 3512 621 Κύριος
3542 559 3590 608 οὔ
3620 562 3677 628 μὴ

2177 641 2549 713 ἐγκαταλείπῃ
2579 643 2743 696 αὐτὸν
2770 644 2852 706 εἰς
2874 642 2976 706 τὰς
3004 645 3196 715 χεῖρας
3227 644 3413 707 αὑτοῦ,
3443 647 3547 700 οὐδὲ
3572 650 3677 721 μὴυ

2176 734 2612 805 καταδικάσηται
2643 736 2690 767 ’³
2722 736 2887 789 αὐτὸν
2932 735 3064 789 ὅταν
3126 737 3378 807 κρίνηται
3426 740 3553 810 αὐτῷ
3582 744 3633 794 ³⁸.
3661 764 3675 793 ι

2176 828 2462 898 Διαφόρως
2492 827 2560 881 τὰ
2589 829 2729 884 αύτά
2743 828 2789 861 ⁸⁸
2815 828 2987 897 λέγει,
3015 831 3082 900 τῇ
3108 828 3315 882 πλείονι
3363 830 3537 903 μελέτῃ
3564 850 3679 903 μονι-

2181 920 2433 989 μωτέραν
2482 921 2908 987 κατασκευάζων
2945 922 3046 993 τὴν
3090 923 3332 992 μνήμην.
3366 924 3513 991 Λέγει
3544 926 3590 977 δὲ
3624 929 3680 990 ὡς

2177 1012 2238 1064 ού
2271 1013 2590 1084 περιόψεται
2620 1013 2710 1069 τὸν
2734 1014 2940 1069 δίκαιον
2968 1016 3296 1085 όΔεσπότης
3321 1014 3679 1087 ἐπιϐουλευόμεο

2179 1119 2270 1156 νον
2293 1105 2399 1157 ὑπὸ
2429 1105 2538 1158 τῶν
2567 1107 2842 1179 πονηρῶν,
2869 1107 2993 1161 οὐδὲ
3028 1125 3091 1160 συ
3101 1108 3423 1179 μψηφιεῖται
3457 1111 3609 1172 αὐτοῖς
3631 1116 3680 1165 τὶ

2178 1194 2403 1250 τοιαῦτα
2429 1198 2724 1268 τολμῶσιν,
2768 1199 2883 1253 ἀλλ’
2907 1198 3298 1271 ὑπερηδῆσαι
3342 1204 3681 1269 παρασκευάσει

2176 1288 2246 1341 τὰ
2268 1289 2482 1344 δίκτυα.
2526 1289 2745 1361 Ταύτης
2763 1292 2809 1323 ’⁸
2843 1291 3151 1346 ἀπέλαυσεν
3197 1291 3443 1363 Ἀὕραάμ
3467 1293 3555 1361 τῆς
3585 1311 3684 1365 προ-

2178 1382 2346 1447 νοίας,
2392 1383 2474 1447 δὶς
2530 1386 2878 1455 ἁρπαγείσης
2913 1387 2958 1418 ³⁷
3000 1385 3105 1455 τῆς
3146 1385 3367 1456 Σάρρας
3400 1403 3413 1416 ·
3465 1386 3630 1458 ταύτης
3664 1393 3685 1443 6

2192 1473 2378 1527 Ἰσαὰκ
2414 1476 2544 1528 αὐτὸ
2571 1475 2731 1530 τοῦτο
2754 1477 2800 1509 ’³
2836 1476 3025 1530 παθών
3046 1492 3063 1508 ³
3106 1476 3315 1547 ταύτης
3350 1478 3377 1530 6
3413 1478 3580 1532 Ἰακὼϐ
3618 1481 3685 1535 ὑπ’

2180 1567 2415 1637 ἀδελφοῦ
2446 1569 2543 1622 καὶ
2582 1569 2846 1641 κηδεστοῦ
2892 1571 3223 1642 φθονηθείςο
3261 1571 3456 1639 ταύτης
3480 1574 3505 1624 6
3537 1573 3687 1643 Ἰωσὴφ

2182 1661 2287 1715 ὑπὸ
2311 1662 2507 1731 φθόνου
2543 1663 2636 1717 καὶ
2667 1663 3033 1734 συκοφαντίας
3074 1663 3422 1735 πολεμηθείς.
3451 1665 3547 1717 Καὶ
3567 1666 3609 1719 τί
3630 1668 3687 1720 δεῖ

2181 1753 2507 1822 καταλέγειν
2559 1752 2782 1816 πάντα;
2836 1754 3045 1824 Ῥᾴδιον
3095 1753 3207 1823 γὰρ
3254 1753 3364 1815 τοῖς
3401 1751 3686 1821 φιλομαθίσι,

2181 1846 2274 1898 καὶ
2313 1845 2382 1900 τὰ
2408 1847 2575 1900 πάλαι
2611 1845 2892 1911 συλλέξαι,
2931 1847 3027 1900 καὶ
3060 1845 3340 1915 θεωρῆσαι
3370 1846 3436 1898 τὰ
3462 1846 3563 1899 νέα.

2256 1936 2348 1991 λδ¹.
2398 1957 2415 1989 ι
2468 1939 2797 2008 ’Υπόμεινον
2841 1938 2932 1991 τὸν
2976 1938 3211 2008 Κύριον,
3263 1937 3358 1990 καὶ
3396 1936 3601 2005 φύλαξον
3618 1937 3687 2007 τὴν

2177 2028 2296 2082 ὁδὸν
2327 2029 2518 2095 αὑτοῦ,
2565 2030 2661 2083 καὶ
2711 2029 2918 2099 ὑψώσει
2964 2046 3045 2093 σε,
3077 2028 3175 2082 τοῦ
3206 2028 3687 2099 κατακληρονομῆσαι

2179 2123 2279 2190 τὴν
2310 2123 2437 2193 γῆν,
2467 2124 2527 2175 ἐν
2550 2122 2630 2193 τῷ
2664 2121 3112 2193 ἐξολοθρεύεσθαι
3157 2120 3521 2192 ἁμαρτωλοὺς,
3542 2123 3684 2191 ὕψει.»

2179 2215 2368 2271 Ταῦτα
2395 2217 2577 2269 τοίνυν
2610 2214 2969 2287 μεμαθηκὼς,
3010 2214 3110 2287 τὴν
3142 2216 3299 2269 θείαν
3328 2215 3573 2285 πρόσμενε
3613 2216 3689 2287 ᾗ·

2180 2326 2303 2379 φον,
2334 2309 2431 2362 καὶ
2460 2309 2588 2373 τοὺς
2615 2309 2908 2379 κειμένους
2934 2308 3173 2378 φύλαττε
3206 2308 3420 2378 νόμους.
3452 2308 3585 2361 Οὕτω
3613 2311 3689 2377 γὰρ

2180 2402 2278 2455 καὶ
2317 2402 2375 2454 ἐν
2402 2401 2447 2433 ²⁹
2484 2400 2562 2471 τῷ
2618 2401 2846 2472 παρόντι
2880 2401 2982 2472 βίῳ
3012 2402 3225 2475 γενήσῃ
3257 2401 3603 2472 περίϐλεπτος,
3624 2404 3690 2456 καὶ

2180 2492 2342 2565 ἐντῷ
2402 2494 2656 2565 μέλλοντι
2714 2493 2823 2547 τῶν
2884 2493 3135 2564 μονίμων
3174 2494 3398 2561 ἀγαθῶν
3446 2494 3688 2564 ἀπολαύσῃ,

2182 2588 2277 2642 καὶ
2307 2587 2428 2656 ὄψει
2467 2586 2577 2639 τῶν
2609 2585 2956 2657 ἁμαρτωλῶν
2991 2586 3053 2639 τὸ
3082 2586 3399 2659 τρισάθλιον
3426 2587 3570 2651 τέλος.
3594 2583 3692 2641 Εἶτα

2182 2678 2371 2751 ἐπειδὴ
2393 2680 2435 2711 ³⁰
2486 2678 2723 2742 πολλοὺς
2758 2680 2884 2749 ἀνιᾷ
2922 2680 2983 2732 τὸ
3020 2680 3095 2749 μὴ
3128 2680 3229 2732 νῦν
3260 2680 3392 2751 ὁρᾷν
3421 2680 3518 2732 τῶν
3542 2680 3689 2733 ἀδίκων

2182 2772 2283 2842 τὴν
2331 2773 2628 2842 τιμωρίαν,
2686 2772 2878 2825 ἁλλ’³¹
2933 2774 3236 2843 ἀναμένειν
3291 2773 3473 2844 χρόνον
3515 2774 3689 2843 μακρὸν,

2183 2865 2411 2927 εἰκότως
2447 2865 2556 2918 ἀπὸ
2608 2863 2717 2919 τῶν
2765 2867 3155 2937 γεγενημένων
3215 2865 3493 2919 πιστοῦται
3518 2867 3573 2919 τὰ
3601 2865 3691 2936 μὲλ-

2183 2957 2365 3011 λοντα.

2254 3050 2348 3116 λε’,
2376 3050 2487 3115 λς’.
2522 3069 2541 3101 ι
2587 3046 2743 3103 Εἶδον
2790 3050 2882 3103 τὸν
2943 3049 3117 3121 ἀσεϐῆ
3171 3049 3587 3120 ὑπερυψούμενον
3626 3052 3693 3103 καὶ

507 3179 623 3225 tum
653 3166 797 3220 sicut
824 3160 1016 3217 cedros
1050 3154 1262 3210 Libani.
1297 3150 1361 3204 Et
1401 3147 1661 3209 transivi,
1700 3154 1755 3200 et
1801 3157 1928 3197 ecce
1970 3156 2078 3195 non

2185 3140 2579 3212 ἐπαιρόμενον,
2633 3142 2709 3204 ώς
2746 3143 2847 3205 τὰς
2897 3142 3121 3215 κέδρους
3178 3142 3275 3195 τοῦ
3334 3142 3566 3196 Λιϐάνου.
3614 3143 3693 3194 Καὶ

505 3274 624 3318 erat
649 3278 664 3314 :
692 3255 919 3329 quaesivi
947 3267 1092 3314 eum,
1124 3257 1178 3303 et
1205 3262 1314 3301 non
1335 3251 1418 3299 est
1441 3244 1696 3296 inventus
1726 3238 1882 3292 locus
1899 3235 2074 3305 ejus.»

507 3353 657 3410 Vidit
691 3328 835 3406 enim
864 3358 1097 3415 magnus
1125 3338 1294 3394 David
1318 3346 1370 3391 et
1401 3336 1562 3389 finem
1586 3330 1737 3403 regni
1777 3328 1961 3383 Saulis
1983 3366 1998 3391 ,
2029 3338 2083 3381 et

506 3445 851 3503 eversionem
918 3434 1221 3508 tyrannidis
1286 3426 1607 3492 Ahsalomi,
1667 3434 1720 3478 ct
1771 3420 2079 3491 superbiam

506 3552 671 3608 atque
713 3532 994 3589 interitum
1042 3524 1204 3579 Naasi
1254 3520 1619 3582 Ammanitae,
1670 3524 1724 3570 et
1766 3528 1891 3568 cum
1938 3510 2079 3564 fastu

507 3603 740 3687 mortem
772 3621 1006 3681 Goliathi
1029 3616 1347 3686 alienigena:
1370 3652 1385 3677 ,
1416 3620 1471 3666 et
1494 3609 1727 3664 aliorum
1758 3616 1954 3675 praeter
1983 3603 2081 3657 hos

508 3740 617 3779 non
650 3728 951 3792 paucorum
980 3708 1347 3775 arrogantiam
1385 3712 1437 3757 et
1480 3698 1789 3769 superbiam
1816 3736 1830 3760 ,
1867 3704 1921 3750 et
1957 3693 2083 3748 ulti-

506 3788 669 3870 mam_
704 3809 1022 3882 perniciem.
1061 3799 1254 3856 Merito
1294 3796 1460 3867 igitur
1500 3794 1718 3847 illorum
1767 3788 2079 3842 felicitatem

505 3906 785 3965 sterilibus
808 3899 1097 3957 arboribus
1125 3890 1482 3963 comparavit.
1510 3886 1693 3940 Vanos
1733 3891 1913 3939 autem
1959 3896 2083 3937 esse

504 4002 670 4064 dicit,
708 4014 816 4052 non
850 3994 1028 4050 solum
1066 3989 1215 4060 ipsos
1239 4027 1252 4050 ,
1290 3996 1479 4037 verum
1504 3979 1666 4034 etiam
1697 3992 1886 4031 eorum
1916 3977 2032 4030 loca
2067 3993 2078 4026 :

506 4109 602 4166 per
661 4092 780 4145 haec
838 4095 1019 4142 autem
1087 4076 1407 4134 memoriam
1465 4068 1813 4139 signiﬁcavit.
1871 4066 2081 4122 Deinde

506 4161 703 4241 rursus
736 4178 1162 4237 admonitionem
1198 4181 1251 4225 et
1278 4164 1572 4223 consilium
1599 4161 1774 4215 alI‘ert.

2185 3231 2485 3311 παρῆλθον,
2516 3233 2611 3287 καὶ
2644 3234 2754 3287 ἰδοὺ
2776 3236 2877 3288 οὐκ
2905 3230 2973 3307 ἦν
2998 3251 3013 3265 ο
3049 3235 3146 3287 καὶ
3184 3235 3424 3305 ἐζήτησα
3448 3235 3602 3299 αὐτὸν,
3626 3237 3693 3286 καὶ

2179 3327 2278 3395 οὐχ
2320 3326 2518 3398 εὑρέθη
2549 3329 2576 3381 6
2598 3328 2762 3391 τόπος
2794 3326 2983 3382 αὐτοῦ.
3024 3348 3042 3379 »
3090 3323 3215 3380 Εῐδε
3247 3328 3355 3398 γάρ
3390 3330 3415 3380 6
3445 3329 3591 3397 μέγας
3618 3330 3693 3378 Δα-

2182 3416 2267 3470 δὶδ
2311 3421 2406 3472 καὶ
2437 3419 2539 3490 τῆς
2578 3420 2673 3473 τοῦ
2721 3419 2894 3473 Σαοὺλ
2926 3420 3210 3489 βασιλείας
3238 3419 3298 3472 τὸ
3321 3420 3483 3484 τέλος,
3521 3421 3597 3472 καὶ
3622 3418 3694 3483 τῆς

2180 3508 2276 3562 τοῦ
2314 3510 2675 3584 Ἀϐεσσαλὼμ
2726 3514 3041 3581 τυραννίδος
3077 3513 3170 3566 τὸν
3203 3513 3442 3583 ὄλεθρον,
3472 3513 3553 3565 καὶ
3579 3511 3692 3572 Ναὰς

2180 3604 2277 3658 τοῦ
2338 3605 2675 3675 Ἀμμανίτου
2734 3608 2831 3659 καὶ
2856 3607 2896 3638 ³¹
2940 3607 3039 3677 τὴν
3076 3607 3459 3677 ὑπερηφανίαν
3502 3606 3576 3659 καὶ
3622 3606 3691 3672 τὴν

2181 3698 2478 3765 ἀπώλειαν,
2513 3700 2609 3752 καὶ
2654 3699 2748 3752 τοῦ
2787 3700 3088 3768 ἀλλοφύλου
3130 3699 3327 3751 Γολιάθ
3368 3700 3458 3751 σὺν
3483 3697 3552 3767 τῷ
3579 3695 3691 3763 τύφῳ

2180 3793 2273 3847 τὸν
2320 3793 2554 3846 θάνατον
2585 3810 2600 3824 ο
2637 3795 2733 3847 καὶ
2765 3793 2941 3847 ἄλλων
2975 3789 3043 3846 αὖ
3084 3794 3223 3863 πρὸς
3264 3791 3467 3856 τούτοις
3504 3793 3587 3846 οὐκ
3609 3791 3689 3842 ίλὶ-

2182 3902 2297 3954 γων
2344 3887 2438 3939 καὶ
2468 3884 2567 3957 τὴν
2602 3886 2946 3950 ἀλαζονείαν,
2986 3885 3083 3939 καὶ
3131 3884 3233 3957 τὴν
3288 3885 3625 3955 ὑπερηφανίαν
3641 3882 3689 3941 ³³.

2182 3978 2279 4032 καὶ
2304 3978 2401 4050 τὴν
2433 3977 2834 4047 πανωλεθρίαν.
2868 3976 3104 4039 Εἰκότως
3130 3979 3317 4031 τοίνυν
3343 3980 3449 4037 τοῖς
3479 3977 3690 4047 ἀκάρποις

2180 4071 2421 4141 δένδροις
2443 4070 2543 4143 τὴν
2574 4070 2800 4125 ἐκείνων
2832 4070 3134 4142 εὐημερίαν
3164 4071 3453 4123 ἀπείκασε.
3480 4068 3691 4137 Φρούδους

2186 4162 2244 4215 δὲ
2288 4163 2391 4232 ἔφη
2424 4163 2753 4233 γεγενῆσθαι
2784 4162 2844 4215 ού
2895 4164 3056 4234 μόνον
3093 4163 3314 4227 αὐτοὺς,
3338 4161 3465 4215 ἀλλὰ
3500 4162 3580 4214 καὶ
3603 4158 3690 4219 τοὺς

509 4276 736 4331 ἐκείνων
771 4270 1004 4329 τόπουςο
1059 4263 1146 4314 διὰ
1192 4258 1396 4311 τούτων
1473 4253 1531 4307 δὲ
1604 4252 1704 4321 τὴν
1752 4251 1973 4321 μνήμην
2030 4250 2323 4321 ἐδήλωσεν.
2385 4249 2519 4307 Εἶτα
2582 4254 2747 4308 πάλιν
2798 4255 3083 4324 εἰσήγησιν
3136 4255 3382 4324 εἰσφέρει
3452 4253 3534 4306 καὶ
3592 4270 3692 4321 συμ-

508 4367 731 4435 ϐουλήν.

580 4426 747 4514 Veiis.
782 4452 871 4508 '57.
902 4469 919 4502 ι
951 4444 1178 4503 Custodi
1210 4440 1600 4504 innocentiam,
1633 4446 1685 4492 et
1709 4434 1833 4490 vide
1862 4435 2078 4503 :equita-

2260 4430 2359 4494 λζ’.
2402 4448 2421 4480 r
2456 4428 2701 4482 Φύλασσε
2741 4429 3001 4491 ἀκακίαν,
3043 4430 3139 4482 καὶ
3172 4429 3252 4482 ἴδε
3280 4428 3551 4500 εὐθύτητα,
3576 4428 3639 4479 ὅτι
3660 4426 3690 4455 ⁸⁸

510 4566 641 4612 tem.
674 4546 932 4619 quoniam
962 4550 1087 4594 sunt
1117 4534 1360 4603 reliquiae
1394 4528 1601 4584 homini
1635 4525 1883 4597 paciﬁco.
1910 4546 1927 4576 ι
1974 4523 2078 4580 ΙΙοε

2193 4523 2343 4576 ἐστὶν
2390 4522 2805 4593 ἐγκατάλειμμα
2831 4519 3108 4593 ἀνθρώπῳ
3142 4520 3424 4593 είρηνικῷ.
3462 4539 3479 4571 ι
3509 4519 3691 4574 Τοῦτο⁸³

513 4613 878 4715 Symmachus
930 4632 1010 4687 sic
1046 4626 1247 4682 vertit:
1299 4620 1523 4677 Custodi
1558 4618 1955 4687 simplicitatem
1980 4659 1994 4682 ,
2035 4628 2078 4670 et

2189 4613 2245 4666 δὲ
2280 4615 2308 4667 6
2358 4614 2656 4685 Σύμμαχος
2696 4613 2870 4676 οὕτως
2914 4613 3052 4682 ἔφη·
3107 4613 3395 4667 Φύλασσε
3421 4613 3689 4675 ἁπλότητα,

943 4731 959 4749 ⁹
994 4722 1245 4795 quoniam
1287 4726 1409 4772 sunt
1455 4715 1640 4786 futura
1686 4713 1885 4766 homini
1932 4712 2078 4781 paci-

2189 4709 2287 4760 καί
2312 4706 2420 4776 ὅρα
2457 4706 2624 4771 εὐθὺ,
2652 4705 2741 4759 ὅτι
2775 4706 2906 4760 ἐστί
2931 4704 3242 4774 μέλλοντα
3274 4704 3542 4773 ἀνθρώπῳ
3573 4703 3690 4767 εἰρη-

2187 4796 2356 4862 νικῷ.
2389 4796 2481 4869 Μὴ
2508 4796 2842 4868 ἀποδλέψῃς,
2880 4798 3067 4867 φησιν,
3101 4798 3181 4860 εἰς
3210 4796 3282 4849 τὰ
3307 4795 3534 4866 παρόντα
3560 4792 3691 4858 λυπη-

510 4738 625 4792 rt’de
659 4747 859 4788 rectum
884 4772 897 4791 ,

512 4832 634 4899 ﬁco.
671 4826 750 4881 Ne
788 4822 1050 4894 reSpicias
1074 4859 1089 4884 ,
1124 4816 1226 4879 ait,
1270 4814 1325 4868 in
1374 4817 1667 4881 prazsentes
1696 4807 2036 4862 calamitates
2066 4844 2080 4868 ,

513 4923 608 4977 sed
644 4921 826 4974 l‘utura
864 4921 1138 4983 exspecta.
1179 4908 1296 4963 Erit
1336 4906 1480 4960 enim
1530 4914 1747 4973 tempus
1775 4943 1790 4967 ,
1828 4915 1937 4970 quo
1983 4899 2079 4961 iis,

514 5015 611 5085 qui
670 5010 1074 5081 simplicitatem
1139 5012 1194 5058 et
1250 4998 1634 5055 rectitudincm
1683 4994 2082 5054 excoluerunt,

518 5121 730 5162 merces
760 5114 1068 5172 congruens
1100 5093 1447 5165 rependetnr.

2185 4894 2275 4964 ρὰ,
2307 4894 2441 4947 ἀλλὰ
2486 4894 2786 4964 προσδέχου
2812 4895 2881 4947 τὰ
2901 4892 3199 4963 μέλλοντα.
3233 4892 3386 4945 Ἔστι
3411 4892 3508 4960 γὰρ
3528 4884 3688 4957 καιρὸς.

2180 4984 2240 5036 ἐν
2265 4977 2310 5052 ᾧ
2334 4987 2447 5047 τοῖς
2471 4983 2734 5055 ἁπλότητι
2768 4985 2863 5038 καὶ
2894 4983 3150 5055 εύθύτητι
3178 4983 3523 5055 κεχρημένοις
3541 4976 3689 5033 ἀποδο-

2184 5074 2408 5145 θήσεται
2441 5078 2469 5130 6
2498 5076 2794 5147 προσήκων
2829 5076 3043 5147 μισθός.

1615 5242 1847 5298 VARI/1'3
1878 5239 2264 5296 LECTIONES
2323 5240 2413 5297 ET
2460 5240 2695 5298 ΝΟΤᾸΞ.

609 5397 653 5426 ²¹
687 5391 838 5447 Οὐδὲ
881 5390 979 5456 μή.
1022 5390 1145 5445 cod.
1184 5388 1220 5441 2
1244 5386 1350 5440 οὐδ’
1371 5386 1430 5438 οὐ
1475 5385 1568 5455 μή.
1664 5382 1710 5415 ’³
1739 5380 2078 5436 Καταδικὰσ

517 5468 562 5497 ιι
584 5466 680 5497 mni
728 5467 769 5497 Ι.
802 5462 835 5497 0
858 5460 1020 5497 m’n-Au
1117 5462 1162 5491 π
1185 5458 1284 5497 nml
1337 5458 1359 5497 4
1389 5456 1584 5497 ταῦτα-
1656 5455 1702 5485 ³⁸
1728 5453 1957 5497 Τηύττη·
1993 5480 2063 5490 -—

2180 5395 2235 5433 ιι.
2274 5378 2347 5433 Ita
2379 5379 2431 5433 in
2465 5380 2588 5436 cod.
2632 5380 2789 5435 Alex.
2847 5380 2950 5449 leg.
3001 5380 3120 5434 cod.
3148 5378 3322 5433 Vatic.
3371 5370 3687 5429 καταδικάσαι.

2185 5449 2313 5497 νέα,
2350 5449 2470 5497 Des-
2509 5454 2649 5497 anml
2686 5451 2849 5497 (10rd-
2878 5467 2930 5497 n-
2960 5450 3082 5497 67L
3162 5452 3206 5481 ’⁷
3232 5450 3347 5497 00d.
3376 5449 3395 5497 1
3428 5436 3687 5497 διαρπαγεί-

584 5436 837 5527 οοάῖῖξέ
858 5436 1162 5514 chief?
1185 5436 1361 5513 ἕοὶιῖι
1378 5436 1585 5509 eastra.
1656 5455 1702 5485 ιδ
1728 5453 1957 5519 Ταύτης
1993 5480 2063 5490 .-

590 5553 636 5585 c.
726 5534 772 5566 ’⁸
797 5534 913 5585 cod.
951 5537 974 5585 1
1005 5529 1187 5583 ταύτό.
1225 5528 1345 5583 cod.
1370 5528 1405 5581 2
1426 5527 1545 5579 ἀντὶ
1576 5524 1781 5577 τούτου.
1878 5525 1922 5554 ’⁸
1948 5522 2057 5577 Καὶ

2185 5449 2313 5504 νέα.
2350 5449 2470 5505 Des.
2509 5454 2649 5519 apud
2686 5451 2849 5504 Cord.
2878 5436 2930 5519 ιῑῖ
2960 5450 3082 5517 671.
3162 5452 3206 5481 ’τ
3232 5450 3347 5503 cod.
3376 5449 3395 5498 ι
3428 5436 3688 5512 διαρπαγεί-

2180 5559 2185 5573 ,
2229 5521 2349 5575 cod.
2380 5521 2433 5584 1,
2480 5520 2515 5574 2
2550 5522 2673 5574 κάν.
2724 5523 2799 5575 lta
2834 5536 3052 5585 quoque
3097 5530 3219 5585 post
3258 5531 3441 5585 pauca.
3526 5512 3563 5585 ’ξ
3595 5506 3686 5585 902-

518 5506 703 5607 σηςῗψ
726 5506 779 5566 δέ
797 5506 921 5588 cod:
941 5506 985 5585 ’1-
1002 5506 1545 5583 ταύτόίξοδίέ
1576 5506 1783 5577 τούτου.
1793 5506 1799 5507 ⁷
1878 5506 2057 5577 ³⁸⁵⁸Καί

513 5605 726 5658 *ιζ’ὲπεί.
820 5604 861 5634 ³¹
891 5602 1077 5656 Ἀλλ’.
1106 5600 1269 5653 Abest
1305 5613 1335 5651 a
1368 5598 1489 5651 coal.
1527 5597 1579 5649 1.
1670 5595 1713 5625 "
1737 5594 1862 5648 Kal.
1893 5594 2057 5649 Abest

2180 5559 2185 5573 .
2229 5521 2349 5575 cod.
2380 5521 2433 5584 1,
2480 5520 2515 5574 2
2545 5506 2673 5574 κάν.
2724 5523 2799 5575 lta
2834 5506 3219 5590 quoquepost
3258 5531 3441 5589 pauca.
3510 5506 3563 5543 ’³⁹
3596 5506 3686 5561 cod-

2180 5592 2265 5646 od.
2291 5592 2343 5645 9..
2423 5592 2469 5623 ³³
2494 5591 2604 5646 Καὶ
2627 5591 2741 5658 τὴν
2766 5593 3203 5658 ὑπερηφανίαν.
3230 5591 3391 5643 Abest
3417 5603 3441 5639 δ
3467 5582 3569 5658 cod.
3590 5574 3684 5658 1,ιῖ-

516 5600 726 5658 ὶέπεί.
820 5604 861 5634 ³¹
891 5602 1077 5656 Ἀλλ’.
1106 5600 1269 5653 Abest
1305 5613 1335 5651 a
1368 5600 1489 5651 coal.
1527 5600 1579 5649 1.
1670 5600 1713 5625 "
1737 5600 1862 5648 Kal.
1893 5600 2057 5649 Abest

516 5675 562 5705 "
586 5677 706 5756 ῗθτι
732 5705 801 5715 -
824 5669 1118 5756 demeti):
1145 5667 1335 5756 ,Ηέἶὶὲνι
1352 5666 1779 5756 ίιέίακβηῗδέίῖίῖξ
1822 5663 2078 5756 δῖῖΔθῖξξ.

2180 5600 2265 5646 od.
2291 5600 2343 5645 2.
2423 5600 2469 5623 ³³
2494 5600 2604 5646 Καὶ
2627 5600 2741 5658 τὴν
2766 5600 3203 5659 ὑπερηφανίαν.
3230 5600 3391 5643 Abest
3417 5603 3441 5639 δ
3467 5600 3569 5640 coo.
3590 5600 3684 5658 1,1.

2180 5661 2595 5756 azmeritzmﬂ‘unf
2620 5677 2852 5756 {sensum
2910 5663 3269 5756 expressisse
3286 5647 3685 5756 videtttgsAgl:|;E;

516 5717 676 5810 cuqu
690 5717 1287 5810 1..ma'rittasra‘saa'
1304 5717 1671 5793 ἰιῖἰξιὶὶέηίςιι
1704 5717 1808 5802 esi,
1833 5717 1974 5790 eum
2014 5717 2078 5790 nil

517 5814 809 5883 εἰρηνικῴ.
846 5814 970 5868 Des.
999 5813 1052 5865 iu
1078 5810 1199 5865 cod.
1229 5808 1277 5862 1.

2180 5744 2367 5815 praeter
2393 5749 2577 5788 vocem
2618 5733 2847 5803 ἔσχατον
2876 5733 2961 5804 ⁸ιίε
2983 5717 3089 5787 lilia
3137 5731 3387 5803 supersit.
3471 5725 3510 5756 ³⁸
3546 5717 3687 5773 Τοῦτο
