3842 6512
540 297 673 373 11:7
1530 312 2023 378 THEODORETI
2049 299 2387 380 EPISCOPI
2420 320 2789 382 CYRENSIS
3609 330 3722 396 ms

532 421 761 475 machus
798 420 878 475 sic
942 420 1328 492 interpretatus
1365 436 1486 482 est:
1528 428 1859 497 Calefactum
1890 440 1969 486 est
2013 448 2049 484 ci

2207 431 2501 503 Σύμμαχος
2542 433 2717 497 οὕτως
2762 436 3109 505 ήρμήνιυσεν
3142 436 3208 468 ⁸⁸·
3269 436 3661 512 Ἐξσθερμάνθη
3694 450 3722 515 ὴ

531 527 704 583 meum
733 513 876 566 intra
912 530 1010 581 me,
1047 527 1095 569 et
1133 518 1259 570 dum
1291 520 1471 574 animo
1529 522 1900 588 expenderent,
1958 540 2048 577 con

2208 524 2422 593 καρδία
2457 544 2577 595 μου
2604 526 2779 594 ἐντός
2822 546 2942 597 μου
2964 569 2981 595 ,
3029 530 3100 582 ἐν
3133 528 3212 596 τῷ
3240 531 3558 587 ἀναπολεῖν
3576 539 3617 569 ⁵³
3633 513 3722 607 με,

530 604 757 658 burebar
795 608 930 677 igne.
962 609 1247 666 Revocans
1279 612 1330 665 in
1364 614 1710 677 memoriam,
1751 614 1952 684 inquit,
1980 631 2047 686 pe

2206 616 2638 685 ἀνεκαιόμην⁸⁸
2671 619 2836 686 πυρί.
2898 620 3474 691 Ἀναμιμνησκόμενος
3496 626 3569 685 ⁸³,
3600 604 3723 697 φῖησὶ,

530 707 713 753 catum
740 715 942 766 memn,
974 705 1229 758 mmroris
1268 704 1389 775 igne
1415 706 1699 761 ardebam.

2209 710 2307 779 τῆς
2333 711 2608 783 ἁμαρτίας
2636 731 2763 783 μου,
2790 714 2870 785 τῷ
2888 716 2933 747 ⁸⁸
2958 715 3059 785 τῆς
3083 714 3319 784 ἀθυμίας
3353 717 3726 797 ἐνεπιμπράμην

2206 802 2339 871 πυρί
2366 803 2433 857 ⁵⁷.
3382 842 3391 855 ,

600 874 763 934 Vens.
790 878 845 931 5.
879 898 898 929 ‹
947 877 1189 935 Locutus
1217 895 1338 935 sum
1371 882 1555 953 lingua
1595 899 1736 950 mea,
1772 886 1975 942 Notum
2017 886 2105 943 fac

2274 900 2337 949 ε’.
2359 912 2377 945 t
2402 893 2672 965 Ἐλάλησα
2688 897 2748 949 ὲν
2769 896 2987 970 γλώσσῃ
3009 917 3133 969 μου,
3155 901 3429 975 Γνὼρισόν
3448 918 3550 972 μοι,
3569 903 3724 975 Κύριε,

528 971 685 1035 mihi,
729 972 974 1037 Domine,
1018 975 1175 1028 linem
1220 986 1522 1030 meumzet
1561 993 1850 1034 numerum
1889 981 2042 1036 dieru

2207 986 2264 1040 τὸ
2292 986 2468 1057 πέρας
2504 1004 2606 1057 μου
2628 1004 2643 1019 ·
2678 990 2772 1041 καὶ
2818 989 2912 1043 τὸν
2956 992 3191 1064 ἀριθμὸν
3238 971 3351 1048 τῶν
3379 994 3589 1065 ἡμερῶν

527 1081 809 1129 meorum,
861 1067 987 1135 quis
1038 1068 1147 1129 sit;
1189 1078 1247 1122 ut
1295 1070 1464 1124 sciam
1510 1072 1640 1141 quid
1681 1074 1823 1129 desit
1875 1077 2029 1131 mihi.

2209 1080 2285 1143 τίς
2316 1081 2494 1133 ἐστιν·
2532 1081 2621 1135 ἴνα
2662 1081 2775 1150 γνῶ
2806 1083 2860 1135 τί
2898 1084 3110 1157 ὑστερῶ
3139 1087 3273 1157 ἐγώ.
3313 1106 3333 1139 ι
3382 1086 3518 1158 Πρὸς
3547 1087 3634 1158 μὲν
3655 1086 3726 1143 οὖν

524 1156 894 1211 COnviciatori
934 1157 1097 1224 igitur
1140 1158 1273 1212 nihil
1320 1162 1609 1231 respondi,
1645 1162 1880 1220 Domino
1918 1176 2041 1222 ante

2206 1172 2292 1225 τὸν
2333 1172 2741 1243 λοιδορούμενον
2773 1156 3398 1249 ἀπεκρινάμηνούδὲν,
3436 1156 3525 1232 τὸν
3639 1181 3723 1235 τῶν

525 1251 907 1304 universorum
972 1253 1294 1322 supplicavi,
1373 1265 1433 1310 ut
1483 1265 1674 1311 notum
1744 1250 1877 1314 mihi
1936 1261 2040 1317 line

2210 1264 2335 1319 Ξλων
2366 1264 2619 1319 ἱκέτευσα
2648 1266 2873 1338 Κύριον,
2903 1268 3061 1339 δῆλόν
3096 1287 3186 1341 μοι
3233 1271 3460 1342 ποιῆσαι
3500 1270 3589 1342 τῆς
3611 1270 3727 1345 ζωῆς

524 1356 704 1395 meum
735 1340 923 1407 faciat,
964 1344 1124 1397 valde
1155 1355 1387 1400 mortem
1422 1347 1761 1405 desiderans.

2202 1372 2305 1425 μου
2334 1355 2395 1408 τὸ
2423 1355 2605 1422 τέλος,
2636 1356 2841 1427 σφόδρα
2868 1358 2966 1427 τῆς
2991 1340 3252 1432 τελευτῆς
3276 1340 3575 1431 ἐφιέμενος.

595 1433 759 1489 Vens.
789 1435 845 1491 6.
888 1454 906 1486 ι
935 1436 1073 1491 Ecce
1096 1439 1491 1495 mensurabiles
1521 1442 1751 1509 posuisti
1780 1441 1898 1499 dies
1920 1459 2092 1511 meos,

2270 1451 2344 1511 ς’.
2383 1464 2402 1497 ι
2472 1446 2603 1501 Ἰδοὺ
2651 1447 2957 1513 παλαιστὰς
2987 1449 3033 1481 ⁵⁸
3073 1448 3198 1503 έθου
3245 1451 3349 1515 τὰς
3393 1451 3592 1521 ἡμέρας
3618 1470 3725 1524 μου.

520 1538 575 1582 et
611 1530 915 1583 substantia
957 1545 1077 1584 mea
1120 1539 1380 1600 tanquam
1437 1532 1669 1587 nihilum
1725 1549 1910 1590 coram
1968 1547 2037 1593 te.

2207 1541 2295 1593 καὶ
2334 1541 2368 1610 ή
2414 1540 2710 1605 ὑπόστασις
2744 1558 2845 1612 μου
2862 1542 2908 1575 "
2940 1543 3075 1595 ὡσεὶ
3117 1543 3274 1597 οὐδὲν
3312 1543 3538 1598 ἐνώπιόν
3580 1562 3677 1600 σου.
3709 1569 3724 1600 ι

517 1618 685 1690 852
721 1619 833 1675 lloc
858 1637 1051 1676 rursus
1075 1623 1443 1693 Symmachus
1487 1624 1568 1679 sic
1605 1627 1921 1696 expressit:
1964 1626 2034 1682 Ec

2211 1631 2369 1685 Γοῦτο
2404 1632 2565 1685 πάλιν
2599 1635 2627 1685 ό
2656 1633 2954 1705 Σύμμαχος
2992 1634 3166 1697 οὕτως
3196 1638 3560 1708 ἡρμήνευσενθ
3605 1638 3728 1694 Ἰδοὺ

518 1713 713 1765 dedisti
747 1711 878 1765 mihi
908 1712 1040 1777 dies,
1070 1722 1129 1766 ut
1188 1714 1416 1782 palmas,
1445 1724 1495 1768 et
1521 1715 1631 1769 vita
1684 1732 1799 1771 mea
1848 1728 1906 1770 ut
1962 1719 2035 1773 m'l

2209 1724 2277 1790 bc
2321 1725 2629 1794 σπιθαμὰς
2672 1725 2904 1793 ἔδωκας
2941 1727 3048 1794 τὰς
3103 1727 3334 1797 ἡμέρας
3380 1746 3531 1796 μου,
3579 1732 3663 1783 καί
3697 1735 3726 1798 ἡ

519 1819 643 1863 ante
672 1820 739 1864 te.
774 1810 1031 1867 Desidero
1058 1822 1240 1866 autem
1282 1822 1535 1879 mortem,
1580 1813 1760 1869 sciens
1796 1815 2033 1870 humana

2209 1816 2414 1882 ϐίωσίς
2439 1835 2559 1887 μου
2598 1817 2679 1884 ὡς
2707 1817 2890 1873 οὐδὲν
2926 1819 3217 1888 ἀντικρύς
3243 1836 3384 1875 σου.
3428 1821 3653 1892 Ἑφίεμαι
3684 1824 3726 1877 δὲ

519 1909 773 1955 naturam
810 1903 1037 1971 minime
1074 1903 1372 1974 longawam
1398 1920 1537 1960 esse.
1594 1903 1790 1962 Nostra
1812 1908 1956 1962 enim
1979 1910 2028 1963 vi

2206 1908 2459 1977 τελευτῆς
2476 1909 2541 1974 ⁸⁸³,
2570 1910 2631 1962 οὐ
2652 1910 2696 1943 ⁶¹
2730 1910 3028 1980 μακρόϐιον
3047 1914 3147 1982 τὴν
3175 1912 3524 1983 ἀνθρωπείαν
3542 1914 3723 1969 tutata-

519 2009 589 2048 ne
630 1995 931 2049 consistere
962 1996 1181 2065 quidem
1225 1997 1440 2052 videtur
1470 2000 1591 2053 vita:
1620 2008 1725 2054 tua:
1751 2012 2036 2070 comparat

2207 2015 2361 2069 μενος
2383 1998 2568 2067 φύσιν.
2609 2000 2675 2054 Ἥ
2696 2000 2805 2072 γὰρ
2826 2002 3074 2073 ἡμετέρα
3101 2003 3258 2074 βιοτὴ
3286 2003 3409 2057 οὐδὲ
3434 2004 3476 2035 ⁶¹
3511 2008 3724 2061 συνεστά-

516 2080 598 2138 Τυ
638 2085 783 2138 enim
824 2086 944 2139 sine
985 2087 1257 2157 principio
1295 2103 1374 2151 es,
1410 2098 1464 2143 et
1513 2089 1662 2145 line:
1723 2102 1910 2148 nostra
1958 2109 2033 2148 νει

2203 2107 2283 2144 ναι
2329 2090 2478 2144 δοκεῖ
2518 2094 2586 2162 τῇ
2620 2094 2686 2163 σῇ
2743 2093 3211 2166 παραϐαλλομένη
3243 2096 3379 2167 ζωῇ.
3422 2097 3490 2151 Σὺ
3524 2098 3610 2167 μὲν
3639 2102 3720 2171 γὰρ

515 2178 628 2232 vita
664 2187 1035 2242 mensuratur,
1074 2188 1133 2233 ut
1186 2181 1515 2249 quibusdam
1543 2185 1819 2239 mensuris
1845 2186 2011 2255 palmi

2207 2180 2431 2252 ἱναρχος
2485 2181 2581 2233 καὶ
2627 2181 2963 2253 ἀπέραντος,
3021 2185 3051 2237 ό
3091 2184 3149 2238 δὲ
3202 2186 3472 2257 ἡμέτερος
3503 2186 3604 2257 βίος
3638 2185 3724 2242 οῐόν

513 2270 708 2327 cubiti.
741 2270 845 2324 Per
906 2272 1012 2326 hoc
1068 2282 1249 2326 antem
1311 2274 1705 2329 demonstravit
1765 2275 2029 2332 brevitate

2203 2290 2300 2326 τισι
2329 2273 2374 2305 ⁸³
2415 2274 2720 2344 σπιθαμαῖς
2748 2277 2844 2329 καὶ
2892 2277 3218 2341 παλαισταῖς
3254 2280 3606 2350 έκμετρείται.
3646 2284 3720 2336 Διὰ

515 2363 775 2433 temporis
818 2363 1071 2418 humana;
1100 2365 1242 2419 vitae.
1275 2362 1367 2418 Sic
1406 2374 1460 2420 et
1488 2366 1615 2419 alibi
1652 2366 1786 2422 dicit
1821 2386 1833 2421 ε
1878 2386 1897 2420 ι
1933 2366 2032 2435 Ωιι(

2203 2364 2383 2418 τούτου
2401 2364 2445 2396 ⁸⁸
2475 2365 2533 2418 δὲ
2560 2365 2917 2437 παρεδήλωσε
2947 2373 3009 2421 τὸ
3038 2368 3409 2439 ὀλιγοχρόνιον
3430 2370 3524 2440 τῆς
3551 2370 3720 2440 ἀνθρω-

513 2459 661 2513 niam
691 2457 842 2512 mille
884 2458 1015 2512 anni
1045 2466 1172 2512 ante
1208 2458 1400 2514 oculos
1456 2468 1600 2523 tuos,
1664 2469 1923 2531 tanquam
1964 2462 2030 2516 dic

2202 2457 2352 2520 πείας
2380 2456 2545 2525 ζωῆς.
2571 2456 2730 2510 Οὕτω
2754 2460 2850 2512 καὶ
2874 2459 3105 2530 ἑτέρωθι
3124 2460 3316 2529 λέγει·
3347 2478 3367 2513 t
3405 2462 3520 2514 Ὅτι
3547 2462 3719 2531 χίλιαί·

512 2551 828 2614 hesternus,
867 2549 961 2619 qui
991 2549 1275 2621 prmteriit,
1304 2560 1359 2604 et
1395 2552 1641 2606 custodia
1691 2552 1745 2607 in
1785 2562 1946 2609 nocte
1978 2553 2023 2608 ί.

2201 2550 2283 2621 Ξτη
2336 2549 2441 2603 ὑπὸ
2465 2549 2510 2582 ⁸⁵
2553 2549 2855 2621 ὀφθαλμοῖς
2911 2569 3027 2613 σου.
3057 2552 3233 2624 Κύριε
3259 2594 3275 2616 ,
3324 2554 3401 2617 ὼς
3429 2554 3470 2585 ⁸⁷
3518 2555 3718 2625 ἡμέραή

510 2643 577 2698 Ει
600 2645 749 2709 alibi,
769 2660 893 2699 cum
916 2648 983 2699 de
996 2645 1154 2700 caelis
1182 2654 1237 2699 et
1268 2655 1412 2700 terra
1444 2645 1776 2699 mentionem
1810 2645 2027 2701 fecisset

2194 2642 2339 2712 ἐχθὲς
2357 2642 2422 2704 ⁸⁸.
2454 2644 2577 2713 ἥτις
2607 2642 2791 2714 διῆλθε
2821 2644 2900 2709 ⁶⁹,
2936 2645 3032 2698 καὶ
3096 2646 3318 2714 φυλακὴ
3354 2648 3411 2699 ὲν
3446 2646 3489 2678 ⁷⁸
3516 2647 3659 2699 νυκτί.
3697 2667 3711 2698 ι

514 2760 533 2790 ε
582 2738 709 2809 Ipsi,
745 2737 947 2807 inquit,
989 2736 1263 2807 peribunt,
1298 2746 1353 2792 tu
1391 2747 1571 2791 autem
1636 2752 1949 2807 permanes,
1984 2741 2031 2784 ἰ

2199 2736 2297 2789 Καὶ
2322 2735 2563 2805 ἀλλαχοῦ
2590 2720 2702 2790 ζτῶν
2738 2737 2987 2807 οὐρανῶν
3024 2738 3119 2791 καὶ
3154 2738 3260 2808 τῆς
3304 2739 3409 2809 γῆς
3462 2740 3716 2809 μνημονεύ-

506 2846 699 2887 omnes
756 2831 900 2885 sicut
960 2830 1349 2885 vestimentum
1403 2839 1775 2896 veterascent;
1830 2840 1885 2885 et
1940 2831 2020 2886 sic

2195 2845 2322 2893 σας,
2358 2847 2377 2879 ι
2424 2829 2609 2893 Αὐτοὶ,
2639 2829 2827 2900 φησὶν,
2873 2830 3231 2891 ἀπολοῦνται.
3279 2830 3345 2883 σὺ
3376 2830 3432 2884 δὲ
3467 2830 3712 2901 διαμένεις.

508 2923 766 2976 amictum
810 2920 1050 2975 mutabis
1093 2934 1211 2984 eos,
1238 2928 1293 2974 ct
1326 2920 1682 2975 mutabuntur
1719 2938 1733 2975 :
1782 2930 1836 2975 tu
1896 2930 2022 2977 aute

2199 2918 2283 2971 tat
2330 2916 2533 2981 πάντες
2561 2917 2638 2981 ὼς
2685 2918 2903 2987 ἱμάτιον
2937 2918 3460 2992 παλαιωθήσονταισ
3506 2919 3589 2972 καὶ
3615 2919 3716 2972 ὡσεὶ

508 3017 651 3071 idem
680 3016 798 3085 ipse
835 3030 918 3078 es,
966 3023 1020 3068 et
1069 3013 1199 3068 anni
1274 3013 1353 3068 tui
1398 3028 1508 3067 non
1563 3013 1817 3069 deﬁcient
1867 3023 1916 3068 ε.
1959 3034 1978 3067 ι
2012 3047 2025 3056 -

2197 3009 2534 3082 περιὸόλαιον
2564 3009 2760 3075 ἑλίξεις
2784 3010 3003 3075 αὐτοὺς,
3038 3011 3131 3064 καὶ
3154 3012 3548 3082 ἀλλαγήσονται
3564 3027 3577 3042 ⁸
3600 3012 3651 3066 σὺ
3672 3012 3714 3064 δὲ

511 3128 529 3159 ι
570 3106 961 3163 Verumtamen
989 3105 1244 3160 universa
1295 3104 1529 3170 vanitas,
1559 3105 1741 3161 omnis
1780 3105 1946 3161 homo
1996 3123 2027 3161 v

2199 3102 2214 3153 5
2265 3099 2427 3164 αὐτὸς
2470 3095 2539 3167 εἴ,
2590 3101 2685 3154 καὶ
2716 3101 2785 3156 τὰ
2827 3100 2922 3174 ἔτη
2967 3100 3059 3155 ἆου
3108 3102 3213 3155 οὐκ
3243 3100 3564 3171 έκλείψουσι.
3606 3120 3621 3153 ι
3664 3133 3716 3142 -

505 3217 661 3258 vena.
702 3218 721 3252 ι
773 3184 956 3267 Quare
990 3200 1191 3264 omnis,
1245 3199 1340 3264 ait,
1393 3198 1676 3253 hominum
1742 3205 1961 3265 natura,

2197 3212 2206 3243 ι
2267 3191 2416 3262 Πλὴν
2461 3190 2530 3244 τὰ
2571 3190 2864 3262 σύμπαντα
2923 3193 3261 3269 ματαιότης,
3316 3194 3423 3257 πᾶς
3474 3192 3714 3264 ἄνθρωπος

504 3295 721 3357 divites,
753 3302 809 3348 et
840 3308 1127 3362 pauperes,
1167 3292 1357 3361 vapori
1390 3291 1598 3348 similes
1640 3302 1787 3359 sunt,
1843 3295 1935 3363 qui
1966 3294 2019 3348 di

2194 3282 2290 3346 τῶν
2311 3284 2377 3337 τί.
2410 3302 2431 3337 ι
2461 3284 2622 3337 Ὥστε
2645 3285 2817 3347 πᾶσα,
2851 3285 3007 3356 φησὶ,
3034 3285 3143 3337 τῶν
3172 3284 3480 3357 ἀνθρώπων
3506 3287 3537 3355 ἡ
3565 3283 3711 3353 φύσις,

506 3386 763 3448 solvitur,
812 3394 867 3439 et
902 3392 1109 3439 temere
1135 3400 1200 3438 ac
1235 3383 1436 3439 frustra
1467 3383 1759 3452 aediﬁcant,
1806 3386 2023 3456 plantan

2196 3374 2275 3427 ιαὶ
2304 3374 2353 3426 oi
2392 3372 2773 3437 πλουτοῦντες,
2802 3374 2898 3427 καὶ
2930 3375 2980 3426 οἱ
3017 3374 3331 3445 πενόμενοι,
3362 3373 3515 3445 ἀτμῷ
3546 3374 3713 3427 ἐοίκασι

507 3480 729 3536 divitias
762 3488 813 3534 et
842 3477 1132 3532 facultates
1160 3486 1512 3547 congregant.

2194 3466 2514 3538 Ξιαλυομένῳ
2536 3509 2552 3534 ,
2588 3467 2684 3521 καὶ
2712 3467 2837 3537 εἰκῆ
2878 3469 2977 3521 καὶ
3010 3469 3193 3539 μάτην
3244 3458 3609 3556 οἰκοδομοῦσι,
3633 3485 3711 3537 φυ-

2175 3558 2391 3613 τεύουσι
2416 3561 2488 3627 ",
2520 3560 2750 3614 πλοῦτον
2775 3563 2869 3615 καὶ
2897 3562 3219 3632 περιουσίαν
3241 3561 3288 3593 ⁷³
3320 3560 3659 3633 ἀθροίζουσιν.

462 3682 475 3697 ι
577 3658 742 3714 Vens.
764 3657 815 3712 7.
842 3676 861 3707 σ
892 3655 1278 3711 Verumtamen
1305 3655 1357 3709 in
1391 3654 1630 3726 imagine
1656 3655 1852 3711 transit
1881 3655 1979 3710 hor

2247 3652 2311 3717 ζ’.
2348 3669 2367 3703 t
2404 3652 2604 3705 Μέντοι
2634 3669 2699 3721 γε
2734 3654 2792 3706 έν
2824 3653 2996 3707 εἰκόνι
3026 3654 3417 3722 διαπορεύεται
3448 3654 3708 3724 ἄνθρωπος,

502 3754 619 3808 imo
673 3750 875 3806 frustra
926 3748 1311 3804 conturbatur.
1373 3746 1687 3803 Thesauros
1742 3748 1973 3820 colligit,

2192 3745 2316 3817 πλὴν
2350 3745 2526 3818 μάτην
2560 3746 2918 3816 ταράσσεται;
2958 3748 3319 3819 Θησαυρίζει,
3374 3748 3467 3801 καὶ
3494 3747 3550 3802 ού
3579 3745 3709 3815 γινώ-

503 3845 723 3915 ignorat
773 3842 864 3896 cui
909 3851 1342 3911 congregaturus
1395 3840 1467 3895 sit
1522 3855 1636 3895 eos.
1681 3859 1702 3892 ι
1758 3838 1924 3907 Nihil,
1976 3843 2020 3897 ai

2191 3854 2298 3890 rxat
2331 3837 2439 3891 τίνι
2484 3838 2702 3904 συνάξει
2748 3840 2911 3895 αὑτά.
2971 3861 2990 3892 ι
3048 3839 3241 3908 Οὐδὲν,
3275 3840 3412 3912 φησὶ
3438 3840 3503 3905 ⁷⁸,
3546 3838 3641 3893 τῶν
3668 3842 3708 3891 ἐν

500 3937 747 3992 viventes
784 3934 1038 3988 homines
1086 3932 1347 3987 diﬂ‘erunt
1394 3932 1464 3987 ab
1506 3931 1596 3996 iis,
1625 3931 1719 4000 qui
1779 3932 1833 3986 in
1862 3932 2008 4001 pictu

2193 3928 2345 3983 είκόνι
2389 3930 2792 4002 γεγραμμένων
2824 3934 2873 3986 οἱ
2913 3933 3116 3998 ζῶντες
3160 3933 3512 4007 διαφέρουσιν
3542 3934 3710 4005 ἄνθρω-

500 4028 749 4101 expressi
780 4036 941 4083 sunt:
974 4028 1259 4096 aequaliter
1282 4026 1439 4081 enim
1468 4035 1521 4081 et
1556 4028 1751 4079 horum
1775 4035 1830 4079 et
1854 4026 2013 4080 illoru

2189 4036 2305 4072 τοι·
2359 4020 2559 4089 ὁμοίως
2604 4020 2713 4091 γὰρ
2770 4021 2868 4074 καὶ
2926 4022 3135 4078 τούτων
3190 4026 3460 4081 κάκείνων
3504 4028 3534 4095 ἡ
3578 4025 3706 4093 φύσις

502 4134 700 4179 natura
744 4132 990 4193 tempore
1019 4120 1241 4186 labitur,
1290 4129 1343 4175 et
1362 4119 1756 4188 corrumpitur.
1784 4119 1949 4191 853
1973 4120 2015 4174 V

2191 4111 2401 4181 ὀπορῤεῖ
2425 4111 2502 4182 τῷ
2525 4111 2703 4183 χρόνῳ
2734 4114 2828 4166 καὶ
2857 4113 3265 4187 διαφθείρεται.
3310 4117 3449 4170 Ἀλλ’
3476 4117 3611 4187 ὅμως
3641 4116 3708 4168 οὐ·

500 4222 814 4271 rumtamen
845 4213 1208 4269 nihilominus
1228 4211 1480 4267 homines
1504 4212 1899 4267 contendentes
1948 4226 2014 4281 pe

2189 4201 2260 4255 Ξὲν
2286 4198 2447 4273 ἦττον
2476 4203 2929 4276 διαταράττονται
2969 4208 3016 4238 ⁷⁸
3048 4208 3515 4276 φιλονεικοῦντες,
3544 4209 3706 4277 διαμα-

503 4308 815 4367 Iurbantur,
845 4307 1195 4368 dimicantes,
1227 4304 1428 4359 bellum
1473 4311 1747 4375 gerentes,
1786 4304 2020 4374 negotiat

2188 4295 2423 4365 (όμενοι,
2471 4296 2861 4367 πολεμοῦντες,
2914 4300 3387 4372 ἐμπορευόμενοιο
3442 4302 3531 4355 καὶ
3572 4299 3705 4366 ζάλης

498 4411 622 4456 tes:
680 4410 734 4455 et
771 4400 952 4454 omnis
994 4399 1235 4453 humana
1274 4398 1384 4451 vita
1441 4405 1761 4466 tempestate
1804 4406 1858 4451 et
1893 4396 2015 4452 ﬂuCI

2186 4388 2317 4450 ὶπας
2348 4390 2376 4440 ὁ
2422 4387 2534 4457 βίος
2580 4389 2799 4458 μεστὸς,
2846 4390 2997 4453 τέλος
3032 4392 3172 4461 ἔχων
3215 4392 3309 4447 τὸν
3341 4392 3562 4446 θάνατον
3588 4406 3603 4420 θ
3630 4390 3703 4441 σὺν

500 4492 605 4547 btts
634 4490 833 4545 referta
861 4497 965 4551 est,
996 4490 1155 4542 tinem
1179 4486 1386 4542 habens
1424 4494 1656 4540 mortem
1691 4505 1704 4540 :
1734 4501 1857 4541 cum
1883 4485 2017 4540 labat

2184 4479 2318 4549 πόνῳ
2345 4479 2403 4533 δὲ
2432 4480 2615 4550 πολλῷ
2652 4481 2747 4534 καὶ
2777 4482 2962 4553 ἱδρῶτι
2986 4483 3080 4536 τὸν
3118 4484 3352 4539 πλοῦτον
3379 4483 3701 4553 ἀθροίζοντες.

499 4600 631 4640 vero
669 4584 842 4637 multo
874 4592 928 4637 et
978 4583 1182 4637 sudore
1210 4594 1343 4649 opes
1394 4589 1772 4650 congerentes,
1817 4577 2016 4634 nesciui

2185 4572 2262 4625 τὸν
2312 4572 2570 4643 ἐσόμενον
2616 4572 2716 4625 οὐκ
2751 4572 2897 4627 ἴσασι
2933 4574 3296 4646 κληρονόμον.
3350 4573 3514 4628 Τοῦτο
3539 4572 3589 4625 δὲ
3630 4570 3702 4623 καὶ

498 4670 745 4727 futurum
764 4670 1053 4725 hzeredem.
1088 4666 1203 4724 Hoc
1235 4682 1366 4723 vero
1396 4668 1586 4723 beatus
1619 4668 1785 4723 David
1809 4668 1915 4733 his,
1942 4684 2014 4739 qu

2183 4665 2195 4716 5
2234 4664 2505 4735 μακάριος
2522 4666 2568 4696 ⁷⁵
2599 4666 2766 4719 Δαϐὶδ
2800 4667 2893 4720 καὶ
2926 4668 2990 4720 ἐκ
3030 4669 3141 4720 τῶν
3178 4668 3305 4722 καθ’
3344 4667 3528 4722 ἑαυτὸν
3555 4661 3700 4718 κινού-

497 4772 752 4829 υχροτιυδ
784 4769 923 4827 erat,
957 4769 1237 4830 permotus
1262 4759 1500 4828 scripsit.
1543 4761 1754 4815 Etenim
1803 4776 1929 4815 cum
1960 4776 2014 4813 τε

2183 4774 2332 4826 μενος
2368 4757 2635 4828 γέγραφε.
2672 4760 2796 4823 Τοῖς
2827 4760 2936 4831 γὰρ
2967 4761 3033 4814 ὲκ
3069 4760 3179 4815 τῶν
3226 4761 3477 4831 πολέμων
3499 4760 3538 4791 ⁷⁷
3566 4754 3700 4824 λαφύ-

499 4870 664 4921 gnum
726 4856 1026 4909 maximum
1066 4863 1119 4910 et
1160 4854 1311 4908 valde
1354 4854 1565 4908 illustre
1598 4852 1926 4907 reddidisset
1959 4866 2016 4922 pe

2182 4868 2315 4921 pou,
2351 4852 2445 4903 καὶ
2477 4850 2555 4922 τῷ
2586 4852 2739 4922 παρὰ
2788 4851 2897 4906 τῶν
2941 4852 3259 4922 ἀλλοφύλων
3306 4852 3580 4924 φερομένῳ
3626 4848 3699 4901 δα-

574 4967 593 5005 ί
628 4966 773 5024 Psal.
812 4985 1035 5033 Luxu,
1086 4969 1139 5023 4.
1218 4970 1242 5009 ε
1279 4966 1425 5024 Psal.
1501 4984 1575 5033 Cl,
1618 4966 1709 5030 26,
1785 4966 1877 5022 27.

1604 5079 1837 5135 νΑιιιιλΕ
1880 5075 2266 5135 LECTIONES
2294 5076 2378 5130 ET
2416 5076 2653 5133 ΝΟΤᾸΞ.

597 5179 641 5211 ⁸⁸
692 5177 814 5248 cod.
859 5178 894 5248 ζ’)
932 5177 1290 5248 ὲρμήνευσεν.
1394 5176 1593 5248 cod.
1637 5176 1659 5228 l
1703 5176 2099 5248 dtvaldtttrtgvn.

2172 5172 2311 5248 _cod._
2348 5174 2400 5248 _3
2428 5174 2969 5248 _dtvatrtola:’tv,__quam
2991 5246 3004 5248 _
3024 5178 3380 5248 posteriorem
3440 5176 3686 5248 lectionem

496 5250 661 5305 etiam
705 5246 892 5325 Montl‘.
921 5243 977 5301 iri
1003 5243 1161 5302 codd.
1210 5246 1487 5325 nonnullis
1522 5247 1746 5325 invenit,
1782 5243 1933 5325 u_t_in_
1960 5243 2215 5325 Hexapli-s
2246 5244 2312 5297 ad
2330 5243 2403 5325 .h.
2428 5245 2462 5298 I.
2494 5243 2678 5325 refert.
2713 5243 2950 5325 __“_'cod_.
2984 5243 3103 5325 ἳᾶν
3126 5248 3431 5325 ἑκατόμῃνζ-
3481 5248 3522 5325 ξ’
3553 5246 3688 5325 ἐνει-

492 5319 1253 5387 μιμνησκόμενος-πυρί,
1288 5317 1412 5372 Des.
1446 5317 1499 5387 in
1525 5317 1643 5387 cod.
1684 5316 1734 5369 l.
1807 5317 1853 5348 "
1874 5320 2002 5370 Mov

2174 5313 2296 5387 Des.
2329 5314 2381 5367 in
2426 5315 2545 5387 cod.
2578 5316 2630 5368 5.
2712 5316 2753 5346 ⁵⁷
2782 5317 2949 5384 Πυρί.
3002 5318 3124 5373 cod.
3154 5318 3187 5372 '5
3226 5313 3375 5372 addit
3410 5318 3513 5387 ὑπῖ
3552 5313 3688 5387 αύτῆς

500 5384 841 5460 πυρούμενος
870 5387 979 5460 τῆς
1003 5384 1380 5460 συνειδήσεως.
1460 5386 1507 5460 ’ξ
1538 5385 1768 5460 Quidam
1794 5387 1916 5441 libri
1934 5395 2017 5460 vel

2176 5384 2397 5460 habent
2415 5384 2676 5460 παλαιὰς,
2742 5402 2865 5456 qua:
2904 5395 2987 5460 est
3035 5388 3195 5460 lectio
3246 5389 3365 5443 eod.
3410 5384 3681 5460 V_atic._h.|.

499 5459 546 5529 δέ
583 5441 651 5513 Ἥ
672 5441 1015 5529 ὗπόάταόῖίς
1043 5441 1380 5527 μοὺ.ἨεῘ)ἱ·.
1424 5441 1581 5529 ’Πιπζῖ
1597 5458 1706 5529 cui
1728 5456 2016 5529 Symmach

2163 5455 2251 5529 sio
2297 5456 2430 5529 satis
2486 5441 3027 5529 bene-respondet,
3076 5459 3122 5489 ⁶⁰
3153 5441 3291 5514 cod.
3324 5441 3360 5513 Vl
3390 5457 3680 5522 τελευτῆσαι.

499 5527 545 5559 ⁶¹
596 5529 696 5581 Οὐ.
734 5528 898 5581 Abest
927 5544 954 5580 a
987 5524 1109 5583 cod.
1141 5530 1195 5582 2.
1299 5529 1342 5559 δ’
1362 5530 1483 5582 cod.
1524 5526 1559 5580 2
1588 5524 1784 5581 οὐδέν.’
1877 5527 1922 5559 ⁸³
1948 5541 2013 5581 co

499 5597 565 5630 ,ιι
668 5597 711 5627 σε
748 5597 897 5630 ’Υπτζ
947 5600 1043 5630 Λιιιῖ
1105 5600 1125 5630 Ι
1174 5600 1207 5630 0
1233 5601 1289 5630 ι..
1385 5599 1427 5630 07
1461 5600 1557 5630 nm!
1620 5597 1803 5630 οιῖυυριτ
1901 5597 1946 5628 68
1973 5612 2016 5630 ιιι

2168 5524 2241 5578 τί.
2317 5524 2361 5555 ⁸⁸
2399 5526 2520 5580 cod.
2548 5527 2582 5579 2
2627 5524 2805 5580 τοῦτο’.
2881 5529 2926 5559 ⁸⁸
2958 5528 3151 5584 Χιλια.
3210 5530 3331 5585 cod.
3386 5531 3432 5594 l,
3462 5529 3491 5581 2
3530 5538 3678 5594 prem-

2202 5595 2327 5630 νοέρ
2426 5597 2471 5628 oo
2502 5598 2601 5630 Ma
2656 5597 2965 5630 0---:m.
3065 5600 3111 5629 το
3152 5601 3249 5630 σιτ..
3310 5601 3400 5630 ...ιλ
3473 5599 3674 5630 οηιοωιη

498 5597 587 5651 τά.
668 5597 711 5627 ⁵⁸
748 5597 915 5650 Ὑπό.
947 5600 1065 5652 cod.
1105 5600 1208 5661 1,2
1232 5601 1308 5651 ὲν.
1385 5599 1427 5630 ⁸⁷
1460 5600 1582 5651 cod.
1620 5597 1824 5653 2tbosi.
1901 5597 1946 5628 ⁸⁸
1972 5595 2093 5651 cod.
2128 5595 2163 5648 2
2202 5595 2346 5665 χθές.
2426 5597 2471 5628 θ’
2502 5598 2624 5650 cod.
2656 5597 2689 5649 2
2720 5598 2989 5667 παρῆλθε.
3065 5600 3111 5629 ’⁸
3152 5601 3269 5652 Ἐν.
3309 5601 3421 5655 cod.
3473 5599 3503 5651 2
3526 5607 3677 5664 pra?!“-

500 5668 554 5734 ἡ.
627 5666 684 5747 τ’.
717 5660 868 5747 Ζῶνἶ
896 5666 1123 5747 Abest}
1152 5671 1269 5722 cod.
1305 5670 1357 5747 2.
1437 5670 1481 5698 ⁷³
1508 5670 1877 5747 Φυτεύουσι.
1903 5668 2026 5721 cod.
2053 5666 2473 5747 ladditcolon,
2507 5667 2629 5721 cod.
2676 5667 2710 5719 2
2751 5679 2929 5747 autem
2990 5668 3102 5747 ho_c_
3146 5670 3365 5747 verbum
3412 5666 3571 5747 jungit
3598 5677 3681 5747 ἐε-

501 5732 686 5804 quanti
727 5737 929 5807 nomini
970 5738 1222 5801 πλοῦ-τον,
1274 5740 1357 5792 cui
1394 5754 1617 5792 comma
1684 5741 1992 5807 apponitur.

2161 5754 2292 5804 rquc
2356 5740 2527 5791 codex
2582 5754 2769 5807 prtem.
2826 5739 2938 5793 καί.
3057 5740 3104 5770 ⁷³
3149 5743 3271 5793 cod.
3324 5741 3357 5793 2
3394 5732 3672 5807 περιουσίας.

502 5808 546 5836 ⁷⁸
586 5806 759 5873 Φησί.
793 5807 956 5861 Abcst
999 5825 1028 5862 a
1071 5810 1189 5864 cod.
1228 5810 1278 5862 5.
1353 5810 1396 5841 ⁷⁵
1427 5810 1547 5863 cod.
1605 5811 1623 5863 l
1664 5806 2019 5881 διαπραττοντ

2099 5848 2105 5862 .
2184 5809 2228 5840 ⁷⁵
2262 5806 2589 5877 Μακάριος.
2614 5808 2734 5864 cod.
2769 5809 2804 5862 2
2830 5810 2992 5874 θεῖος.
3048 5811 3114 5885 ἔ⁷⁷
3155 5812 3278 5866 cod.
3309 5812 3341 5865 5
3366 5806 3616 5877 πολεμίων.
