3842 6518
455 315 587 379 11ὂί

1444 320 1931 379 THEODORETI
1963 317 2301 378 EPISCOPI
2328 319 2697 379 CYRENSIS

3460 214 3471 241 δ

3532 316 3642 381 llfﬂ

453 444 703 497 regrtuus
737 428 883 483 sicut
904 445 1096 485 omnes
1124 440 1303 500 patres
1336 431 1465 486 mei.
1498 432 1898 487 Remissionem
1942 431 2025 483 in-

2154 429 2530 500 ιαρεπίδημος,
2572 429 2756 494 καθὼς
2788 431 2990 495 πάντες
3027 432 3076 482 οἰ
3108 429 3341 498 πατέρες
3365 445 3475 498 μου.
3515 435 3649 499 ’Δνες

450 520 611 590 dulge
635 521 788 586 mihi,
826 532 885 575 ut
919 538 1156 577 recreem
1186 521 1351 593 855
1377 538 1461 576 me
1489 524 1807 592 priusquam
1832 525 2022 575 abeam

452 620 508 666 et
535 613 774 681 amplius
805 629 913 667 non
942 629 1056 667 ero.
1096 633 1114 665 ι
1172 614 1315 679 Tibi,
1368 614 1618 677 Domine,
1651 615 1849 684 inquit,
1900 631 2026 683 sup-

453 705 839 774 plico.exaudi
881 722 968 761 me
994 706 1397 769 obsecrantem,
1468 716 1523 759 et
1587 722 1711 761 cunt
1770 708 2026 777 laerymis

455 798 865 868 deprecantem.
900 798 1017 852 Non
1061 799 1209 852 enim
1260 798 1510 852 inbabito
1556 807 1759 850 terram
1802 807 1858 851 ιιι
1899 814 2027 867 pro-

454 894 656 962 priam,
707 892 801 947 sed
830 902 1089 960 tanquam
1138 893 1460 960 peregrinus
1519 892 1721 954 incolo,
1782 900 1837 945 et
1886 892 2030 946 sicut

456 1001 645 1039 onmes
680 995 859 1051 patres
888 987 1015 1048 mei,
1074 996 1365 1053 postquam
1404 1000 1593 1053 parum
1646 984 1907 1052 temporis
1948 986 2029 1037 vi-

444 1091 609 1139 ‘Iero,
629 1086 856 1128 mortem
875 1076 1058 1128 obibo.
1080 1076 1277 1128 Breves
1304 1076 1488 1144 itaque
1514 1076 1761 1129 inducias
1790 1076 2027 1144 indulge,

458 1174 515 1216 ut
540 1179 739 1231 paucos
768 1164 884 1218 dies
910 1163 1026 1217 sine
1048 1164 1331 1218 doloribus
1363 1166 1469 1218 vita
1512 1165 1684 1228 fruar,
1714 1166 2029 1237 priusquam

455 1271 487 1308 e
521 1258 630 1309 vita
661 1256 894 1311 avolem.
930 1256 1197 1325 Egressus
1229 1257 1376 1311 enim
1420 1272 1535 1311 non
1587 1267 1851 1312 revertar.
1917 1258 2032 1314 lloc

455 1348 601 1401 enim
632 1348 789 1410 dixit,
813 1339 1056 1417 'amplius
1090 1366 1196 1402 non
1214 1366 1325 1415 ero,
1358 1351 1461 1403 hoc
1487 1358 1590 1411 est,
1634 1351 1686 1403 in
1718 1351 1859 1405 hanc
1909 1366 2030 1406 eor-

458 1447 670 1508 ruptam
699 1440 862 1493 vitaut
898 1455 1003 1493 non
1032 1451 1295 1495 revertar.
1351 1442 1622 1496 Caeterum
1680 1457 1897 1511 aequum
1953 1454 2035 1497 est

457 1549 718 1602 maguum
754 1532 1010 1587 Davideut
1047 1535 1333 1599 admirari,
1372 1536 1466 1604 qui
1496 1550 1619 1589 cum
1656 1545 1803 1589 esset
1851 1538 1907 1589 in
1956 1553 2037 1590 re-

459 1644 588 1695 gno,
627 1638 681 1682 et
711 1629 908 1697 cepiis,
942 1640 1108 1699 atque
1156 1630 1422 1699 potentia,
1456 1631 1699 1699 seipsum
1767 1630 2032 1684 advenam

460 1732 515 1775 et
547 1723 897 1790 peregrinum
930 1723 1195 1787 nominat,
1220 1732 1273 1776 et
1304 1722 1547 1776 felicitati
1574 1723 1853 1777 conlidere
1876 1723 2037 1776 mini-

463 1828 550 1867 me
586 1814 718 1867 vult.
749 1812 883 1867 Nam
919 1830 1106 1868 revera
1133 1814 1249 1868 luet:
1282 1814 1446 1868 verba
1480 1830 1605 1868 cum
1637 1815 1908 1883 sapientia
1956 1816 2036 1869 di-

462 1916 549 1960 cta
585 1916 734 1969 sunt,
759 1922 881 1975 qua:
913 1922 1098 1960 rerum
1124 1915 1378 1961 naturam
1406 1909 1533 1973 scit,
1560 1916 1615 1962 et
1645 1909 1748 1962 hac
1774 1908 1841 1962 de
1867 1924 2036 1963 causa

464 2010 784 2067 praesentem
817 1997 1132 2053 felicitatem
1166 1999 1419 2067 despicit.

820 2110 837 2128 '
867 2106 1141 2161 INTERP.
1176 2107 1427 2162 PSALMI
1460 2108 1710 2164 XXXIX.

535 2219 704 2273 Vens.
738 2221 789 2273 1.
830 2238 847 2272 t
887 2221 947 2273 In
990 2220 1173 2283 tinem,
1211 2222 1453 2290 psalmus
1488 2221 1701 2277 Davidi.
1745 2242 1763 2274 ι
1804 2223 2040 2289 Quidam

466 2311 531 2364 de
557 2311 718 2365 beato
743 2310 983 2366 .leremia
1016 2313 1163 2366 hunc
1195 2313 1463 2381 psalmum
1509 2313 1853 2383 interpretati
1888 2325 2037 2377 sunt,

466 2404 557 2457 alii
588 2409 653 2459 de
680 2404 986 2459 admirabili
1018 2404 1255 2469 Daniele,
1326 2406 1584 2475 quoniam
1656 2406 1745 2459 hic
1775 2416 1828 2460 et
1866 2406 1955 2461 ille
1988 2406 2041 2459 iu

468 2498 646 2551 lacum
686 2498 967 2567 conjectus
999 2498 1127 2560 fuit,
1158 2498 1443 2551 exordium
1480 2505 1660 2550 autem
1706 2498 1899 2566 psalmi
1964 2499 2045 2551 Ia-

469 2603 567 2640 cus
594 2587 929 2640 mentionem
998 2585 1144 2641 facit.
1197 2586 1310 2641 lloc
1356 2602 1525 2639 unum
1590 2586 1773 2654 itaque
1817 2588 2042 2639 verbum

467 2683 832 2746 attendentes,
867 2683 921 2736 in
958 2681 1110 2735 illum
1146 2696 1367 2735 sensum
1399 2681 1564 2735 delati
1589 2690 1736 2735 sunt.
1758 2678 1929 2734 Porro
1946 2680 2045 2732 ali-

468 2776 566 2846 qui
596 2776 826 2845 captivis
856 2774 1191 2846 Babylonem
1225 2774 1597 2827 habitantibus
1624 2774 1891 2842 psalmum
1911 2789 2047 2842 qua-

468 2871 629 2923 drare
657 2870 937 2923 dixerunt.
967 2868 1079 2936 Ego
1108 2878 1293 2921 autem
1348 2867 1653 2920 secundum
1710 2867 1937 2934 ﬁguram
1983 2867 2048 2919 de

470 2964 581 3017 illis
631 2962 876 3032 quidem,
929 2978 1051 3030 qua:
1110 2960 1213 3030 ipsi
1252 2959 1436 3012 Davidi
1509 2959 1846 3024 acciderunt,
1904 2960 2049 3011 hunc

470 3057 840 3125 conscriptum
873 3070 996 3109 esse
1043 3056 1258 3122 opinor,
1300 3052 1488 3107 referri
1560 3068 1690 3105 vero
1746 3053 1908 3105 etiam
1981 3053 2044 3106 ad

472 3164 690 3202 munem
729 3149 1013 3201 hominum
1034 3158 1307 3213 naturam,
1336 3162 1459 3215 quae
1486 3162 1635 3214 spem
1671 3144 1838 3215 856
1866 3162 2049 3199 resun-
2076 3120 2123 3181 ο

474 3242 631 3312 geudi
695 3256 724 3293 a
777 3240 889 3294 Deo
936 3240 1223 3294 Salvatore
1281 3249 1471 3293 nostro
1518 3240 1746 3307 accepit.
1789 3238 1846 3290 lu
1911 3238 2051 3291 hanc

477 3347 607 3388 vero
634 3332 959 3387 sententiatn
991 3332 1211 3386 divinus
1247 3332 1450 3385 Paulus
1499 3346 1600 3385 nos
1640 3331 1807 3395 ducit,
1859 3330 1953 3398 qui
1997 3330 2051 3382 in

478 3425 721 3496 Epistola
756 3428 821 3480 ad
851 3424 1130 3493 Hebraeos,
1180 3427 1492 3496 aliquorum
1560 3442 1626 3480 ex
1665 3426 1731 3480 iis
1784 3439 1905 3493 quae
1967 3424 2055 3478 hic

480 3517 738 3571 dicuntur
775 3517 1047 3570 meminit.

551 3606 717 3662 Vsus.
740 3608 796 3673 2,
820 3610 871 3662 3.
912 3628 928 3658 ι
966 3608 1299 3677 Exspectans
1328 3608 1636 3677 exspectavi
1662 3607 1972 3667 Dominum.
2005 3619 2058 3663 et

483 3701 794 3756 attenditad
833 3716 937 3755 me.
972 3699 1038 3753 Et
1064 3700 1342 3755 exaudivit
1365 3716 1553 3770 preces
1589 3716 1758 3763 meas,
1789 3709 1844 3755 et
1869 3701 2059 3755 eduxit

486 3810 625 3850 mee
677 3794 795 3849 lacu
838 3795 1098 3857 miseriae,
1152 3804 1262 3849 ete
1314 3794 1427 3849 luto
1479 3793 1647 3850 faecis.
1682 3814 1700 3845 ι
1736 3794 2062 3863 Congruuut

487 3889 603 3943 haec
627 3887 789 3943 etiam
818 3888 977 3942 beato
1014 3886 1224 3949 Davidi,
1282 3898 1335 3942 et
1365 3902 1611 3942 consona
1670 3896 1802 3942 sunt
1860 3903 2061 3956 praece-

484 3984 633 4038 denti
672 3986 903 4055 psalmo.
930 3984 1063 4038 Nam
1106 3983 1160 4038 in
1193 3984 1285 4038 illo
1312 3984 1531 4053 quidem
1561 3984 1736 4038 dixit:
1777 4002 1794 4035 ι
1826 3981 2058 4048 Exaudi,

486 4077 734 4143 Domine,
754 4078 1055 4131 orationem
1074 4092 1275 4140 meam,
1301 4077 1809 4147 etdeprecationem
1846 4092 2018 4133 meam
2047 4094 2060 4129 :

484 4172 716 4226 auribus
744 4174 961 4241 percipe
984 4172 1169 4226 ﬂetum
1222 4187 1448 4226 meum:
1505 4188 1574 4226 ne
1627 4172 1813 4235 sileas,
1862 4173 2061 4228 remis-

490 4263 700 4317 sionem
735 4264 953 4333 indulge
981 4264 1113 4317 mihi
1173 4273 1233 4317 ιιι
1288 4278 1528 4319 recreem
1583 4279 1669 4317 me
1742 4265 2061 4336 priusquam

491 4354 708 4419 abeam,
734 4365 788 4407 et
813 4356 1050 4425 amplius
1082 4370 1194 4408 non
1236 4370 1353 4409 ero.
1406 4374 1423 4406 ›
1460 4354 1521 4408 Et
1587 4356 1751 4423 paulo
1807 4360 2066 4427 superius

493 4446 604 4499 ait:
641 4464 658 4497 ι
699 4444 765 4499 Ει
806 4461 928 4515 quae
972 4462 1121 4502 nunc
1151 4456 1235 4501 est
1262 4447 1600 4516 exspectatio
1656 4448 1823 4503 mea?
1875 4465 2059 4506 nonne

492 4537 883 4594 Dominus?et
930 4538 1237 4594 substantia
1273 4554 1392 4593 mea
1445 4540 1587 4608 apud
1632 4549 1684 4594 te
1732 4550 1835 4595 est.
1871 4561 1889 4594 ο
1962 4541 2063 4597 llic

492 4646 643 4696 vero,
678 4643 935 4701 tanquam
967 4633 1351 4702 deprecatione
1410 4632 1670 4699 admissa,
1707 4643 1760 4689 et
1800 4636 2065 4704 petitione

493 4743 776 4793 concessa,
808 4728 940 4783 dicit
966 4748 978 4783 :
1010 4745 1028 4778 ι
1067 4729 1398 4797 Exspectans
1421 4730 1728 4798 exspectavi
1773 4729 2063 4784 Dominum

492 4828 550 4871 et
576 4818 805 4872 attendit
840 4817 905 4871 ad
937 4834 1040 4873 me.
1082 4838 1099 4870 ι
1139 4818 1277 4872 Cum
1341 4819 1485 4873 enim
1523 4832 1806 4889 peccatum
1850 4838 2067 4876 aversa-

496 4920 585 4963 tus
628 4920 792 4973 esset,
825 4910 1142 4965 benevolam
1172 4910 1364 4966 faciem
1399 4912 1531 4964 mihi
1564 4912 1824 4973 ostendit,
1862 4923 1914 4967 et
1945 4930 2069 4982 pre-

501 5015 596 5056 ees
635 5016 785 5054 meas
811 5002 1110 5056 exaudivit.
1167 5000 1231 5053 Et
1270 5001 1399 5068 quid
1445 4999 1595 5065 fecit,
1649 5015 1773 5054 cum
1812 5000 2069 5054 exaudis-

499 5093 633 5147 set?
662 5113 679 5145 ι
712 5092 911 5147 Eduxit
939 5110 1026 5149 me
1050 5111 1081 5148 e
1129 5094 1247 5148 lacu
1282 5093 1536 5155 miseriae,
1574 5101 1628 5146 et
1651 5109 1681 5147 e
1718 5094 1833 5146 luto
1864 5092 2066 5147 famis.»

502 5173 596 5239 Sic
621 5195 803 5241 autem
834 5201 1006 5242 sacra:
1037 5185 1256 5241 Littera:
1283 5185 1522 5240 maxima
1560 5185 1876 5239 discrimina
1929 5202 2072 5238 nun-

2130 539 2244 591 μοι,
2293 523 2379 575 ἵνα
2408 523 2672 593 ἀποψύξω
2704 524 2815 595 πρὸ
2847 525 2941 577 τοῦ
2979 541 3043 593 με
3072 522 3349 584 ἀπελθεῖν,
3373 525 3461 576 καὶ
3490 526 3649 579 οὐκέτι

2126 614 2187 666 οὐ
2227 614 2301 685 μὴ
2354 616 2601 686 ὑπάρξω.
2657 636 2675 668 ι
2756 616 3005 669 Ἰκετεύω
3040 632 3099 668 σε
3126 618 3165 674 ¹.
3220 616 3371 684 φησὶ,
3423 616 3653 685 Δέσποτα,

2128 708 2447 760 εἰσάκουσον
2474 708 2843 777 ποτνιωμένου
2874 709 2968 762 καὶ
3027 707 3170 777 μετά
3198 707 3445 777 δακρύων
3473 711 3657 765 ἀντιδο-

2128 800 2348 863 λοῦντος
2373 803 2416 853 ³.
2450 801 2585 853 Οὐδὲ
2617 802 2725 871 γὰρ
2755 799 2995 854 κατοικῶ
3016 800 3112 870 τὴν
3140 801 3246 869 γῆν
3270 801 3310 863 ³,
3346 799 3471 852 ἀλλὰ
3497 817 3657 871 παροιο

2130 893 2234 959 κῶ,
2272 894 2364 947 καὶ
2390 894 2768 963 τοῖςπατράσι
2806 892 3227 962 παραπλησίως,
3278 892 3454 959 ὀλίγον
3491 894 3660 963 βιώσας

2130 986 2345 1054 χρόνον,
2380 985 2474 1038 τὸν
2504 985 2733 1039 θάνατον
2763 985 3006 1055 δέξομαι.
3033 986 3259 1055 Μικρᾶς
3287 984 3462 1036 τοίνυν
3486 988 3663 1039 ἀνακω-

2132 1078 2232 1146 χῆς
2268 1094 2358 1147 μοι
2389 1077 2637 1147 μετάδος,
2691 1078 2778 1130 ἵνα
2802 1077 2989 1145 ὀλίγας
3011 1076 3144 1144 γοῦν
3182 1075 3398 1145 ἡμέρας
3432 1075 3545 1145 δίχα,
3564 1079 3663 1132 ὸδύ.

2134 1188 2230 1238 νης
2266 1169 2469 1239 βιώσω,
2513 1172 2644 1240 πρὶν
2676 1170 2826 1223 τόνδε
2861 1170 2953 1221 τὸν
2996 1168 3111 1238 βίον
3142 1167 3478 1233 ὑπεξελθεῖν.
3516 1169 3666 1232 Ἐξελ-

2135 1264 2246 1317 θὼν
2278 1264 2388 1335 γὰρ
2417 1264 2515 1317 οὐκ
2548 1264 2871 1334 ἀναστρέψω
2889 1268 2931 1318 ⁵.
2964 1262 3135 1316 Τοῦτο
3155 1264 3177 1295 ⁸
3229 1262 3339 1332 γάρ
3368 1259 3531 1327 εἶπεν,
3556 1267 3667 1317 οὐκ·

2134 1356 2223 1409 ἐτι
2245 1359 2317 1411 οὐ
2333 1357 2419 1425 μὴ
2441 1356 2709 1424 ὐπάρξω,
2726 1358 2997 1419 τουτέστι,
3019 1356 3157 1426 πρὸς
3193 1354 3290 1407 τὸν
3320 1355 3548 1425 φθαρτὸν
3571 1358 3669 1409 τοῦο

2136 1466 2227 1501 τον
2249 1449 2350 1501 οὐκ
2400 1446 2726 1517 ἀναστρέψω
2763 1447 2898 1516 βίον.
2952 1447 3247 1517 Θαυμάσαι
3288 1446 3345 1499 δὲ
3400 1446 3554 1511 ἄξιον,
3598 1448 3671 1501 τὸν

2141 1542 2313 1612 μέγαν
2355 1542 2522 1594 Δαὸὶδ
2556 1544 2614 1593 ἐν
2658 1541 2927 1611 βασιλεία,
2984 1542 3075 1593 καὶ
3127 1540 3370 1608 πλούτῳ,
3399 1541 3490 1593 καὶ
3541 1542 3673 1592 δυναί-

2139 1635 2351 1705 στείαλθ,
2376 1634 2638 1705 πάροικον
2656 1635 2852 1687 ἑαυτὸν
2869 1633 3259 1685 ἀποκαλοῦντα
3283 1632 3379 1685 καὶ
3403 1633 3670 1703 παρεπίδη-
3746 1670 3749 1675 ι

2144 1742 2261 1795 μον,
2284 1726 2378 1777 καὶ
2404 1727 2470 1795 τῇ
2493 1724 2757 1795 εὐκληρίᾳ
2787 1724 3063 1795 θαρρῆσαι.
3096 1723 3171 1794 μὴ
3203 1724 3581 1792 ἀνασχόμενον.
3603 1724 3675 1791 Τῴ

2139 1819 2253 1871 ὄντι
2286 1819 2394 1889 γὰρ
2422 1817 2612 1887 σοφίας
2644 1819 2817 1889 μεστὰ
2845 1817 2915 1870 τά
2946 1820 3173 1889 ῥήματα
3198 1817 3241 1879 ⁷,
3271 1817 3366 1869 καὶ
3406 1817 3501 1885 τὴν
3542 1817 3675 1886 φύσιν

2139 1911 2244 1963 τῶν
2273 1911 2441 1964 ὄντων
2480 1911 2875 1980 ἐπισταμένης,
2905 1913 2999 1963 καὶ
3031 1910 3226 1963 τούτου
3264 1909 3422 1981 χάριν
3448 1911 3540 1977 τῆς
3560 1927 3674 1980 παρ·

2139 2002 2304 2074 ούσης
2332 2004 2634 2074 εὐημερίας
2668 2003 3146 2073 καταφρονούσης.

2448 2118 2713 2172 EPMHN.
2757 2118 2894 2171 ΤΟΥ
2933 2116 3036 2172 ΛΘ⁹
3090 2118 3416 2171 ΨΑΛΜυΥ.

2214 2238 2283 2286 α’.
2320 2251 2338 2282 ι
2380 2231 2474 2291 Εἰς
2513 2230 2574 2282 τὸ
2599 2231 2771 2295 τέλος.
2817 2231 2893 2302 τῷ
2920 2231 3083 2285 Δαῦίδ
3120 2232 3358 2301 ψαλμός.
3394 2251 3413 2281 ι
3453 2232 3590 2297 Τινὲς
3618 2236 3680 2297 εἰς

2146 2322 2234 2375 τὸν
2269 2323 2538 2392 μακάριον
2561 2321 2581 2351 ⁸
2627 2322 2897 2392 Ἰερεμίαν
2920 2321 3109 2375 τοῦτον
3143 2322 3347 2376 ἔλαϐον
3373 2322 3463 2375 τὸν
3482 2323 3679 2393 ψαλμὸν,

2144 2413 2289 2476 τινὲς
2316 2414 2396 2477 εἰς
2422 2413 2515 2466 τὸν
2541 2413 2845 2484 θαυμάσιον
2867 2414 3097 2485 Δανιήλο
3127 2414 3325 2486 ἐπειδὴ
3354 2416 3587 2479 κάκεῖνος
3610 2419 3683 2469 καὶ

2145 2501 2299 2569 οὗτος
2336 2508 2415 2570 εἰς
2456 2507 2659 2561 λάκκον
2707 2507 3038 2578 ἐϐλήθησαν,
3097 2509 3382 2579 μέμνηται
3421 2508 3474 2561 δὲ
3513 2509 3682 2561 λάκκου

2145 2595 2240 2649 τοῦ
2267 2595 2486 2665 ψαλμοῦ
2516 2596 2575 2650 τὸ
2602 2597 2889 2666 προοίμιον
2908 2613 2923 2625 ·
2953 2597 3048 2650 καὶ
3070 2596 3147 2666 τῷ
3180 2598 3265 2650 ἐνὶ
3288 2599 3681 2668 προσεσχηκότες

2151 2687 2319 2761 ῥητῷ,
2379 2691 2459 2751 εἰς
2498 2688 2711 2758 ἐκείνην
2767 2690 3069 2759 ἐτράποντο
3120 2690 3223 2759 τὴν
3273 2689 3526 2743 διάνοιαν.
3558 2692 3684 2753 Τινὲς

2149 2782 2205 2834 δέ
2246 2786 2358 2845 τοῖς
2388 2784 2642 2854 οἰκήσασι
2666 2784 2764 2853 τὴν
2797 2783 3099 2836 Βαϐυλῶνα
3123 2782 3485 2854 δορυαλώτοις
3514 2784 3684 2854 ἁρμότ-

2149 2891 2264 2927 τειν
2302 2874 2511 2945 ἔφασαν
2556 2876 2647 2927 τὸν
2684 2876 2917 2946 ψαλμόν,
2984 2875 3125 2944 Ἐγὼ
3158 2876 3218 2929 δέ
3244 2877 3487 2938 τυπικῶς
3516 2878 3601 2946 μὲν
3626 2879 3685 2935 εἰς

2150 2967 2219 3018 τὰ
2264 2966 2650 3037 συμϐεϐηκότα
2693 2966 2767 3035 τῷ
2817 2966 2983 3020 Δαόὶδ
3026 2967 3264 3021 τοῦτον⁹
3318 2966 3687 3037 συγγεγράφθαι

2155 3060 2399 3131 νομίζωο
2453 3059 2823 3131 ἀναφέρεσθαι
2875 3060 2933 3113 δὲ
2990 3061 3090 3114 καὶ
3145 3064 3226 3123 εἰς
3282 3060 3557 3115 armauit"
3602 3061 3689 3112 τῶν

2156 3151 2461 3222 ἀνθρώπων
2497 3153 2598 3223 τὴν
2651 3153 2837 3223 φύσιν,
2884 3152 2988 3205 ὑπὸ
3034 3152 3127 3204 τοῦ
3160 3152 3299 3205 Θεοῦ
3334 3154 3428 3205 καὶ
3480 3152 3691 3222 Σωτῆρος

2155 3244 2312 3315 ἡμῶν
2342 3245 2440 3308 τὰς
2489 3245 2587 3316 τῆς
2620 3245 2971 3308 ἀναστάσεως
3019 3244 3324 3315 δεξαμένην
3360 3244 3587 3306 ἐλπίδας.
3616 3244 3691 3305 Εἰς

2155 3339 2212 3392 δέ
2248 3337 2455 3407 ταύτην
2511 3338 2659 3407 ἡμᾶς
2706 3336 2936 3404 ποδηγΞῖ
2978 3335 3077 3406 τὴν
3111 3334 3359 3388 διάνοιαν
3389 3336 3416 3387 ὁ
3441 3333 3689 3395 Θεσπέσιος

2157 3429 2389 3494 Παῦλος,
2413 3430 2471 3481 ἐν
2494 3431 2559 3500 τῇ
2584 3428 2721 3497 πρὸς
2750 3427 3037 3499 Ἐϐραίους
3086 3427 3351 3499 ἐπιστολῇ
3378 3426 3546 3498 ῥητῶν
3568 3427 3693 3479 ἐνίων

2165 3521 2425 3593 μνησθείς
2452 3520 2515 3575 υ.

2232 3615 2296 3685 β’,
2341 3614 2410 3683 γ’.
2465 3634 2483 3667 ι
2538 3615 2861 3684 Ὑπομένων
2911 3614 3188 3684 ὑπέμεινα
3242 3614 3337 3667 τὸν
3377 3613 3589 3685 Κύριον,
3624 3612 3695 3663 καὶ

2162 3706 2433 3779 προσέσχε
2464 3723 2572 3777 μοι.
2604 3706 2714 3758 Καὶ
2741 3705 3026 3774 εἰσήκουσε
3067 3705 3168 3774 τῆς
3203 3702 3443 3774 δεήσεως
3477 3720 3590 3773 μου,
3623 3706 3696 3752 καὶ

2163 3800 2409 3870 ἀνήγαγέ
2447 3794 2612 3868 με’ἐκ
2633 3797 2839 3851 λάκκου
2870 3796 3267 3868 ταλαιπωρίας,
3296 3798 3391 3849 καὶ
3423 3796 3528 3850 ἀπὸ
3554 3793 3696 3864 πηλοῦ

2169 3893 2334 3955 ἰλύος.
2374 3912 2391 3944 ι
2434 3892 2723 3963 ’Δρμόττει
2768 3890 2826 3943 δὲ
2870 3891 2967 3943 καὶ
2998 3890 3077 3960 τῷ
3110 3891 3371 3963 μακαρίῳ
3398 3893 3439 3922 ¹¹
3463 3889 3613 3943 Δαὸὶδ
3642 3888 3695 3938 τὰ

2169 3986 2424 4056 ρήματα’
2483 3983 2747 4053 σύμφωνα
2821 3984 2929 4055 γάρ
3006 3985 3122 4036 ἐστι
3172 3982 3251 4053 τῷ
3309 3982 3695 4055 προτεταγμένῳ

2166 4076 2390 4149 ψαλμῷ.
2433 4076 2521 4129 Ἐν
2550 4076 2743 4146 ἐκείνῳ
2793 4077 2890 4144 μὲν
2930 4076 3038 4145 γὰρ
3069 4075 3255 4142 ἔλεγεν
3280 4092 3293 4104 ·
3333 4096 3351 4127 ‹
3406 4074 3696 4128 Εἰσάκουσον

2166 4171 2264 4241 τῆς
2295 4168 2605 4242 προσευχῆς
2640 4169 2979 4239 μου,Κύριε,
3024 4169 3118 4221 καὶ
3141 4168 3183 4199 ¹³
3216 4168 3317 4239 τῆς
3344 4167 3569 4240 δεήσεὼς
3598 4182 3694 4237 μονα

2168 4261 2549 4323 ἐνώτισαιτῶν
2570 4261 2825 4332 δακρύων
2858 4278 2988 4331 μου·
3032 4261 3107 4332 μὴ
3136 4264 3592 4333 παρασιωπήσῃς,
3623 4259 3697 4311 καὶ

2168 4359 2292 4419 ἄνες
2325 4372 2412 4425 μοι
2433 4354 2518 4406 ἵνα
2542 4353 2799 4422 ἀναψύξω
2820 4354 2861 4384 ⁸³
2880 4353 2986 4423 πρὸ
3014 4353 3109 4406 τοῦ
3139 4370 3205 4424 με
3234 4352 3507 4415 ἀπελθεῖν,
3528 4353 3611 4405 καὶ
3625 4353 3695 4403 οὐ-

2096 4472 2139 4526 D
2171 4450 2287 4503 κέτι
2311 4450 2369 4502 οὐ
2393 4449 2467 4519 μὴ
2487 4446 2734 4517 ὑπάρξω.
2764 4466 2781 4497 ›
2805 4447 2917 4499 Καὶ
2939 4447 3199 4516 ἀνωτέρω
3215 4448 3273 4500 δὲ
3290 4447 3394 4516 ἔφη
3416 4464 3429 4478 ·
3459 4466 3476 4497 ι
3507 4447 3601 4499 Καὶ
3623 4443 3697 4495 νῦν

2170 4545 2253 4606 τίς
2285 4545 2318 4613 ἠ
2344 4542 2588 4613 ύπομονή
2625 4557 2757 4610 μους
2786 4539 2907 4610 οὐχὶ
2958 4538 3200 4609 Κύριος;
3246 4540 3344 4592 καὶ
3381 4541 3413 4609 ἡ
3443 4534 3698 4595 ὑπόστασίς

2176 4652 2278 4705 μου
2315 4634 2467 4704 παρὰ
2517 4632 2609 4685 σοῦ
2651 4632 2820 4683 ἐστιν.
2881 4650 2899 4683 ι
2956 4631 3225 4685 Ἐνταῦθα
3257 4632 3336 4695 δὲ,
3390 4631 3464 4693 ὡς
3491 4629 3581 4697 τῆς
3613 4630 3699 4679 ἰκε-

2172 4731 2322 4792 τεῑας
2351 4725 2652 4797 δεχθείσης,
2672 4724 2765 4777 καὶ
2793 4723 2888 4792 τῆς
2912 4724 3181 4792 αἰτήσεως
3206 4723 3467 4793 δοθείσης,
3506 4739 3525 4772 t
3566 4720 3697 4772 Ὑπο-

2169 4828 2365 4898 μένων,
2398 4820 2587 4891 φησὶν,
2628 4816 2899 4885 ὑπέμεινα
2940 4815 3031 4868 τὸν
3063 4816 3293 4888 Κύριον,
3331 4817 3425 4870 καὶ
3465 4814 3697 4885 προσέσχε

2170 4933 2311 4987 μοι.)
2355 4908 2839 4978 Ἀπεστραμμένος
2866 4905 2973 4975 γάρ
2996 4907 3094 4977 τὴν
3121 4906 3162 4936 ⁸⁸
3184 4906 3476 4977 ἁμαρτίαν,
3506 4900 3696 4971 εὐμενές

2170 5024 2259 5077 μοι
2295 5002 2588 5073 πρόσωπον
2624 4997 2798 5062 ἔδειξε
2831 4998 2896 5061 ¹⁸,
2926 5000 3021 5050 καὶ
3063 4999 3349 5068 εἰσήκουσε
3381 5002 3475 5067 τῆς
3497 4991 3694 5066 δεησεώς

2170 5115 2293 5167 μου.
2336 5095 2445 5149 Καί
2466 5111 2515 5145 τι
2537 5091 2838 5160 πεποίηκεν
2879 5088 3237 5154 εἰσακούσας;
3276 5110 3293 5140 ‹
3331 5092 3437 5145 Καὶ
3462 5091 3501 5120 ¹⁶
3524 5088 3694 5156 ἀνήγα·

2168 5190 2233 5257 γέ
2260 5205 2327 5257 με
2352 5189 2415 5239 ἐκ
2434 5186 2636 5239 λάκκου
2659 5182 3055 5251 ταλαιπωρίας,
3084 5183 3180 5237 καὶ
3198 5184 3303 5236 ἀπὸ
3330 5182 3496 5254 πηλοῦ
3516 5181 3651 5242 ἰλύος.
3676 5198 3689 5229 ι

1664 5302 1898 5357 VARUS
1938 5301 2320 5358 LECTIONES
2354 5301 2437 5355 ET
2471 5299 2702 5355 NOT/E.

605 5418 621 5449 ¹
676 5417 771 5472 Σέ.
806 5418 975 5474 Abest
1022 5434 1052 5472 a
1091 5416 1213 5474 cod.
1254 5416 1311 5470 2.

509 5489 529 5521 ⁸
551 5488 954 5557 ’Λναστρέψω.
984 5489 1105 5543 cod.
1138 5488 1174 5541 2
1208 5486 1360 5542 addit
1384 5486 1551 5555 βιοῦν.

506 5562 528 5592 "
557 5558 659 5613 Τά.
693 5560 857 5613 Abest
879 5576 909 5613 a
942 5561 1063 5613 cod.
1099 5559 1147 5611 1.

509 5647 639 5682 των.
741 5630 779 5660 ¹¹
813 5633 916 5694 Εἰς
948 5630 1352 5698 -μνησθει’ς.
1408 5630 1525 5682 l)es.
1584 5629 1723 5696 apud
1775 5628 1936 5682 Cord.

513 5700 705 5766 ψύξω.
748 5700 871 5756 Des.
906 5702 957 5756 in
988 5700 1110 5755 cod.
1150 5704 1196 5755 l.

511 5786 541 5824 a
568 5769 686 5823 cod.
720 5770 773 5823 Ξ.

1396 5417 1415 5447 ’
1458 5416 1968 5481 Ἀντιϐολοῦντος.
2002 5417 2124 5469 eod.
2173 5417 2193 5467 1
2240 5416 2703 5486 παρακαλοῦντος.

1617 5539 1621 5543 .
1664 5488 1684 5517 ⁸
1708 5486 1893 5539 Τοῦτο
1922 5517 1989 5529 -
2015 5487 2176 5551 βίον.
2209 5487 2333 5539 Des.
2367 5487 2419 5539 in
2455 5488 2577 5540 eod.
2610 5487 2664 5540 ‘2.

1260 5559 1283 5591 ⁸
1313 5558 1639 5625 Μακάρων,
1696 5559 1818 5612 cod.
1860 5559 1895 5610 2
1929 5557 2120 5627 μέγαν.

1260 5630 1352 5679 air.
1408 5630 1525 5679 l)es.
1584 5629 1723 5679 anud
1775 5628 1936 5679 Cord.
1999 5644 2050 5679 [ι.
2106 5627 2207 5679 ’751

1304 5650 1352 5693 ς.
1408 5644 1525 5682 nes.
1584 5644 1723 5696 apud
1775 5644 1936 5682 coro.
1998 5644 2050 5698 p.
2115 5644 2226 5681 tot.
2328 5644 2367 5657 --
2423 5644 2615 5694 Mttan

1304 5699 1346 5730 ”
1379 5698 1517 5766 Τήν.
1550 5700 1779 5754 Ριιεειαι
1813 5699 1972 5753 lectio
2004 5698 2124 5754 cod.
2161 5699 2194 5751 9.
2217 5699 2303 5751 διὰ
2332 5697 2429 5770 τὴν
2460 5698 2615 5767 ἐμήν.

2809 5414 2831 5446 ⁸
2882 5412 3005 5482 Τὴν
3042 5415 3179 5483 γῆν.
3229 5415 3349 5470 cod.
3401 5414 3433 5466 ‘2
3482 5407 3693 5483 ἐνταῦθα.

2773 5487 2793 5516 ⁸
2816 5480 3169 5562 Augeat-ala.
3199 5487 3319 5541 cod.
3411 5483 3547 5562 addit
3565 5480 3691 5562 οντα.

2820 5556 2862 5586 ¹⁰
2911 5556 3203 5609 Ἅπασαν.
3256 5555 3375 5610 cod.
3421 5554 3469 5617 1,
3500 5552 3694 5605 eam-

2326 5629 2367 5657 ¹²
2423 5627 2728 5691 Μακαρίῳ.
2785 5626 2908 5681 cod.
2948 5626 2983 5677 2
3038 5627 3187 5691 θείῳ.
3290 5627 3337 5657 ¹³
3364 5621 3691 5677 Kal—dra:

2596 5645 2728 5694 ριῳ.
2785 5645 2908 5681 cou.
2949 5645 2983 5677 Ζ
3038 5645 3187 5678 υειω.
3292 5645 3336 5657 ··
3364 5645 3691 5677 ηαι-αγυ-

2596 5719 2615 5749 ι.
2716 5698 2757 5728 ¹⁵
2790 5696 2909 5751 cod.
2952 5698 2972 5751 1
3012 5680 3237 5761 ἔδειξας.
3338 5697 3378 5726 ¹⁶
3411 5696 3527 5748 Καί.
3560 5691 3693 5743 Abest

2234 5559 2254 5589 '
2293 5558 2415 5611 coll.
2460 5558 2494 5609 2
2530 5557 2703 5609 τοῦτο.
