3842 6520
504 329 643 394 1155
1450 322 1936 382 THEODORETI
1986 319 2318 380 EPISCOPI
2348 315 2712 377 CYRENSIS
3602 314 3715 380 1136

505 445 670 512 igitur
694 455 818 496 eum
852 439 1061 510 judicat
1084 438 1322 500 beatum,
1361 435 1454 503 qui
1504 437 1790 502 praesentia
1846 433 2022 503 quidet

2204 449 2259 483 αι
2286 431 2326 460 ⁸⁸
2354 428 2646 483 Κάνταῦθα
2677 427 2860 480 τοίνυν
2888 425 3176 496 μακαρίζει
3211 425 3311 476 τὸν
3336 424 3448 477 τῶν
3482 427 3577 495 μὲν
3599 447 3721 503 παρ..

502 536 753 606 despicit,
785 535 1024 589 divinam
1059 548 1186 586 vero
1221 543 1371 598 spem
1397 528 1650 583 omnibus
1678 528 1960 597 praeponit.

2206 540 2338 574 ντων
2393 521 2903 598 καταφρονήσαντα,
2953 518 3052 586 τὴν
3106 515 3305 569 ὲλπίδα
3347 515 3406 569 δὲ
3467 518 3562 587 τὴν
3590 520 3723 576 θείαν

2169 615 2290 667 ἀντὶ
2311 614 2531 667 πάντων
2563 613 2926 681 κτησάμενον.

577 706 743 761 νειιδ.
772 706 824 760 6.
850 725 868 756 ι
907 703 1069 757 Multa
1098 698 1271 754 fecisti
1302 707 1381 759 tu,
1410 697 1638 752 Domine
1668 695 1810 750 Deus
1841 695 1936 758 mi,
1968 696 2070 749 mi-

2244 713 2317 770 ς’.
2331 723 2349 756 ‹
2375 703 2554 757 Πολλὰ
2586 701 2847 772 ἐποίησας
2870 701 2955 762 σὺ,
2975 699 3149 769 Κύριε
3165 701 3193 752 ὁ
3212 698 3356 762 Θεός
3387 716 3510 767 μου,
3528 701 3592 753 τά
3611 701 3723 756 θαυ-

505 798 695 852 rabilia
730 805 844 860 tua,
895 804 949 849 et
981 793 1402 864 cogitationibus
1435 791 1542 844 tuis
1568 805 1676 843 non
1721 797 1806 843 est
1850 788 1943 858 qui
1996 803 2021 842 s

2208 799 2346 852 ,ἀσιά
2382 815 2497 862 σου,
2536 796 2632 849 καὶ
2665 797 2777 858 τοῖς
2831 794 3206 862 διαλογισμοῖς
3238 809 3338 844 σου
3388 793 3488 844 οὐκ
3529 794 3636 845 ἐστι
3657 797 3725 859 τίς

507 890 652 944 milis
702 889 772 943 sit
805 887 923 941 tibi.
974 884 1330 945 Annuntiavi,
1366 891 1420 937 et
1463 882 1678 936 locutus
1717 895 1861 944 sum,
1920 880 2024 932 mul

2205 888 2570 959 μοιωθήσεταί
2609 904 2712 941 σοι.
2767 884 3105 956 Ἀπήγγειλα
3128 884 3222 936 καὶ
3275 882 3542 952 ὲλάλησα,
3575 887 3721 956 ἐπλη.

507 980 733 1049 tiplicati
784 984 914 1032 sunt
961 992 1124 1045 super
1154 989 1466 1029 numerum.
1505 991 1523 1023 i
1561 971 1842 1036 Miracula,
1871 972 2022 1041 inqui

2209 982 2444 1052 ύνθησαν
2482 981 2621 1051 ὑπὲρ
2675 978 2928 1052 ἀριθμόν.
2968 996 2986 1028 i
3046 978 3214 1047 Νικᾷ,
3276 975 3472 1045 φησὶν,
3518 978 3726 1046 ἀριθμὸν

507 1086 626 1138 qua:
649 1085 744 1139 per
786 1077 932 1122 tuam
982 1065 1278 1135 potentiam
1322 1062 1464 1117 facta
1518 1071 1671 1128 sunt,
1708 1077 2024 1116 numerumt

2209 1075 2266 1130 αἱ
2289 1077 2470 1128 πᾶσαν
2511 1073 2760 1143 διήγησιν
2796 1071 2865 1122 τὰ
2897 1068 3002 1122 ὑπὸ
3029 1068 3128 1137 τῆς
3159 1067 3264 1136 σῆς
3292 1067 3576 1136 δυνάμεως
3598 1074 3724 1136 γενέ.

511 1159 875 1212 narrationem
907 1170 1122 1210 omnem
1154 1163 1436 1222 superant.
1465 1151 1584 1206 Non
1643 1154 1787 1206 enim
1838 1161 1922 1207 est
1978 1169 2028 1222 qi

2208 1183 2312 1218 ,ενα
2328 1166 2371 1196 ’⁵⁸
2403 1164 2672 1233 θαύματα.
2707 1161 2780 1214 Ού
2810 1161 2918 1231 γάρ
2944 1161 3090 1212 ἐστιν
3114 1160 3226 1211 ὀτὰ
3255 1158 3427 1228 ὅμοιά
3449 1176 3529 1210 σοι
3558 1160 3725 1229 δράσαι

504 1250 683 1304 facere
710 1248 885 1316 possit
913 1247 1112 1302 similia
1143 1246 1262 1311 tibi,
1289 1244 1734 1316 quandoquidem
1768 1260 1929 1314 opera
1977 1254 2021 1298 ti

2207 1257 2466 1328 υνὰμενος
2488 1271 2503 1286 °
2545 1256 2776 1326 μέγιστα
2813 1253 2912 1322 μὲν
2940 1252 2986 1285 ⁸⁸
3013 1250 3120 1322 γὰρ
3148 1250 3247 1304 καὶ
3307 1252 3606 1320 περικαλλῆ
3649 1270 3724 1308 σου

505 1342 744 1395 maxima
772 1348 826 1393 et
874 1338 1201 1408 perpulchra
1235 1341 1251 1357 ‘
1289 1347 1417 1391 sunt
1447 1353 1460 1388 :
1507 1336 1732 1390 vincunt
1758 1344 1935 1390 autem
1967 1333 2022 1388 hi

2210 1347 2240 1400 ὰ
2289 1348 2596 1418 ποιήματα’
2635 1346 2760 1416 νικᾷ
2808 1344 2864 1397 δὲ
2896 1345 3023 1405 τοὺς
3065 1340 3454 1412 ἀνθρωπίνους
3502 1344 3727 1407 ἐπαίνους

505 1447 700 1488 manas
771 1432 958 1485 laudes
992 1445 1077 1495 ea,
1123 1444 1245 1498 qua:
1279 1427 1511 1497 singulis
1543 1426 1884 1496 temporibus
1915 1441 1944 1478 a
1982 1433 2022 1478 ti

2209 1439 2241 1491 ὰ
2272 1438 2395 1492 καθ’
2423 1439 2652 1492 ἕκαστον
2672 1437 2864 1507 καιρὸν
2887 1435 2993 1488 ὑπὸ
3019 1434 3119 1504 τῆς
3143 1434 3191 1464 ’⁵⁸
3220 1433 3330 1503 σῆς
3349 1434 3395 1465 ’⁵³
3416 1436 3726 1507 προμηθείας

503 1524 671 1596 859
709 1522 1054 1595 providentia
1081 1521 1394 1590 dispensata
1442 1519 1614 1583 fuere,
1645 1534 1767 1586 quae
1814 1519 1866 1572 in
1907 1517 2020 1587 Eg;

2208 1532 2621 1602 ίκονομούμενα,
2655 1532 2724 1584 τὰ
2751 1528 3119 1598 ἐνΑἰγύπτῳ,
3153 1527 3227 1579 τὰ
3255 1528 3317 1579 ὲν
3350 1531 3416 1595 τῇ
3442 1530 3644 1598 ἐρήμῳ,
3669 1534 3725 1583 τὰ

507 1626 622 1686 pto,
649 1633 767 1686 qua:
794 1617 848 1670 in
876 1616 1117 1679 deserto,
1178 1628 1302 1682 qua:
1353 1621 1597 1679 tempore
1634 1609 1822 1674 Mosis,
1874 1608 2024 1664 Josua

2207 1624 2267 1675 πὶ
2289 1623 2334 1653 ⁸⁸
2363 1623 2561 1675 Μωσοῦ
2585 1622 2652 1689 ⁸⁷,
2690 1620 2759 1674 τὰ
2801 1620 2893 1672 ἐπὶ
2936 1618 3112 1688 Ἰησοῦ
3130 1618 3204 1684 ⁵⁸,
3229 1617 3305 1671 τὰ
3328 1618 3425 1670 ἐπὶ
3481 1620 3722 1692 Σαμουὴλ,

510 1709 803 1773 Samuelis,
831 1716 886 1761 et
919 1722 1041 1775 quae
1069 1706 1155 1760 his
1184 1705 1528 1774 antiquiora;
1585 1718 1706 1773 qua:
1762 1702 2027 1758 acciderm

2206 1714 2271 1766 ιαὶ
2299 1715 2367 1766 τὰ
2389 1713 2594 1767 τούτων
2643 1711 3012 1784 πρεσϐύτερα,
3052 1710 3123 1763 τὰ
3161 1710 3313 1764 κατὰ
3357 1710 3450 1763 τὸν
3483 1711 3723 1782 Ἀϐραὰμ,

507 1803 840 1862 Abi-aliamo,
876 1801 1080 1862 isaaco,
1121 1797 1326 1852 Jacobo
1357 1805 1405 1852 et
1443 1795 1704 1866 Josepho,
1727 1796 1821 1865 qui
1848 1809 2024 1865 regnui

2210 1805 2306 1859 at“
2363 1807 2504 1860 κατὰ
2544 1807 2633 1860 τὸν
2681 1776 2886 1869 ἔΙσαὰκ,
2922 1776 3005 1859 *τὰ
3044 1805 3188 1860 κατὰ
3231 1805 3328 1857 τὸν
3365 1776 3724 1877 'laxib6,‘1';6ia

509 1909 604 1963 per
656 1892 971 1947 servitutem
1025 1891 1284 1955 obtinuit,
1314 1898 1368 1943 et
1395 1889 1523 1951 alia,
1551 1903 1620 1942 ne
1673 1887 1884 1957 singula
1951 1901 2026 1955 pet

2206 1897 2416 1961 ουλείας
2445 1896 2538 1950 τοῦ
2576 1898 2772 1967 Ἰωσὴφ
2823 1897 3092 1968 βασιλεία,
3127 1897 3225 1950 καὶ
3276 1898 3346 1951 τὰ
3375 1898 3529 1961 ἄλλα,
3556 1900 3634 1952 ἵνα
3664 1902 3723 1970 μὴ

507 2001 749 2040 curram.
797 1983 995 2037 Verum
1027 1983 1174 2051 quod
1227 1997 1372 2036 nunc
1413 1981 1617 2036 factum
1682 1989 1786 2043 est,
1824 1978 2024 2033 omnibi

2206 1989 2301 2044 :aO’
2333 1992 2564 2044 ἕκαστον
2588 1989 2972 2060 διεξέρχωμαι.
3016 1988 3178 2043 Ἀλλὰ
3225 1988 3292 2042 τδ
3325 1988 3424 2042 νῦν
3452 1992 3723 2059 γεγενημέ-

508 2077 594 2132 bis
620 2085 701 2130 est
729 2074 1126 2128 admirabilius.
1164 2071 1282 2126 Non
1308 2073 1455 2127 enim
1489 2072 1654 2126 unius
1709 2070 1965 2130 hominis.
1994 2085 2025 2123 v

2205 2098 2270 2132 ιον
2307 2080 2513 2133 τούτων
2545 2080 2804 2133 ἁπάντων
2857 2076 3340 2148 θαυμασιώτερον.
3397 2077 3530 2129 Οὐδὲ
3550 2078 3591 2109 ⁵⁸
3635 2080 3722 2149 γὰρ

513 2169 678 2223 unius
711 2169 910 2236 gentis,
944 2166 1036 2221 sed
1085 2166 1331 2219 omnium
1385 2164 1626 2235 gentium
1677 2163 1907 2218 salutem
1949 2177 2030 2231 pri

2209 2173 2297 2236 νὸς
2327 2173 2536 2244 ἀνδρὸς,
2565 2173 2600 2241 ἢ
2626 2174 2670 2204 ⁸¹
2708 2173 2824 2235 ἑνὸς
2856 2171 3064 2235 ἔθνους,
3086 2169 3227 2224 ἀλλὰ
3249 2170 3365 2223 τῶν
3393 2170 3557 2223 ἐθνῶν
3582 2171 3724 2224 ἀπάν-

509 2276 692 2322 curas,
740 2271 796 2313 et
838 2258 970 2328 legis
1021 2257 1229 2311 cultum
1281 2271 1502 2311 cessare
1569 2254 1798 2318 faciens,
1870 2254 1936 2308 ad
1988 2251 2026 2306 ,ιι

2204 2282 2288 2318 ςων
2347 2264 2721 2337 πραγματεύῃ
2765 2264 2866 2331 τὴν
2917 2262 3218 2334 σωτηρίαν,
3245 2262 3370 2326 καὶ,
3395 2262 3495 2333 τὴν
3527 2265 3721 2333 νομικὴν

511 2355 752 2410 deorum
828 2351 1257 2406 imbecillitatem
1348 2349 1846 2414 accommodatum,
1885 2363 2028 2402 nova;

2206 2357 2439 2428 ,ατρείαν
2468 2357 2849 2419 καταπαύσας,
2871 2357 2938 2426 τῇ
2961 2356 3008 2387 ⁵¹
3035 2356 3144 2407 τῶν
3198 2355 3476 2408 Ἰουδαίων
3505 2356 3723 2428 ἀσθενείᾳ.

508 2447 740 2518 gratiam
772 2443 993 2508 dedisti,
1042 2459 1162 2513 qua;
1222 2441 1544 2498 rationalem
1579 2442 1786 2496 cultum
1835 2456 2024 2510 praesa

2201 2449 2611 2519 τυμδαίνουσαν,
2637 2449 2738 2518 τὴν
2783 2447 2974 2517 καινὴν
3026 2446 3232 2511 ἔδωκας
3268 2447 3452 2518 χάριν,
3485 2448 3578 2518 τήν
3603 2448 3718 2517 λογι-

510 2542 610 2596 bit.
2181 2542 2283 2612 κὴν
2301 2541 2348 2574 ⁵³
2372 2541 2632 2613 λατρείαν
2654 2539 3049 2607 νομοθετοῦσαν
3074 2540 3141 2593 ⁵⁸.

583 2633 748 2688 Vens.
789 2632 845 2697 7,
875 2631 929 2684 8.
979 2649 996 2681 ι
1033 2628 1373 2684 Sacrificium
1409 2637 1463 2683 et
1509 2626 1840 2683 oblationem
1902 2625 2081 2680 nolui-

2252 2634 2319 2696 ζ’,
2349 2639 2421 2703 η’.
2467 2650 2486 2683 ι
2523 2630 2727 2684 Θυσίαν
2764 2632 2859 2683 καὶ
2884 2631 2930 2662 ⁸⁵
2965 2629 3294 2702 προσφορὰν
3315 2631 3418 2683 οὐκ
3461 2631 3715 2701 ἠθέλησας,

512 2725 610 2789 sti,
646 2738 847 2793 corpus
873 2732 1056 2776 autem
1088 2722 1288 2790 aptasti
1315 2720 1473 2775 mihi.
1519 2718 1870 2781 Holocausta,
1899 2727 1953 2771 et
1991 2734 2029 2772 s:

2202 2724 2346 2793 ςῶμα
2375 2723 2421 2755 ⁵⁸
2465 2723 2522 2776 δὲ
2575 2723 2892 2793 κατηρτίσω
2966 2738 3078 2792 μοι.
3150 2720 3608 2793 Ὀλοκαυτώματα
3644 2723 3719 2776 καὶ

510 2815 716 2870 criticia
745 2828 845 2883 pro
868 2821 1091 2882 peccato
1118 2826 1227 2865 non
1250 2810 1565 2880 postulasti.
1601 2808 1754 2863 Tunc
1785 2808 1919 2873 dixi,
1947 2808 2027 2862 Ecl

2197 2818 2314 2888 περὶ
2364 2816 2641 2888 ἁμαρτίας
2693 2817 2794 2870 οὐκ
2860 2814 3158 2887 ἐζήτησας.
3215 2817 3355 2869 Τότε
3416 2810 3578 2882 εἶπον,
3611 2817 3714 2870 Ἰδοὺ

512 2923 693 2964 venio.
735 2926 753 2957 ι
788 2904 883 2959 His
936 2903 1188 2974 Apostoli
1227 2903 1528 2958 admonitio
1576 2901 1862 2957 concinit:
1926 2918 1943 2950 ‹
1978 2898 2029 2953 Ο

2196 2911 2322 2980 ήκω.
2359 2927 2378 2961 ι
2421 2908 2645 2972 Τούτοις
2680 2909 2714 2979 ἡ
2758 2907 3092 2980 ἀποστολικὴ
3141 2909 3363 2980 συνᾴδει
3403 2912 3713 2984 παραίνεσις·

512 3016 670 3055 secro
702 3014 819 3062 vos,
845 2995 1066 3060 fratres,
1104 3011 1199 3066 per
1229 2994 1664 3049 misericordiam
1700 2991 1818 3058 Dei,
1843 3002 1901 3046 ut
1926 2992 2029 3046 exh

2198 3018 2209 3051 ι
2241 2997 2551 3070 Παρακαλῶ
2580 2998 2745 3067 ὑμᾶς,
2785 2997 3028 3065 ἀδελφοὶ,
3059 2997 3148 3051 διὰ
3184 2998 3298 3051 τῶν
3337 3000 3619 3071 οἰκτιρμῶν
3643 3001 3715 3053 τοῦ

515 3095 688 3149 beatis
723 3108 949 3163 corpora
981 3101 1158 3147 vestra
1187 3092 1422 3146 hostiam
1454 3090 1744 3155 viventem,
1811 3097 2032 3142 sanctan

2198 3091 2340 3156 θεοῦ,
2371 3091 2725 3162 παραστῆσαι
2766 3089 2834 3143 τὰ
2881 3088 3109 3159 σώματα
3151 3091 3310 3161 ὑμῶν
3335 3092 3522 3145 Θυσίαν
3548 3092 3715 3156 ζῶσαν,

514 3185 628 3242 Deo
676 3186 997 3254 placentem,
1065 3182 1390 3237 rationalem
1441 3182 1650 3237 cultum
1702 3189 1941 3235 vestrum
1976 3178 2022 3232 i.

2193 3183 2369 3250 ἁγίαν,
2403 3181 2696 3253 εὐάρεστον
2722 3179 2800 3250 τῷ
2829 3181 2969 3251 Θεῷ,
2999 3182 3098 3252 τὴν
3140 3181 3373 3254 λογικὴν
3400 3183 3634 3254 λατρείαν
3660 3185 3710 3236 ⁸⁷.

515 3277 651 3334 Nam
680 3292 781 3349 pro
811 3277 1075 3346 legalibus
1110 3275 1398 3330 sacrificiis
1454 3273 1719 3328 Dominus
1777 3273 2032 3342 imperavi

2197 3275 2346 3327 ’Λντὶ
2374 3275 2482 3346 γὰρ
2530 3273 2642 3326 τῶν
2679 3273 2922 3343 νομικῶν
2957 3275 3169 3345 ἱερείων
3207 3275 3278 3329 τὰ
3335 3276 3574 3346 ἡμέτερα
3607 3277 3714 3345 μέλη

516 3379 578 3425 ut
600 3379 785 3425 nostra
829 3367 1076 3422 membra
1111 3381 1523 3422 consecremus.
1553 3365 1708 3420 Hanc
1741 3375 1944 3428 autem,
1987 3364 2033 3418 ai

2195 3365 2475 3439 καθιεροῦν
2511 3368 2538 3420 ὁ
2579 3369 2858 3436 Δεσπότης
2883 3367 3205 3437 προσέταξε.
3243 3368 3524 3438 Ταύτην⁸⁸
3547 3367 3596 3420 δέ
3624 3385 3712 3426 σου.

517 3453 664 3517 tuam
723 3461 952 3530 gratiam
1002 3457 1358 3528 perspiciens,
1418 3457 1688 3527 meipsum
1735 3457 1832 3511 tibi
1891 3457 2034 3510 obtul

2196 3458 2321 3529 φησὶ
2350 3459 2417 3524 ⁵³,
2443 3459 2542 3528 τὴν
2588 3458 2748 3526 χάριν
2796 3457 2938 3523 ἰδὼν,
2967 3458 3202 3528 ἐμαυτόν
3253 3476 3339 3512 σοι
3387 3461 3713 3535 προσήγαγον,

517 3555 744 3609 dicens:
790 3551 931 3606 Ecce
985 3551 1204 3605 adsum.
1262 3548 1415 3604 Hanc
1455 3551 1620 3619 igitur
1659 3564 1845 3603 vocem
1897 3549 2034 3604 beati

2198 3549 2388 3617 λέγων,
2417 3546 2553 3600 Ἰδοὺ
2592 3548 2845 3617 πάρειμι.
2871 3547 3090 3618 Ταύτην
3150 3550 3338 3620 μέντοι
3383 3550 3479 3619 τὴν
3507 3549 3665 3618 φωνὴν
3695 3549 3715 3598 ὁ

518 3646 722 3704 Paulus
749 3645 816 3699 de
846 3643 1067 3698 Christo
1093 3642 1324 3696 Domino
1351 3643 1519 3713 860
1549 3641 1797 3695 adhibuit
1844 3641 1893 3705 κ,
1923 3641 2035 3710 idqi

2196 3641 2458 3711 μακάριος
2487 3639 2531 3671 ⁶⁰
2560 3638 2830 3710 λαμὸάνει
2852 3639 3062 3704 Παῦλος
3086 3642 3168 3704 είς
3193 3644 3288 3695 τὸν
3319 3642 3582 3710 Δεσπότην
3608 3641 3713 3706 Χρι-

519 3740 654 3796 satis
688 3739 848 3793 bene.
882 3734 1093 3791 Nostra:
1124 3737 1271 3791 enim
1318 3750 1522 3789 natura:
1569 3735 1761 3789 habuit
1818 3734 2036 3804 primiti:

2195 3733 2333 3798 στὸν,
2374 3733 2469 3786 καὶ
2506 3731 2651 3803 μάλα
2679 3732 2924 3796 εἰκότως.
2957 3733 3070 3802 Τῆς
3103 3734 3211 3806 γὰρ
3245 3735 3516 3807 ἡμετέρας
3537 3731 3712 3801 φύσεώς

517 3841 575 3888 et
604 3831 680 3884 illi
717 3830 964 3884 omnium
997 3829 1176 3898 primo
1205 3836 1391 3882 nostra
1419 3827 1605 3881 dicere
1640 3826 1918 3893 convenit,
1950 3835 2005 3880 et
2033 3843 2034 3877 :

2192 3826 2335 3878 ἐστιν
2386 3824 2628 3896 ἀπαρχὴ,
2682 3830 2776 3882 καὶ
2828 3824 3051 3904 πρώτῳ.
3085 3827 3289 3896 πρέπει
3317 3828 3360 3858 ⁸⁸
3409 3827 3476 3879 τὰ
3509 3825 3709 3894 ἡμέτερα

522 3923 702 3993 seipso
733 3922 887 3992 prius
915 3920 1245 3975 adumbrare
1272 3935 1361 3983 ea,
1392 3935 1515 3989 qua:
1573 3935 1602 3973 a
1631 3919 1790 3975 nobis
1846 3917 1962 3974 ﬁeri
1996 3917 2039 3972 dt

2196 3919 2389 3986 λέγειν,
2426 3920 2521 3971 καὶ
2558 3923 2615 3972 ὲν
2641 3919 2790 3990 αύτῷ
2830 3918 3143 3989 προτυποῦν
3171 3919 3206 3972 ἃ
3247 3920 3379 3989 παρ’
3409 3918 3554 3989 ὴμῶν
3581 3931 3713 3986 προσ-

521 4021 630 4068 cet.
674 4010 874 4065 Eodem
912 4011 1073 4064 modo
1101 4009 1216 4078 ipse
1245 4009 1457 4079 primus
1495 4008 1562 4063 ad
1589 4008 1859 4080 baptisma
1904 4021 2038 4062 accc:

2191 4019 2316 4083 ἡκει
2363 4011 2642 4079 γενέσθαι.
2681 4011 2838 4065 Οὕτω
2868 4012 3085 4084 πρῶτος
3110 4012 3189 4082 τῷ
3220 4012 3546 4082 βαπτίσματι
3576 4025 3708 4078 προσ-

522 4105 614 4167 sit,
649 4103 811 4157 nobis
846 4101 1008 4155 tacite
1064 4100 1363 4155 ostendens
1415 4099 1757 4170 baptismatis
1810 4099 2039 4170 gratiam

2192 4103 2469 4174 ελήλυθεν,
2526 4105 2658 4174 ἡμῖν
2695 4104 3016 4168 ὑποδεικνὺς
3073 4106 3176 4176 τὴν
3224 4105 3323 4158 τοῦ
3381 4103 3709 4175 βαπτίσματος

520 4196 712 4251 eodem
755 4193 916 4247 modo
948 4191 1114 4261 pedes
1141 4191 1538 4261 discipulorum
1572 4192 1729 4256 lavit,
1766 4190 2037 4246 hnmilitat

2191 4197 2353 4267 χάριν
2369 4213 2384 4230 ο
2408 4195 2581 4259 οὕτως
2611 4197 2762 4266 ἔνιψε
2782 4200 2910 4262 τοὺς
2940 4199 3109 4262 πόδας
3124 4199 3234 4252 τῶν
3261 4197 3531 4270 μαθητῶν,
3553 4211 3705 4248 ταπει-

520 4285 802 4354 exemplar
826 4283 986 4338 nobis
1007 4297 1332 4352 proponens.
1358 4283 1651 4352 Propterea
1682 4281 1881 4338 Joanni
1919 4282 2037 4337 dicil

2190 4288 2529 4360 νοφροσύνης
2578 4291 2709 4358 ἡμῖν
2763 4290 3072 4362 ἀρχέτυπον
3105 4292 3405 4360 προτιθείς.
3461 4289 3552 4341 Διὰ
3586 4284 3707 4338 τοῦτο

527 4397 548 4431 ι
581 4377 846 4432 Permitte
888 4375 1070 4441 modo,
1121 4375 1201 4430 sic
1245 4375 1390 4429 enim
1468 4375 1624 4430 decet
1690 4391 1792 4430 nos
1867 4375 2044 4447 implet

2193 4382 2329 4452 πρὸς
2379 4381 2470 4435 τὸν
2527 4382 2782 4452 Ἰωάννην
2839 4382 2978 4451 ἔφη’
3019 4401 3038 4434 ‹
3073 4383 3243 4450 ’Λφες
3285 4384 3427 4455 ἄρτι,
3475 4379 3598 4433 οὕτω
3624 4377 3705 4443 γὰρ

523 4485 743 4526 omnem
782 4468 1050 4539 justitiam
1088 4467 1132 4521 1.
1168 4486 1186 4518 ι
1219 4466 1484 4537 Congruit
1528 4469 1694 4538 igitur
1749 4468 1848 4522 illi'
1875 4477 1928 4523 et
1987 4484 2040 4522 nt

2197 4472 2404 4543 πρέπον
2432 4475 2566 4544 ἡμῖν
2599 4475 2715 4527 ἐστι
2757 4473 3049 4543 πληρῶσαι
3097 4476 3282 4528 πᾶσαν
3325 4470 3656 4539 δικαιοσύνην.
3689 4482 3702 4514 i

523 4574 634 4618 stra
656 4562 856 4627 dicere,
887 4569 947 4615 ut
971 4559 1136 4630 capiti
1171 4559 1441 4628 corporis,
1473 4568 1532 4614 ut
1559 4560 1921 4630 primogenito
1952 4576 2040 4614 mu

2210 4563 2499 4634 Ἀρμόττει
2532 4564 2713 4618 τοίνυν
2749 4564 2897 4634 αὐτῷ
2936 4565 3030 4619 καὶ
3067 4566 3136 4620 τὰ
3166 4567 3406 4638 ἡμέτερα
3455 4557 3703 4631 λέγειν,ὧς

597 4741 614 4791 ι
663 4739 821 4795 Rom.
863 4756 962 4806 xii,
1003 4741 1056 4793 1.
1132 4740 1161 4779 ιι
1203 4737 1364 4793 llebr.
1406 4753 1460 4804 κ,
1493 4737 1609 4794 5-9.
1691 4739 1711 4778 ι
1753 4739 1941 4795 Matth.
1982 4743 2178 4809 iii,15.

1614 4891 1848 4949 νΑΒΙᾹῑ
1890 4894 2275 4951 LECTIONES
2314 4896 2401 4950 ET
2443 4897 2672 4955 ΝΟΤᾹΣ.

634 5028 677 5059 ⁵⁸
705 5027 827 5102 cod.
863 5027 900 5081 2
935 5028 1317 5102 ταράσσονται.
1389 5028 1433 5058 δ’
1469 5025 1647 5102 cod._i_
1671 5029 2030 5102 γεγενημένα.
2100 5031 2148 5062 ⁸³
2179 5033 2325 5086 Μέν.
2357 5035 2526 5088 Abest
2553 5050 2583 5087 a
2619 5033 2744 5088 cod.
2775 5035 2832 5087 2.
2889 5033 2935 5065 ⁸⁸
2964 5033 3101 5087 Ὑπύ
3140 5033 3271 5102 τῆς,
3307 5053 3360 5090 κ.
3390 5033 3434 5085 λ.
3470 5029 3518 5102 lii
3551 5021 3697 5081 cod.3

529 5099 788 5174 nonnulla
835 5094 1166 5174 praecedunt,
1218 5115 1340 5168 qua:
1394 5107 1575 5165 tamen
1604 5094 2538 5174 Nostro_iiiiidicarehdubitamus,
2588 5113 2702 5158 tum
2737 5105 2864 5174 quia
2904 5120 3028 5158 cum
3087 5094 3357 5174 illisuquaa
3405 5101 3539 5174 h._l.
3585 5108 3697 5174 pra}-

528 5171 697 5243 rnis_s_a
745 5166 1047 5243 s_uiit,_non
1083 5166 1374 5243 cohaerent,
1433 5176 1547 5243 tum
1598 5168 1949 5243 _quia__simul
1998 5172 2045 5239 (1;

2174 5173 2180 5224 ἱ
2231 5189 2428 5227 nomen
2469 5166 2770 5243 as'criptum'
2810 5175 3027 5229 habent.
3103 5175 3148 5205 ⁸⁸
3175 5166 3691 5243 Σῆξι.(ξο(1.’5.αύτοῦ.

529 5241 579 5311 ξε
628 5237 708 5311 Τὰ
757 5238 1144 5311 ἐπι-Μωσοῦ.
1187 5237 1390 5311 Μαίη
1436 5237 1659 5311 cod._5:
1753 5238 1796 5311 f"
1827 5241 1946 5293 cod.
1991 5237 2046 5311 1)

2177 5243 2302 5297 mos.
2344 5244 2463 5297 cod.
2495 5244 2530 5296 2
2559 5237 2858 5306 Μῶῢσέως.
2955 5245 3000 5277 ⁸⁸
3031 5237 3388 5311 Ἰησοῦξοοά.
3426 5244 3445 5293 l
3479 5238 3600 5290 addit
3623 5237 3694 5311 703

529 5309 706 5386 Ναυῆ.
963 5338 1030 5347 -
1051 5309 1148 5361 καὶ
1175 5310 1246 5386 τὰ
1264 5309 1447 5386 ᾅλλα.
1478 5308 1598 5386 cod.
1629 5307 1662 5360 5
1689 5308 1784 5386 καὶ
1810 5311 1935 5386 τους
1967 5309 2029 5386 ἐξ
2058 5313 2224 5386 αὑτοῦ
2251 5313 2622 5386 πατριάρχας.
2680 5385 2683 5386 ν
2721 5316 2766 5345 ⁸ο
2793 5299 2966 5386 deae.
2995 5299 3115 5370 cod.
3152 5317 3289 5386 δέού.
3384 5313 3423 5344 ⁵¹
3453 5311 3527 5386 ΤΗ.
3552 5299 3693 5386 cod”?

529 5372 684 5434 οὐδὲ]
707 5450 718 5457 _
772 5381 819 5411 "
953 5407 1023 5457 :-
1051 5379 1672 5457 aup6agrovaqg._des.
1691 5448 1702 5457 ἢ
1719 5383 1774 5431 in
1809 5380 1937 5457 c_od._

2169 5409 2172 5457 ξ
2200 5385 2264 5457 τῇ
2303 5372 2412 5436 τῶν
2666 5385 2852 5457 habet
2877 5385 2976 5456 τὴν
3006 5389 3097 5456 τῇ.
3192 5385 3237 5416 ⁵³
3264 5381 3517 5452 Λογικήν.

531 5450 781 5530 νομικὴν.
872 5448 1417 5528 ⁸⁸Νομοθετοῦσαν.
1449 5448 1612 5502 Multa
1635 5448 1797 5502 etiam
1827 5450 1890 5529 ,ιι
1924 5450 1960 5505 l.
1989 5451 2044 5504 in
2076 5451 2193 5505 cod.
2224 5448 2263 5506 δ’
2287 5467 2609 5524 sequuntur,
2645 5456 2711 5510 de
2748 5448 2947 5524 quibus
2991 5448 3172 5510 tamen
3202 5471 3266 5510 ex
3298 5448 3588 5523 argumentis
3607 5448 3690 5510 jam

531 5520 780 5573 adductis
817 5518 1149 5573 dubitamus.
1200 5535 1267 5573 an
1306 5520 1373 5573 ad
1412 5517 1666 5573 Nostrum
1708 5529 2026 5573 pertineant.
2138 5522 2184 5554 ⁸⁵
2216 5526 2347 5573 Καί.
2381 5526 2502 5573 cod.
2549 5527 2600 5573 1-
2642 5526 2677 5573 2
2710 5542 2891 5573 manu-
2923 5526 3031 5573 γὰο
3063 5526 3187 5573 ἔφη.
3298 5526 3342 5556 ⁵⁵
3367 5519 3532 5573 Σῶμα.
3563 5511 3684 5566 Hebr.

531 5526 780 5575 adductis
817 5526 1149 5582 dubitamus,
1200 5535 1267 5573 an
1306 5526 1373 5573 ad
1412 5526 1666 5573 Nostrum
1708 5526 2026 5588 pertineant.

530 5593 737 5670 gigni.
789 5587 988 5670 Sicque
1022 5590 1211 5670 reliqui
1262 5588 1489 5670 interpr.
1527 5588 1930 5670 Graecihabent
1975 5591 2047 5644 ὠτ

2166 5526 2184 5554 ⁵
2216 5526 2347 5577 Καί.
2381 5526 2502 5579 cod.
2549 5527 2601 5587 1.
2642 5526 2677 5578 2
2710 5542 2891 5595 prtem.
2923 5526 3031 5596 γὰρ
3063 5526 3187 5595 ἔφη.
3298 5526 3342 5556 ⁵⁵
3367 5526 3532 5589 Σῶμα.
3563 5526 3683 5592 item-

2178 5597 2326 5670 unde
2365 5596 2924 5670 c_ulpa‘_hb_rai_'ioruiii
2965 5607 3142 5670 ortum
3181 5610 3299 5650 esse
3339 5594 3683 5670 videturncuiiigf

534 5656 655 5735 Vid.
684 5659 869 5735 bamb.
900 5656 1009 5735 Bos
1029 5659 1343 5735 _A_nima_dv.
1375 5656 1504 5735 crit._
1523 5660 1590 5713 ad
1627 5660 1682 5712 li.
1713 5659 1746 5713 Ι.
1823 5660 1865 5735 ξ⁷
1891 5668 2051 5731 Λατρ⁴

2168 5681 2196 5717 ·.
2232 5666 2351 5735 cod.
2383 5667 2416 5719 5
2449 5656 2598 5720 addit
2633 5667 2804 5735 ὑμῶν.
2882 5667 2927 5698 ⁵⁸
2959 5667 3188 5730 Ταύτην
3212 5697 3280 5707 —-
3311 5663 3500 5730 σάρκα.
3526 5656 3623 5735 Det»
3644 5663 3685 5735 ξιι

533 5728 652 5781 cod.
687 5729 740 5785 5.
817 5729 860 5762 ⁸³
883 5729 1058 5798 φησί.
1085 5729 1140 5783 In
1163 5729 1284 5786 cod.
1315 5729 1349 5782 2
1385 5729 1600 5800 pdnitiir
1639 5740 1758 5800 post
1783 5731 1962 5801 χάριν.
2005 5719 2050 5756 ’“

2159 5734 2442 5805 ἵακάριοςο
2480 5719 2600 5792 έόά-
2633 5719 2857 5801 ς’Σθεῖιοιῖο
2953 5739 2995 5768 ⁸³
3021 5719 3257 5804 Πρέπει.
3289 5719 3437 5790 Abest
3466 5746 3490 5783 a
3517 5722 3612 5780 cod.
3641 5719 3676 5767 ί.
