3842 6510
156 335 281 399 1157

1390 328 1470 387 IN
1502 324 1705 386 PSAL.
1731 321 2000 417 XXXIX.

3234 309 3369 371 1158

153 448 351 520 κεφαλῇ
402 445 679 515 σώματος,
710 446 786 507 ὡς
833 444 1046 498 πολλῶν
1087 442 1332 512 ἀδελφῶν
1382 438 1710 510 πρωτοτόκῳ

1832 451 1989 489 orum
2022 431 2251 486 fratrum
2283 431 2579 486 secundum
2612 444 2854 483 carnem.
2893 447 2910 477 ι
2942 400 3201 495 ιιιόθρίιο
3244 425 3369 479 hhri

154 544 283 596 κατὰ
302 539 397 609 τὴν
432 539 633 606 σάρκα.
672 557 689 589 ι
736 539 823 590 Ἐν
874 536 1123 605 κεφαλίδι
1153 533 1359 606 βιὸλίου
1398 532 1708 602 γέγραπται

152 633 273 704 περὶ
298 631 455 702 ἐμοῦ.
492 650 525 682 ι.
546 630 788 684 ’Δνωθεν
813 632 881 695 ⁶²,
907 630 1094 699 φησὶν,
1119 631 1176 681 ἐν
1203 629 1323 689 ταῖς
1339 624 1709 695 προφητικαίς

153 718 341 792 βίσλοις
396 719 573 772 ταῦτα
627 719 757 790 περὶ
822 717 957 789 ἐμοῦ
1017 716 1444 787 προηγόρευται.
1496 711 1635 779 ,Τὴν
1664 711 1710 743 ⁸³

151 810 455 881 κεφαλίδα,
491 809 714 878 sumta
756 809 1048 878 εἰρήκασιν
1094 805 1327 867 Ἀκύλας
1359 803 1455 857 καὶ
1484 802 1710 871 Σύμμα-

150 921 239 975 χος
264 904 307 934 ⁸⁵
329 920 342 932 °
379 902 521 956 οὕτω
548 902 728 965 δὲτὰς
759 900 912 965 θείας
943 899 1164 971 Γραφὰς
1221 898 1385 969 μέχρι
1417 896 1512 949 καὶ
1547 896 1712 964 τήμε-

151 1014 237 1068 ρον
278 994 517 1049 Ἰουδαῖοι
543 990 976 1056 κατασκευάζειν
1003 989 1249 1045 εἰώθασι.
1301 1041 1324 1060 _

212 1086 276 1139 θ’.
325 1105 344 1138 ι
409 1083 516 1137 Τοῦ
558 1082 786 1153 ποιῆσαι
840 1083 900 1136 τὸ
951 1079 1167 1151 θέλημά
1212 1094 1327 1142 σου,
1364 1074 1551 1137 ὁΘεός
1583 1091 1708 1144 μου,

150 1174 450 1247 ὴδουλήθην
468 1174 513 1206 ⁸⁸
534 1190 548 1203 ·
573 1175 668 1227 καὶ
695 1172 789 1226 τὸν
852 1171 1017 1241 νόμον
1047 1186 1146 1222 σου
1176 1169 1233 1221 ἐν
1282 1166 1431 1237 μέσῳ
1469 1165 1569 1234 τῆς
1596 1179 1711 1215 κοι-

150 1269 259 1330 λίας
278 1268 325 1298 ⁸⁸
358 1284 483 1336 μου.
546 1284 568 1319 ι
625 1261 947 1335 Προσελθών
1005 1278 1111 1327 σοι,
1173 1260 1328 1329 φησὶ,
1387 1257 1565 1309 πᾶσαν
1607 1256 1714 1323 ἔχω

155 1360 385 1429 σπουδὴν
409 1361 509 1423 τὰς
536 1358 637 1422 σάς
670 1356 913 1429 πληροῦν
942 1354 1185 1421 ἐντολὰς,
1236 1354 1331 1407 καί
1359 1350 1504 1404 κατά
1527 1347 1590 1401 τὸ
1623 1346 1712 1399 σὸν

152 1452 529 1506 πολιτεύεσθαι
558 1452 791 1521 θέλημα.
825 1449 899 1502 Τὸ
923 1448 1002 1515 δὲ,
1037 1448 1108 1501 ἑν
1130 1444 1301 1515 μέσῳ
1335 1440 1443 1509 τῆς
1483 1439 1713 1503 κοιλίας

148 1565 277 1616 μου,
313 1548 379 1599 ἐκ
408 1545 729 1616 μεταφορᾶς
752 1543 941 1614 εῐρηκε
971 1542 1083 1593 τῶν
1118 1538 1179 1593 εὖ
1206 1537 1335 1609 περί
1362 1553 1486 1589 τινα
1513 1534 1717 1587 διακει-

155 1640 347 1708 μένων,
376 1639 476 1691 καὶ
509 1638 659 1691 ἐνδον
699 1634 1001 1705 ἐφιεμένων
1022 1632 1065 1665 ⁸⁷
1105 1630 1366 1700 ἐμϐαλεῖν
1394 1629 1487 1680 τὸν
1520 1623 1716 1677 ποθού-

157 1746 329 1800 μενον.
368 1728 558 1783 Ταῦτα
584 1728 641 1782 δέ
666 1726 789 1779 οὔτε
813 1725 892 1796 τῷ
928 1723 1191 1794 Ἱερεμίᾳ,
1234 1719 1358 1774 οὔτε
1386 1719 1466 1789 τῷ
1496 1715 1713 1785 Δανιὴλ,

155 1822 266 1875 οὔτε
294 1822 343 1852 ⁸⁸
380 1820 463 1891 τῷ
503 1817 760 1890 μακαρίῳ
786 1819 828 1850 ⁸³
882 1815 1145 1887 ἁρμόττει
1195 1812 1377 1868 Δαϐίδ.
1403 1810 1511 1863 Τοῦ
1548 1809 1714 1878 νόμου

155 1917 251 1984 γὰρ
297 1911 651 1983 κρατοῦντος,
688 1908 1120 1977 ὁλοκαυτώματα
1166 1906 1261 1958 καὶ
1318 1903 1502 1956 θυσίαι
1552 1917 1720 1969 προσ⁸

163 2008 417 2077 εφέροντο
446 2005 526 2077 τῷ
554 2004 696 2075 Θεῷ.
744 2004 803 2055 '0
824 2002 880 2056 δὲ
918 1999 1259 2071 προφητικὸς
1275 1996 1453 2064 λόγος,
1474 1991 1721 2047 ἐκϐαλὼν

155 2102 326 2154 πάντα
361 2099 437 2152 τὰ
489 2097 737 2162 τοιαῦτα,
771 2097 869 2166 τὴν
913 2092 1140 2162 λογικὴν
1192 2088 1382 2142 θυσίαν
1420 2085 1718 2151 ὑπέδειξεν.

156 2186 220 2245 05
270 2191 341 2261 δὴ
387 2191 574 2261 χάριν,
610 2187 855 2250 τυπικῶς
916 2184 1054 2255 ἔφην
1124 2180 1418 2253 ἁρμόττειν
1445 2177 1526 2248 τῷ
1556 2176 1723 2230 Δαόὶδ

157 2285 236 2337 τὸν
264 2283 487 2353 ψαλμὸν
511 2298 525 2313 ο
555 2279 742 2350 ἐπειδὴ
785 2269 1435 2347 κάκεῖνοςπροφητικῶς
1464 2266 1721 2340 προεώρα

157 2376 215 2428 τὰ
248 2374 543 2446 μέλλοντα,
577 2372 672 2426 καὶ
700 2370 821 2424 κατ’
865 2369 1051 2422 ἐκεῖνα
1098 2363 1199 2436 ζῇν
1240 2361 1543 2430 ἐπεθύμειο
1586 2358 1721 2430 ἀλη-

159 2467 253 2532 θῶς
277 2466 339 2519 δὲ
362 2467 478 2529 τοῖς
500 2463 600 2533 τῆς
628 2457 903 2531 σωτηρίας
920 2453 1230 2522 ἀξιωθεῖσιν
1263 2450 1461 2517 ἔθνεσι,
1495 2449 1590 2503 καὶ
1620 2447 1722 2518 τῆς

159 2560 359 2629 πλάνης
378 2555 801 2623 ἀπαλλαγεῖσιν.

218 2658 273 2714 ι’,
307 2655 398 2702 ια’.
442 2665 463 2698 ι
504 2643 958 2717 Εύηγγελισάμην
986 2635 1341 2708 δικαιοσύνην
1368 2635 1426 2689 ἐν
1455 2629 1721 2702 ἐκκλησίᾳ

164 2744 389 2813 μεγάλῃ.
422 2740 534 2794 ἰδοὺ
572 2739 641 2791 τὰ
669 2735 822 2808 χείλη
858 2750 960 2804 μου
984 2733 1046 2786 ού
1103 2732 1180 2803 μὴ
1226 2727 1458 2783 κωλύσω
1478 2740 1494 2757 ’
1526 2722 1722 2794 Κύριε,

164 2836 219 2888 σὺ
243 2835 441 2902 ἔγνως.
470 2830 583 2903 Τὴν
610 2826 956 2896 δικαιοσύνην
999 2841 1093 2876 σου
1114 2822 1161 2856 ⁷⁸
1189 2820 1290 2874 οὐκ
1318 2814 1530 2888 ἔκρυψα
1556 2816 1614 2867 ἐν
1654 2814 1723 2884 τῇ

164 2926 353 2997 καρδίᾳ
384 2940 511 2993 μου,
538 2902 637 2992 τὴν
668 2916 930 2988 ἀλήθειάν
964 2931 1058 2967 σου
1090 2912 1186 2967 καὶ
1219 2908 1280 2962 τὸ
1325 2902 1593 2976 σωτήριόν
1631 2917 1725 2954 σου

162 2994 458 3076 εἶπαξούκ
481 3013 692 3087 ἔκρυψα
737 3012 799 3065 τὸ
828 3008 978 3071 ἔλεός
1027 3021 1123 3060 σου
1168 3002 1267 3058 καὶ
1312 2999 1412 3072 τὴν
1467 2994 1726 3068 ἀλήθειάν

164 3133 248 3169 σου
287 3112 403 3167 ἀπὸ
458 3106 780 3176 συναγωγῆς
829 3101 1053 3171 πολλῆςο
1096 3118 1116 3149 ι
1178 3096 1290 3151 Καὶ
1323 3096 1351 3147 δ
1389 3092 1659 3164 μακάριος
1679 3088 1720 3182 ’ξ
1749 3123 1796 3182 ο

162 3204 323 3260 Δασὶδ
377 3202 720 3271 ὑπισχνεῖται
754 3198 810 3249 ἐν
864 3190 1131 3261 ἐκκλησίᾳ
1183 3184 1418 3257 μεγάλη,
1469 3184 1535 3252 τῇ
1586 3178 1727 3271 κατά

162 3298 338 3350 πᾶσαν
364 3293 471 3362 τὴν
513 3268 840 3357 οἰκουμένην
876 3281 981 3336 ὑπὸ
1007 3280 1108 3350 τῆς
1140 3277 1296 3338 θείας
1344 3273 1568 3346 χάριτος
1604 3268 1729 3322 συλ-

162 3388 380 3460 λεγείση
400 3427 417 3452 ,
446 3386 548 3457 τὴν
600 3382 695 3437 τοῦ
726 3378 863 3435 Θεοῦ
908 3374 1256 3443 δικαιοσύνην
1295 3369 1610 3442 κηρύττειν,
1635 3366 1731 3419 καὶ

162 3484 255 3555 τὴν
283 3474 390 3551 τῆς
428 3476 767 3549 προφητείας
812 3470 1093 3540 ἀλήθειαν,
1131 3464 1360 3534 καὶττὴν
1403 3461 1730 3528 ἀξιάγαστον

166 3550 471 3644 σωτηρίαν,
518 3569 615 3625 καὶ
661 3568 753 3620 τὸν
807 3564 1116 3634 ἀμέτρητον
1158 3558 1337 3610 ἔλεον
1388 3556 1483 3608 καὶ
1530 3550 1732 3620 αὖτηή

167 3643 488 3735 σεσωσμὲνη
501 3661 545 3693 ⁷³
572 3659 728 3729 φύσις
755 3655 960 3721 ταύτην
990 3650 1130 3721 ὑπὲρ
1149 3648 1249 3718 τῆς
1276 3644 1550 3716 σωτηρίας
1601 3643 1734 3695 ὑπι-

168 3760 409 3829 σχνεῖται
454 3754 552 3824 τὴν
596 3750 863 3806 ἀντίδοσιν
896 3741 1171 3806 δώσειν⁷³,
1201 3740 1264 3793 τὸ
1296 3736 1609 3807 συντρέχειν
1656 3733 1736 3795 εἰς

167 3826 488 3917 ἐκκλησίαν,
542 3844 636 3897 καὶ
676 3841 746 3895 τὰ
776 3837 927 3910 χείλη
972 3836 1139 3889 κινεῖν
1174 3832 1252 3895 είς
1303 3827 1596 3900 ὑμνῳδίαν,
1645 3826 1738 3877 καὶ

168 3940 257 3993 τοῦ
293 3914 436 3992 Geo?»
459 3936 567 4007 ftijv
599 3932 813 3989 δικαίαν
850 3927 1032 4000 κρίσιν
1062 3920 1482 3993 ἀνακηρύττειν,
1514 3917 1607 3971 καὶ⁸
1638 3914 1738 3985 τὴν

172 4029 409 4103 ἄρρητον
434 4026 686 4092 διεξιέναι
717 4022 1065 4093 κηδεμονίαν,
1095 4018 1192 4072 καὶ
1234 4016 1343 4069 τῶν
1386 4009 1740 4084 προφητικῶν

173 4099 523 4192 ὑποσχέσεων
573 4114 955 4170 ύποδεικνῢναι
1003 4111 1066 4164 τὸ
1107 4106 1327 4177 ἀληθές.
1362 4105 1436 4157 Τὸ
1465 4103 1544 4167 δέ,
1578 4120 1596 4153 ι
1636 4099 1744 4155 ἀπὸ

176 4212 505 4283 συναγωγῆς
543 4208 767 4279 πολλῆς,
810 4224 829 4257 δ
858 4208 886 4259 δ
916 4204 1213 4275 Σύμμαχος
1237 4200 1307 4252 ἐν
1353 4196 1599 4264 πληθύτ,
1626 4195 1653 4246 δ
1687 4192 1744 4244 δὲ

186 4306 422 4368 Ἀκύλας
461 4304 555 4357 κα)⁴
614 4304 644 4355 ὁ
691 4298 1007 4361 Θεοδοτίων,
1057 4294 1127 4349 ἐν
1179 4290 1479 4358 ἐκκλησίᾳ
1513 4284 1743 4357 μεγάλῃ

178 4397 523 4451 τεθείκασινο
572 4394 647 4457 ὡς
702 4386 844 4445 εἶναι
891 4386 1070 4459 δῆλον,
1131 4385 1211 4439 ὅτι
1264 4382 1395 4453 περὶ
1439 4379 1539 4450 τῆς
1578 4377 1745 4447 αύτῆς

183 4491 402 4562 εἴρηκεν
433 4485 751 4557 ἐκκλησίας.

253 4557 342 4652 ιβ’.
374 4598 393 4631 ι
417 4579 490 4631 Σὺ
520 4576 599 4643 δέ,
632 4575 828 4647 Κύριε,
862 4572 936 4644 μὴ
970 4566 1255 4642 μακρύνῃς
1282 4565 1409 4628 τοὺς
1428 4557 1745 4631 οἱκτιρμούς

189 4649 288 4727 σου
315 4672 411 4724 ἀπ’
449 4666 613 4738 ἐμοῦ’
640 4666 701 4719 τὸ
735 4664 882 4726 έλεὸς
911 4679 1028 4723 σου,
1064 4660 1157 4713 καὶ
1192 4659 1229 4726 ἠ
1262 4654 1496 4726 ἀλήθειά
1528 4668 1631 4729 ισου
1657 4649 1748 4702 διὰ

188 4765 389 4826 παντὸς
445 4756 806 4814 ἀντελάὃοντὸ
871 4750 1051 4825 pou".
1115 4768 1134 4801 ›
1200 4748 1311 4803 Καὶ
1360 4742 1597 4815 τυχοῦσα
1652 4741 1751 4809 τῆς

190 4853 465 4926 σωτηρίας
490 4852 527 4922 ἡ
552 4848 651 4904 τοῦ
698 4846 834 4902 Θεοῦ
902 4840 1215 4913 Ἐκκλησία,
1245 4839 1417 4893 δεῖται
1456 4834 1620 4888 πάλιν
1651 4831 1753 4900 τῆς

190 4920 361 5016 uariis
392 4920 758 5015 προμηθείας,
790 4938 879 4992 διὰ
909 4936 1009 5000 τὰς
1038 4930 1389 4994 παντοδαπὰς
1417 4927 1528 4981 τῶν
1549 4920 1755 4993 ἀνθρὼο

193 5058 310 5093 πων
336 5038 433 5092 καὶ
484 5033 756 5106 δαιμόνων
821 5029 1243 5091 ἐπαναστάσεις,
1278 5019 1354 5078 ὧν
1388 5024 1444 5076 ἐν
1486 5021 1601 5083 τοῖς
1628 5016 1755 5086 ἑξῆς

193 5132 292 5203 τὴν
328 5130 549 5203 μνήμην
598 5125 914 5196 πεποίηται.

1777 4478 1823 4535 D

1808 527 2069 594 scriptum
2099 537 2182 580 est
2212 523 2278 576 de
2312 536 2418 576 me.
2460 540 2480 571 ι
2518 519 2681 584 Olim,
2711 519 2912 587 inquit,
2946 516 3001 569 in
3035 516 3184 569 libris
3243 530 3373 584 pro-

1807 616 2037 686 pheticis
2075 616 2190 669 hinc
2220 615 2286 669 de
2317 628 2406 667 me
2426 613 2680 682 praedicta
2712 619 2859 663 sunt.
2892 608 2957 661 In
2977 609 3146 676 capite
3175 608 3372 677 Aquila

1809 721 1863 765 et
1908 710 2271 780 Symmachus
2296 711 2353 762 in
2379 707 2651 761 involucra
2682 705 2806 757 libri
2829 704 3126 757 dixerunt:
3163 704 3242 755 sic
3274 716 3374 752 au-

1809 811 1916 857 tem
1949 802 2259 871 Scripturas
2301 801 2514 855 divinas
2554 813 2727 868 usque
2756 797 2807 849 in
2856 796 3181 849 hodiernum
3231 793 3374 847 diem

1809 895 1979 951 Judaei
2014 895 2350 951 concinnare
2382 894 2582 949 solent.

1882 1062 2047 1127 Vens.
2073 1072 2126 1126 9.
2151 1090 2168 1122 ι
2197 1068 2520 1125 Utl‘acerem
2550 1068 2883 1121 voluntatem
2912 1072 3082 1126 tuam,
3114 1060 3255 1114 Deus
3280 1059 3378 1127 mi,

1812 1166 1982 1231 volui,
2013 1173 2067 1220 et
2099 1166 2268 1233 legem
2301 1173 2471 1227 tuam,
2502 1161 2557 1214 in
2585 1159 2978 1214 medioventris
3010 1156 3134 1210 mei.
3173 1175 3191 1205 ›
3226 1153 3380 1207 Post-

1814 1273 1979 1328 quam
2034 1256 2240 1311 accessi
2274 1256 2338 1307 ad
2377 1262 2449 1313 te,
2496 1253 2591 1316 ait,
2637 1265 2799 1305 omne
2833 1249 3073 1305 studium
3128 1245 3378 1307 adhibeo,

1818 1358 1878 1404 ut
1925 1358 2017 1403 tua
2052 1355 2322 1418 praecepta
2347 1344 2620 1413 impleam,
2676 1352 2731 1396 et
2774 1350 2833 1394 ut
2878 1339 3175 1395 secundum
3232 1345 3380 1389 tuam

1814 1442 2147 1496 voluntatem
2180 1442 2379 1491 vivam.
2429 1434 2543 1490 Hoc
2588 1444 2793 1498 autem,
2823 1434 2877 1485 in
2914 1431 3082 1483 medio
3142 1427 3334 1481 ventris
3363 1430 3380 1446 '

1817 1534 1939 1597 mei,
1971 1532 2107 1587 dixit
2137 1546 2233 1601 per
2264 1528 2641 1598 metaphoram
2672 1534 2949 1594 sumptam
2984 1522 3054 1575 ab
3105 1521 3234 1582 illis,
3289 1518 3384 1587 qui

1818 1631 2054 1700 aliquem
2087 1642 2275 1681 amore
2303 1633 2731 1694 prosequuntur,
2770 1629 2825 1674 et
2853 1618 3167 1673 desiderant
3228 1614 3381 1667 illum

1822 1724 1979 1794 quasi
2015 1722 2069 1775 in
2107 1737 2204 1775 sua
2234 1720 2442 1773 viscera
2479 1715 2773 1785 conjicere.
2812 1712 2984 1767 Porro
3018 1712 3134 1765 haec
3169 1723 3268 1762 nec
3291 1704 3385 1761 Je-

1827 1818 2026 1882 remize,
2063 1828 2161 1868 nec
2190 1811 2420 1878 Danieli,
2469 1825 2569 1865 nec
2617 1809 2779 1863 beato
2818 1804 3010 1860 Davidi
3054 1807 3383 1873 congruunt.

1820 1910 2061 1964 Durante
2109 1908 2255 1962 enim
2297 1905 2432 1973 lege,
2474 1902 2796 1957 holocausta
2837 1907 2891 1954 et
2935 1897 3203 1954 sacriﬁcia
3252 1894 3387 1948 οπε-

1818 2002 2084 2057 rebantur
2114 2000 2247 2053 Deo.
2280 1995 2639 2065 Propheticus
2694 2006 2825 2046 vero
2870 2003 3073 2053 sermo,
3133 1987 3388 2041 omnibus

1819 2094 1907 2149 his
1930 2093 2091 2164 861
2134 2091 2346 2161 ejectis,
2411 2087 2679 2143 rationale
2726 2083 3060 2139 sacriﬁcium
3119 2079 3384 2135 ostendit.

1820 2183 2027 2239 Idcirco
2084 2198 2181 2253 per
2231 2183 2461 2251 liguram
2520 2178 2631 2233 dixi
2692 2176 2961 2245 psalmum
3016 2171 3204 2226 Davidi
3260 2185 3391 2224 con-

1822 2292 2039 2349 gruere,
2067 2274 2327 2345 quoniam
2355 2274 2444 2328 ille
2476 2282 2541 2327 ex
2570 2268 2866 2342 prophetia:
2893 2268 3036 2339 dono
3061 2266 3242 2319 futura
3259 2277 3391 2334 prte-

1821 2369 2060 2430 videbat,
2087 2376 2143 2421 et
2167 2366 2466 2422 secundum
2500 2364 2591 2418 illa
2626 2363 2809 2417 vivere
2846 2358 3214 2415 desiderabat.
3254 2354 3390 2411 Vere

1824 2471 2004 2516 autem
2034 2460 2149 2513 hate.
2182 2458 2437 2528 gentibus
2463 2497 2478 2523 ,
2506 2471 2629 2525 qua:
2673 2454 2852 2510 salute
2890 2453 3107 2507 donata:
3147 2457 3297 2513 sunt,
3328 2457 3387 2505 et

1824 2556 1892 2608 ab
1938 2568 2125 2609 errore
2153 2551 2396 2607 liberata:
2442 2548 2687 2610 fuerunt,
2720 2545 3074 2601 conveniunt.

1898 2643 2059 2698 Vens.
2100 2643 2187 2706 10,
2219 2643 2305 2696 il.
2343 2660 2361 2691 ι
2404 2637 3024 2707 Annuntiavijustitiam
3063 2634 3118 2687 in
3162 2631 3391 2687 ecclesia

1826 2751 2041 2806 magna,
2068 2749 2196 2789 ecce
2239 2733 2378 2786 labia
2413 2746 2530 2785 mea
2556 2745 2660 2785 non
2696 2727 3013 2798 prohibebo,
3047 2725 3297 2791 Domine,
3337 2734 3392 2778 tu

1827 2826 1956 2880 scis.
2000 2824 2275 2879 Justitiam
2309 2834 2457 2877 tuam
2496 2836 2599 2875 non
2639 2819 2900 2873 abscondi
2936 2818 2991 2872 in
3021 2817 3184 2872 corde
3219 2830 3340 2870 meo
3375 2834 3390 2870 ;

1829 2914 2105 2969 veritatem
2133 2920 2282 2964 luam
2304 2919 2358 2963 et
2383 2910 2612 2964 salutem
2655 2916 2804 2960 tuam
2834 2905 2966 2960 dixi.
2994 2903 3112 2959 Non
3136 2903 3394 2959 abscondi

1829 3000 2257 3058 misericordiam
2312 3009 2481 3062 tuam,
2536 3006 2590 3051 et
2645 2995 2927 3049 veritatem
2983 3003 3131 3048 tuam
3176 3007 3207 3046 a
3250 3002 3394 3047 coetu

1831 3095 2021 3150 multo.
2077 3113 2096 3145 ι
2157 3092 2356 3146 Beatus
2410 3089 2580 3145 David
2634 3088 2901 3160 promittit
2948 3100 3007 3141 se
3055 3088 3109 3140 in
3151 3083 3397 3139 Ecclesia

1828 3201 2021 3257 magna
2049 3201 2143 3255 per
2165 3196 2335 3240 totum
2361 3183 2546 3238 orbem
2590 3190 2858 3237 terrarum
2880 3194 2977 3248 per
3004 3176 3244 3232 divinam
3275 3192 3398 3246 gra-

1829 3281 1960 3334 tiam
1995 3278 2220 3333 collecta
2260 3275 2356 3331 Dei
2399 3275 2670 3345 justitiam
2712 3272 3127 3343 praedicaturum
3156 3284 3298 3335 esse,
3346 3280 3400 3323 et

1829 3370 2126 3443 prophetia:
2171 3369 2496 3431 veritatem,
2546 3376 2708 3437 atque
2760 3365 2991 3421 salutem
3039 3362 3398 3417 admiratione

1830 3464 2049 3535 dignam
2077 3502 2091 3527 ,
2138 3460 2568 3527 immensamque
2629 3454 3062 3511 misericordiam
3104 3472 3118 3506 :
3164 3460 3220 3508 et
3280 3452 3398 3521 ipsa

1832 3564 2028 3612 natura
2056 3560 2267 3607 servata
2304 3552 2440 3604 hanc
2473 3565 2569 3619 pro
2602 3549 2777 3602 salute
2812 3544 3305 3600 remunerationem
3342 3557 3403 3597 se

1833 3649 2081 3703 daturam
2125 3659 2248 3699 esse
2286 3641 2536 3713 spondet,
2568 3640 2827 3694 nimirum
2863 3639 2916 3691 in
2950 3636 3235 3691 ecclesiam
3271 3649 3403 3689 con-

1834 3738 2021 3802 ﬂuere,
2055 3745 2109 3791 et
2136 3735 2278 3789 labia
2318 3734 2374 3787 in
2420 3733 2744 3802 hymnorum
2793 3728 3117 3783 cantilenam
3160 3739 3402 3791 movere,

1836 3839 1998 3898 atque
2027 3827 2234 3897 justum
2264 3822 2359 3877 Dei
2384 3820 2653 3890 judicium
2699 3818 2998 3879 celebrare,
3045 3815 3401 3885 inexplicabi-

1838 3919 2053 3987 lemque
2086 3914 2181 3969 Dei
2217 3910 2611 3982 providentiam
2652 3922 2929 3973 enarrare,
2973 3916 3029 3971 et
3064 3905 3404 3975 praphetica-

1840 4024 1961 4063 rum
1983 4005 2408 4077 promissionum
2432 4001 2708 4055 veritatem
2728 3999 3030 4053 ostendere.
3058 3996 3173 4051 Hoc
3200 4006 3404 4061 autem,

1847 4119 1865 4152 ι
1903 4116 1935 4155 a
1984 4107 2127 4153 emta
2183 4096 2381 4156 multo,
2419 4113 2439 4146 ι
2501 4091 2893 4163 Symmachus,
2947 4092 3002 4143 in
3047 4090 3404 4153 multitudine,

1841 4190 2041 4261 Aquila
2074 4202 2203 4243 vero
2250 4198 2304 4243 et
2328 4184 2690 4246 Theodotion,
2728 4181 2796 4237 In
2839 4181 3061 4237 ecclesia
3082 4198 3272 4252 magna
3309 4196 3406 4250 po-

1845 4288 2095 4348 suerunt,
2126 4287 2186 4334 ut
2213 4278 2281 4334 de
2312 4277 2504 4334 eadem
2548 4275 2779 4331 ecclesia
2807 4273 2960 4331 illum
2996 4273 3204 4329 dixisse
3235 4275 3410 4329 mani-

1845 4376 2046 4432 festum
2077 4374 2165 4430 sit.

1921 4549 2083 4605 Vens.
2114 4547 2202 4603 ιε.
2242 4563 2261 4597 ι
2306 4543 2391 4599 Tu
2412 4550 2616 4606 autem,
2652 4537 2898 4603 Domine,
2930 4551 3000 4592 ne
3032 4538 3192 4607 longe
3233 4552 3414 4591 remo-

1846 4659 1974 4698 veas
2007 4638 2389 4696 miserationes
2424 4644 2544 4689 tuas
2574 4649 2605 4687 a
2654 4646 2776 4695 me;
2809 4628 3181 4685 misericordia
3212 4636 3328 4692 tua,
3362 4637 3417 4682 et

1848 4736 2048 4790 veritas
2081 4744 2173 4786 tua
2200 4742 2413 4798 semper
2443 4728 2797 4792 susceperunt
2827 4735 2931 4774 me.
2972 4739 2991 4772 ›
3027 4719 3122 4773 Dei
3154 4718 3414 4782 Eccles'a,

1852 4828 2084 4882 salutem
2144 4823 2270 4877 licet
2298 4825 2614 4882 consecuta,
2635 4813 2823 4869 eadem
2852 4810 3191 4881 providentia
3217 4810 3420 4880 indiget

1856 4921 1928 4975 ob
1980 4917 2160 4971 varios
2192 4912 2472 4968 hominum
2509 4910 2927 4974 daemonumque
2953 4902 3117 4973 862
3159 4902 3417 4966 insultus,

1860 5024 2093 5081 quorum
2122 5007 2177 5061 in
2203 5002 2559 5073 sequentibus
2580 4997 2909 5054 mentionem
2931 4992 3078 5049 fecit.

1300 5224 1538 5284 VARIE
1575 5212 1955 5279 LECTIONES
1991 5208 2079 5266 ET
2114 5204 2347 5262 NOTAE.

292 5361 339 5393 σί
376 5358 634 5413 Ἀνωθεν
661 5384 728 5399 -ν
757 5350 1204 5420 πρθηγύρευται-
1263 5344 1383 5420 998.-
1424 5343 1479 5398 ίη
1513 5340 1636 5420 θοάς
1665 5338 1720 5420 z.’:

206 5432 613 5501 “leugaon
658 5415 990 5501 Aliariiej'us
1038 5415 1537 5501 interpretationem

205 5503 249 5533 “
270 5482 534 5563 ἷίοῖέὶίαῖ.
568 5482 702 5548 Rec.
732 5482 1215 5563 lectio’ezbvuoiest
1244 5482 1487 5563 καρδίας.

205 5572 317 5626 cod.
356 5571 413 5633 ιι,
451 5560 741 5633 {addunt
783 5560 911 5633 μήν.

205 5656 362 5707 quam
397 5628 856 5707 'habet_Vatic.,’
880 5628 933 5707 i_n
970 5642 1087 5707 quo
1111 5635 1193 5707 est

1596 5388 1743 5463 dedit
1787 5388 1975 5459 Monii".
2012 5401 2067 5455 in
2103 5388 2360 5464 Heia'plis
2413 5389 2483 5464 ad
2512 5389 2566 5442 li.
2592 5388 2629 5442 l.

1566 5448 1727 5545 οἷ’

1832 5448 2326 5546 1.
2362 5460 2739 5546 pqniturjpo‘st
2770 5454 3160 5546 ποθούμενον.λ
3197 5450 3241 5481 ⁸⁸
3259 5448 3426 5546 opas;

1014 5557 1058 5587 "
1081 5548 1377 5617 Μακαριῲ.
1409 5550 1532 5606 cod.
1569 5551 1605 5601 '2
1632 5548 1784 5617 θείῳ.

1239 5607 1363 5692 μού.
1453 5620 1500 5692 ’Δί
1532 5607 1849 5692 Μᾳκᾴρὶᾳς.
1915 5613 2037 5667 cod.
2157 5607 2331 5692 Daiei.

1818 5334 1864 5367 σι
1889 5329 2013 5401 τὴν
2041 5324 2477 5401 -”.ἒίρή²ίᾳσιν·.
2500 5317 2620 5401 (ξοδδ
2655 5317 2690 5372 5
2717 5312 2989 5401 ξεφαλεδα.
3013 5311 3191 5401 res:
3207 5308 3426 5401 εέλτλεξέο

2737 5386 2782 5417 ⁸⁸
2797 5378 2934 5438 ἐοιΙ.
2968 5378 3077 5445 1,9
3104 5378 3427 5449 ἐϐουλήθην.

2865 5517 3197 5593 praeferenda
3245 5526 3334 5593 est
3352 5517 3431 5570 illi

1884 5545 1930 5575 ⁷⁸
1960 5545 2099 5596 Σου.
2136 5537 2262 5591 llaec
2314 5526 2473 5588 lectio
2508 5526 2635 5583 cod;
2674 5526 2827 5596 Alex.

2858 5587 2882 5646 Ῑ
2923 5594 3041 5648 cod.
3090 5591 3125 5644 2
3172 5587 3428 5658 ἐσομένη.

2426 5600 2473 5631 ⁷³
2537 5595 2849 5666 Σεσωμένη

208 5660 362 5707 quam
422 5660 584 5691 nauci.
638 5660 834 5695 vuum,
880 5660 933 5685 m
970 5660 1079 5698 ιιυυ
1111 5660 1193 5680 νο.
1239 5660 1363 5692 την...
1532 5660 1727 5683 -..πη-δ.

208 5711 248 5743 ⁷³
272 5710 518 5764 Δώσειν.
547 5704 716 5758 Abest
742 5716 773 5754 a
805 5698 927 5756 cod.
970 5702 1021 5765 Ι,
1054 5695 1109 5752 2.
1185 5692 1232 5726 ⁷⁸
1259 5693 1380 5749 cod.
1408 5692 1433 5746 1
1465 5687 1725 5746 ἀπελάὸε

1832 5660 2207 5749 λουξῖεειλῖριε
2241 5660 2421 5730 tamen
2450 5670 2680 5725 lectione
2698 5660 3059 5721 ἀντελάϐοντό
3094 5676 3219 5733 μου,
3256 5660 3433 5729 ‘quam

208 5783 367 5837 etiam
403 5776 564 5834 habet
585 5774 709 5831 cod.
744 5769 799 5825 2.
860 5828 867 5833 ,
