3842 6516
1442 319 2046 403 THEODORETIEP

2156 320 2301 381 IOPI
2349 323 2716 385 CYRENSIS
3608 332 3749 400 1160

2238 431 2328 500 ιγ’.
2358 452 2376 483 ι
2452 434 2577 487 Ὅτι
2639 433 2932 506 περιέσχον
2972 452 3042 505 με
3096 440 3264 504 κακὰ,
3302 436 3379 496 ὧν
3428 444 3537 498 οὐκ
3599 447 3749 499 ἐστιν

2164 520 2431 590 ἀριθμός·
2479 523 2782 577 κατέλαῶν
2834 542 2905 595 με
2944 528 2998 579 a1
3044 530 3268 598 ἀνομίαι
3318 550 3449 603 μου,
3515 537 3618 587 καὶ
3651 538 3753 589 οὐκ

486 314 621 379 1159

562 430 723 485 Vens.
756 431 841 483 l3.
898 448 916 478 ι
953 428 1224 495 Quoniam
1262 430 1739 485 circumdederunt
1776 445 1861 483 me
1895 431 2061 490 mala,
2092 438 2139 490 Α

482 536 715 590 quorum
766 536 875 575 non
923 535 1005 575 est
1045 536 1307 576 numerus
1354 540 1367 575 :
1414 524 1945 592 comprehenderunt
1978 540 2065 579 me

484 613 794 682 iniquitates
841 629 994 677 mem,
1033 624 1224 667 etnon
1266 612 1659 683 potui'videre.
1705 614 1897 671 Plures
1937 624 2066 671 sunt

406 758 409 767 ,
483 708 695 775 capillis
730 708 927 777 capitis
972 708 1100 767 mei.
1135 717 1189 761 et
1225 723 1323 762 cor
1351 723 1530 761 meum
1566 708 1858 778 dereliquit
1898 726 2006 765 me.
2040 731 2058 762 ι

483 800 502 820 ‘
531 800 662 864 Qua:
696 800 782 854 hic
816 800 1090 861 dicuntur,
1126 813 1286 852 nemo
1309 801 1602 869 pugnantia
1632 800 1910 856 existimet
1939 816 2061 856 eum

486 893 591 955 his,
634 908 755 959 quae
803 893 963 945 modo
1008 891 1252 957 οχιιοείιτι
1299 901 1444 947 sunt.
1493 892 1707 946 Etenim
1755 902 1866 948 tres
1907 894 2061 963 pueri

484 1000 696 1037 summa
742 984 935 1037 virtute
980 984 1222 1052 praediti,
1279 995 1441 1053 atque
1493 987 1810 1057 triumphali
1861 1004 2062 1044 corona

482 1078 681 1139 ornati,
712 1078 763 1131 in
796 1078 1011 1130 camino
1041 1087 1262 1131 orantes
1291 1079 1548 1133 dixerunt
1578 1098 1591 1134 :
1634 1098 1652 1131 ι
1689 1080 2057 1147 Peccavimus,

484 1168 668 1236 inique
702 1171 933 1235 egimus,
963 1167 1318 1235 deliquimus,
1355 1178 1410 1223 et
1437 1171 1814 1227 recessimusa
1838 1174 2063 1227 manda-

482 1261 553 1312 tis
606 1260 736 1321 tuis,
780 1273 879 1312 nec
921 1258 1333 1315 observavimus
1386 1263 1633 1317 instituta
1684 1273 1774 1317 tua
1801 1275 1862 1316 ω.
1908 1283 1929 1317 ›
1969 1264 2060 1320 Sic

479 1352 821 1406 admirabilis
862 1352 1075 1417 Daniel,
1110 1354 1189 1408 sic
1227 1355 1444 1410 divinus
1484 1353 1769 1418 Jeremias.
1805 1357 1885 1411 sic
1919 1357 2058 1411 divi-

478 1460 584 1499 nus
624 1445 816 1510 Isaias,
875 1446 955 1500 sic
1000 1447 1438 1516 sapientissimus
1469 1448 1689 1503 Paulus.
1743 1466 1762 1499 ι
1805 1448 2058 1507 Christus

478 1540 645 1604 enim,
674 1540 871 1609 inquit,
894 1538 1055 1594 Jesus
1078 1541 1229 1594 venit
1262 1540 1316 1593 in
1359 1542 1503 1594 hunc
1528 1540 1811 1605 mundum,
1851 1554 2046 1612 utpec-

2156 1533 2185 1585 ὁ
2240 1532 2383 1598 θεῖος
2446 1535 2701 1602 Ἡσαΐας,
2748 1537 2924 1605 οὕτως
2976 1544 3006 1596 ὁ
3054 1544 3366 1614 σοφώτατος
3384 1550 3429 1581 ⁷⁸
3498 1550 3747 1613 Παῦλος.

478 1641 691 1685 calores
712 1632 889 1685 salvos
919 1628 1147 1694 faceret,
1174 1646 1408 1698 quorum
1442 1633 1653 1700 primus
1682 1646 1780 1702 ego
1805 1647 1927 1688 sum
1955 1639 1998 1685 ιι.
2031 1654 2046 1687 ι

2162 1644 2182 1677 ι
2222 1627 2460 1699 Χριστὸς
2511 1629 2640 1702 γὰρ,
2694 1633 2884 1702 φησὶν,
2940 1634 3215 1706 Ἰησοῦς’¹⁹
3266 1636 3429 1713 ἦλθεν
3495 1647 3587 1708 εἰς
3662 1646 3751 1698 τὸν

480 1721 545 1776 Et
574 1739 762 1776 rursus
788 1742 800 1775 :
838 1741 857 1773 ι
889 1720 1010 1775 Non
1041 1738 1163 1777 sum
1192 1724 1392 1792 dignus
1422 1725 1604 1778 vorari
1636 1726 1918 1795 apostolus
1946 1725 1998 1777 θ.
2026 1745 2046 1779 ι

2156 1717 2384 1788 κόσμον,
2420 1721 2782 1793 ἁμαρτωλοὺς
2810 1727 3005 1794 σῶσαι,
3053 1726 3130 1786 ὧν
3161 1734 3380 1805 πρῶτός
3429 1741 3557 1809 εἰμι
3611 1742 3747 1810 ἐγώ.

479 1813 572 1867 Sic
606 1814 772 1882 igitur
801 1814 852 1866 in
893 1815 997 1868 hoc
1028 1813 1148 1867 loco
1194 1814 1587 1900 Dei‘Ecclesia,
1625 1817 1919 1889 impiorum
1948 1818 2046 1873 ﬂu-

2156 1810 2267 1863 Kal
2294 1813 2479 1877 πάλιν,
2518 1834 2537 1867 ι
2580 1818 2695 1871 Οὐκ
2723 1821 2839 1890 εἰμί
2870 1821 3023 1887 ἄξιος
3047 1794 3331 1882 καλεῖσθαι
3357 1794 3701 1890 ἀπόέντολοὲ.

477 1904 657 1958 ctibus
701 1919 1004 1967 Concussa,
1058 1920 1165 1959 non
1212 1905 1452 1968 effertur.
1509 1917 1768 1978 tanquam
1813 1926 2046 1982 pugnare

2156 1900 2313 1955 Οὕτω
2343 1905 2522 1957 τοίνυν
2544 1906 2589 1938 ⁸ο
2617 1912 2738 1973 ταῖς
2768 1912 2921 1982 παρὰ
2953 1915 3063 1967 τῶν
3099 1916 3377 1974 δυσσεόῶν
3404 1925 3745 1995 τρικυμίαις

474 1996 684 2059 volens,
736 1998 830 2050 sed
870 2011 991 2065 quae
1022 1996 1299 2062 accidunt,
1332 1999 1569 2065 peccatis
1605 2011 1658 2054 et
1695 2001 1908 2057 delictis
1954 2005 2046 2058 tri-

2156 1990 2458 2067 βαλλομένη
2494 1998 2528 2068 ἠ
2567 1998 2662 2052 τοῦ
2715 2000 2853 2055 Θεοῦ
2901 2004 3224 2077 Ἐκκλησία,
3268 2012 3329 2064 ού
3367 1990 3743 2086 μεγαφρονεί,

2166 888 2348 959 μένοις
2372 889 2611 959 ἡγείσθω
2635 893 2704 945 τὰ
2725 893 3012 964 εἰρημένα.
3039 898 3151 950 Kal
3168 898 3276 969 γὰρ
3300 902 3351 953 οἰ
3377 904 3538 971 τρεῖς
3558 903 3753 966 παῖδες

2162 982 2262 1049 τῆς
2294 982 2470 1054 ἄκρας
2499 984 2702 1054 ἀρετῆς
2730 987 3149 1059 ἐπειλημμένοι,
3185 992 3280 1045 καὶ
3314 994 3410 1046 τὸν
3439 997 3753 1066 νικηφόρον

2161 1074 2629 1145 ἀναδησάμενοιτθ
2674 1078 2965 1147 στέφανον,
2994 1084 3052 1135 ἐν
3081 1085 3149 1155 τῇ
3182 1084 3400 1157 καμίνῳ
3430 1090 3751 1158 προσευχό-

2163 1183 2313 1234 μενοι
2342 1166 2548 1237 ἔλεγον,
2590 1187 2607 1220 ι
2654 1170 3025 1243 Ἠμάρτομεν,
3060 1174 3441 1249 ὴνομήσαμεν,
3476 1180 3751 1252 ἠδικήσα-

2164 1274 2284 1329 μεν,
2320 1261 2415 1313 καὶ
2467 1261 2788 1332 ἀπέστημεν
2820 1264 2932 1319 ἀπὸ
2949 1266 3056 1321 τῶν
3088 1269 3318 1325 ἐντολῶν
3357 1290 3477 1336 σου,
3518 1275 3627 1327 καὶ
3657 1276 3751 1328 οὐκ

2159 1351 2505 1421 ἐφυλάξαμεν
2533 1353 2603 1407 τὰ
2651 1354 3000 1426 δικαιώματά
3030 1375 3147 1413 σου.
3193 1380 3212 1412 ι
3244 1362 3430 1429 οὕτως
3462 1368 3494 1419 ὁ
3526 1366 3751 1436 θαυμά-

2160 1459 2275 1505 σιος
2291 1444 2338 1474 ⁸³⁸
2362 1444 2581 1515 Δανιὴλ,
2599 1445 2773 1511 οὕτως
2796 1449 2826 1501 ὁ
2843 1446 3133 1515 θεσπέσιος
3151 1452 3196 1483 ’⁷
3236 1453 3537 1526 Ἱερεμίας,
3567 1457 3749 1523 οὕτως

474 2088 611 2150 buit,
643 2097 697 2141 et
731 2104 760 2141 a
796 2087 1079 2143 Salvatore
1114 2106 1271 2159 opem
1312 2093 1575 2162 consequi
1606 2094 1878 2151 obsecrat.
1907 2096 2053 2152 Prae-

475 2189 621 2233 terea
650 2197 749 2235 nec
790 2181 879 2235 Dei
915 2181 1158 2238 Ecclesia
1196 2200 1263 2238 ex
1310 2186 1623 2241 hominibus
1647 2187 1902 2256 perfectis
1944 2199 2053 2245 tota

474 2281 713 2339 constat,
747 2276 839 2328 sed
879 2274 1042 2331 habet
1070 2278 1234 2331 etiam
1269 2268 1513 2347 ignavos,
1546 2291 1599 2335 et
1636 2284 1731 2352 qui
1768 2285 2051 2340 remissam

473 2368 639 2420 vitam
666 2368 899 2436 amplexi
936 2379 1079 2431 sunt,
1113 2380 1166 2424 et
1200 2374 1293 2440 qui
1323 2373 1690 2443 voluptatibus
1724 2379 1933 2433 servire
1961 2378 2053 2433 de-

473 2470 782 2513 creverunt.
825 2460 890 2512 Et
935 2461 1194 2528 quoniam
1228 2478 1396 2517 unum
1421 2474 1504 2519 est
1534 2480 1755 2536 corpus,
1789 2480 2049 2540 tanquam

472 2563 537 2601 ex
569 2564 675 2601 una
701 2564 933 2617 persona
964 2561 1017 2605 et
1045 2552 1157 2607 hazc
1187 2562 1241 2608 et
1271 2554 1363 2608 illa
1396 2555 1769 2626 proferuntur.

541 2814 705 2870 Vens.
749 2817 836 2875 14.
875 2817 962 2871 15.
1006 2837 1023 2868 ι
1062 2819 1279 2874 Placeat
1328 2821 1448 2885 tibi,
1499 2821 1744 2889 Domine,
1797 2836 1854 2881 ιιι
1883 2845 2047 2888 eruas

469 2922 595 2961 me:
632 2907 879 2973 Domine,
915 2909 982 2962 ad
1006 2909 1372 2979 adjuvandum
1412 2930 1496 2969 me
1531 2918 1759 2985 respice.
1798 2920 2047 2978 Confun-

466 3006 687 3062 ilantur,
715 3010 768 3054 et
808 3001 1014 3069 pudore
1036 3002 1426 3059 sull‘umlantur
1459 3009 1640 3074 simul,
1670 3012 1764 3080 qui
1798 3026 2047 3083 quaerunt

465 3094 704 3146 animam
736 3110 934 3161 meam,
978 3106 1037 3149 ut
1062 3096 1309 3151 auferant
1329 3100 1492 3170 863
1516 3118 1658 3158 eam.
1695 3124 1712 3154 ι
1744 3105 1864 3159 Non
1897 3110 2041 3163 enim
2069 3142 2112 3201 ε

464 3186 752 3238 vulnerare
796 3186 1011 3251 volunt,
1065 3188 1161 3241 sed
1196 3194 1540 3257 sempiternae
1593 3195 1754 3247 morti
1806 3198 2046 3273 tradere.

470 3293 490 3325 ε
523 3274 924 3329 Convertantur
952 3286 1269 3341 retrorsum,
1299 3288 1353 3333 et
1380 3280 1806 3352 confundantur,
1832 3292 1924 3359 qui
1954 3310 2047 3349 vo-

467 3365 587 3420 lunt
617 3368 936 3422 mihimala.
970 3388 988 3420 »
1032 3368 1192 3424 Verte
1219 3372 1365 3440 ipsos
1390 3375 1441 3428 in
1476 3374 1683 3447 fugam,
1710 3390 1764 3434 et
1790 3383 2047 3443 aberrare

465 3453 553 3509 fac
580 3455 647 3508 ab
678 3457 762 3511 his
795 3472 916 3525 qua:
952 3457 1262 3513 desiderant
1299 3480 1313 3515 :
1348 3462 1488 3517 mala
1534 3466 1681 3520 enim
1726 3479 1915 3527 contra
1957 3491 2044 3531 me

464 3556 702 3602 struunt.

535 3636 701 3691 Vens.
729 3638 816 3692 16.
850 3657 868 3689 ι
906 3637 1056 3694 Illico
1090 3652 1366 3711 reportent
1392 3645 1795 3717 confusionem,
1825 3654 1919 3723 qui
1953 3656 2038 3711 di-

461 3741 594 3784 cunt
621 3731 775 3796 mihi,
809 3731 975 3801 Euge,
999 3748 1154 3802 euge.
1192 3754 1211 3786 ι
1260 3734 1374 3803 llis,
1408 3739 1500 3809 qui
1533 3740 1796 3801 insultant
1818 3755 1874 3800 et
1912 3749 2038 3803 irri-

461 3824 589 3878 dent
616 3840 723 3889 me,
757 3822 969 3881 fructus
1009 3827 1079 3882 sit
1097 3828 1293 3898 pudor.

534 3993 696 4053 Vens.
728 3998 815 4053 17.
854 4020 873 4052 ι
903 3999 1209 4069 Exsultent,
1247 4014 1302 4059 et
1330 4006 1580 4065 laetentur
1628 4029 1794 4085 super
1833 4028 1887 4074 te
1915 4035 2030 4076 οων

458 4104 556 4143 nes
574 4099 878 4158 quaerentes
904 4104 975 4158 te,
1010 4093 1258 4159 Domine,
1277 4108 1331 4152 et
1352 4100 1538 4158 dicant
1567 4121 1802 4178 semper,
1828 4111 2032 4184 Magni-

456 4183 647 4237 ﬁcetur
685 4183 975 4249 Dominus,
1025 4189 1118 4257 qui
1148 4191 1379 4261 diligunt
1416 4199 1647 4255 salutem
1688 4212 1858 4262 tuam.
1895 4183 1935 4260 li
1961 4210 2030 4265 At

455 4284 764 4344 quaerentes
813 4287 884 4342 te,
927 4279 1124 4349 inquit,
1160 4293 1216 4337 et
1247 4285 1551 4355 laudantes,
1585 4303 1639 4347 et
1668 4310 1883 4368 semper
1906 4302 2027 4357 dili-

456 4374 661 4435 gentes,
693 4379 954 4437 perpetua
1003 4373 1180 4427 laetitia
1234 4376 1419 4449 imple.
1468 4383 1536 4436 Et
1562 4386 1654 4455 qui
1704 4390 1779 4443 tui
1820 4396 2025 4451 amoris

2152 2084 2229 2148 ὡς
2281 2086 2679 2161 ἀγωνιζομένη,
2708 2093 2845 2148 ἀλλὰ
2874 2096 3177 2168 ἁμαρτίαις
3205 2105 3300 2155 καὶ
3319 2084 3745 2175 πλημμελείαις

2153 2178 2499 2249 ἀνατίθησι⁸¹
2526 2182 2594 2235 τὰ
2611 2184 2892 2256 γινόμενα,
2914 2190 3008 2243 καὶ
3037 2191 3140 2261 τῆς
3172 2196 3323 2265 παρὰ
3347 2196 3442 2249 τοῦ
3474 2199 3747 2270 Σωτῆρος

2152 2270 2472 2342 ἐπικουρίας
2500 2276 2810 2333 ἀπολαῦσαι
2858 2285 3192 2352 παρακαλεῖ.
3236 2289 3443 2354 ’Ἄλλως
3502 2310 3565 2345 τε
3620 2294 3746 2347 οὐδὲ

2152 2362 2216 2415 ἐκ
2244 2363 2464 2417 τελείων
2488 2368 2639 2419 πᾶσα
2669 2369 3005 2443 συνέστηκεν
3035 2376 3069 2445 ἡ
3100 2376 3197 2429 τοῦ
3219 2378 3357 2433 Θεοῦ
3392 2383 3707 2453 Ἐκκλησία
3728 2402 3741 2413 ·

2150 2454 2265 2506 ἀλλ’
2321 2454 2433 2526 ἔχει
2490 2460 2587 2510 καὶ
2627 2460 2779 2526 τοὺς.
2807 2464 3061 2539 ῥᾳστώνῃ
3113 2470 3414 2539 συζῶντας,
3470 2477 3572 2529 καὶ
3646 2478 3739 2531 τὸν

2150 2547 2432 2616 ἀνειμένον
2458 2548 2574 2619 βίον
2609 2551 3051 2624 ἀσπαζομένους,
3088 2563 3183 2614 καὶ
3202 2563 3418 2633 ἡδοναῖς
3450 2566 3743 2623 δουλεύειν

2149 2641 2526 2709 αἱρουμένους.
2558 2644 2670 2697 Καὶ
2694 2645 2883 2719 ἐπειδὴ
2915 2649 2974 2702 ἐν
3003 2653 3119 2705 ἐστι
3152 2654 3335 2727 σῶμα,
3385 2658 3462 2722 ὡς
3495 2661 3558 2727 ἐξ
3615 2662 3740 2727 ἐνὸς

2151 2730 2439 2802 προσώπου
2467 2736 2563 2788 καὶ
2590 2735 2768 2790 ταῦτα
2796 2740 3029 2795 κάκεῖνα
3057 2745 3418 2816 προφέρεται.

2221 2822 2301 2888 ιδ’,
2337 2824 2418 2879 ιε’.
2463 2844 2483 2876 ι
2524 2827 2867 2899 Εὐδόκησον,
2914 2833 3122 2905 Κύριε,
3162 2836 3258 2890 τοῦ
3299 2840 3569 2909 ῥύσασθαί
3614 2863 3691 2915 με
3718 2864 3735 2880 ο

2146 2915 2340 2987 Κύριε,
2363 2918 2443 2981 εἰς
2464 2919 2525 2972 τὸ
2556 2918 2825 2993 βοηθῆσαί
2860 2942 2950 2996 μοι
2986 2928 3223 3001 πρόσχες
3252 2932 3321 2986 θ’.
3372 2935 3735 3009 Καταισχυν-

2146 3006 2371 3078 θείησαν
2423 3011 2517 3064 καὶ
2562 3014 2961 3091 ἐντραπείησαν
3006 3019 3126 3090 ἅμα
3169 3025 3220 3076 οἰ
3274 3023 3568 3095 ζητοῦντες
3600 3006 3735 3103 ’τὴν

2144 3097 2320 3170 ψυχήν
2353 3117 2475 3170 μου,
2498 3101 2593 3155 τοῦ
2620 3102 2814 3175 ἐξᾶραι
2844 3107 3035 3177 αὐτήν.
3064 3131 3083 3162 ι
3119 3112 3192 3165 Οὐ
3223 3116 3331 3184 γὰρ
3361 3118 3572 3187 τρῶσαι
3599 3097 3733 3192 βοά-

2147 3187 2349 3255 λονται,
2365 3191 2504 3244 ἅλλᾶ
2522 3192 2599 3262 τῷ
2618 3196 2824 3266 αἰωνίῳ
2847 3202 3216 3271 παραπέμψαι
3241 3204 3476 3279 θανάτῳ.
3505 3232 3524 3263 ι

2150 3281 2525 3354 στραφείησαν
2566 3286 2650 3349 εἰς
2670 3287 2740 3340 τὰ
2759 3289 2953 3353 ὀπίσω,
2984 3294 3079 3346 καὶ
3106 3303 3651 3376 καταισχυνθείησαν
3679 3314 3728 3363 οἱ

2128 3375 2393 3441 θέλοντές
2423 3394 2514 3448 μοι
2544 3380 2713 3436 κακά.
2747 3401 2767 3434 ι
2798 3383 3011 3454 Τρέψον
3034 3387 3081 3419 ⁸³
3116 3390 3315 3456 αὐτοὺς
3331 3394 3378 3424 ⁸³
3405 3398 3487 3459 εἰς
3514 3402 3725 3474 φυγὴν,

2144 3468 2239 3521 κα)⁸
2283 3469 2616 3543 διαμαρτεῖνι
2649 3468 2726 3529 ὧν
2774 3476 3018 3547 ἐφίενται
3055 3487 3516 3555 παρασκεύασον·
3570 3497 3725 3550 κακὰ

2141 3561 2250 3631 γάρ
2287 3579 2377 3630 μοι
2405 3564 2752 3621 καττύουσιν.

2213 3657 2309 3714 ις’.
2453 3654 2894 3725 Κομισάσθωσαν
2959 3662 3225 3734 αἰσχύνην
3299 3674 3720 3745 παραχρῆμακ

2138 3743 2186 3827 οἱ
2205 3741 2456 3810 λέγοντές
2484 3762 2601 3815 μοι,
2622 3744 2788 3818 Εὖγε,
2811 3747 2959 3821 εὖγε.
2996 3774 3014 3807 ι
3045 3757 3155 3810 Kal
3175 3762 3286 3824 τοῖς
3307 3741 3718 3830 ἐπιτωθάξουοι

2136 3818 2250 3890 δὲ⁸⁶
2279 3838 2374 3891 καὶ
2396 3839 2695 3908 ἐπιγελῶσί
2715 3860 2828 3913 μοι,
2860 3818 3102 3914 γενέσθω
3118 3849 3164 3881 ⁸⁷
3186 3818 3396 3918 τούτοις
3428 3818 3651 3928 καρτξιᾷέ

2136 3927 2388 3999 αἰσχύνη.

2209 4020 2292 4083 ιζ’.
2357 4038 2376 4071 ι
2446 4022 2991 4091 ’Δγαλλιάσθωσαν⁸⁸
3030 4032 3126 4086 καὶ
3171 4035 3705 4110 εὐφρανθήτωσανυ

2131 4110 2226 4164 ἐπὶ
2248 4113 2333 4165 σοὶ
2361 4114 2563 4179 πάντες
2587 4119 2634 4169 οί
2660 4118 2951 4187 ζητοῦντές
2982 4140 3065 4188 σε,
3098 4126 3298 4198 Κύριε,
3330 4132 3429 4183 καὶ
3468 4136 3701 4189 εἰπάτω-

2133 4219 2233 4257 σαν
2251 4206 2298 4236 ⁹⁰
2331 4206 2649 4275 διαπαντὸς,
2691 4213 3110 4286 Μεγαλυνθήτω
3151 4220 3180 4272 ὁ
3206 4219 3437 4293 Κύριος,
3483 4229 3536 4280 οἰ
3568 4230 3699 4297 ἀγα-

2130 4298 2343 4363 πῶντες
2386 4300 2447 4353 τὸ
2488 4303 2759 4374 σωτήριόν
2818 4323 2914 4360 σου
2943 4307 3322 4376 διαπαντόςθί.
3376 4335 3397 4368 ι
3460 4319 3603 4384 Τοὺς
3638 4322 3698 4375 δὲ

2130 4390 2431 4460 ζητοῦντάς
2472 4410 2553 4463 σε,
2580 4398 2735 4466 φησὶ,
2762 4400 2857 4453 καὶ
2895 4402 3225 4471 ὑμνοῦντας,
3272 4408 3368 4461 καὶ
3406 4410 3695 4479 διαπαντὸς

454 4458 809 4513 mutationem
849 4476 957 4515 non
991 4463 1210 4530 habent,
1250 4484 1425 4539 neque
1451 4476 1633 4543 gaudii
1669 4484 2022 4543 mutationem

454 4551 684 4575 --.ιιῐ..--ι
740 4551 853 4575 ll---
896 4557 1027 4575 --.επ
1101 4559 1111 4570 ο
1217 4562 1248 4575 ιο
1293 4563 1323 4575 ._
1613 4571 1641 4575 --

2156 4458 2481 4550 ιγαπῶντας,
2515 4458 2800 4558 διηνεκοῦς
2835 4458 3113 4563 ἔμπλησον
3147 4498 3517 4575 εὐφροσύνης,
3544 4458 3692 4559 xai’:

452 4551 712 4606 sentiant.
740 4551 857 4608 Non
889 4557 1034 4610 enim
1070 4559 1392 4630 simpliciter
1422 4571 1731 4628 amantibus
1762 4578 2019 4645 gaudium

448 4653 702 4711 precatus
730 4656 832 4714 est,
863 4648 957 4702 sed
985 4648 1085 4704 his»
1111 4655 1204 4721 qui
1239 4670 1455 4725 semper
1490 4671 1543 4716 et
1570 4666 1826 4723 continue
1854 4670 2018 4729 bene-

447 4730 679 4786 volentia
703 4732 923 4805 dignum
948 4752 1187 4795 amorem
1213 4742 1434 4800 habent.

518 4905 679 4963 Vens.
704 4909 813 4964 18.θ
840 4931 858 4963 ι
887 4912 995 4984 Ego
1021 4926 1199 4973 autem
1230 4923 1510 4980 mendicus
1533 4943 1675 4994 sum,
1696 4943 1749 4986 et
1773 4951 2009 5007 pauper:

514 5031 553 5051 ⁸³
587 5021 719 5078 Dan.
757 5044 836 5092 ιιι,
870 5028 961 5095 29,
989 5030 1076 5086 50.
1151 5041 1176 5069 η
1212 5032 1232 5086 Ι
1264 5036 1403 5092 Tim.
1438 5059 1476 5107 ι,
1516 5042 1602 5098 15.
1681 5056 1701 5076 °
1728 5048 1748 5101 l
1774 5050 1899 5105 Cur.
1935 5070 2022 5119 xv,
2058 5055 2113 5113 9.

2126 4574 2285 4643 τῆς⁹³
2310 4576 2411 4646 σῆς
2427 4578 2650 4651 ἀγάπης
2681 4582 2987 4655 μεταϐολὴν
3012 4584 3087 4655 μὴ
3101 4586 3148 4619 ³⁸
3172 4588 3457 4661 δεχόμενοι
3473 4594 3541 4657 σε,
3566 4597 3690 4666 μήτε

2126 4670 2472 4735 δεξάσθωσαν
2498 4675 2768 4748 θυμηδίας
2792 4681 3119 4753 μεταϐολήν.
3152 4686 3228 4738 Οὐ
3249 4686 3359 4759 γὰρ
3372 4692 3486 4752 τοίς
3512 4692 3687 4755 ἁπλῶς

2127 4763 2417 4831 ἀγαπῶσιν
2445 4768 2616 4840 ᾔτησε
2678 4770 2777 4842 τὴν
2823 4772 3115 4844 θυμηδίαν,
3152 4776 3290 4833 ἀλλὰ
3333 4784 3446 4846 τοῖς
3484 4785 3567 4838 ἀεὶ
3596 4786 3682 4837 καὶ

2123 4854 2386 4926 διηνεκῶς
2431 4860 2611 4931 έχουσι
2639 4862 2733 4917 τὸν
2760 4865 3083 4939 ἀξιέραστον
3102 4869 3302 4942 ἔρωτα.

2195 4947 2281 5018 ιη’.
2316 4970 2334 5000 ‹
2389 4951 2529 5020 Ἐγὼ
2574 4954 2632 5008 δὲ
2684 4958 2898 5028 πτωχός
2942 4962 3056 5030 εἰμι
3107 4964 3202 5014 καὶ
3256 4965 3457 5037 πένης·
3488 4968 3675 5039 Κύριος

1541 5167 1773 5227 νΑΒΙᾸΞ
1814 5174 2195 5235 LECTIONES
2225 5180 2313 5235 ET
2352 5181 2591 5239 NOT/E.

542 5268 593 5299 "’
623 5268 769 5327 Μου.
804 5270 1029 5326 Abest-3
1065 5275 1187 5331 cod.
1221 5279 1271 5332 1.

438 5339 475 5392 2
506 5338 698 5405 μέγας.

436 5480 559 5555 cod.
593 5481 650 5555 1,
690 5480 724 5533 2
751 5483 900 5555 addit
939 5480 1089 5555 φησί.

436 5550 558 5635 cod.
588 5549 642 5635 ξ’..
675 5621 691 5635 _
748 5552 790 5635 δῖ
826 5549 1102 5635 Γενξάρω
1124 5588 1195 5598 -
1225 5549 1984 5635 αἰσχύκῆ.-Ι)έξτὶἶιλὲοιιῖῖ2;

437 5620 483 5651 θ’
506 5619 627 5694 cod.
671 5621 694 5674 1
740 5622 1191 5694 εᾼύίρρανθείησαν.

434 5691 681 5744 versione
714 5692 821 5744 τῶν
851 5691 931 5747 ’0’.
1008 5691 1065 5727 ³⁸⁷
1081 5700 1214 5753 Καί.

774 5282 1036 5375 ’ἓξὲξιὲ
1065 5282 1271 5375 quin}.
1324 5282 1586 5375 "ficari;
1604 5290 1638 5343 2
1663 5293 2046 5375 ἀναδυσάμενοι

2156 5302 2227 5375 "‘7
2246 5303 2607 5375 Θαυμάσιος.
2643 5307 2764 5363 cod.
2793 5310 2829 5362 2
2861 5311 3023 5375 θεῖος.

850 5343 968 5426 rod.
1004 5343 1037 5396 Ξ
1070 5348 1247 5426 σοφός.
1324 5352 1369 5383 ’⁸
1397 5354 1643 5426 Ἰησοῦς.
1668 5343 2136 5425 Ἀιῖἑέιᾚῖᾙιῑῖί.

436 5408 637 5507 τίθῃσξ.
667 5408 723 5507 lg
754 5408 1331 5507 eqd..2Apanitur-post
1354 5408 1643 5507 γινὸμένᾶξ
1677 5408 2046 5507 "iis"

2296 5408 2316 5426 ι
2337 5408 2417 5428 υιι
2438 5408 2497 5427 υι
2516 5417 2529 5430 ι
2556 5408 2604 5432 Ut

2156 5444 2254 5497 toil.
2286 5446 2310 5498 1
2351 5444 2604 5502 σπεῦσον.

1186 5489 1405 5582 ⁸⁸μςοι1ᾏ,
1426 5489 1494 5562 1,’
1522 5489 1956 5582 Ξῆπαρ-αχρῆξιαξ
1972 5489 2046 5562 δίς

2156 5489 2254 5582 ἑῆςᾷζ
2289 5489 2693 5582 ὺιὶῖἆῖιῐζὲοά.
2748 5489 2914 5575 διὶὶῖἓῖ
2944 5489 3144 5578 ἆιέἷῖὶῗ

3100 5315 3142 5344 ’τ
3173 5315 3521 5379 Θεσπέσιος.
3549 5322 3660 5373 cod.

2212 5374 2258 5405 ⁸⁰
2294 5372 2529 5430 Τοίνυν.
2556 5379 2679 5432 cod.
2720 5379 2771 5439 1.
2803 5379 2837 5433 2
2871 5372 3077 5438 addunt
3107 5386 3404 5439 κάνταῦθα.
3476 5372 3515 5418 ίί
3544 5372 3660 5442 dvo?

2718 5451 2764 5481 ⁸³
2794 5453 2914 5506 cod.
2946 5453 2981 5505 2
3011 5454 3263 5524 στρέψον.
3361 5456 3407 5487 ⁸⁸
3432 5459 3654 5521 Αὐτοὺς.

2748 5521 2898 5575 addit
2944 5523 3144 5578 αὐτῶν.
3256 5526 3304 5557 ⁸⁸
3325 5524 3415 5582 Δέ.
3445 5525 3593 5581 Abest
3620 5546 3653 5583 ει

2085 5582 2130 5613 ⁸⁸
2150 5584 2273 5662 eod.
2309 5585 2332 5638 1
2370 5585 2814 5662 ἀγαᾼλλιάσοιντο,
2855 5609 2977 5662 qua}
3013 5604 3097 5649 est
3139 5595 3299 5652 lectio
3340 5598 3462 5651 ‘cod.
3509 5598 3646 5651 Alex.

1360 5633 1743 5720 Είετάτωσςιινἑ
1776 5646 1899 5720 cod.
1954 5633 1989 5700 2
2038 5633 2365 5720 λεγέτῶσαν.

1272 5704 1501 5797 Abest‘a
1542 5714 1664 5797 (χορ,
1714 5715 1769 5796 2.
1860 5719 1907 5750 ³³
1946 5720 2046 5797 Τῆς

2156 5704 2238 5780 οδ.
2255 5704 2312 5778 ἰ’
2328 5704 2517 5796 praem.
2551 5704 2913 5797 077"";
2937 5704 3113 5792 Χιῖἕζὶ
3136 5704 3442 5793 εῗςὸὲῘἿΫ
3466 5704 3509 5767 οῖ
3528 5704 3642 5791 ἕᾶάῗ
3706 5790 3711 5793 Α

432 5758 471 5810 2
499 5758 841 5829 δεχομένους.
916 5765 961 5797 ⁹⁹
991 5765 1085 5833 Μὴ
1110 5798 1177 5809 -
1199 5758 1808 5844 μεταϐοξίῆνῖγδεςῖίη
1863 5758 2070 5845 σού-..ἓξ

2473 5657 2516 5688 ⁸³
2557 5657 2913 5731 Διαπαντόςῖ.
2944 5665 3113 5720 Abest
3156 5683 3185 5721 a
3230 5667 3355 5721 cod.
3396 5667 3442 5731 1,
3478 5664 3509 5718 2
3538 5678 3582 5721 et
3613 5684 3642 5721 a
