3842 6508
192 377 337 447 1169

1564 382 1643 441 IN
1684 380 1891 441 PSAL.
1932 383 2084 441 XLI.

3302 391 3437 459 1170

189 498 522 554 ποθούντων.
563 500 776 570 Ἐπειδὴ
803 502 909 573 γὰρ
940 498 1077 573 ἦσαν
1108 502 1164 553 ἐν
1195 501 1377 563 αὐτοῖς
1410 499 1671 561 εὐσεϐεῖς,
1692 498 1755 559 ὡς

1871 497 2161 552 derabant.
2198 498 2335 565 Quia
2358 503 2503 557 enim
2529 513 2687 560 erant
2714 507 2854 563 inter
2886 510 3004 565 illos
3054 511 3299 565 nonnulli
3333 511 3434 565 viri

186 592 217 642 δ
249 590 396 656 θεῖος
432 593 648 664 Δανιὴλ,
687 594 762 657 ὼς
800 596 829 647 ό
870 595 1171 665 θαυμάσιος
1201 593 1251 624 ⁸⁸
1288 591 1564 661 ’1εξεκιὴλ,
1596 590 1671 653 ὼς
1713 592 1765 643 οι

186 682 494 739 καλλίνικοι
523 686 799 757 μάρτυρες
832 688 1101 750 Ἀνανίας,
1149 686 1427 755 Ἀζαρίας,
1455 684 1550 738 καὶ
1582 686 1625 715 ⁸⁷
1660 684 1763 738 Mt—

183 774 335 847 ξαῆλ
354 778 423 844 ⁸⁸,
456 778 674 849 θερμῶς
704 780 850 848 μάλα
875 780 965 833 τὸν
992 779 1127 832 Θεὸν
1156 778 1499 847 ἀγαπῶντες,
1526 776 1626 830 καὶ
1664 780 1763 847 τὴν

183 864 419 935 ἒννομον
470 868 637 922 αὐτοῦ
682 868 939 940 λατρείαν
992 868 1317 931 ποθοῦντες⁸
1374 869 1435 921 τὸ
1482 869 1685 921 τούτων
1735 871 1764 921 ὁ

182 960 532 1029 προφητικὸς
583 960 739 1030 λόγος
790 960 1079 1014 ἀναλαϐὼν
1122 960 1433 1031 πρόσωπον,
1482 959 1517 1013 ἆ
1560 959 1667 1029 χρὴ
1716 960 1759 990 ⁸⁸

185 1050 325 1117 παρ’
348 1049 571 1103 ἐκείνων
596 1054 655 1105 ὲν
672 1052 753 1123 τῷ
770 1054 866 1123 τῆς
904 1052 1190 1123 συμφορᾶς
1223 1051 1451 1123 ῥηθῆναι
1490 1051 1534 1081 ⁹⁰
1560 1048 1759 1120 καιρῷ.

183 1140 295 1209 πρὸ
340 1140 552 1194 πολλῶν
579 1144 782 1211 γενεῶν
816 1144 1165 1215 προδιδάσκει
1202 1145 1269 1207 ⁸⁸,
1305 1144 1389 1196 ἴνα
1415 1144 1461 1174 ⁸⁸
1487 1146 1553 1215 τῇ
1594 1145 1762 1213 προρο

182 1230 349 1297 ῥήσει
375 1228 831 1300 ψυχαγωγῶνται,
864 1233 960 1287 καὶ
986 1236 1053 1304 τῇ
1098 1233 1415 1305 διδασκαλία
1458 1232 1761 1286 παιδεύων-

180 1333 301 1372 ται.
355 1320 456 1373 Διὰ
501 1322 661 1376 τοῦτο
697 1324 793 1378 καὶ
836 1327 925 1391 είς
947 1324 1013 1378 τὸ
1047 1326 1221 1391 τέλος
1257 1328 1285 1378 ὁ
1325 1325 1536 1396 eum;
1570 1325 1757 1393 ἐπιγέ-

180 1424 463 1479 γραπται,
496 1413 686 1485 ὲπειδὴ
722 1415 859 1484 μετὰ
896 1414 1154 1486 πλείστην
1189 1416 1382 1485 χρόνου
1416 1415 1659 1487 περίοδον
1692 1414 1767 1468 τὰ

178 1499 455 1571 λεγόμενα
483 1504 634 1569 τέλος
667 1506 715 1539 ⁸³
741 1506 1035 1576 ἐλάμϐανε.
1070 1507 1397 1577 Πρόσκειται
1423 1508 1479 1561 δὲ
1529 1509 1625 1561 καὶ
1670 1510 1758 1573 εὶς

177 1593 466 1658 σύνεσιν,
502 1596 691 1667 ἐπειδὴ
732 1598 937 1668 ταύτης
984 1600 1218 1669 μάλιστα
1252 1600 1333 1652 δεῖ
1374 1602 1485 1663 τοῖς
1534 1601 1757 1671 περιπί-

177 1702 317 1738 πτου
326 1704 376 1739 σι
406 1692 713 1759 συμφοραῖς
740 1690 807 1744 ⁸⁸.

245 1778 322 1847 β’.
368 1800 387 1832 ι
443 1784 539 1834 ’ον
569 1783 769 1853 τρόπον
802 1782 1052 1837 ἐπιποθεῖ
1086 1785 1118 1855 ἡ
1149 1784 1346 1852 ἔλαφος
1390 1785 1480 1838 ἐπὶ
1510 1784 1606 1848 τὰς
1653 1801 1755 1856 πη-

176 1869 281 1938 γὰς
330 1872 440 1923 τῶν
483 1872 713 1935 ὑδάτων,
745 1873 915 1936 οὕτως
944 1876 1196 1928 ἐπιποθεῖ
1231 1876 1263 1945 ὴ
1294 1875 1438 1947 ψυχή
1477 1893 1579 1944 μου
1620 1877 1755 1945 πρὸς

178 1961 263 2027 σὲ,
292 1964 327 2015 ὁ
349 1963 500 2027 Θεός.
540 1984 560 2016 ι
597 1966 733 2018 Φασὶ
762 1967 857 2029 τὰς
901 1966 1131 2035 ἐλάφους
1155 1967 1225 2021 τὰ
1270 1967 1447 2021 ἱοῦόλα
1478 1967 1757 2022 θοινᾶσθαι

176 2053 367 2125 θηρία,
415 2056 511 2109 καὶ
561 2056 919 2128 σφοδρότερον
950 2058 1199 2111 ἐντεῦθεν
1242 2060 1323 2122 είς
1369 2059 1529 2128 δίψαν
1571 2060 1756 2111 ἑκκαί-

176 2146 355 2210 «om,
406 2150 504 2201 καὶ
554 2149 888 2221 θερμότερον
922 2151 1042 2203 ’τῶν
1093 2152 1299 2205 ὑδάτων
1344 2152 1634 2222 ὀρέγεσθαι
1684 2155 1752 2206 ⁸⁸.

176 2237 549 2304 Βαϐυλωνίοις
593 2242 771 2295 τοίνυν
814 2243 865 2295 oi
915 2245 1305 2315 προειρημένοι
1361 2246 1632 2309 συνόντες,
1663 2247 1755 2299 ἀν-

175 2332 341 2403 δράσι
358 2335 650 2407 δυσσεϐείᾳ
675 2338 772 2389 καὶ
796 2339 1113 2409 παρανομία
1142 2338 1367 2404 συζῶσι,
1396 2339 1490 2394 καὶ
1513 2340 1755 2410 ἀτεχνῶς

177 2426 289 2486 τοῖς
326 2424 680 2494 ἐρπυστικοῖς
720 2427 921 2480 ἐοικόσι
968 2427 1200 2497 θηρίοις,
1231 2430 1456 2493 εἰκότως
1486 2434 1605 2494 ταῖς
1630 2434 1754 2487 ἑλά-

178 2532 300 2584 φοις
322 2516 723 2588 παραπλησίως
748 2519 909 2592 διψᾷν
929 2520 973 2551 ⁸⁸
993 2520 1179 2589 ἔλεγον
1198 2523 1289 2575 τὸν
1312 2523 1465 2587 Θεὸν,
1491 2526 1587 2595 τὴν
1614 2527 1755 2579 ἐκεῖ·

180 2607 267 2659 θεν
286 2609 588 2674 ποθοῦντες
604 2611 947 2684 ἀπαλλαγὴν,
962 2618 1056 2669 καὶ
1079 2618 1476 2687 προσμένοντες
1491 2619 1590 2689 τὴν
1606 2619 1754 2671 Θείαν

181 2701 373 2773 ῥοπήν.

244 2798 316 2859 γ’.
363 2812 383 2845 Ι
445 2794 727 2864 Ἐδί-ζρησεν
765 2797 798 2864 ἡ
829 2794 975 2867 ψυχή
1016 2814 1118 2866 μου
1167 2798 1303 2869 πρὸς
1345 2798 1439 2852 τὸν
1484 2799 1615 2852 Θεὸν
1660 2801 1755 2853 τὸν

182 2883 401 2953 ισχυρὸν
431 2886 475 2916 ’⁷
506 2886 599 2939 τὸν
625 2887 833 2950 ζῶντα·
866 2890 995 2940 πότε
1030 2888 1166 2960 ἦξω,
1199 2890 1296 2942 καὶ
1340 2889 1646 2961 ὀφθήσομαι
1674 2891 1753 2963 τῷ

178 2974 462 3046 προσώπῳ
488 2978 585 3030 τοῦ
616 2980 751 3033 Θεοῦ
776 2996 789 3010 ·
836 2999 854 3031 ι
891 2981 1046 3034 Ποθῶ
1078 2981 1154 3047 δὲ,
1188 2984 1339 3051 φησὶ,
1372 2984 1466 3036 καὶ
1486 2984 1624 3053 διψῶ
1653 2985 1752 3053 τὴν

177 3068 277 3121 τοῦ
302 3068 506 3135 ζῶντος
537 3072 582 3103 ⁸³⁸
612 3072 747 3125 Θεοῦ
779 3090 883 3143 μου
911 3074 957 3106 '9
994 3074 1271 3144 λατρείαν.
1314 3076 1385 3127 Τὸ
1415 3076 1523 3145 γὰρ
1568 3076 1751 3145 ὀφθῆ-

1865 590 1972 658 pii,
2021 600 2079 645 ut
2121 592 2339 649 divinus
2382 594 2604 663 Daniel,
2638 608 2698 653 ut
2748 602 3014 656 mirabilis
3064 601 3332 667 Ezechiel,
3375 616 3437 659 ut

1864 683 2101 739 victores
2156 695 2441 758 martyres,
2488 688 2750 760 Ananias,
2825 696 3071 760 Azarias,
3132 705 3186 751 et
3223 695 3431 761 Misael,

1864 780 1955 847 qui
1983 781 2459 840 vehementissime
2505 788 2672 842 Deum
2716 792 2997 856 amabam,
3035 800 3087 846 et
3136 793 3432 862 legitimum

1863 871 2034 940 ipsius
2076 876 2281 930 cultum
2330 880 2640 948 cupiebant,
2694 883 2887 937 merito
2937 884 3285 953 propheticus
3321 899 3436 939 ser-

1863 979 1954 1019 mo
2000 978 2253 1038 suscepta
2315 987 2506 1027 eorum
2558 990 2831 1044 persona,
2884 993 3009 1047 qua:
3062 994 3161 1048 par
3201 987 3315 1033 erat
3365 977 3434 1031 ab

1862 1055 1970 1110 illis
2018 1058 2124 1113 dici
2180 1068 2424 1131 tempore
2481 1066 2842 1133 calamitatis,
2899 1069 3087 1123 multis
3147 1077 3276 1124 ante
3330 1084 3431 1124 επις

1861 1140 2001 1205 culis
2051 1150 2243 1219 docet,
2290 1164 2349 1209 ut
2400 1157 2791 1214 vaticinatione
2835 1161 3205 1229 oblectentur,
3249 1171 3297 1217 el
3333 1163 3431 1219 do-

1861 1244 2038 1298 ctrina
2094 1247 2437 1303 erudiantur.
2481 1249 2775 1322 Propterea
2832 1256 2978 1310 enim
3041 1258 3097 1309 in
3144 1257 3303 1326 ﬁnem
3344 1256 3432 1311 hic

1860 1334 2102 1403 psalmus
2130 1337 2426 1409 inscriptus
2449 1350 2533 1397 est
2566 1363 2577 1396 :
2615 1344 2884 1413 siquidem
2912 1356 3036 1416 post
3056 1348 3429 1417 longissimam

1861 1430 2123 1498 temporis
2168 1434 2386 1498 seriem,
2425 1449 2488 1489 ea
2531 1451 2651 1505 quae
2697 1438 2828 1492 dicit
2864 1439 3025 1494 ﬁnem
3083 1449 3427 1510 acceperunt.

1859 1522 2118 1577 Additum
2156 1535 2239 1581 est
2270 1536 2473 1593 autem,
2507 1530 2559 1583 in
2584 1531 2928 1597 intellectum,
2981 1534 3426 1603 quandoquidem

1858 1625 1924 1663 co
1963 1614 2201 1669 maxime
2240 1616 2399 1686 871
2452 1630 2633 1688 egent,
2684 1621 2777 1689 qui
2820 1621 2873 1674 in
2914 1623 3248 1678 calamitates
3290 1623 3428 1679 inci-

1856 1702 2008 1758 dunt.

1930 1795 2095 1850 Vnus.
2126 1798 2181 1851 9..
2220 1815 2239 1850 ι
2278 1797 2747 1865 Quemadmodum
2781 1806 3057 1861 desiderat
3080 1822 3278 1863 cervus
3310 1808 3429 1862 fon-

1860 1897 1940 1941 tes
1969 1905 2256 1959 aquarum,
2290 1892 2364 1947 ita
2399 1894 2675 1951 desiderat
2702 1898 2882 1952 anima
2916 1914 3035 1953 mea
3064 1909 3137 1965 te,
3167 1917 3201 1955 ο
3230 1899 3423 1956 Deus»

1859 1979 2029 2035 Aiunt
2057 1997 2250 2038 cervos
2305 1984 2449 2041 feras
2477 2004 2781 2045 venenosas
2811 1992 3097 2057 devorare,
3128 2003 3183 2049 et
3214 1994 3342 2049 hinc
3370 1995 3426 2051 in

1858 2074 2006 2127 sitim
2034 2075 2388 2133 vehementer
2415 2081 2663 2145 accendi,
2692 2090 2747 2137 et
2775 2098 2948 2153 aquas
2978 2099 3307 2155 magnopere
3333 2086 3427 2139 de-

1857 2164 2122 2219 siderare.
2159 2166 2295 2220 Cum
2328 2168 2495 2235 igitur
2539 2173 2840 2240 supradicti
2882 2176 3082 2245 captivi
3124 2186 3426 2232 consuetu-

1856 2254 2038 2308 dinem
2071 2270 2197 2310 cum
2227 2256 2539 2329 Babyloniis
2587 2262 2929 2331 habuissent,
2968 2267 3284 2322 hominibus
3320 2270 3426 2322 im-

1855 2349 1959 2417 piis
2005 2359 2059 2404 et
2088 2350 2312 2421 iniquis,
2348 2363 2401 2409 et
2442 2371 2568 2410 vere
2583 2358 2873 2426 reptilibus
2900 2362 3103 2423 bestiis.
3127 2362 3423 2431 similibus,

1856 2456 1961 2493 non
1993 2442 2114 2497 sine
2140 2459 2305 2500 causa
2344 2446 2596 2502 dicebant
2624 2465 2683 2504 se
2714 2450 2887 2506 instar
2929 2466 3220 2509 cervorum
3254 2453 3422 2509 Deum

1855 2532 2025 2597 sitire,
2059 2534 2432 2592 desiderantes
2453 2538 2604 2592 illinc
2637 2539 2876 2608 liberari,
2917 2553 2970 2598 et
2999 2544 3241 2599 divinam
3265 2560 3423 2615 opem

1853 2635 2244 2694 exspectantes.

1924 2803 2089 2861 Vsus.
2132 2809 2185 2862 5.
2236 2826 2254 2859 ι
2294 2808 2475 2867 Sitivit
2508 2814 2687 2868 anima
2735 2830 2855 2869 mea
2887 2816 2954 2870 ad
2987 2814 3157 2871 Deum
3202 2818 3422 2884 tortam,

1852 2900 2034 2954 vivum
2065 2919 2077 2954 :
2103 2904 2324 2970 quando
2348 2906 2583 2970 veniam,
2617 2917 2669 2963 et
2697 2910 3024 2979 comparebo
3057 2919 3185 2965 ante
3214 2908 3420 2967 {aciem

1855 2991 1987 3045 Dei?
2020 3011 2038 3043 ›
2074 2992 2268 3063 Cupio,
2306 2996 2502 3067 inquit,
2539 3007 2594 3053 et
2633 3001 2762 3054 sitio
2803 3002 3011 3057 cultum
3055 3001 3147 3057 Dei
3179 3004 3286 3058 mei
3335 3003 3424 3057 vi-

1851 3084 2047 3139 ventis.
2086 3084 2217 3139 Nam
2246 3104 2547 3157 comparere
2569 3102 2690 3144 ante
2716 3094 2906 3160 faciem
2943 3093 3061 3157 Dei,
3099 3095 3234 3149 nihil
3275 3094 3423 3150 aliud

179 3176 272 3214 rae
306 3162 323 3192 ⁸
349 3160 432 3227 τῷ
459 3165 757 3231 προσώπῳ
790 3167 896 3220 τοῦ
927 3168 1098 3231 Θεοῦ,
1124 3169 1183 3221 τὸ
1208 3167 1489 3239 λατρεύειν
1519 3173 1538 3205 ⁸
1566 3170 1712 3241 αὐτῴ
1732 3170 1752 3201 ³

1864 3177 2010 3243 dicit,
2046 3194 2207 3248 quam
2234 3180 2410 3250 ipsum
2441 3184 2741 3237 secundum
2768 3184 2940 3253 legem
2968 3186 3147 3241 coiere
3179 3204 3191 3239 :
3226 3186 3421 3254 hujus-

181 3252 323 3307 κατὰ
347 3255 445 3308 τὸν
474 3256 637 3326 νόμον
674 3258 849 3327 λέγει’
879 3262 945 3330 τῇ
980 3261 1034 3313 δὲ
1077 3261 1430 3333 Ἰερουσαλὴμ
1462 3265 1494 3333 ἡ
1530 3263 1750 3333 τοιαύτη

180 3346 545 3416 περιώρισται
576 3352 601 3381 ⁸
628 3349 873 3421 λατρεία.
921 3352 1031 3405 Καὶ
1061 3352 1231 3406 ταῦτα
1264 3353 1291 3386 ⁵
1314 3354 1375 3406 ού
1406 3354 1563 3424 μόνος
1593 3356 1622 3408 ό
1650 3372 1756 3424 μα·

180 3438 372 3508 κάριος
401 3440 423 3471 ⁸
451 3439 695 3495 διδάσκει
723 3443 950 3512 Μωσῆς,
1000 3443 1135 3497 ἀλλὰ
1176 3445 1270 3498 καὶ
1306 3447 1355 3497 οἱ
1384 3448 1531 3515 τρεῖς
1577 3446 1755 3514 μακά-

182 3549 287 3603 ριοι
333 3535 355 3565 ⁷
401 3534 698 3606 μάρτυρες,
744 3537 1010 3601 Ἁνανίας,
1060 3535 1333 3607 Ἀζαρίας,
1384 3539 1475 3590 καὶ
1514 3535 1752 3607 Μιζαὴλ,

180 3626 236 3676 ἐν
269 3627 336 3696 τῇ
377 3628 599 3699 καμίνῳ
630 3629 722 3680 τὸν
758 3629 893 3682 Θεὸν
925 3628 1353 3693 ἀντιϐολοῦντες.
1389 3629 1549 3684 Μάλα
1573 3630 1630 3682 δὲ
1659 3631 1757 3700 ἀρ-

184 3717 379 3786 μοδίως
429 3721 686 3789 ἰσχυρὸν
718 3723 813 3774 καὶ
861 3720 1047 3783 ζῶντα
1090 3722 1180 3774 τὸν
1227 3721 1359 3773 Θεὸν
1405 3723 1753 3791 ὀνομάζουσι,

182 3812 291 3873 τοῖς
320 3811 555 3882 ἀψύχοις
587 3815 679 3869 καὶ
708 3816 989 3886 ἀκινήτοις
1018 3814 1125 3869 τῶν
1156 3816 1180 3846 ⁸
1214 3814 1569 3869 Βαϐυλωνίων
1601 3818 1755 3871 εἰδώ-

183 3903 290 3966 λοις
319 3907 684 3975 προσέχοντες
710 3908 751 3960 ⁸.

180 4009 185 4011 ‘
248 3998 317 4060 δ’,
366 3999 432 4053 ε’.
494 4017 513 4049 ι
584 4000 845 4070 Ἐγενήθη
898 4000 967 4052 τὰ
1008 4000 1217 4072 δάκρυὰ
1267 4016 1369 4070 μου
1421 4001 1543 4070 ἐμοὶ
1593 4002 1756 4071 ἄρτος

186 4092 395 4163 ἡμέρας
428 4094 524 4144 καὶ
560 4093 787 4156 νυκτός·
839 4098 895 4145 ἐν
928 4093 1005 4162 τῷ
1052 4092 1303 4160 λέγεσθαί
1351 4109 1441 4162 μοι
1471 4090 1591 4144 καθ’
1627 4093 1747 4143 ἑκά·

187 4198 316 4252 στην
343 4184 581 4252 ἡμέραν,
607 4182 711 4235 ποῦ
743 4185 889 4236 ἐστιν
920 4187 947 4237 ὁ
993 4184 1124 4245 Θεός
1171 4200 1299 4248 σου;
1354 4182 1541 4236 Ταῦτα
1584 4184 1753 4253 ἐμνή-

188 4273 338 4344 σθην,
388 4276 485 4327 καὶ
531 4276 718 4345 ὲξέχεα
762 4276 848 4329 ἐπ’
898 4277 995 4345 ἐμὲ
1028 4274 1125 4345 τὴν
1156 4274 1335 4346 ψυχήν
1386 4292 1511 4345 μου.
1570 4292 1591 4325 ι
1641 4273 1754 4326 Νύ-

190 4384 330 4439 κτωρ
364 4369 435 4432 ⁸⁸⁵,
461 4369 619 4438 φησὶ,
649 4369 744 4422 καὶ
781 4368 899 4438 μεθ’
931 4369 1145 4439 ἡμέραν
1173 4368 1569 4439 ὀλοφυρόμενος
1594 4366 1756 4437 κόρον

188 4461 283 4513 οὐκ
325 4459 541 4526 ἔλαϐον,
577 4459 691 4513 ἀλλ’
725 4455 835 4515 οἷόν
862 4478 985 4514 τινα
1012 4461 1216 4532 τροφὴν
1261 4458 1522 4531 ποιοῦμαι
1564 4460 1629 4513 τὰ
1657 4459 1752 4512 δα-

1858 3270 2006 3324 modi
2064 3283 2247 3327 autem
2302 3274 2483 3329 cultus
2533 3274 2904 3348 Hierosolyma
2970 3278 3422 3349 circumscriptus

1857 3371 1993 3417 erat.
2038 3361 2105 3416 Et
2148 3363 2262 3417 ha‘c
2301 3379 2407 3419 non
2432 3366 2603 3421 rsolus
2651 3367 2840 3421 beatus
2865 3367 3057 3436 ,Moses
3102 3370 3280 3433 docet,
3330 3370 3425 3423 sed

1856 3456 2019 3509 etiam
2056 3444 2166 3511 tres
2197 3458 2339 3511 beati
2370 3468 2637 3529 martyres
2662 3459 2923 3527 Ananias,
2954 3461 3200 3527 Azarias,
3235 3471 3290 3515 et
3318 3459 3421 3514 Mi-

1856 3546 1989 3610 sael,
2022 3546 2074 3599 in
2116 3547 2331 3602 camino
2370 3548 2540 3603 Deum
2570 3560 2875 3620 precantes.
2932 3551 3238 3606 Admodum
3285 3568 3426 3606 con-

1858 3637 2016 3692 cinne
2070 3650 2251 3694 autem
2306 3642 2496 3709 fortem
2553 3652 2605 3697 et
2658 3645 2828 3697 vivum
2878 3644 3048 3699 Demn
3096 3644 3424 3707 nominant,

1857 3730 1925 3783 ad
1980 3730 2280 3785 inanimata
2332 3742 2385 3786 et
2445 3734 2743 3787 immobilia
2794 3732 3217 3804 Babyloniorum
3277 3734 3422 3788 idola

1858 3831 2189 3890 spectantes.

1927 3994 2092 4051 Vens.
2120 3998 2175 4059 4,
2206 3997 2259 4051 5.
2317 4016 2334 4049 ι
2373 3996 2616 4053 Fuerunt
2656 4000 2790 4053 mihi
2817 4004 2833 4021 '
2864 4000 3117 4070 lacryma:
3150 4015 3284 4055 mea:
3323 4017 3422 4071 pa-

1856 4104 1953 4143 nes
1998 4088 2087 4143 die
2111 4104 2175 4143 ac
2208 4097 2387 4152 nocte,
2420 4088 2550 4143 dum
2582 4090 2780 4145 dicitur
2820 4091 2956 4145 mihi
3002 4093 3285 4161 quotidie:
3322 4093 3422 4149 Ubi

1856 4189 1942 4235 est
1978 4179 2121 4235 Deus
2157 4179 2326 4235 tuus?
2370 4180 2496 4236 Haec
2527 4182 2699 4253 872‘
2725 4183 3043 4239 recordatus
3082 4200 3226 4247 sum,
3259 4195 3313 4240 et
3341 4185 3431 4240 ef-

1856 4270 1973 4327 fudi
2002 4272 2057 4326 in
2100 4286 2189 4326 me
2218 4272 2457 4326 animam
2508 4289 2708 4328 meam.
2752 4292 2770 4323 ι
2806 4273 2931 4329 Dies
2974 4285 3291 4345 noctesque,
3326 4278 3421 4342 ait,

1856 4364 2075 4433 lugendi
2105 4364 2329 4419 satietas
2348 4381 2631 4436 nunquam
2650 4366 2791 4436 cepit
2808 4382 2912 4431 me,
2936 4371 3029 4423 sed
3051 4368 3213 4423 veluti
3239 4385 3427 4439 quem-

1856 4458 1980 4513 dam
2023 4458 2206 4512 cibum
2238 4459 2505 4529 lacrymas
2537 4458 2702 4526 facio,
2734 4476 2857 4513 cum
2889 4471 3112 4531 propter
3139 4472 3189 4516 te
3221 4478 3421 4533 oppro-

190 4570 344 4620 κρυα,
372 4554 453 4623 ,τὰ
476 4556 606 4624 περὶ
650 4554 745 4607 σοῦ
780 4554 955 4625 ὀνείδη
990 4554 1298 4624 δεχόμενος.
1328 4556 1389 4606 0i
1418 4554 1527 4624 γὰρ
1556 4553 1755 4622 δυσμε-

1864 4551 1973 4605 bria
2006 4551 2229 4620 recipio.
2257 4551 2453 4606 Hostes
2484 4554 2627 4606 enim
2660 4552 2907 4607 derident
2956 4568 3063 4615 me,
3114 4564 3262 4608 tuam
3316 4570 3420 4624 gu-

189 4645 292 4705 νείς
319 4643 719 4706 ὲπιτωθάξουσί
759 4661 870 4713 μοι,
905 4644 1002 4715 τὴν
1028 4644 1127 4713 σὴν
1157 4643 1481 4713 κηδεμονίαν
1516 4642 1755 4712 προσφέ-

192 4749 370 4801 ροντες
404 4736 480 4797 ὡς
508 4735 729 4805 ἀσθενῆ,
770 4737 867 4811 καλ
906 4738 1003 4805 τῆς
1032 4734 1211 4788 αὐτῶν
1248 4734 1439 4807 ῥώμης
1468 4733 1757 4803 περιγενέ-

192 4821 309 4876 σθαι
370 4825 449 4895 μὴ
507 4824 851 4896 δυνηθεῖσαν.
919 4826 1210 4898 Τοιγάρτοι
1268 4824 1441 4878 ταῦτα
1492 4824 1755 4895 διηνεκῶς

189 4911 551 4985 λογιζόμενος,
571 4916 847 4973 ἄπαυστον
873 4918 912 4949 ⁸⁸
942 4916 1049 4984 ἔχω
1077 4917 1166 4971 τὸν
1194 4917 1411 4987 θρῆνον.
1444 4915 1516 4967 Τὸ
1548 4915 1657 4984 γὰρ
1691 4916 1750 4977 ⁸⁸.

206 5034 217 5055 ι
264 5005 481 5077 Ἐξέχεα
510 5008 598 5061 ἐπ’
631 5008 731 5078 ἐμὲ
770 5008 866 5080 τὴν
908 5008 1087 5079 ψυχήν
1128 5024 1251 5077 μου,
1304 5026 1323 5057 ι
1359 5005 1518 5060 τοῦτο
1555 5006 1753 5075 σημαί-

1861 4643 2234 4697 bernationem
2285 4642 2644 4711 prol‘erentes,
2692 4653 2750 4698 ut
2790 4644 3136 4708 imbecillem,
3198 4652 3250 4697 et
3300 4659 3419 4711 quae

1858 4750 2050 4790 eorum
2078 4735 2318 4804 potentia
2348 4736 2598 4803 superior
2626 4749 2745 4789 esse
2777 4750 2885 4789 non
2924 4735 3177 4804 potuerit.
3210 4734 3420 4789 Idcirco

1857 4826 2115 4881 continue
2140 4826 2254 4881 haec
2277 4828 2522 4897 cogitans
2543 4826 2728 4896 lugere
2750 4842 2856 4882 non
2885 4827 3095 4883 desino.
3120 4826 3234 4883 Hoc
3254 4828 3418 4892 enim,

1864 4939 1881 4967 ι
1922 4917 2098 4973 Eﬂ‘udi
2127 4919 2293 4973 inme
2322 4918 2561 4972 animam
2596 4932 2797 4980 meam,
2837 4936 2855 4969 ι
2895 4919 3187 4990 signiﬁcat,
3212 4918 3424 4974 eﬂ‘usus

1856 5023 1979 5062 sum
2008 4994 2398 5062 et-commotus
2426 5008 2479 5061 in
2508 5007 2761 5077 eiulatus.
2797 5026 2815 5059 ι
2855 5007 3122 5074 Quoniam
3176 5009 3431 5063 transibo.

1286 5141 1522 5196 VARUE
1563 5139 1944 5197 LECTIONES
1985 5139 2075 5195 ET
2111 5140 2345 5197 ΝΟΤᾹΞ.

258 5260 299 5292 ⁸⁸
326 5259 693 5329 Captivum.
716 5258 857 5329 cod.
892 5259 927 5313 Ε).
968 5259 1129 5321 θεῖος.

194 5330 228 5384 2
250 5331 395 5401 ἄχρι.

1207 5258 1249 5289 ⁸⁷
1286 5258 1422 5312 Καί.
1469 5259 1635 5313 Abest
1669 5274 1697 5312 a
1720 5273 1755 5312 ci

1878 5258 1904 5310 1
1935 5270 1987 5312 et
2020 5259 2075 5313 '5.
2153 5258 2198 5291 ⁸⁸
2228 5259 2348 5312 cod.
2395 5260 2449 5320 1,
2479 5257 2513 5310 2
2541 5258 2778 5329 Μισαήλ.
2855 5260 2899 5289 ⁸³
2931 5260 2997 5313 Ἃ

469 5333 517 5362 ὀ
556 5328 851 5396 Ῥηθῆναιη
883 5332 1001 5384 cod.
1026 5329 1060 5381 2
1098 5329 1352 5397 ἡσθῆναι.
1428 5330 1471 5361 ⁸⁸
1517 5330 1641 5383 cod.
1675 5329 1755 5381 ἳὶ

1864 5346 2002 5382 σκει.
2078 5331 2124 5361 ⁸⁸
2153 5330 2304 5383 Ἵνα,
2340 5331 2460 5383 cod.
2498 5330 2521 5381 1
2557 5338 2611 5381 et
2653 5330 2684 5382 ζ’)
2711 5328 2917 5382 addunt
2947 5329 3061 5382 καί.

3039 5259 3175 5327 χρὴ.
3216 5258 3333 5312 cod.
3368 5262 3418 5313 ι.

3138 5329 3183 5359 ⁸³
3216 5328 3412 5393 Τέλος.

194 5398 366 5456 (ξοάζῖ
391 5417 579 5469 prtum.
607 5402 688 5453 τό.
764 5400 811 5429 ⁸⁸
841 5399 1198 5467 Συμεσοραῖς.
1238 5400 1291 5451 lu
1320 5399 1438 5453 cod.
1467 5401 1503 5451 ‘2
1533 5410 1755 5467 sequunl

1864 5401 1983 5461 ista,
2014 5399 2449 5461 Βαϐυλωνίοις-
2476 5398 2624 5451 θείαν
2657 5399 2851 5468 ῥοπὴν,
2878 5417 2997 5468 qua:
3034 5400 3199 5452 Sirm.
3226 5400 3423 5451 deinde

194 5474 253 5525 ad
280 5489 425 5527 vers.
453 5474 490 5526 ‘2
512 5472 775 5523 exhibuit.

195 5613 352 5667 Abest
392 5630 423 5666 a
470 5614 592 5666 cod.
628 5613 678 5673 1,
719 5610 771 5663 ‘2.
854 5610 869 5639 ⁸
902 5611 1021 5664 cod.
1055 5612 1090 5664 2
1127 5608 1455 5678 ὀφθήσομαι.

196 5682 215 5711 ⁸
238 5683 391 5736 codd.
424 5694 533 5737 tres
579 5683 717 5747 Aug.
773 5679 945 5733 τοῦτο.
1023 5682 1043 5710 ⁸
1075 5678 1399 5747 Μακάριος.
1431 5680 1550 5733 cod.
1582 5679 1616 5731 9.
1665 5679 1825 5739 θεῖος.

851 5473 895 5500 ⁸⁵
928 5469 1439 5547 ’φρξγεσθαιιώιεοεὶί
1474 5470 1497 5521 1
1528 5468 1794 5547 ἐφίεσθαι..
1868 5470 1912 5499 ⁹⁶
1939 5471 2063 5547 cod.
2096 5470 2117 5521 1
2152 5470 2347 5547 ⁸ὀιψῇν.
2422 5470 2465 5547 ⁸⁸⁷
2500 5470 2924 5547 Τὸν-ἱιονχυρόζ.
2950 5470 3087 5547 Addi

193 5542 361 5608 Aicx.,
394 5545 544 5596 deest
575 5551 752 5594 autem
781 5542 835 5592 in
866 5542 987 5594 cod.
1024 5538 1197 5592 Vatic.
1274 5541 1318 5570 ³⁸
1353 5538 1605 5603 Ζῶντος.
1636 5539 1755 5592 (ἐούι

195 5613 352 5663 Abest
392 5630 423 5663 a
470 5614 592 5663 cod.
628 5613 678 5663 1.
719 5610 771 5663 ‘2.
854 5610 869 5639 ¹
902 5611 1021 5663 cod.
1055 5612 1090 5663 2
1127 5608 1455 5663 ὀφθήσομαι.
1533 5608 1696 5661 ’cod.
1745 5610 1755 5661 ε

1866 5555 1949 5593 res
1984 5542 2122 5608 Aug.
2147 5538 2317 5602 ὄντος.
2348 5541 2471 5593 cod.
2500 5540 2532 5591 5
2572 5539 2719 5592 addit
2748 5541 2841 5590 καὶ
2869 5539 3114 5591 δυνατοῦ.

1864 5610 2136 5663 ιτοεῠσαι.
2216 5611 2236 5640 ³
2266 5610 2387 5663 cod.
2440 5612 2460 5663 1
2518 5610 2698 5663 αὐτόν.
2778 5610 2794 5638 "
2820 5609 2940 5661 cod.
2992 5610 3024 5661 5
3068 5626 3114 5659 π.

1684 5647 1696 5660 .
1745 5628 1778 5661 ο
1825 5628 2136 5678 Λατρευσαι.

1868 5470 1912 5499 ⁹⁶
1939 5471 2063 5524 cod.
2096 5470 2117 5521 1
2167 5470 2347 5539 διψῇν.
2422 5470 2465 5499 ⁸⁷
2507 5470 2617 5521 Τὸν
2648 5472 2924 5535 ἰσχυρόν.
2950 5470 3178 5521 Additur
3212 5470 3261 5519 in
3297 5472 3417 5521 cod.

1868 5555 1949 5591 res
1984 5542 2122 5591 Αυρ.
2147 5541 2317 5591 ὄντος.
2348 5541 2471 5591 cod.
2500 5540 2532 5591 5
2572 5539 2719 5591 addit
2748 5541 2841 5590 καὶ
2869 5539 3114 5591 δυνατοῦ.
3194 5539 3238 5568 ⁸⁸⁵
3268 5541 3417 5591 Μου.

3324 5558 3419 5589 ου.
3438 5565 3447 5571 ⁸

2216 5611 2236 5640 ³
2266 5610 2387 5663 cod.
2440 5612 2460 5663 1
2518 5610 2698 5663 αὐτόν.
2778 5609 2940 5661 "cod.
2992 5610 3024 5661 5
3068 5609 3417 5677 περιώριστο.

1902 5681 1918 5709 ⁷
1945 5681 2065 5733 cod.
2102 5682 2122 5733 1
2167 5689 2219 5733 et
2261 5683 2291 5733 5
2319 5682 2729 5749 τρισμακὰριοι.
2787 5680 2908 5733 cod.
2956 5680 2990 5731 ‘3
3019 5681 3185 5747 τρεῖς,
3214 5680 3420 5749 omisso

203 5763 449 5818 sequente
482 5754 762 5821 μακάριοι.
794 5822 819 5833 _
840 5751 860 5777 ⁸
892 5749 1027 5833 Ίξῦν.
1069 5751 1234 5803 Abi-st
1263 5768 1291 5801 ιι
1316 5751 1434 5803 cod.
1553 5752 1611 5833 w“
1644 5751 1755 5831 ῙΙρε

1864 5767 2071 5815 (orm).
2108 5754 2203 5800 ml
2261 5752 2291 5802 '2
2325 5747 2505 5817 pra-in.
2548 5751 2763 5817 ἣκιστα.
2844 5751 2885 5777 ὀ
2914 5750 3153 5815 Νύκτωρ
3182 5774 3249 5787 -α
3283 5747 3421 5815 θρῆ-

208 5838 322 5876 rcr.
383 5820 503 5877 Des.
560 5824 610 5875 in
644 5825 761 5874 md.
794 5822 842 5873 5.
926 5822 959 5851 ¹¹
1000 5823 1366 5874 Ἂπαιεστον.
1404 5820 1523 5875 cod.
1551 5820 1583 5870 2
1633 5820 1721 5871 ἀτί

1764 5820 1962 5873 αὐτῶν.

2044 5822 2079 5849 ³³
2112 5822 2249 5883 l‘rip.
2290 5821 2407 5873 lies.
2440 5823 2488 5873 in
2528 5822 2641 5871 ποτε.
2674 5822 2722 5873 5.
