3842 6518
469 307 628 376 1179-

1465 296 1964 358 THEODORETI
1993 294 2337 357 EPISCOPI
2364 292 2732 355 CYRENSIS

3582 305 3696 372 1180

528 408 694 480 Vens.
726 420 782 475 2.
829 439 852 472 τ
877 416 922 474 Ο
968 417 1131 481 Deus,
1159 412 1386 469 auribus
1427 410 1633 466 nostris
1686 408 1996 464 audivimus
2019 448 2033 474 ,

2211 405 2275 475 β’,
2323 424 2342 457 ε
2377 405 2437 458 'U
2462 404 2618 470 Θεὸς,
2650 407 2709 459 ἐν
2737 408 2850 470 τοῖς
2879 407 3015 463 ὠσὶν
3042 409 3197 480 ἡμῶν
3226 409 3562 482 ἠκούσαμεν,
3591 422 3698 472 καῖ’

458 527 642 587 patres
671 512 844 569 nostri
875 507 1338 565 annuntiaverunt
1365 501 1525 556 nobis
1550 516 1710 572 opus,
1741 497 1885 570 quod
1909 513 2037 568 ope-

459 619 613 664 ratus
643 623 703 663 es
732 606 787 660 in
827 602 1023 659 diebus
1061 615 1252 656 eorum
1274 640 1289 663 ,
1319 605 1373 652 et
1405 596 1460 650 in
1493 595 1687 650 diebus
1720 592 1980 662 antiquis.
2011 610 2030 644 ι

459 699 572 758 Nos
595 741 609 766 ,
637 716 670 754 o
703 697 963 758 Domine,
1001 707 1111 747 non
1145 690 1353 745 fuimus
1379 687 1600 758 quidem
1639 685 1744 756 ipsi
1776 693 2039 754 spectato-

461 810 551 850 res
583 803 804 848 tuorum
841 788 1268 847 miraculorum,
1309 798 1340 837 a
1386 779 1592 835 nostris
1626 793 1755 833 vero
1793 777 2040 847 patribus

461 880 784 944 didicimus,
823 885 958 948 quot
1005 871 1271 928 miracula
1323 884 1386 924 ea
1439 874 1760 936 tempestate
1803 864 2036 932 feceris,

461 972 854 1045 promissiones
885 966 1094 1023 nostris
1119 961 1426 1034 majoribus
1456 957 1633 1014 factas
1658 957 1910 1028 implens.
1947 1031 1995 1037 ,-

537 1148 703 1204 Vsus.
734 1147 802 1211 5,
831 1145 885 1198 4.
925 1162 944 1196 ι
973 1142 1171 1196 Manus
1214 1147 1306 1195 tua
1351 1148 1540 1211 gentes
1583 1135 1940 1208 disperdidit,
1987 1143 2042 1190 et

463 1241 723 1313 plantasti
766 1255 900 1305 eos,
939 1234 1179 1291 amisisti
1224 1234 1486 1304 populos,
1539 1242 1595 1287 et
1625 1230 1882 1301 expulisti
1922 1243 2040 1284 eos.

463 1334 575 1388 Nec
603 1331 752 1388 enim
783 1328 965 1401 gladio
999 1342 1101 1382 suo
1131 1326 1499 1396 possederunt
1535 1334 1776 1390 terram,
1823 1331 1879 1378 et
1916 1323 2044 1378 bra-

464 1427 648 1482 chinm
678 1437 870 1478 eorum
902 1435 1011 1476 non
1042 1417 1278 1475 salvavit
1307 1432 1402 1472 eos
1423 1457 1437 1482 ,
1473 1415 1566 1470 sed
1599 1415 1820 1470 dextera
1861 1422 1950 1468 tua
1990 1405 2044 1468 et

410 1575 416 1581 ,
467 1511 750 1569 brachium
781 1519 958 1574 tuum,
987 1517 1042 1564 et
1068 1507 1396 1562 illuminatio
1425 1505 1608 1561 vultus
1637 1505 1713 1558 tui
1738 1545 1753 1570 ,
1783 1503 2045 1574 quoniam

468 1601 847 1674 complacuisti
887 1602 942 1656 in
991 1601 1091 1655 eis.
1124 1618 1142 1651 ι
1173 1602 1192 1619 ‘
1234 1597 1316 1652 Tu
1341 1640 1355 1664 ,
1395 1598 1610 1668 inquit,
1654 1597 1824 1667 880
1865 1609 1898 1650 ο
1940 1593 2045 1650 Do-

470 1694 635 1762 mine,
660 1693 1000 1749 Chananzeos
1026 1707 1149 1748 cum
1179 1691 1300 1747 aliis
1331 1691 1587 1762 gentibus
1627 1690 1757 1744 hinc
1791 1687 2044 1758 exegisti,

2136 501 2184 551 οἱ
2220 498 2451 568 πατέρες
2480 498 2638 568 ἡμῶν
2685 499 3018 572 ἀνήγγειλαν
3052 503 3184 573 ἡμῖν
3214 503 3402 575 ἔργον,
3433 506 3461 559 ὃ
3488 509 3701 579 εἰργάσω

2137 591 2195 642 ἐν
2223 590 2342 651 ταῖς
2366 587 2605 658 ἡμέραις
2628 589 2829 656 αὐτῶν,
2860 592 2919 645 ἐν
2949 592 3186 662 ἡμέραις
3208 594 3494 663 ἀρχαίαις.
3522 615 3538 647 ι
3579 600 3701 654 Αὑτ-

2135 680 2302 732 όττται
2336 679 2435 748 μὲν
2468 681 2635 748 ἡμεῖς
2663 679 2770 733 τῶν
2794 680 2902 734 σῶν
2927 681 3226 753 θαυμάτων
3275 684 3337 736 οὐ
3364 687 3702 759 γεγενήμεθα,

2138 769 2401 830 Δέσποτα,
2422 768 2574 836 παρὰ
2591 769 2646 822 δὲ
2677 769 2784 823 τῶν
2805 771 3092 845 ἡμετέρων
3125 773 3533 846 μεμαθήκαμεν
3558 785 3704 836 πατέ-

2139 880 2266 933 ρων,
2291 862 2390 914 ὅσα
2411 860 2663 930 θαύματα
2685 863 2805 915 κατ’
2822 863 3065 928 ἐκείνους
3083 865 3333 935 εἰργάσω
3348 867 3475 928 τοὺς
3490 871 3703 940 χρόνους,

2137 950 2234 1013 τὰς
2294 951 2430 1024 πρὸς
2475 953 2603 1016 τοὺς
2646 954 2951 1026 ἡμετέρους
2999 957 3307 1028 προγόνους
3363 964 3704 1032 γεγενημένας

2139 1042 2471 1111 ἐπαγγελίας
2500 1043 2606 1115 πλη
2615 1046 2742 1115 ρῶν.

2208 1142 2278 1203 γ’.
2305 1136 2346 1188 δ’
2353 1172 2369 1188 ο
2410 1155 2428 1188 ι
2472 1137 2536 1190 Ἢ
2582 1139 2705 1210 χείρ
2734 1158 2829 1194 σου
2877 1140 3004 1212 ἔθνη
3033 1139 3438 1215 ἐξωλόθρευσε,
3473 1147 3564 1201 καὶ
3593 1166 3706 1203 κατ-

2145 1225 2456 1293 εφύτευσας
2483 1228 2687 1293 αὐτούς
2713 1245 2727 1259 ο
2788 1230 3077 1294 ἐκάκωσας
3104 1232 3270 1296 λαοὺς
3295 1274 3313 1298 ,
3365 1235 3460 1287 καὶ⁵
3487 1234 3708 1302 ἐξέϐαλες

2141 1319 2358 1384 αὐτούς.
2390 1321 2463 1375 Οὐ
2491 1323 2600 1392 γὰρ
2631 1325 2690 1378 ἐν
2716 1325 2782 1395 τῇ
2809 1323 3058 1396 ῥομφαίᾳ
3079 1325 3266 1380 αὐτῶν
3289 1325 3708 1401 ἐκληρονόμησεν

2141 1411 2267 1481 γῆν,
2310 1413 2403 1466 καὶ
2435 1416 2463 1468 ὁ
2499 1414 2744 1488 βραχίων
2778 1418 2961 1472 αὐτῶν
2991 1420 3093 1472 οὐκ
3119 1417 3332 1473 ἔσωσεν
3358 1421 3580 1486 αὐτούς·
3611 1424 3708 1476 ἀλλ’

2144 1505 2179 1574 ἡ
2207 1503 2358 1569 δεξιά
2390 1524 2481 1559 σου
2504 1547 2518 1568 ,
2576 1508 2673 1561 καὶ
2707 1511 2734 1562 6
2773 1509 3018 1582 βραχίων
3050 1527 3145 1564 σου
3167 1550 3181 1575 ,
3220 1510 3322 1564 κα)⁸
3355 1513 3385 1564 6
3418 1515 3708 1582 φωτισμδς¹

2143 1595 2237 1648 τοῦ
2269 1598 2564 1668 προσῶπου
2593 1617 2685 1654 σου
2709 1618 2723 1632 ’
2762 1603 2846 1655 ὅτι
2877 1602 3176 1672 εὐδόκησας
3208 1603 3274 1656 ἐν
3305 1603 3510 1667 αὐτοῖς.
3539 1623 3555 1653 ι
3595 1606 3707 1671 Σὺν,

2148 1689 2332 1757 φησὶν,
2369 1684 2413 1743 ὦ
2435 1691 2703 1757 Δέσποτα,
2735 1693 2860 1757 τοὺς
2887 1695 3236 1759 Χαναναίους
3271 1694 3412 1766 μετὰ
3436 1694 3538 1748 τῶν
3560 1697 3705 1750 ἄλλων

471 1795 528 1843 et
553 1795 736 1855 patres
765 1795 984 1841 nostros
1009 1801 1110 1856 pro
1146 1786 1254 1840 illis
1280 1783 1524 1839 habitare
1547 1781 1744 1838 fecisti.
1774 1780 1885 1836 Nec
1907 1781 2051 1836 enim

2162 1779 2324 1832 ἐθνῶν
2360 1781 2612 1836 ἐντεῦθεν
2641 1783 2902 1849 ἐξελάσας
2926 1824 2941 1850 ,
2997 1785 3124 1848 τοὺς
3159 1785 3467 1856 ἡμετέρους
3498 1786 3709 1855 πατέρας

473 1878 660 1935 robori
709 1878 969 1942 fidentes,
1017 1893 1117 1933 nec
1159 1877 1326 1931 armis
1375 1876 1655 1942 instructi,
1694 1885 1772 1929 tot
1806 1874 2053 1930 hostibus

475 1971 787 2041 superiores
825 1969 1049 2024 fuerunt
1080 1988 1095 2026 :
1127 1985 1320 2024 verum
1361 1979 1467 2024 tua;
1503 1968 1690 2039 gratia:
1718 1967 1884 2022 ductu
1907 2008 1922 2032 ,
1955 1966 2055 2022 hos

475 2063 694 2136 quidem
730 2061 1150 2129 interfecerunt,
1187 2063 1308 2117 illos
1336 2077 1466 2117 vero
1496 2061 1703 2118 servire
1735 2070 2054 2131 coegerunt,

475 2157 736 2229 quoniam
786 2167 880 2212 tua
925 2156 1296 2211 familiaritate
1342 2156 1464 2209 illos
1504 2155 1759 2224 dignatus
1799 2170 1878 2208 es.
1923 2152 2037 2207 Hoc

474 2250 622 2306 enim
677 2249 859 2304 dixit:
917 2269 935 2300 ‹
970 2247 1361 2317 Complacuisti
1412 2246 1466 2301 in
1526 2248 1626 2302 eis.
1695 2265 1713 2298 ι
1775 2246 2057 2300 Dexteram

477 2349 659 2396 autem
694 2348 852 2395 vocat
886 2340 1189 2394 auxilium:
1227 2338 1674 2392 illuminationem
1707 2337 1880 2391 vultus
1905 2377 1920 2402 ,
1959 2352 2056 2407 ap-

478 2431 832 2502 paritionem.

553 2608 719 2666 Vens.
757 2610 810 2666 5.
848 2629 866 2662 ι
901 2608 982 2664 Tu
1013 2625 1073 2665 es
1101 2611 1218 2681 ipse
1255 2625 1349 2664 rex
1391 2624 1576 2675 meus,
1609 2616 1662 2662 et
1697 2605 1836 2662 Deus
1867 2621 2018 2660 meus
2041 2645 2056 2669 ,

480 2703 575 2772 qui
604 2704 832 2758 mandas
854 2704 1062 2758 salutes
1094 2701 1302 2758 Jacobi.
1338 2721 1355 2753 ι
1389 2701 1536 2756 ldem
1571 2716 1650 2767 es,
1684 2701 1779 2764 ait,
1812 2708 1866 2754 et
1893 2715 2058 2762 nunc,

481 2796 730 2862 Domine,
752 2797 1001 2852 similiter
1021 2812 1271 2867 regnans,
1303 2795 1552 2852 similiter
1575 2802 1784 2864 potens,
1815 2793 2061 2848 eamdem

479 2888 771 2958 potentiam
812 2889 1052 2944 habens:
1099 2898 1190 2943 tua
1219 2904 1349 2943 vero
1391 2896 1584 2941 natura
1625 2887 1830 2940 nullam
1871 2885 2063 2954 recipit

480 2982 856 3036 mutationem.
897 2982 1041 3036 Satis
1089 2992 1171 3037 est
1200 2981 1295 3035 tibi
1324 2990 1378 3035 et
1408 2980 1634 3034 verbum
1665 2979 1731 3031 ad
1778 2978 2010 3033 salutem
2043 2993 2059 3029 :

479 3084 694 3133 annue.
725 3079 780 3126 et
807 3071 945 3125 hanc
975 3072 1209 3140 populus
1237 3080 1626 3138 consequetur.
1678 3069 1770 3122 Sic
1814 3079 1866 3122 et
1899 3068 2058 3137 Sym-

480 3161 708 3217 machus
743 3161 1133 3231 interpretatus
1161 3171 1245 3218 est
1274 3181 1288 3216 :
1330 3159 1534 3215 Munda
1559 3161 1622 3215 de
1648 3158 1820 3213 salute
1847 3157 2052 3212 Jacobi.

553 3335 718 3391 Vsus.
751 3335 804 3390 6.
841 3354 860 3388 ι
893 3334 1094 3391 Tecum
1123 3337 1377 3392 inimicos
1406 3345 1623 3393 nostros
1648 3335 1903 3392 feriemus
1933 3351 2056 3392 cor-

484 3442 599 3492 nu,
648 3435 704 3482 et
753 3427 806 3481 in
857 3429 1077 3503 nomine
1123 3437 1216 3482 tuo
1263 3443 1590 3498 spernemus
1619 3429 1966 3498 insurgentes
2001 3429 2057 3481 in

485 3534 608 3574 nos.
641 3536 661 3570 ι
697 3518 970 3573 Animalia
997 3519 1283 3590 cornigera
1313 3534 1412 3590 pro
1443 3520 1612 3575 armis
1639 3535 1843 3574 cornua
1883 3535 1914 3573 a
1957 3535 2057 3574 na-

487 3619 611 3666 tura
640 3620 968 3682 acceperunt
996 3631 1009 3666 :
1055 3627 1152 3667 nos
1176 3627 1307 3666 vero
1342 3627 1514 3666 cornu
1546 3612 1762 3676 salutis,
1794 3611 2062 3666 victriCia-

489 3717 596 3773 que
637 3719 791 3759 arma
838 3712 991 3759 tuum
1037 3719 1236 3759 nomen
1284 3705 1578 3770 habemus,
1612 3714 1668 3760 et
1701 3705 1807 3762 hoc
1842 3714 2060 3761 utentes

490 3794 674 3850 hostes
698 3796 1099 3865 superabimus.

561 3886 729 3944 Vsus.
763 3889 814 3956 7,
846 3889 900 3944 8.
946 3907 964 3940 ι
996 3889 1113 3946 Non
1136 3891 1282 3968 enim
1315 3891 1368 3945 in
1403 3907 1531 3946 arcu
1565 3906 1689 3947 meo
1717 3893 1976 3962 sperabo,
2007 3901 2062 3947 et

490 3979 704 4049 gladius
731 3995 886 4036 meus
917 3997 1024 4036 non
1054 3983 1288 4038 salvabit
1311 3999 1416 4039 me.
1439 3984 1671 4040 Salvasti
1700 3985 1844 4039 enim
1871 4000 1970 4039 nos
1996 3986 2063 4042 de

490 4071 652 4141 θοι
683 4071 1048 4141 alﬂigentibus
1085 4089 1187 4130 nos
1209 4114 1225 4140 ,
1260 4085 1314 4130 et
1343 4076 1470 4131 odio
1507 4076 1768 4131 habentes
1797 4091 1899 4132 nos
1931 4092 2062 4132 con-

494 4163 704 4218 fudisti.
738 4183 756 4215 ›
789 4162 899 4220 Nec
921 4165 1066 4220 enim
1095 4167 1356 4232 arcubus,
1387 4183 1487 4224 nec
1519 4169 1640 4225 aliis
1670 4169 1794 4224 telis
1817 4169 2058 4225 confido:

496 4254 802 4324 periculum
842 4255 990 4311 enim
1033 4256 1100 4312 de
1139 4265 1233 4312 tua
1267 4258 1510 4328 potentia
1547 4258 1691 4327 feci,
1729 4275 1855 4316 cum
1886 4277 1982 4332 per
2014 4273 2064 4319 te

496 4345 683 4400 hostes
708 4345 820 4416 jam
844 4350 1287 4419 expugnaverim.

2155 1873 2270 1925 ἀντ’
2306 1873 2531 1927 ἐκείνων
2571 1875 2903 1946 κατῴκισας.
2965 1875 3103 1930 Οὔτε
3135 1877 3248 1948 γὰρ
3283 1874 3446 1947 ῥώμῃ
3476 1875 3706 1949 θαρροῦν-

2154 1977 2280 2025 τες,
2336 1960 2459 2014 οὗτε
2497 1964 2772 2035 πανοπλίᾳ
2801 1964 3107 2035 χρώμενοι,
3156 1964 3468 2018 τοσούτων⁸
3495 1965 3706 2034 ἀπεφάν-

2158 2049 2332 2120 θησαν
2361 2052 2648 2122 κρείττους
2671 2094 2687 2116 ,
2736 2053 2853 2107 ἀλλ’
2876 2054 2980 2107 ὑπὸ
3013 2055 3112 2125 τῆς
3141 2055 3248 2125 σῆς
3277 2055 3704 2126 στρατηγούμενοι

2156 2142 2400 2212 χάριτος,
2441 2144 2601 2207 τοὺς⁹
2633 2145 2732 2215 μὲν
2765 2145 3191 2216 κατηκόντισαν,
3229 2145 3362 2208 τοὺς
3389 2145 3444 2199 δὲ
3470 2145 3706 2199 δουλεύειν

2155 2235 2472 2303 ἠνάγκασαν
2492 2277 2506 2300 ,
2561 2236 2750 2305 ἐπειδὴ
2782 2237 2881 2308 τῆς
2909 2237 3009 2308 σῆς
3039 2238 3243 2300 αὐτοὺς
3273 2238 3512 2308 ἠξίωσας
3539 2240 3702 2292 οἰκειό-

2157 2343 2340 2396 τητος.
2375 2327 2549 2380 Τοῦτο
2572 2327 2679 2398 γὰρ
2708 2325 2883 2394 εἶπεν,
2921 2329 3338 2400 «Ηύδόκησαςίο
3367 2330 3699 2392 ἐν¹¹αύτοῐς.ι

2157 2417 2368 2479 Δεειὰν
2415 2417 2537 2470 δέ¹²
2589 2417 2746 2471 καλεῖ
2811 2421 2912 2490 τὴν
2968 2419 3265 2491 βοήθειαν·
3332 2421 3626 2490 φωτισμὸν
3659 2420 3702 2473 δὲ

2158 2508 2504 2575 προσώπου,
2540 2509 2638 2580 τὴν
2665 2511 3013 2580 ἐπιφάνειαν.

2229 2606 2293 2654 ε’.
2335 2623 2352 2652 ε
2383 2603 2454 2653 Σὺ
2490 2598 2538 2654 εἶ
2566 2602 2728 2663 abab;
2757 2603 2785 2654 6
2815 2603 3071 2673 βασιλεύς
3104 2621 3233 2674 μου,
3278 2604 3376 2656 καὶ
3403 2603 3430 2654 6
3455 2601 3577 2664 626;
3601 2619 3700 2672 μου,

2158 2695 2186 2746 6
2216 2694 2658 2764 ἐντελλόμενος⁶³
2688 2694 2788 2759 τὰς
2820 2696 3097 2766 σωτηρίας
3132 2694 3355 2749 ’1ακώ6.
3381 2714 3400 2748 ι
3445 2695 3552 2747 '0“
3573 2694 3700 2756 αὐτὸς

2159 2781 2230 2849 εἴ,
2283 2785 2438 2855 φησὶ,
2475 2785 2570 2838 καὶ
2614 2785 2732 2850 νῦν,
2786 2787 3118 2850 Δέσποτα¹⁸,
3171 2786 3380 2857 ὁμοίιος
3424 2783 3700 2856 βασιλεύων,

2161 2877 2366 2947 ὁμοίως
2398 2877 2700 2947 κρατῶν¹⁶,
2740 2878 2838 2948 τὴν
2863 2878 3035 2949 αὐτὴν
3061 2879 3299 2949 δύναμιν
3327 2877 3481 2949 ἔχων,
3515 2875 3700 2930 ἁλλοίωο

2164 2987 2246 3022 σιν
2275 2970 2396 3022 ούδέ
2423 2971 2552 3040 μίαν
2571 2971 2610 3002 ⁸⁷
2642 2973 2674 3040 ἡ
2703 2971 2770 3042 σὴ
2799 2971 3020 3041 δέχεται
3047 2971 3235 3041 φύσις.
3269 2972 3458 3042 Ἀρκεί
3481 2987 3555 3022 σοι
3580 2968 3704 3020 mi"

2162 3063 2316 3130 λόγος
2343 3063 2423 3124 εἰς
2451 3061 2747 3133 σωτηρίαν.
2805 3062 3072 3116 Νεῦσον¹⁹
3091 3103 3105 3126 ,
3142 3062 3240 3115 καὶ
3272 3061 3473 3131 ταύτης
3500 3060 3526 3112 6
3552 3059 3701 3121 λαὸςίθ

2163 3155 2554 3208 ἀπολαύσεται.
2605 3155 2790 3218 υῦτως
2834 3156 2931 3209 καὶ
2982 3157 3010 3208 6
3045 3154 3350 3226 Σύμμαχος
3377 3153 3701 3224 ἡρμήνευσεν,

2169 3249 2520 3302 Ἕντειλαι²¹
2555 3248 2686 3315 περὶ
2716 3246 2826 3314 τῆς
2846 3249 3145 3315 σωτηρίας
3177 3245 3386 3301 Ἰακώό
3400 3247 3463 3299 “.

2236 3337 2310 3405 ς’.
2351 3359 2370 3390 ι
2395 3341 2482 3392 Ἐν
2511 3340 2596 3391 σοὶ
2627 3339 2754 3403 τοὺς
2783 3339 3015 3410 ἐχθροὺς
3047 3340 3206 3410 ἡμῶν
3236 3336 3606 3410 κερατιοῦμεν,
3631 3335 3704 3386 καί

2167 3434 2223 3485 ὲν
2251 3432 2326 3504 τῷ
2352 3433 2577 3504 ὀνόματί
2603 3450 2696 3486 σου
2723 3432 3151 3504 ἐξουδενὼσομεν
3165 3434 3212 3465 ’³
3236 3435 3366 3495 τοὺς
3388 3427 3702 3498 ἐπανισταμέ·

2167 3541 2290 3587 νους
2319 3525 2472 3594 ἡμῖν.
2506 3545 2524 3576 ι
2585 3525 2666 3577 Τὰ
2720 3525 3040 3596 κερασφόρα
3093 3524 3211 3587 ζῶα
3264 3524 3430 3578 ὅπλον
3475 3522 3530 3574 τὸ
3569 3519 3702 3589 κέρας

2168 3619 2318 3689 παρὰ
2365 3617 2464 3687 τῆς
2508 3617 2727 3687 φύσεως
2775 3617 3024 3671 ἕλαϐονπ
3051 3633 3065 3647 ο
3123 3619 3293 3688 ἡμεῖς
3331 3617 3388 3670 δὲ
3432 3615 3584 3684 κέρας
3619 3629 3700 3663 σω.

2166 3711 2390 3781 τηρίας,
2444 3711 2538 3762 καὶ
2571 3710 2868 3781 νικηφόρον
2900 3708 3084 3775 ὅπλον,
3119 3708 3181 3761 τὸ
3212 3708 3306 3760 σὺν
3336 3706 3519 3777 ἔχομεν
3542 3705 3696 3770 ὄνομα,

2169 3801 2263 3854 κα)⁸
2295 3802 2470 3873 τούτῳ
2503 3802 2778 3873 χρώμενοι
2809 3801 2918 3854 τῶν
2950 3801 3230 3871 πολεμίων
3262 3793 3620 3870 περιεσόμεθα.

2241 3893 2304 3958 ξ’,
2336 3892 2409 3965 η’.
2472 3913 2491 3945 ι
2531 3895 2607 3948 Οὐ
2643 3894 2752 3966 γὰρ
2803 3893 2895 3947 ἐπὶ
2934 3893 3015 3965 τῷ
3058 3893 3201 3963 τόξῳ
3244 3911 3346 3962 μου
3384 3887 3577 3950 ὲλπιῶ,
3625 3881 3698 3935 καὶ

2170 3989 2203 4057 ἡ
2249 3987 2494 4058 ρομιραία
2542 4004 2644 4057 μου
2695 3987 2757 4040 ού
2802 3987 2965 4041 σώσει
2999 4005 3090 4058 με.
3145 3987 3400 4048 Ἐσωσας
3440 3981 3538 4051 γὰρ
3583 3977 3697 4046 ἡμᾶς

2171 4085 2235 4134 ἐκ
2266 4080 2376 4134 τῶν
2404 4079 2698 4134 θλιϐόντων
2727 4081 2877 4151 ἡμᾶς
2900 4097 2915 4112 ·
2981 4081 3078 4134 καὶ
3117 4081 3247 4142 τοὺς
3282 4076 3556 4150 μισοῦντας
3581 4067 3694 4140 ἡμᾶς

2173 4173 2540 4243 κατῄσχυνας.
2576 4191 2594 4224 ι
2633 4171 2772 4226 Οὔτε
2801 4173 2911 4244 γὰρ
2943 4173 3122 4237 τόξοις
3145 4211 3162 4236 ,
3195 4171 3323 4224 οὔτε
3352 4168 3522 4228 ἄλλοις
3550 4161 3696 4219 ὅπλοις

2173 4266 2362 4337 θαρρῶ
2381 4283 2394 4294 ·
2428 4268 2626 4337 πεῖραν
2656 4265 2766 4337 γὰρ
2797 4266 2894 4336 τῆς
2925 4266 3024 4336 σῆς
3054 4265 3341 4336 δυνάμεως
3369 4259 3577 4320 ἔλαϐον,
3623 4251 3690 4304 διὰ

2175 4359 2268 4412 σοῦ
2296 4359 2406 4412 τῶν
2434 4359 2695 4413 ἐναντίων
2724 4359 2824 4430 ἥδη
2854 4359 3160 4430 κρατήσας.

565 4437 732 4495 Vens.
769 4440 822 4496 9.
854 4457 878 4493 ι
911 4439 968 4496 In
1007 4441 1116 4499 Deo
1146 4444 1488 4500 laudabimur
1513 4454 1627 4501 toto
1657 4446 1761 4512 die,
1792 4454 1847 4502 et
1879 4449 1933 4502 in
1965 4463 2051 4504 no-

2244 4452 2307 4506 θ’.
2351 4471 2367 4503 ι
2408 4453 2497 4506 Ἐν
2525 4451 2601 4524 τῷ
2625 4451 2745 4522 Θεῷ
2768 4449 3246 4522 ἐπαινεθησόμεθα
3258 4452 3304 4483 ’⁵
3333 4448 3455 4517 ὅλην
3481 4438 3688 4538 τὴνμήμξ·

496 4531 644 4587 mine
676 4541 769 4588 tuo
797 4534 1181 4590 conﬁtebimur
1200 4536 1254 4591 in
1283 4539 1563 4595 saeculum.
1593 4560 1613 4593 ι
1642 4539 1939 4596 Precamur
1969 4557 2068 4596 au-

498 4636 605 4682 tem
631 4641 865 4699 semper,
888 4635 949 4683 ut
970 4636 1123 4685 tuum
1157 4631 1423 4688 auxilium
1449 4649 1874 4705 consequamur,
1899 4644 2068 4705 utque

497 4718 759 4776 continuo
791 4727 1014 4777 tuorum
1060 4723 1448 4781 beneficiorum
1468 4727 1872 4784 multitudinem
1909 4743 2068 4783 enar-

500 4821 705 4867 remus.
759 4807 897 4866 Nam
942 4820 1049 4867 toto
1083 4815 1169 4869 die
1214 4829 1316 4886 pro
1345 4831 1545 4883 semper
1579 4818 1780 4888 posnit.
1817 4817 2069 4890 Symma-

2178 4560 2296 4612 ραν,
2329 4544 2424 4597 καὶ
2451 4546 2509 4597 ἐν
2537 4543 2615 4614 τῷ
2641 4543 2864 4613 ὀνόματί
2893 4561 2988 4596 σου
3020 4537 3519 4613 ἐξομολογησάμεθα
3539 4533 3606 4594 εἰς
3623 4531 3690 4582 τδν

2174 4634 2362 4687 αἰῶνα.
2397 4653 2414 4685 ι
2482 4632 2815 4703 Ἱκετεύομεν
2837 4633 2884 4665 ’⁸
2928 4632 2986 4686 δὲ
3035 4635 3123 4686 ἀεὶ
3179 4633 3282 4700 τῆς
3313 4631 3408 4700 σῆς
3439 4621 3687 4682 ἀπολαῦσαι

2177 4729 2348 4797 ῥοπῆς
2366 4769 2381 4792 ,
2433 4728 2528 4782 καὶ
2565 4726 2833 4797 διηνεκῶς
2864 4726 2972 4780 τῶν
3000 4726 3109 4779 σῶν
3135 4722 3459 4796 εὐεργεσιῶν
3484 4712 3688 4797 διεξιέναι

2175 4795 2236 4871 εδ
2269 4795 2492 4888 πλῆθος.
2545 4819 2618 4872 τδ
2645 4795 2752 4889 γάρ
2783 4817 2942 4885 ὅλην
2973 4816 3089 4885 τὴν
3116 4795 3345 4886 ἡμέραν
3378 4809 3491 4867 ἀντι
3512 4800 3595 4859 τοῦ
3617 4795 3685 4853 ἀεὶ

1591 5002 1820 5059 νΑιιιΑε
1857 5003 2234 5058 Ι.ΕΟἸ“ΙΟΝΕ5
2276 5002 2360 5056 ΕΤ
2400 5003 2632 5058 NOTAE.

572 5153 596 5186 '
631 5152 764 5207 Καί.
813 5153 982 5209 Abest
1025 5170 1052 5206 a
1094 5155 1214 5210 cod.
1256 5156 1292 5210 2
1337 5165 1392 5209 et
1433 5173 1464 5211 a
1511 5172 1653 5212 vers.
1705 5157 1812 5209 τῶν
1869 5158 1946 5211 0'.

2022 5157 2043 5188 ⁸
2087 5157 2148 5209 '0
2189 5157 2511 5226 φωτισμός.

2569 5157 2799 5223 Quidam
2849 5155 2971 5210 libri
3025 5164 3235 5210 veteres
3277 5151 3462 5223 habent
3492 5133 3675 5223 $5,???

507 5223 529 5255 ν
549 5201 1464 5294 ΣὺῖΪ-’ὴρὀὲὶιῖσᾶςῖὲἶαῑτῦἓςῗ
1513 5201 1960 5282 castram":
2039 5229 2051 5260 ι

2162 5201 2402 5280 γῖύτωνῗ
2433 5201 2552 5280 ρῖιιι.
2573 5201 2648 5294 Ἴ,
2675 5227 2709 5279 ‘2
2737 5226 2946 5280 addunt
2979 5224 3168 5278 ἐθνῶν.
3245 5227 3266 5254 ⁹
3304 5218 3436 5294 Τοὺς
3463 5242 3521 5294 :—
3541 5201 3678 5294 ἦζάῗίς

507 5293 896 5365 xaa'ar.Des.
935 5295 988 5350 in
1040 5297 1158 5350 cod.
1192 5297 1243 5350 3.
1324 5297 1370 5329 ¹⁰
1407 5296 1527 5352 cod.
1565 5299 1616 5355 1.
1647 5297 1683 5350 2
1715 5297 2035 5365 εὐδόκησας.

2113 5299 2152 5328 ¹¹
2202 5300 2321 5349 Ἐν.
2369 5299 2533 5350 Abest
2563 5314 2590 5350 a
2619 5273 2738 5350 ἑυιι.
2769 5295 2822 5349 2.
2901 5297 2945 5328 ¹²
2973 5295 3065 5348 Δέ.
3094 5294 3216 5349 Des.
3252 5294 3304 5346 in
3333 5273 3442 5344 cod.
3467 5285 3513 5336 5.
3572 5275 3604 5305 ¹³
3631 5273 3677 5319 Ὅ

507 5364 1167 5438 ἑντευζλόμενοςεΜοιιιΐ.
1193 5368 1244 5421 in
1272 5367 1526 5438 llexaplis
1551 5367 1616 5438 ad
1639 5368 1691 5421 h.
1713 5370 1746 5438 I.
1778 5364 1934 5420 habnt
1954 5372 1981 5419 ὁ
1999 5371 2051 5418 ἐν

2162 5368 2392 5436 άμενος.

508 5430 1003 5507 φερώθτρὶιεηιίῶ.
1082 5438 1124 5468 ¹⁶
1159 5430 1682 5507 ’θμοίως’κρατῶν.
1727 5437 1848 5490 Des.
1885 5439 1935 5490 in
1967 5454 2043 5491 ro.

2162 5477 2165 5487 .
2217 5430 2284 5468 ’¹⁷
2317 5430 2486 5489 Οὐδὲ.
2526 5439 2646 5490 eod.
2682 5430 2699 5490 ἰ
2735 5453 2921 5506 praem.
2957 5435 3085 5506 γάρ.

2456 5367 2500 5397 ¹⁵
2521 5367 2584 5419 '0
2603 5367 2887 5430 -ωὐσις,
2912 5364 3035 5421 Des.
3060 5366 3114 5418 in
3133 5364 3254 5418 cod.
3281 5364 3330 5416 5.
3389 5359 3425 5388 ’⁸
3442 5353 3671 5424 Δέσποτα·

2526 5439 2646 5487 cod.
2681 5421 2699 5487 Ῑ
2735 5453 2921 5487 nraem.
2957 5435 3085 5487 γάρ.
3161 5435 3202 5465 ’³
3226 5432 3351 5487 Καί.
3381 5425 3488 5481 cod.
3517 5417 3545 5469 ὅ
3571 5424 3670 5487 χαρ-

3277 5441 3351 5485 αί-
3381 5441 3488 5481 0οη·
3519 5441 3545 5469 ³
3573 5441 3670 5485 1”."

515 5504 559 5537 ¹⁹
599 5483 931 5559 Νεῦὲον-
975 5483 1395 5562 Ἰακιὺ6.ὐθδί’
1422 5483 1634 5562 inrcod.
1668 5509 1722 5563 3.
1817 5508 1864 5538 ¹⁰
1924 5511 2051 5562 Λαιτι

2162 5507 2250 5560 od.
2278 5507 2330 5569 l,
2360 5507 2395 5558 2
2437 5524 2620 5576 praeui.
2651 5483 2761 5570 secl.
2828 5507 2871 5540 ²¹
2907 5483 3203 5576 Ἐ’νέει.ῑιιι
3229 5531 3299 5576 1-
3329 5483 3674 5576 :105036-,§°:15

513 5583 638 5641 apta
686 5585 771 5645 est
820 5577 933 5630 haec
990 5579 1168 5632 versio
1210 5590 1262 5632 et
1303 5579 1472 5633 textui
1511 5577 1674 5633 Hebr.
1721 5580 2051 5634 conveniens

2162 5581 2195 5609 η
2245 5551 2472 5630 Ἰάκώὲ.
2517 5578 2640 5632 cod.
2685 5551 2936 5645 l‘prmm.
2967 5575 3092 5645 τοῦ.
3161 5551 3666 5645 =3,'E£ov5€"-_'Jf.'.’f'

513 5629 660 5722 sp
696 5644 795 5722 Αςι.
821 5629 890 5699 et
909 5629 2051 5722 εγειιιίιλσυμπᾲξῆτςῑάμένῖχἐιτςέδξιςτζιῇ

2165 5686 2209 5722 ._
2253 5629 2297 5680 ί⁸
2325 5629 3109 5722 Ἐπαινῖερἦσεῖιῖεὴα.,Πρω-.-
3141 5629 3294 5722 1355.1
3333 5629 3478 5694 sensu
3517 5631 3667 5680 acuto.

527 5714 726 5786 Sicque
749 5714 1272 5790 δγῐηιῐιξὺμνοῦμεν.
1298 5714 1400 5790 Αιιξ
1426 5714 1834 5789 καυχησόμεθα.
1911 5720 1953 5752 ’⁵
1995 5721 2051 5776 Ἰ.

2162 5719 2364 5788 εὐομεν
2387 5747 2451 5760 -·
2482 5714 2733 5787 πλῆθος.
2765 5720 2884 5774 Dcs.
2922 5717 2974 5772 in
3011 5715 3134 5770 cod.
3165 5715 3218 5770 5.
