3842 6510
235 312 345 388 1181

1528 328 1609 388 ΙΝ
1644 328 1846 389 PSAL.
1893 332 2113 391 XLIII.

3321 337 3458 411 1182

230 438 473 493 τέθεικεν.
548 438 757 493 Οὖτω⁹⁷
806 440 976 511 γάρ¹⁸
1032 442 1127 495 καὶ
1180 442 1208 493 ὁ
1251 439 1548 511 Σύμμαχος
1592 444 1774 514 ἡρμή-

1887 446 2014 501 cbus
2067 446 2231 501 etiam
2276 448 2356 503 sic
2388 450 2814 523 expressitfqui
2847 470 2944 524 pro
2975 463 3086 509 toto
3128 456 3232 521 die,
3274 466 3457 526 posuit

229 546 396 583 νευσεν
407 531 452 562 ’⁸
467 546 483 559 ·
516 531 639 584 ἀντὶ
661 532 768 603 γὰρ
793 534 891 585 τοῦ
920 532 1073 601 ὅλην
1097 532 1213 601 τὴν
1234 534 1477 601 ἡμέραν,
1498 536 1647 589 κατὰ
1665 533 1777 591 πᾶ·

226 639 331 676 σαν
352 622 582 691 ἡμέραν
614 624 882 676 τέθεικεν.

284 720 333 766 ι’.
396 732 417 765 ι
451 714 591 768 Νυνὶ
617 714 673 767 δὲ
703 714 912 768 ἀπώσω
943 715 1038 768 καὶ
1072 713 1412 785 κατῄσχυνας
1442 717 1625 785 ἡμᾶς,
1683 716 1778 770 καὶ

218 805 306 857 ούκ
342 804 602 877 ἑξελεύσῃ
647 808 677 858 ὁ
708 805 897 869 Θεὺς³⁰
932 808 991 858 ἐν
1020 808 1141 869 ταῖς
1169 806 1519 875 δυνάμεσιν³¹
1549 808 1725 877 ἡμῶν.
1752 826 1771 859 ι

219 896 391 951 ταῦτα
427 898 527 967 μὲν
555 893 649 951 οὗν
683 898 740 950 ὲν
768 900 882 960 τοῖς
911 897 1023 950 ἀνω
1055 896 1268 966 χρόνοις
1300 895 1593 968 γεγένηται
1626 898 1776 968 παρὰ

217 988 321 1045 σοῦ.
364 989 488 1042 Ἐπὶ
514 989 571 1043 δὲ
619 989 712 1043 τοῦ
746 990 1016 1055 παρόντος
1048 988 1243 1060 ἔρημοι
1277 989 1377 1057 τῆς
1404 989 1501 1059 σῆς
1528 989 1777 1056 ἀπεφάν-

214 1082 379 1151 θημεν
422 1081 770 1153 προμηθείας
794 1121 808 1143 ,
869 1082 969 1135 καὶ
1021 1082 1081 1133 ἐν
1121 1080 1350 1150 αἰσχύνῃ
1379 1081 1641 1151 διάγομεν
1674 1082 1778 1135 ὑπὸ

211 1174 301 1243 τῆς
338 1172 439 1242 σῆς
488 1174 549 1227 οὐ
590 1172 1060 1245 στρατηγούμενοι
1100 1173 1343 1244 χάριτος.
1398 1173 1475 1226 Τὸ
1500 1173 1631 1243 γάρ,
1664 1176 1775 1227 οὐκ

170 1290 173 1309 ν
209 1265 503 1333 ἐξελσὺσῃ
546 1265 618 1319 ἐν
659 1266 789 1331 ταῖς
830 1265 1168 1335 δυνάμεσιν
1191 1265 1388 1334 ήμῶν,
1439 1267 1561 1319 ἀντὶ
1584 1265 1679 1318 τοῦ
1713 1266 1775 1319 ού

209 1360 530 1429 στρατηγεῖς
558 1357 716 1428 ἡμῶν
728 1359 804 1423 ³⁸,
846 1359 940 1411 καὶ
971 1357 1217 1429 συνήθως
1245 1357 1511 1429 παρέχεις
1537 1359 1647 1411 τῶν
1674 1375 1773 1411 πο-

207 1448 402 1518 λεμίων
428 1452 677 1519 κρατεῖν.

272 1539 359 1594 ια’.
404 1560 425 1593 ι
462 1542 843 1614 ’Δπὲστρεψας
873 1544 1023 1614 ἡμᾶς
1064 1544 1145 1605 είς
1173 1544 1241 1597 τὰ
1268 1544 1447 1597 ὀπίσω
1476 1545 1625 1615 παρὰ
1649 1544 1775 1606 τοὺς

206 1628 427 1700 ἐχθροὺς
455 1629 616 1701 ἡκῶν
652 1650 665 1663 °
702 1634 798 1685 καὶ¹
844 1634 895 1686 οἱ
945 1633 1231 1702 μισοῦντες
1273 1636 1423 1704 ἡμᾶς
1473 1632 1775 1704 διήρπαζον

205 1724 431 1785 ἑαυτοῖς.
466 1742 487 1777 ι
545 1723 713 1795 Τῆς³³
750 1725 860 1794 γάρ
913 1725 1012 1795 σῆς
1054 1726 1314 1797 προνοίας
1352 1726 1508 1778 ούκ³⁸
1536 1725 1774 1777 ἀπολαύ-

1878 553 1972 605 per
2004 554 2210 593 omnem
2243 541 2401 595 diem.

1952 711 2115 767 Vens.
2168 712 2257 768 10.
2299 732 2319 765 ‹
2360 712 2515 770 Nunc
2552 725 2731 772 autem
2765 718 3029 787 repulisti,
3071 728 3125 774 et
3159 720 3456 776 confudisti

1878 820 2000 869 nos,
2059 814 2112 859 et
2142 822 2246 859 non
2281 808 2599 875 egredieris,
2636 808 2808 875 Deus,
2842 827 2965 865 cum
3016 812 3313 866 virtutibus
3353 828 3453 867 uo-

1878 897 2028 951 Stris.
2072 915 2092 948 ι
2143 897 2270 953 Hth
2320 899 2487 970 igitur
2531 902 2906 972 superioribus
2948 905 3287 973 temporibus
3333 919 3363 958 a
3403 912 3457 959 te

1878 989 2019 1045 facta
2060 991 2251 1047 fuere:
2285 1008 2431 1047 nunc
2464 1004 2645 1048 autem
2683 1003 2773 1047 tua
2813 995 3155 1063 providentia
3204 996 3452 1049 destituti

1878 1094 2091 1145 sumus,
2120 1090 2175 1134 et
2219 1082 2270 1134 in
2294 1082 2497 1150 pudore
2519 1083 2789 1151 degimus,
2817 1084 2919 1137 sub
2952 1093 3057 1139 tua:
3080 1085 3267 1155 gratiae
3288 1086 3455 1140 ductu

1878 1172 2102 1228 minime
2135 1172 2417 1229 bellantes.
2460 1172 2575 1229 Hoc
2605 1176 2775 1241 enim,
2812 1193 2831 1226 ι
2864 1174 2981 1231 Non
3002 1177 3298 1247 egredieris
3327 1194 3452 1231 cum

1876 1263 2169 1317 virtutibus
2195 1264 2417 1329 nostris,
2455 1284 2473 1317 ι
2517 1265 2658 1320 idem
2689 1266 2830 1321 valet
2860 1267 3029 1335 quod,
3065 1282 3173 1321 non
3202 1268 3219 1287 ‘
3250 1284 3308 1323 es
3344 1268 3452 1323 dux

1876 1355 2048 1411 nostri
2076 1356 2373 1423 exercitus,
2398 1366 2453 1411 et
2484 1357 2552 1413 de
2581 1358 2833 1415 hostibus
2854 1369 2915 1414 ut
2947 1359 3254 1417 referamus
3281 1364 3451 1417 victo-

1877 1448 2013 1500 riam
2040 1464 2147 1502 non
2178 1446 2366 1513 eﬂicis,
2402 1457 2462 1502 ut
2495 1450 2729 1505 solebas.

1947 1534 2114 1590 Vens.
2169 1535 2257 1588 tl.
2302 1555 2320 1588 ‹
2361 1536 2617 1591 Avertisti
2651 1553 2753 1592 nos
2787 1547 3084 1595 retrorsum
3117 1550 3241 1611 post
3267 1541 3451 1595 inimi-

1875 1645 1971 1684 cos
1997 1637 2237 1691 nostros,
2268 1636 2321 1683 et
2350 1630 2445 1699 qui
2486 1629 2720 1683 oderunt
2753 1644 2853 1685 nos
2890 1631 3233 1700 diripuerunt
3262 1631 3388 1685 sibi.
3426 1651 3445 1683 ι

1875 1721 2010 1777 Nam
2068 1733 2158 1777 tua
2197 1723 2533 1792 providentia
2590 1738 2699 1777 non
2748 1725 3043 1794 potientes,
3095 1741 3194 1780 nos
3238 1726 3450 1795 quidem

202 1831 381 1880 οντες,
448 1818 612 1887 ἡμεῖς
666 1818 764 1888 μὲν
795 1818 941 1872 νῶτα
986 1794 1221 1882 διδόντες
1269 1818 1769 1890 ἀποδιδράσκομεν’

1887 1828 2025 1886 terga
2064 1815 2244 1870 dando
2273 1813 2587 1885 aufugimus
2619 1832 2632 1868 :
2675 1815 3076 1886 depOpulantur
3100 1832 3229 1870 vero
3259 1794 3451 1871 rhostes

203 1904 460 1975 Ιπορθοῦσι
480 1908 525 1938 ³⁸
554 1908 610 1960 δὲ
639 1909 689 1961 οἱ
724 1908 975 1978 πολέμιοι
1003 1909 1074 1963 τά
1102 1909 1372 1981 ἡμέτερα.

265 1996 355 2066 ιβ’.
425 2017 444 2049 ι
480 1998 727 2062 Ἐδωκας
778 2000 927 2069 ἡμᾶς
974 1999 1051 2063 ὡς
1093 2000 1338 2071 πρόϐατα
1368 1999 1641 2071 βρώσεως,
1679 2000 1774 2054 καὶ¹

198 2091 252 2141 ἐν
280 2091 398 2151 τοῖς
422 2088 602 2143 ἔθνεσι
631 2091 943 2162 διέσπειρας
970 2093 1171 2162 ἡμᾶς.»
1206 2092 1375 2162 Δίκην
1399 2092 1455 2145 δὲ
1484 2092 1774 2163 προσάτων

198 2181 424 2249 ἐρήμων
470 2183 758 2253 ποιμένος.
814 2183 918 2237 ὑπὸ
964 2184 1075 2235 τῶν
1119 2183 1227 2235 σῶν
1271 2183 1638 2254 δαπανώμεθα
1674 2202 1773 2236 ποο

197 2271 441 2341 λεμίων·
509 2275 602 2326 καὶ
655 2276 703 2327 οἱ
755 2275 846 2327 τὸν
891 2274 1121 2328 θάνατον
1168 2275 1613 2343 διαφυγόντες³⁶,
1648 2276 1774 2347 τῇδε

196 2364 420 2417 κάκεῖσε
468 2364 982 2434 ἀπεμπολώμενοι,
1018 2365 1293 2419 δουλεύειν
1327 2365 1771 2437 ἀναγκαζόμεθα.

262 2464 358 2520 ιγ.
399 2475 420 2508 ι
444 2459 668 2512 ’Δπέδου
696 2461 791 2512 τὸν
818 2459 943 2512 λαόν
970 2477 1064 2513 σου
1092 2461 1223 2514 ἄνευ
1246 2459 1436 2530 τιμῆς,
1470 2462 1565 2513 καὶ
1586 2462 1686 2513 ούκ
1707 2457 1775 2530 ἦν

196 2549 399 2618 πλῆθος
456 2552 514 2604 ἐν
560 2555 672 2615 τοῖς
715 2551 1060 2622 ἀλλάγμασιν
1084 2553 1125 2584 ³⁷
1174 2552 1409 2623 ἡμῶννῆ
1443 2572 1460 2603 ι
1537 2553 1708 2606 Τοῦτο
1730 2554 1772 2585 ³⁹

193 2643 217 2691 ὁ
243 2640 554 2712 Σύμμαχος
586 2641 758 2706 οὕτως
784 2644 1133 2713 ⁴ἡρμήνευσεν
1154 2658 1168 2672 ·
1230 2660 1248 2693 ι
1283 2644 1508 2697 Ἀπέδου
1534 2644 1626 2697 τὸν
1648 2644 1775 2698 λαόν

195 2747 287 2784 σου
318 2734 417 2801 οὐχ
445 2733 758 2803 ὑπάρξεως,
783 2735 880 2786 καὶ
903 2735 963 2787 ού
989 2733 1193 2803 πολλὴν
1212 2735 1477 2804 ἐποίησας
1494 2733 1593 2805 τὴν
1611 2734 1773 2805 τιμὴν

194 2823 400 2877 αὐτῶν.
437 2843 456 2875 ι
527 2825 766 2879 Τοιαῦτα
818 2826 914 2879 καὶ
958 2826 1047 2879 διὰ
1087 2825 1182 2879 τοῦ
1224 2827 1507 2896 προφήτου
1555 2828 1773 2880 Ἡσαΐου

192 2914 360 2981 φησιν
417 2914 654 2978 δ’Θεόςο
716 2915 881 2967 Ποῖον
924 2912 1084 2968 τοῦτο
1110 2914 1171 2967 τὸ
1187 2914 1230 2945 ⁸ο
1276 2912 1482 2983 βιϐλίον
1515 2912 1606 2966 τοῦ
1636 2913 1771 2966 ἀπο-

191 3006 423 3059 στασίου
444 3006 485 3038 δί
508 3005 632 3078 [τῆς
665 3006 873 3076 μητρὸς
904 3006 1062 3077 ὑμῶν
1080 3005 1119 3078 ;]
1138 3006 1170 3076 ἢ
1192 3007 1235 3037 ⁸³
1265 3006 1370 3058 τίνι
1397 3006 1679 3077 ὑπόχρεως
1699 3004 1775 3057 ὢν

1876 1923 1964 1962 res
1984 1918 2220 1961 nostras.

1951 1996 2113 2053 Vens.
2152 1998 2238 2051 12.
2286 2017 2304 2045 ι
2354 1997 2554 2053 Dedisti
2588 2013 2687 2051 nos
2722 2006 2978 2067 tanquam
3011 2013 3139 2051 oves
3178 1981 3449 2061 escarum,

1874 2100 1928 2145 et
1954 2091 2096 2144 inter
2133 2098 2319 2159 gentes
2347 2090 2653 2158 dispersisti
2692 2104 2814 2143 nos.
2842 2107 2859 2139 ι
2900 2088 3069 2143 Porro
3110 2098 3170 2142 ut
3209 2106 3337 2144 oves
3356 2106 3451 2159 pa-

1876 2195 2021 2239 store
2056 2184 2331 2237 destitutae
2354 2199 2382 2235 a
2409 2183 2514 2237 tuis
2534 2182 2770 2236 inimicis
2795 2182 3193 2247 consumimur,
3212 2181 3376 2251 882
3396 2191 3451 2236 et

1874 2276 1966 2345 qui
2014 2285 2239 2329 mortem
2299 2274 2737 2337 declinavimus,
2804 2273 2909 2327 buc
2959 2282 3010 2327 ct
3064 2274 3195 2329 illuc
3265 2274 3447 2342 agitati

1875 2366 2082 2421 servire
2110 2365 2374 2436 cogimur.

1950 2458 2111 2512 Vens.
2148 2458 2233 2511 15.
2286 2476 2304 2508 ι
2341 2456 2645 2513 Vendidisti
2694 2459 2950 2528 p0pu|um
2984 2466 3137 2512 tuum
3168 2456 3288 2509 sine
3320 2470 3448 2525 pre-

1875 2553 1970 2617 tio,
2001 2562 2056 2606 et
2094 2567 2200 2605 non
2248 2551 2353 2606 fuit
2381 2552 2670 2607 multitudo
2704 2554 2757 2606 in
2792 2550 3313 2606 commutationibus
3347 2564 3449 2602 no.

1875 2647 2024 2699 stris.
2083 2664 2101 2698 ι
2164 2644 2279 2700 Hoc
2338 2646 2696 2715 Symmachus
2747 2644 2826 2698 sic
2878 2645 3263 2713 interpretatus
3310 2652 3446 2696 est:

1882 2756 1900 2787 ι
1944 2735 2243 2791 Vendidisti
2287 2737 2546 2806 p0pu|um
2582 2746 2731 2790 tuum
2765 2737 2884 2791 sine
2910 2736 3235 2799 substantia,
3263 2747 3314 2788 et
3340 2751 3448 2790 non

1876 2830 2105 2883 tuultum
2136 2830 2369 2899 pretium
2404 2831 2622 2883 illorum
2655 2828 2854 2883 fecisti.
2893 2848 2910 2879 ι
2945 2829 3157 2882 Similia
3194 2844 3289 2896 per
3322 2840 3447 2896 ιιι-οη

1874 2921 2090 2990 pbetam
2146 2921 2341 2975 Isaiam
2393 2921 2524 2979 dicit
2572 2922 2755 2976 Deus:
2794 2941 2811 2973 ι
2849 2920 3039 2986 Qualis
3080 2928 3163 2973 est
3200 2920 3286 2973 ltic
3314 2919 3451 2974 liber

1876 3014 2085 3082 repudii
2116 3013 2330 3086 [matris
2361 3026 2550 3069 vestrae
2572 3014 2615 3085 ?]
2650 3024 2743 3068 aut
2763 3015 2850 3069 cui
2881 3014 3095 3068 debitor
3123 3028 3245 3067 cum
3270 3026 3440 3066 essent

191 3096 465 3164 πέπρακα
494 3097 670 3165 ὐμᾶςς
704 3096 837 3149 Ἰδοὺ
866 3099 988 3159 ταῖς
1015 3097 1268 3166 ἀνομίαις
1296 3096 1450 3165 ὑμῶν
1475 3095 1770 3165 ἐπράθητε,

1887 3107 2093 3160 vendidi
2143 3107 2287 3161 vos?
2325 3105 2467 3160 Ecce
2516 3107 2569 3160 in
2604 3106 2988 3175 iniquitatibus
3018 3104 3216 3159 vestris
3245 3102 3449 3157 vendit’.

189 3188 343 3241 καὶ⁸³
371 3190 500 3251 ταῖς
528 3188 829 3260 ἁμαρτίαις
858 3189 1014 3260 ὑμῶν
1047 3188 1408 3255 ἐξαπέστειλα
1433 3188 1531 3259 τὴν
1563 3189 1774 3260 μητέρα

187 3280 371 3351 ὑμῶν.
402 3300 424 3332 ι
490 3283 601 3335 Καὶ
647 3283 812 3336 πάλιν
832 3324 847 3347 ,
902 3301 920 3335 ι
945 3282 1165 3351 Δωρεάν
1192 3283 1493 3354 ὲπράθητε,
1525 3286 1620 3336 καὶ
1646 3286 1707 3337 ού
1730 3284 1775 3315 ⁸⁵

189 3374 337 3443 μετά
381 3375 653 3446 ἀργυρίου
694 3374 1136 3447 λυτρωθήσεσθε.
1169 3394 1187 3427 ›
1244 3378 1355 3430 Καὶ
1385 3378 1414 3430 ὁ
1439 3376 1581 3440 θεῖος
1610 3378 1773 3430 Ἀπό-

184 3465 422 3529 στολοςο
487 3485 507 3519 ι
536 3466 773 3538 Οἴδαμεν
820 3467 931 3537 γὰρ
983 3468 1065 3520 ὅτι
1121 3469 1151 3521 ὁ
1192 3468 1355 3539 νόμος
1405 3469 1774 3540 πνευματικός

184 3559 378 3622 ἐστιν,
435 3558 550 3627 ἐγὼ
578 3560 637 3613 δὲ
672 3561 938 3630 σαρκικός
954 3562 997 3591 ⁵⁸
1024 3561 1171 3629 είμι,
1226 3561 1636 3631 πεπραμένος⁸⁶
1670 3560 1775 3613 ὑπὸ

183 3649 296 3719 *ἧς
321 3650 627 3721 ἁμαρτίας.
654 3669 673 3701 ι
728 3649 1023 3704 Κάνταῦθα
1048 3650 1229 3703 τοίνυν
1246 3651 1289 3683 ⁸⁷
1336 3652 1384 3703 οί
1423 3650 1775 3720 θαυμάσιοιη

184 3740 453 3810 λέγουσιν
478 3741 705 3813 ἄνδρες,
758 3742 842 3796 δτι
876 3743 1135 3813 οὐδεμίαν
1163 3743 1328 3814 τιμὴν
1356 3742 1508 3811 ποιρά
1535 3742 1643 3794 τῶν
1673 3759 1773 3795 πο⁹

184 3833 404 3903 λεμίων
431 3832 617 3887 λαϐὼν
648 3834 847 3888 ἀπέδου
877 3837 1026 3905 ἡμᾶς
1049 3876 1064 3901 ,
1126 3835 1259 3889 ἀλλά
1291 3834 1401 3887 τῶν
1427 3834 1713 3904 ἁμαρτιῶν
1728 3835 1773 3866 δ’

184 3928 359 3982 ’ἑνεκα
388 3928 785 3997 παραδέδωκας
799 3928 866 3983 ⁸ο.

260 4021 350 4074 ιδ’.
419 4039 439 4071 ι
472 4019 635 4073 Ἐθου
689 4022 839 4091 ἡμᾶς
887 4020 1091 4085 ὄνειδος
1139 4024 1254 4085 τοῖς
1296 4022 1535 4089 γείτοσιν
1575 4020 1772 4090 ἡμῶν·

190 4114 590 4182 μυκτηρισμὸν
640 4116 735 4167 καὶ
781 4114 1149 4183 χλευασμὸνθ1
1198 4117 1309 4173 τοῖς
1362 4113 1550 4182 κύκλῳ
1594 4114 1772 4183 ἡμῶν.

189 4202 450 4267 Γείτονας
473 4206 520 4236 ⁸³
574 4205 763 4277 κύκλῳ
821 4204 1212 4267 κατοικοῦντας
1261 4205 1387 4267 τοὺς
1444 4203 1773 4272 ἀλλοφύλους

189 4295 387 4361 καλεῖ,
441 4297 600 4350 atat”
634 4298 989 4368 Ἰδουμαίους,
1025 4297 1120 4351 καὶ
1151 4296 1471 4359 Μωαὸίτας,
1508 4297 1603 4350 καὶ
1641 4297 1775 4366 Ἀμ-

193 4386 439 4456 μανίτας
458 4426 476 4451 ,
512 4389 610 4441 καὶ
651 4390 776 4453 τοὺς
802 4389 999 4454 ἀλλους
1026 4387 1439 4460 πλησιοχώρους
1464 4428 1478 4451 ,
1529 4382 1610 4451 οἷς
1652 4387 1774 4441 ἐπί-

193 4497 392 4549 χαρτοι
421 4482 682 4551 γεγόνασι
712 4482 842 4536 πολε
852 4483 954 4553 μού
963 4500 1136 4553 μενοι.

272 4631 297 4659 ο
332 4617 444 4674 Isa.
480 4637 533 4685 ι,
571 4620 619 4673 l.
698 4620 718 4659 τ
756 4621 860 4676 Isa.
895 4636 986 4686 ut,
1034 4617 1089 4672 5.
1166 4626 1192 4666 Β
1229 4614 1389 4672 Rom.
1432 4617 1662 4687 vn,',24.

1874 3200 2028 3262 estis,
2079 3208 2133 3252 et
2184 3198 2236 3252 in
2293 3200 2527 3268 peccatis
2576 3198 2772 3252 vestris
2830 3198 3013 3251 dimisi
3068 3203 3301 3249 matrem
3357 3209 3451 3247 ve-

1875 3302 2042 3345 stram
2081 3303 2126 3344 ο.
2167 3310 2186 3343 ι
2239 3290 2306 3344 Et
2340 3307 2531 3346 rursus
2561 3311 2573 3345 :
2612 3309 2629 3342 ι
2666 3290 2848 3346 Gratis
2878 3289 3174 3344 venundati
3206 3288 3363 3350 estis,
3394 3294 3449 3342 et

1874 3386 1992 3439 sine
2027 3394 2253 3454 argento
2275 3384 2617 3438 redimemini
2654 3383 2698 3437 τ.
2736 3404 2754 3435 ι
2789 3382 3090 3437 Etdivinus
3115 3381 3443 3451 Apostolus:

1881 3496 1899 3527 ι
1937 3477 2154 3531 Scimus
2183 3477 2327 3532 enim
2364 3478 2537 3549 legem
2585 3477 2926 3546 spiritualem
2955 3490 3099 3536 esse,
3132 3490 3233 3544 ego
3264 3482 3443 3527 autem

1875 3568 2112 3623 carnalis
2146 3584 2288 3629 sum,
2331 3567 2672 3623 venundatus
2710 3568 2813 3621 sub
2849 3574 3072 3635 peccato
3105 3568 3151 3619 Β.
3197 3584 3214 3616 ι
3256 3566 3320 3617 Ει
3360 3564 3447 3618 bic

1876 3662 2040 3731 igitur
2064 3660 2411 3714 admirabiles
2435 3660 2535 3713 viri
2564 3660 2777 3721 dicunt,
2809 3658 3067 3728 quoniam
3100 3656 3249 3711 nullo
3275 3656 3447 3724 pretio

1876 3753 1944 3804 ab
1977 3750 2229 3804 hostibus
2266 3757 2508 3819 accepto,
2543 3748 2833 3802 vendidisti
2867 3763 2986 3812 nos,
3015 3762 3205 3800 verum
3231 3747 3301 3799 ob
3323 3763 3447 3815 pec-

1876 3851 1995 3897 cata
2034 3841 2323 3895 tradidisti.

1947 4017 2113 4073 Vens.
2161 4019 2245 4072 Η.
2286 4037 2303 4068 ι
2341 4017 2578 4072 Posuisti
2622 4034 2722 4072 nos
2755 4018 3107 4087 opprobrium
3128 4016 3319 4070 vicinis
3346 4031 3443 4087 no;

1877 4113 2027 4178 stris,
2065 4112 2575 4176 subsannalionem,
2626 4121 2680 4166 et
2708 4111 3040 4165 derisionem
3070 4110 3155 4165 bis
3188 4110 3280 4179 qui
3320 4117 3448 4163 sunt

1876 4204 1930 4257 iu
1966 4204 2194 4259 circuitu
2226 4214 2433 4258 nostro.
2471 4223 2489 4255 ι
2536 4202 2756 4259 Vicinos
2801 4205 2855 4257 in
2881 4202 3110 4257 circuitu
3146 4201 3446 4255 incolentes

1876 4297 2177 4368 allopltylos
2202 4307 2387 4362 vocat,
2419 4306 2473 4351 et
2506 4297 2793 4363 ldumazos,
2825 4304 2878 4350 et
2913 4293 3203 4357 Moabitas,
3235 4302 3290 4346 et
3314 4291 3447 4348 Am-

1878 4389 2132 4453 monitas,
2186 4397 2241 4442 et
2295 4388 2459 4457 883
2491 4388 2632 4443 alios
2663 4389 2945 4453 liuitimos,
2984 4382 3448 4461 quibusludibrio

1804 4479 1849 4535 D
1878 4481 2005 4537 facti
2034 4490 2163 4537 sunt
2187 4481 2458 4536 debellati.

1307 4771 1541 4827 VARIAS
1578 4768 1958 4826 LECTIONES
1995 4768 2083 4823 E'l'
2123 4767 2351 4824 NOT/E.

271 4893 316 4924 ’⁷
354 4891 520 4945 Οὕτω
557 4888 924 4944 -τέθεικεν.
966 4889 1089 4943 Des.
1117 4890 1259 4957 apud
1308 4889 1473 4943 Cord.

1513 4904 1565 4956 p.
1602 4887 1727 4942 812.

1887 4886 2021 4952 Γάρ.
2066 4887 2234 4940 Abest
2262 4902 2291 4939 a
2324 4885 2443 4940 cod.
2471 4887 2521 4946 l.
2546 4885 2602 4941 2.
2679 4887 2721 4917 ’³
2768 4885 3200 4956 Ἠρμήνευσεν,
3231 4900 3283 4940 et
3323 4892 3444 4955 post

202 4976 380 5035 pauca
397 4959 515 5019 τοῦ.
533 4960 649 5015 des.
677 4963 737 5035 in
752 4961 983 5035 _cod_.A2._
998 4962 1077 5035 _'°
1112 4954 1175 5012 Ὀ
1199 4961 1361 5035 ᾃεᾴς.
1389 4954 1626 5035 Additur
1656 4958 1708 5010 in
1739 4975 1774 5011 ct

1896 4959 2047 5035 Alex.
2108 4957 2401 5035 n'.’_Sym.ni.
2428 4959 2484 5008 ἐν
2507 4960 2617 5018 τοῖς
2654 4954 3076 5035 στρατεύμασιν.
3152 4955 3195 4987 ³³

204 5031 327 5087 cod.
351 5030 387 5084 9.
422 5046 611 5100 prtem.
646 5031 786 5100 μεθ’.

204 5102 375 5156 Abest
413 5117 445 5154 a
472 5101 595 5155 cod.
624 5102 679 5155 2.
756 5101 800 5132 ³⁵
836 5101 959 5155 cod.
990 5102 1024 5154 2
1049 5100 1294 5154 ποθοῦσι.

862 5031 909 5061 ³³
943 5029 1060 5096 Τῆς
1094 5062 1162 5071 -
1190 5028 1464 5096 ἡμέτερα.
1504 5029 1626 5082 llaac
1655 5029 1795 5089 apud
1828 5028 1989 5080 (Lord.

1008 5050 1060 5097 ις
1094 5062 1162 5071 —
1190 5050 1464 5097 ημετερα.
1504 5050 1626 5082 "ait:
1655 5050 1795 5089 apuu
1828 5050 1989 5080 Utrtl.
2026 5050 2077 5095 p.
2105 5050 2138 5079 ο

1008 5102 1024 5153 Ε
1049 5100 1294 5154 ποθοῦσι.
1374 5099 1418 5128 ³³
1446 5098 1567 5153 cod.
1594 5100 1646 5160 1,
1678 5099 1712 5150 9..
1740 5097 2142 5164 διαφεύγοντες.

2024 5042 2077 5095 p.
2105 5024 2329 5088 8|5,‘ad
2371 5040 2531 5094 praec.
2572 5026 2767 5079 vcrsic.
2794 5024 2956 5078 relata
2989 5034 3137 5080 sunt.
3214 5026 3258 5057 "
3289 5024 3436 5083 Οὐκ.

2221 5096 2265 5166 ar
2284 5097 2405 5149 cod.
2444 5098 2480 5147 2
2513 5095 2914 5166 ἀλαλάγμασιν,
2941 5112 3105 5163 quam
3130 5096 3437 5161 lectionem,

205 5172 307 5247 etsi
346 5170 767 5247 _mi_nus_aptam,
826 5171 991 5247 habet
1028 5171 1226 5247 _code_x_
1261 5168 1708 5247 vatic.__a:_que~ac
1742 5168 1900 5247 Ales.
1943 5167 2046 5247 Sed
2080 5165 2508 5247 legendumfsse
2539 5166 3065 5247 ditdtzpaawlieﬂe.
3090 5166 3200 5234 jam
3230 5167 3440 5247 monuit

208 5240 403 5295 Lamb.
431 5239 537 5294 Bos
560 5239 615 5293 in
644 5240 931 5294 Animadv.
967 5242 1085 5299 crit.
1115 5241 1181 5294 ad
1213 5240 1268 5293 b.
1310 5240 1343 5292 l.

208 5452 371 5517 θητε.
404 5449 526 5503 Des.
560 5451 616 5513 in
646 5452 767 5504 eod.
804 5451 861 5505 9..
969 5452 1013 5481 “
1039 5454 1141 5505 Οὐ.
1169 5452 1335 5505 Abest
1364 5467 1392 5503 a
1425 5449 1545 5503 cod.
1587 5451 1635 5499 1.

1423 5239 1467 5270 ³⁸
1510 5234 1717 5305 Ἡμῶν.
1742 5236 1968 5291 Prwslat
1998 5234 2155 5290 lectio
2193 5236 2315 5288 cod.
2361 5234 2530 5289 Vatic.
2577 5236 2773 5288 αὐτῶν.

206 5308 423 5363 αὐτῶν.
452 5309 575 5365 Des.
601 5311 654 5363 in
685 5310 804 5364 cod.
832 5311 884 5364 '5.
914 5310 1043 5365 Post
1074 5310 1228 5363 τοῦτο
1260 5312 1313 5363 in
1354 5308 1473 5364 cn'l.
1510 5312 1545 5361 ‘2
1584 5309 1774 5377 sequitt

1887 5307 1995 5359 ιαί.

209 5380 456 5447 proxima
480 5381 965 5445 suut,auctoritate
1002 5383 1162 5434 trium
1191 5382 1347 5433 codd.
1386 5383 1519 5448 Aug.
1552 5374 1834 5432 inserenda
1864 5394 1982 5431 esse
2001 5376 2274 5429 duximus.
2324 5376 2393 5448 _"
2427 5376 2522 5429 'H.
2542 5376 2659 5448 cod.
2692 5377 2723 5428 5
2750 5374 2856 5448 καί.

1744 5448 1789 5479 ⁸⁸
1820 5447 2131 5515 Σαρκικός.
2155 5448 2275 5500 cod.
2314 5446 2349 5499 2
2384 5446 2716 5516 σωματικάς.

210 5537 317 5582 νος.
394 5521 440 5552 ⁵⁷
482 5518 720 5575 Τοίνυν.
752 5521 919 5575 Abest
951 5538 981 5574 a
1023 5522 1143 5575 cod.
1172 5520 1229 5575 Ξ.
1306 5520 1351 5551 ⁸⁸
1372 5517 1719 5586 Θαυμάσιοι.
1766 5539 1774 5568 ε

1936 5517 1971 5569 ‘2
2000 5517 2150 5569 θεῖοι.

217 5591 418 5657 μάτων.
493 5591 539 5622 ⁸ο
570 5591 694 5645 cod.
736 5591 785 5655 1,
813 5592 847 5643 2
881 5592 1221 5661 παρέδωκας,
1254 5585 1772 5661 ειεςιτίριιιίιίιιιιοαὶη

1887 5587 1933 5661 :|_.
1970 5589 1987 5640 l
2030 5589 2257 5661 lectione
2282 5587 2469 5661 altera.
2502 5586 2681 5661 decx
2705 5587 2737 5638 5
2768 5585 2913 5661 addit
2944 5587 3110 5661 ἡμᾶς.

2888 5235 2929 5268 ³⁹
2961 5234 3143 5288 Τοῦτο
3178 5266 3242 5277 --
3264 5236 3441 5304 τιμὴν

2922 5304 3142 5376 fliam,
3174 5322 3294 5376 qua:
3321 5308 3355 5358 Ι.
3385 5322 3436 5376 c.

2940 5374 2986 5406 δ’
3018 5375 3124 5428 Καὶ
3158 5374 3223 5414 .4
3252 5374 3439 5441 ἐπρά-

2824 5445 2867 5475 ’⁵⁸
2906 5446 3027 5500 cod.
3050 5444 3085 5497 2
3119 5445 3439 5515 πεπραγμέ-

2108 5307 2153 5336 ⁸⁰
2192 5305 2287 5359 Τό.
2330 5307 2492 5358 Abest
2533 5321 2560 5358 a
2603 5306 2723 5358 cod.
2759 5305 2813 5357 2.

2263 5516 2306 5547 δ’
2336 5514 2546 5569 (ξοάξὶ.
2594 5514 2895 5583 ἁμαρτιῶν.
2935 5516 3053 5569 cod.
3107 5516 3141 5571 5
3190 5514 3436 5587 apam-

2282 5587 2469 5639 altera.
2502 5586 2681 5639 Codex
2705 5587 2737 5638 5
2768 5585 2913 5638 addit
2944 5587 3110 5640 ἡμᾶς.
3182 5586 3225 5617 ⁵⁸
3250 5585 3436 5640 Χλευ-

213 5655 428 5728 ὰσμόν.
462 5662 616 5717 Hauc
652 5661 855 5716 codicis
903 5655 1055 5716 Alex.
1102 5655 1999 5715 lectionem'tuenturTbcodotion
2022 5666 2076 5711 et
2101 5659 2270 5728 editio
2296 5655 2410 5711 Vet.
2458 5656 2627 5728 codex
2655 5666 2831 5728 autem
2871 5655 3041 5712 Vatic.
3076 5655 3240 5713 babct
3269 5672 3441 5721 καταη

216 5730 447 5802 γέλωτι.
521 5733 565 5764 ⁸³
596 5732 880 5800 Γείτονας
908 5762 971 5779 --
992 5733 1443 5804 πολεμούμενοι.
1482 5728 1603 5785 Des.
1644 5730 1696 5782 in
1729 5729 1848 5785 cod.
1879 5729 1930 5784 5.

2008 5729 2054 5759 ³³
2090 5729 2219 5783 Καί.
2250 5727 2416 5785 Abest
2438 5742 2465 5781 a
2494 5725 2612 5782 cod.
2650 5726 2699 5793 l,
2725 5728 2780 5781 2.
