3842 6514
184 369 303 437 1189

1475 352 1557 412 IN
1588 350 1792 411 PSAL.
1829 346 2027 406 XLIV.

3238 337 3373 402 1190

182 483 261 539 καὶ
295 476 457 535 ταῦτα
497 476 553 528 οὺ
597 474 925 544 πρόσκαιρα,
952 471 1065 526 ἀλλ’
1100 471 1293 525 αἰώνια
1322 469 1485 539 ἔχεις.
1506 470 1702 522 ἰστέον
1730 515 1733 523 «

1837 472 1855 516 ι
1881 466 1993 517 haec
2016 478 2121 518 non
2143 473 2490 532 temporanea
2511 460 2605 516 tibi
2622 469 2770 524 sunt,
2796 458 2889 513 sed
2911 456 3166 528 perennia
3183 454 3373 510 habes.

180 575 241 637 ἒ,
276 569 407 623 ὃτι¹⁶
435 567 495 620 οὐ
524 565 591 618 τὰ
612 564 751 629 θεῖα,
783 562 919 617 ἀλλά
948 562 1016 615 τὰ
1044 559 1354 633 ἀνθρώπεια
1378 559 1471 611 τοῦ
1506 557 1703 609 Δεσπό-

180 678 255 717 του
280 657 503 727 Χριστοῦ
536 656 564 706 ὁ
604 653 938 725 προφητικὸς
958 652 1003 683 ⁸³
1044 649 1394 722 παρεδήλωσε
1428 648 1614 715 λόγος’
1647 646 1708 699 οὔ

180 746 415 821 γὰρᾶνίδ
443 742 747 815 ἀνθρώποις
768 742 860 795 τὸν
887 740 1017 793 Θεδν
1050 740 1206 808 λόγον
1234 739 1535 793 ἀπείκασεν
1552 779 1565 801 ,
1591 735 1710 789 οὐδ’

179 844 234 897 ἂν
267 839 441 892 τοῦτον
483 837 585 906 ἔφη
630 835 781 905 παρὰ
808 832 945 886 Θεοῦ
978 832 1285 903 δεδέχθαι¹⁵
1313 831 1413 901 τὴν
1439 828 1709 897 εὐλογίαν.

180 929 319 991 οὗτος
363 928 468 999 γὰρ
517 927 750 988 ἄϐυσσος
798 923 1016 993 ἀγαθῶν
1047 922 1300 990 εὐλογίαν
1344 923 1455 983 τοῖς
1502 920 1713 981 πιστοῖς

179 1020 540 1083 ὰναόλὺζουσα.
574 1018 654 1071 Τά
674 1018 718 1048 ¹⁸
750 1014 1064 1086 ἀνθρώπεια
1093 1014 1270 1067 τοίνυν
1298 1012 1385 1064 διὰ
1412 1009 1579 1063 τῶνδε
1608 1008 1715 1061 τῶν

182 1120 327 1185 λόγων
369 1113 460 1166 τοῦ
506 1112 776 1164 Δεσπότου
807 1107 1045 1181 Χριστοῦ
1092 1106 1478 1178 προεθέσπισε.
1509 1103 1717 1175 Μηδεὶς

182 1212 227 1264 δὲ
246 1206 489 1275 ἀντικρὺς
514 1203 735 1256 ἐναντία
762 1203 883 1266 τοὺς
909 1201 1195 1271 προφήτας
1222 1198 1473 1268 ἀλλήλοις
1501 1196 1717 1267 είρηκέ-

183 1319 252 1356 ναι
276 1299 489 1362 λεγέτω,
506 1295 722 1348 Ἠσαίου
753 1294 967 1347 ἀκούων
1001 1293 1229 1361 βοῶντος
1248 1305 1262 1320 ’
1302 1309 1319 1341 ι
1349 1289 1575 1359 Είδομεν
1618 1288 1717 1342 αὐ-

181 1392 271 1454 τὸν,
294 1391 379 1443 καὶ
410 1390 515 1442 οὐκ
554 1384 697 1457 εἶχεν
726 1383 886 1449 εἶδος,
915 1384 1038 1438 οὐδὲ
1073 1383 1286 1446 κάλλος,
1312 1381 1448 1435 ἀλλὰ
1490 1383 1549 1434 τὸ
1582 1376 1719 1443 εἶδος

181 1481 315 1536 αὑτοῦ
342 1481 561 1549 ἄτιμον,
596 1479 843 1531 ἐκλεῖπον
866 1476 1019 1547 παρὰ
1046 1476 1171 1536 τοὺς
1199 1476 1349 1537 υἱοὺς
1373 1472 1482 1525 τῶν
1509 1470 1721 1543 ἀνθρώ-

180 1590 291 1624 πων.
322 1588 339 1620 ι
376 1570 601 1623 Ἐκεῖνα
646 1568 753 1638 γὰρ
799 1566 890 1619 τὸν
919 1564 1151 1635 σταυρὸν
1182 1563 1276 1617 καὶ
1300 1562 1361 1615 τὸ
1390 1561 1560 1623 πάθος
1588 1577 1721 1630 προ-

180 1665 438 1733 αναφωνεῖ,
467 1662 507 1716 δι
536 1660 821 1732 παροινίας
846 1660 940 1725 καὶ
968 1655 1179 1728 ὕϐρεώς
1208 1657 1324 1707 ἐστι
1348 1654 1389 1685 ³⁷
1420 1651 1612 1723 μεστά.
1632 1650 1724 1703 Διὸ

178 1757 226 1828 δὴ
248 1755 330 1808 καὶ
354 1754 638 1823 ἐπήγαγεν
668 1753 696 1805 ὁ
725 1751 1040 1822 προφήτης’
1081 1745 1432 1817 «Ἀνθρωπος
1460 1746 1515 1795 ἐν
1543 1743 1722 1812 πληγῇ

177 1813 252 1912 ὢν,
278 1846 364 1898 καὶ
619 1813 806 1915 φέρει-ν
847 1813 1143 1913 μαλακίαν,
1175 1813 1475 1908 ἠτιμάσθη,
1501 1836 1594 1888 καὶ
1624 1835 1724 1887 οὐκ
1756 1813 1800 1871 Β

178 1935 420 2005 ἐλογίσθη,
450 1955 470 1986 ι
513 1936 609 1990 καὶ
647 1935 718 1989 τὰ
748 1934 885 1988 ἄλλα
923 1932 1071 2003 ἑξῆς,
1103 1930 1171 1984 τά
1196 1930 1257 1983 τὸ
1286 1929 1455 1990 πάθος
1495 1927 1725 1998 μηνύον-

178 2048 245 2084 τα.
260 2028 309 2081 '0
330 2028 393 2080 δὲ
417 2026 635 2099 ψαλμδς
663 2026 858 2088 κάλλος
898 2023 1065 2078 αὐτοῦ
1092 2023 1251 2077 καλεῖ
1268 2062 1282 2084 ,
1319 2021 1380 2083 οὐ
1408 2019 1470 2073 τὸ
1494 2018 1589 2070 τοῦ
1622 2017 1726 2070 σώ-

180 2139 336 2194 ματος,
368 2121 511 2175 ἀλλά
551 2121 651 2190 τῆς
688 2119 890 2191 ἀρετῆς
919 2118 1013 2170 καὶ
1053 2116 1238 2185 πάσης
1270 2111 1636 2182 δικαιοσύνης,
1667 2109 1727 2162 τὸ

178 2213 426 2285 ἁμαρτίας
474 2213 535 2267 οὐ
585 2212 876 2283 δεξάμενον
922 2209 1133 2275 σπῖλον,
1174 2207 1235 2261 τὸ
1281 2205 1461 2275 πάσης
1514 2203 1729 2274 κηλίδος

183 2306 337 2359 ὲλεύθε
347 2322 472 2376 ρον.
544 2328 549 2337 ι

321 2425 391 2475 ε’.
452 2437 472 2470 ι
527 2415 835 2487 Περίζωσαι
889 2414 989 2483 τὴν
1040 2410 1317 2483 ρομφαίαν
1351 2427 1445 2464 σου
1502 2410 1593 2461 ἐπὶ
1640 2409 1732 2462 τὸν

182 2513 329 2583 μηρόν
392 2527 511 2575 σου,
570 2507 788 2562 δυνατέ.
827 2506 908 2577 Τῇ
939 2505 982 2537 ⁸⁸
1020 2502 1317 2577 ὡραιότητί
1376 2519 1470 2555 σου
1522 2500 1619 2554 κοιλ⁵
1656 2500 1735 2570 τῷ

181 2605 341 2658 κάλλει
368 2619 487 2663 σου,
514 2600 612 2653 καὶ
637 2599 871 2652 ἐντεινον
892 2598 1067 2660 ⁸⁸,καὶ
1101 2594 1423 2657 κατευοδοῦ,
1452 2594 1548 2647 καὶ
1584 2592 1735 2662 βασί-

182 2700 298 2750 λευε.
352 2715 373 2747 ι
410 2693 523 2763 Τὴν
557 2692 707 2764 ὤραν
734 2689 1041 2759 διαγράψας
1087 2688 1184 2741 καὶ
1213 2687 1311 2757 τὴν
1349 2686 1564 2755 σοφίαν,
1602 2685 1735 2738 ὑποο

182 2786 405 2839 δείκνυσι
458 2783 554 2836 καὶ
589 2781 687 2851 τὴν
748 2779 981 2848 δύναμιν
1037 2778 1131 2830 καὶ
1176 2776 1275 2845 τὴν
1329 2775 1655 2840 πανοπλίαν,

184 2878 513 2950 χρησάμενος
534 2874 664 2937 τοὺς
704 2872 984 2933 ἐναντίους
1019 2871 1310 2924 κατέλυσε.
1346 2870 1459 2922 Καὶ
1507 2869 1567 2921 τὸ
1605 2869 1741 2921 πάν-

182 2988 268 3024 των
288 2970 444 3041 ἡμᾶς
475 2963 919 3034 παραδοξότατον
956 2963 1193 3035 πρᾶγμα
1251 2960 1517 3015 διδάσκει.
1564 2958 1740 3027 Αὐτὴν

181 3062 271 3133 γὰρ
323 3058 497 3115 αὑτοῦ
550 3058 649 3128 τήν
700 3055 872 3127 ὥραν,
911 3055 1008 3107 καὶ
1059 3052 1368 3106 πανοπλίαν
1421 3050 1593 3119 λέγει,
1646 3050 1743 3103 καὶ

1815 556 2107 612 Sciendum
2141 565 2224 610 est
2274 565 2455 610 autem
2503 552 2886 624 propheticum
2919 562 3226 604 sermonem
3266 561 3379 600 non

1812 652 1995 706 divina
2042 651 2135 705 sed
2179 651 2418 704 humana
2457 647 2669 703 Domini
2694 644 2897 699 Christi
2921 644 3375 697 demonstrasse:

1812 743 2087 799 non'cnim
2114 742 2431 796 hominibus
2454 739 2621 796 Deum
2646 737 2885 792 Verbum
2905 733 3264 802 comparavit,
3284 745 3382 784 ne-

1812 852 1918 907 que
1955 838 2104 890 hunc
2127 851 2154 888 a
2183 834 2290 889 Deo
2315 831 2748 889 benedictionem
2777 827 3059 896 accepisse
3092 823 3253 878 dixit.
3282 819 3385 875 Hic

1812 931 1958 986 enim
1985 930 2218 1001 abyssus
2245 930 2514 983 bonorum
2547 933 2652 989 est,
2675 920 3114 978 benedictionem
3137 915 3388 972 ﬁdelibus

1814 1023 2123 1078 effundens.
2156 1020 2405 1075 Humana
2435 1019 2599 1088 igitur
2619 1015 2825 1070 Chrisri
2855 1011 3071 1068 Domini
3093 1009 3177 1063 his
3205 1007 3390 1062 verbis

1815 1115 2087 1185 praedixit.
2123 1112 2393 1169 Caeterum
2424 1124 2587 1164 nemo
2622 1107 2929 1177 suSpicetur
2966 1103 3262 1174 prophetas
3284 1100 3388 1155 sibi

1816 1208 2049 1262 invicem
2093 1204 2509 1266 eontradixisse,
2562 1200 2754 1256 Isaiam
2800 1198 3029 1251 audiens
3078 1196 3392 1250 exclaman-

1816 1310 1924 1355 tem
1951 1301 1978 1339 ιι
2013 1319 2025 1354 :
2057 1319 2075 1351 ι
2118 1298 2368 1353 Vidimus
2399 1299 2598 1365 ipsum,
2634 1304 2687 1348 et
2714 1308 2820 1347 non
2860 1290 3096 1344 habebat
3129 1287 3391 1359 speciem,

1819 1407 1996 1462 neque
2036 1390 2497 1461 pulchritudinem
2535 1406 2549 1442 :
2592 1387 2685 1440 sed
2718 1384 2928 1454 species
2958 1382 3077 1451 ejus
3115 1380 3393 1448 despecta,

1820 1484 2059 1540 deterior
2113 1482 2240 1536 ﬁliis
2292 1481 2603 1535 hominum.
2641 1497 2659 1531 ι
2726 1477 2818 1531 Illa
2876 1476 3021 1531 enim
3076 1488 3292 1529 crucem
3340 1481 3399 1526 et

1817 1577 2096 1632 cruciatus
2132 1575 2455 1644 praedicunt,
2506 1587 2628 1641 qua:
2650 1569 2908 1625 violentia
2966 1578 3017 1620 et
3041 1563 3397 1621 contumeliis

1824 1667 2021 1722 referta
2075 1676 2220 1720 sunt.
2267 1663 2427 1718 Unde
2483 1661 2764 1731 subjunxit
2811 1658 3121 1729 propheta:
3164 1674 3183 1706 ι
3223 1652 3400 1707 Homo

1826 1774 2139 1830 percussus,
2196 1766 2249 1811 et
2288 1756 2466 1811 sciens
2504 1754 2645 1808 ferre
2676 1752 3069 1812 inﬁrmitatem,
3110 1749 3399 1818 despectus

1826 1857 1930 1917 est,
1960 1859 2013 1905 et
2042 1866 2151 1904 non
2186 1859 2469 1918 reputatus
2502 1856 2603 1908 est.
2647 1864 2665 1896 ι
2702 1854 2755 1899 et
2783 1845 2886 1899 alia
2920 1858 3041 1912 qum
3074 1847 3398 1911 sequuntur,

1825 1959 1943 2013 qua:
1989 1942 2299 2012 passionem
2343 1940 2607 1993 indicant.
2643 1936 2893 1991 Psalmns
2923 1943 3103 1988 autem
3136 1931 3256 2001 ejus
3283 1929 3404 2001 pul-

1828 2035 2190 2091 chritudinem
2250 2042 2426 2100 vocat,
2472 2048 2580 2086 non
2622 2030 2891 2099 corporis,
2925 2028 3018 2083 sed
3058 2026 3298 2091 virtutis,
3351 2032 3406 2079 et

1831 2128 1997 2182 totius
2022 2126 2267 2196 justitiaa.
2300 2140 2422 2195 quae
2448 2141 2554 2178 non
2589 2122 2808 2178 admisit
2840 2121 3015 2176 labem
3046 2120 3277 2189 peccati,
3310 2115 3404 2171 sed

1830 2219 1932 2277 fuit
1977 2221 2156 2276 omnis
2188 2219 2417 2274 macula:
2451 2232 2667 2287 expers.

1906 2401 2075 2473 889
2108 2400 2274 2455 Vens.
2308 2399 2363 2465 4,
2407 2400 2461 2453 5.
2497 2418 2515 2449 ι
2563 2397 2803 2465 Aceinge
2838 2392 3088 2464 tegladio
3117 2400 3213 2448 tuo
3243 2405 3409 2462 super

1836 2494 2014 2549 femur
2047 2504 2223 2554 tuum,
2252 2491 2653 2561 potentissime.
2698 2486 2892 2557 Specie
2918 2494 3011 2540 tua
3050 2494 3106 2540 et
3164 2482 3411 2555 pulchri-

1836 2587 2023 2641 tudine
2058 2594 2150 2639 tua
2184 2584 2401 2639 intende
2423 2625 2436 2648 ,
2486 2594 2748 2652 prospere
2779 2578 3035 2650 procede,
3070 2585 3124 2632 et
3164 2590 3351 2647 regna.
3385 2591 3405 2625 ι

1840 2676 2121 2745 Descripta
2156 2675 2336 2745 specie
2362 2682 2416 2727 et
2448 2671 2739 2742 sapientia,
2770 2669 3009 2723 ostendit
3032 2676 3086 2722 et
3112 2666 3413 2737 potentiam

1840 2776 1894 2822 et
1932 2782 2105 2832 arma,
2133 2768 2334 2837 quibus
2366 2781 2501 2819 usus
2540 2762 2886 2818 adversarios
2947 2758 3275 2830 proﬂigavit,
3319 2756 3419 2811 dn-

1840 2864 2035 2927 cetque
2066 2872 2167 2911 nos
2193 2871 2303 2909 rem
2337 2854 2581 2907 omnium
2616 2851 2855 2906 maxime
2885 2847 3294 2904 admirabilem.
3328 2845 3417 2918 lp-

1843 2965 1957 3005 sam
1990 2948 2134 3001 enim
2184 2947 2305 3016 ejus
2340 2945 2603 3014 speciem,
2636 2950 2690 2995 et
2716 2955 2870 2994 arma
2898 2954 3023 2993 esse
3053 2938 3209 3002 dicit,
3242 2947 3296 2993 et
3325 2951 3418 3008 po-

1846 3042 2092 3096 tentiam.
2116 3039 2251 3094 Nam
2278 3038 2556 3109 «,Accinge
2584 3046 2655 3102 te,
2682 3035 2882 3106 inquit,
2906 3033 3084 3106 gladio
3121 3040 3215 3087 tuo
3252 3045 3420 3101 super

180 3118 417 3224 δύναμιν.
455 3170 473 3203 ι
503 3118 817 3221 Περίζωσαι
852 3166 870 3198 ι
910 3146 1041 3215 γὰρ,
1087 3164 1103 3195 ι
1137 3143 1291 3213 φησὶ,
1327 3118 1733 3213 τήνξρομφαίακ

1851 3138 2027 3192 femur
2052 3144 2202 3189 tuum
2221 3175 2236 3199 ,
2266 3133 2679 3204 potentissime:
2714 3129 2895 3202 specie
2926 3140 3020 3184 tua
3042 3134 3097 3183 et
3122 3118 3420 3196 pulchritu-

183 3266 264 3302 σου
294 3249 385 3301 ἐπὶ
410 3247 505 3300 τὸν
535 3243 709 3316 μηρόν
738 3259 855 3303 σου,
880 3240 1093 3303 δυνατὲ,
1117 3241 1184 3309 τῇ
1211 3237 1507 3309 ὡραιότητί
1533 3254 1624 3290 σου
1655 3236 1746 3289 καὶ

179 3342 243 3412 τῷ
283 3340 469 3396 κάλλει
498 3356 613 3393 σου.
639 3356 658 3389 ι
682 3338 793 3389 Καὶ
824 3333 1083 3407 εἰρηκὼς,
1109 3351 1126 3383 ι
1159 3333 1461 3393 ’Έντεινον,
1494 3331 1589 3385 καὶ
1614 3348 1747 3384 κατ-

180 3431 379 3491 ευοδοῦ,
411 3430 509 3483 καὶ
533 3427 811 3499 βασίλευε,
853 3446 871 3478 ι
912 3425 1074 3488 εὐθὺς
1102 3424 1382 3495 ἐπήγαγεν
1412 3440 1426 3453 ·
1466 3441 1484 3473 ι
1521 3422 1747 3476 Ἕνεκεν

182 3526 450 3596 ἀληθείας,
485 3523 581 3577 καί¹
611 3520 922 3590 πραότητος
946 3518 1013 3581 3°,
1040 3516 1133 3569 καὶ
1158 3514 1532 3586 δικαιοσύνης.
1574 3534 1593 3567 ι
1647 3515 1750 3567 Σα-

184 3619 291 3686 φῶς
322 3617 407 3670 διὰ
459 3614 670 3668 τούτων
718 3611 1010 3677 διδάσκων,
1051 3612 1126 3674 ὡς
1180 3613 1213 3681 ή
1253 3610 1504 3682 ἀλήθεια,
1565 3611 1661 3665 καὶ
1712 3612 1744 3682 ἡ

182 3711 439 3782 πραότης,
477 3707 630 3775 καὶή
688 3703 1029 3773 δικαιοσύνη,
1071 3702 1167 3756 καὶ
1195 3702 1394 3765 κάλλος
1446 3701 1613 3755 αὐτοῦ
1654 3702 1751 3755 καὶ

183 3804 401 3870 δύναμις
428 3800 527 3854 καὶ
575 3797 846 3851 πανοπλία
889 3795 1005 3849 ἐστὶ
1032 3796 1099 3861 ²¹,
1146 3796 1240 3848 καὶ
1294 3795 1444 3865 νίκη.
1498 3795 1654 3847 Ἐστι
1693 3794 1751 3846 δὲ

186 3897 405 3952 ἀκοῦσαι
456 3892 628 3948 αὑτοῦ
657 3893 704 3923 ’³
732 3890 828 3944 τοῦ
874 3889 1087 3961 Κυρίου
1148 3888 1426 3957 λέγοντος,
1466 3906 1483 3937 ι
1528 3886 1749 3941 Μάθετε

187 3989 275 4041 ἀπ’
300 3986 564 4059 ὲμοῦ,ὅτι
595 3982 772 4056 πρᾶός
811 3983 952 4053 εἰμι,
990 3982 1083 4035 καὶ
1126 3980 1383 4044 ταπεινὸς
1420 3982 1486 4050 τῇ
1531 3979 1749 4049 καρδίᾳ,

191 4082 275 4134 καὶ
317 4081 579 4151 εὑρήσετε
610 4076 922 4131 ἀνάπαυσιν
954 4076 1076 4137 ταῖς
1128 4075 1331 4144 ψυχαῖς
1372 4072 1549 4142 ὑμῶν.
1586 4091 1604 4122 ι
1641 4070 1752 4124 Καὶ

192 4175 343 4228 πάλιν
369 4173 437 4237 ’³,
480 4191 498 4225 ι
548 4168 692 4238 Ἐγὼ
714 4169 834 4239 ειμι
864 4169 898 4240 ή
927 4167 1068 4232 ὁδὸς,
1108 4168 1204 4219 καὶ
1228 4167 1261 4235 ή
1294 4165 1541 4235 ἀλήθεια,
1581 4165 1675 4217 καὶ
1716 4165 1749 4233 ἠ

193 4265 317 4337 ζωή.
350 4284 369 4318 ι
400 4262 515 4319 Καὶ
531 4261 670 4335 πρὸς
696 4261 787 4314 τὸν
807 4258 1096 4313 θεσπέσιον
1122 4258 1169 4289 ³⁸
1207 4256 1462 4326 Ἰωάννην
1482 4272 1495 4285 ·
1538 4275 1556 4307 ι
1583 4257 1753 4324 ’Ἄφες

198 4361 329 4429 ἄρτι,
359 4356 507 4410 οὕτω
534 4355 645 4427 γὰρ
670 4354 881 4425 πρέπον
905 4354 1039 4422 ἡμῖν
1088 4352 1205 4405 ἐστι
1249 4349 1540 4419 πληρῶσαι
1571 4350 1753 4401 πᾶσαν

199 4448 551 4519 δικαιοσύνην.
590 4465 608 4497 ι
650 4445 761 4499 Καὶ
792 4443 882 4497 διὰ
921 4440 1128 4495 τούτων
1170 4441 1265 4495 τοῦ
1303 4440 1603 4508 ἀλάστορος
1654 4437 1754 4508 τὴν

1849 3229 1975 3285 dine
2006 3238 2119 3283 tua.
2160 3246 2177 3278 ι
2216 3226 2284 3280 Et
2316 3240 2439 3280 cum
2493 3224 2725 3279 dixisset
2764 3241 2778 3276 :
2823 3240 2840 3272 ι
2880 3216 3129 3281 Intende,
3160 3229 3422 3287 prospere

1850 3323 2103 3393 procede,
2135 3328 2189 3374 et
2211 3332 2400 3387 regna,
2422 3336 2440 3370 ι
2472 3316 2656 3371 statim
2679 3312 3002 3385 subjunxit:
3032 3328 3051 3361 ι
3076 3308 3305 3378 Propter
3325 3321 3421 3361 ve-

1851 3414 2091 3475 ritatem,
2128 3406 2611 3465 mansuetudinem
2642 3415 2695 3461 et
2721 3403 3019 3476 justitiam.
3057 3420 3077 3453 ι
3134 3397 3423 3454 Manifesto

1850 3521 1945 3576 per
1972 3506 2085 3557 haec
2110 3502 2333 3567 docens,
2367 3499 2655 3553 veritatem
2716 3506 2769 3551 et
2803 3492 3311 3554 mansuetudinem,
3371 3497 3426 3544 et

1847 3594 2115 3667 justitiam
2163 3592 2283 3662 ejus
2339 3604 2461 3644 esse
2507 3585 2990 3658 pulchritudinem,
3022 3590 3078 3636 et
3100 3578 3423 3651 potentiam,

1851 3701 1906 3745 et
1949 3703 2124 3751 arma,
2164 3694 2218 3740 et
2264 3681 2578 3737 victoriam.
2609 3678 2761 3733 Licet
2797 3688 2977 3730 autem
3018 3673 3200 3742 ipsum
3238 3667 3427 3723 Domi-

1852 3798 1983 3837 num
2042 3778 2236 3834 audire
2264 3776 2536 3830 dicentem
2565 3790 2578 3825 :
2620 3790 2637 3821 ι
2674 3768 2875 3823 Discite
2906 3782 2935 3820 a
2969 3780 3077 3830 me,
3116 3767 3133 3784 '
3164 3761 3425 3831 quoniam

1852 3875 2000 3929 mitis
2049 3888 2194 3937 sum,
2219 3879 2273 3924 et
2302 3867 2527 3921 humilis
2556 3864 2740 3926 corde,
2774 3872 2829 3915 et
2857 3858 3148 3913 invenietis
3181 3854 3425 3924 requiem

1853 3967 2139 4023 animabus
2197 3963 2391 4017 vestris
2428 3960 2467 4012 ι.
2501 3979 2519 4010 ι
2557 3958 2625 4011 Ει
2685 3971 2918 4011 rursus:
2964 3971 2983 4005 ι
3032 3953 3142 4023 Ego
3168 3965 3287 4005 sum
3313 3949 3424 4013 via,

1854 4060 2121 4115 veritaset
2148 4056 2257 4110 vita
2287 4063 2349 4106 ω.
2390 4072 2408 4103 ι
2453 4051 2599 4105 Etad
2632 4049 2876 4104 divinum
2902 4044 3205 4101 Joannem:
3245 4060 3264 4094 ι
3299 4039 3430 4095 Sine

1857 4171 1999 4213 nunc
2023 4198 2038 4223 ,
2071 4155 2152 4210 sic
2180 4153 2325 4209 enim
2352 4147 2607 4205 convenit
2638 4161 2739 4201 nos
2769 4144 2995 4215 implere
3021 4155 3237 4196 omnem
3264 4136 3431 4207 justi-

1855 4250 1985 4303 tiam
2008 4257 2059 4299 ιι.
2088 4266 2106 4298 ι
2139 4245 2239 4300 Per
2258 4244 2375 4297 hazc
2403 4248 2582 4295 autem
2607 4235 2871 4293 daemonis
2905 4231 3247 4305 tyrannidem
3277 4243 3432 4284 ever-

1856 4340 2006 4407 tit,et
2050 4347 2282 4392 mortem
2314 4332 2583 4396 dissolvit,
2615 4338 2670 4385 et
2698 4326 3047 4384 credentibus
3067 4324 3294 4379 salutem
3319 4320 3433 4375 lar-

1862 4435 2008 4505 gitus
2054 4441 2158 4487 est.
2195 4449 2212 4481 ι
2254 4427 2322 4482 Ει
2354 4427 2517 4482 ducet
2554 4433 2609 4478 te
2635 4419 2963 4477 mirabiliter
2991 4418 3215 4473 dextera
3245 4424 3360 4469 tua.
3407 4431 3428 4466 ι

199 4503 498 4609 τυραννίδα.
530 4536 823 4600 κατέλυσε,
872 4534 967 4588 καὶ
1025 4533 1119 4587 τὸν
1158 4533 1391 4587 θάνατον
1436 4503 1615 4593 ἔλυσε,
1661 4503 1733 4583 κα

1863 4503 2161 4596 1’ostquam
2177 4522 2321 4577 enim
2338 4518 2500 4591 gladii
2530 4512 2794 4579 meminit,
2806 4512 2929 4581 jure
2957 4509 3192 4564 dexterae
3208 4503 3435 4561 mentio.

200 4630 300 4692 τοῖς
322 4630 716 4682 πεπιστευκόσι
742 4625 986 4698 παρέσχε
1016 4622 1117 4694 τὴν
1164 4624 1463 4693 σωτηρίαν.
1504 4638 1547 4674 ι·
1569 4622 1680 4674 Καὶ
1704 4622 1751 4653 ’⁵

1866 4634 1987 4674 nem
2016 4595 2164 4672 i'ecit.
2195 4614 2427 4668 Dextera
2457 4622 2588 4664 vero
2609 4606 2750 4677 ejus,
2778 4604 3001 4659 dextera
3026 4598 3280 4659 consilia.
3312 4595 3436 4667 qui-

199 4721 441 4793 ὁδηγήσει
473 4738 532 4773 σε
559 4717 895 4789 θαυμαστῶς
923 4718 957 4786 ἡ
990 4714 1138 4778 δεξιά
1178 4732 1295 4768 σου.
1338 4732 1357 4767 ι
1403 4712 1619 4783 Ἐπειδὴ
1652 4713 1733 4783 γὰι

1867 4714 1971 4768 bus
2016 4724 2151 4765 usus
2193 4705 2360 4778 890
2408 4699 2618 4773 peccati
2668 4700 2952 4753 incursum
3000 4707 3111 4746 non
3176 4697 3261 4744 est
3306 4702 3437 4757 pas-

202 4812 467 4884 ῥομφαίας
542 4810 978 4882 ἐμνημόνευσεν,
1034 4806 1348 4869 ἀκολούθως
1420 4806 1516 4859 καὶ
1578 4804 1761 4869 δεξιᾶς
1868 4820 1981 4860 sus.

200 4872 493 4980 ἐποιήσατο
555 4872 798 4978 μνήμην.
858 4904 1034 4969 Δεξιὰ
1092 4903 1150 4958 δὲ
1199 4902 1399 4967 αὐτοῦ,
1460 4902 1528 4956 τὰ
1588 4899 1738 4968 δεξιά
1792 4899 2154 4972 βουλεύματα,
2204 4892 2287 4957 οἷς
2335 4887 2673 4963 κεχρημένος
2713 4884 2813 4954 τὴν
2867 4881 2967 4951 τῆς
3011 4877 3283 4951 ἁμαρτίας
3340 4872 3441 4928 οὐκ

198 5005 408 5071 ἐδέξατο
438 5003 770 5077 προσϐολήν.

271 5170 295 5207 ι
330 5168 439 5222 lsa.
477 5181 600 5228 Llll,
630 5168 687 5229 2,
721 5165 774 5218 5.
810 5204 817 5210 .
855 5162 875 5202 ι
908 5163 1097 5219 Matth.
1133 5179 1215 5228 xi,
1247 5162 1338 5218 29.
1414 5169 1453 5199 π·
1481 5159 1640 5215 Joan.
1665 5174 1733 5213 ιιι

1837 5179 1866 5210 ι.
1944 5166 1972 5193 ιι
2004 5152 2197 5209 Matth.
2246 5165 2334 5211 ιιι,
2372 5145 2457 5199 15.

1307 5316 1542 5375 VARIIE
1578 5314 1733 5372 LEC'J

1837 5314 1961 5370 NES
1998 5312 2087 5367 ET
2124 5309 2357 5366 NOTAE.
3200 5364 3204 5368 _

296 5442 338 5472 ιι
366 5442 513 5495 Ὅτι.
547 5439 669 5495 cod.
706 5437 818 5505 1,2
850 5438 979 5506 die.
1023 5438 1067 5469 ¹³
1096 5437 1492 5506 Προφητικόςτ
1525 5433 1727 5506 νεοάτὲ

1837 5430 2104 5506 ςποεεικόςἒ
2169 5422 2592 5506 ,ξ’-ἰξγΙΑὒθξι,
2619 5436 2661 5506 ἓν
2675 5420 2816 5501 _cod.
2859 5417 2995 5506 13‘2‘.
3076 5418 3119 5447 ³⁵
3151 5412 3448 5506 uagam.

208 5509 324 5565 cod.
352 5512 388 5567 ε
412 5511 472 5564 δὲ
506 5495 782 5579 δέχεσθαί.
860 5495 920 5540 ια’
942 5505 1043 5579 rd.
1078 5495 1557 5579 coa.'3'addnfaé_.
1588 5575 1609 5579 _
1640 5504 1680 5534 ιτ
1704 5505 1733 5556 ’λ

1837 5502 2047 5579 τιζΔιτριι.
2084 5499 2137 5579 1,
2168 5495 2460 5579 2351231918.

2550 5492 2593 5523 ¹⁸
2619 5490 2701 5559 Τῇ
2723 5521 2790 5530 —
2820 5489 3035 5559 κάλλει
3065 5500 3203 5559 σου.
3238 5484 3362 5559 "asc
3388 5484 3455 5537 ad

208 5593 363 5648 prce.
398 5555 603 5635 versich.
640 5578 873 5634 fuissent
905 5555 1207 5633 referenda:
1238 5555 1266 5562 v
1288 5555 1557 5648 5'66.i,”e‘
1586 5555 1733 5648 ἐντειῖ

1855 5573 1929 5648 ,το
1951 5569 2081 5623 Rec.
2122 5555 2279 5622 lectio
2382 5555 2429 5616 'l.
2446 5571 2547 5648 'est
2588 5555 2943 5648 «patientiam.
2997 5558 3040 5588 “
3076 5555 3457 5648 Egnﬁbﬁest

212 5664 243 5702 a
264 5652 382 5704 cod.
414 5654 467 5716 1,
503 5651 559 5705 Ξ.
637 5652 682 5681 ²²
716 5648 932 5704 Αὐτοῦ.
965 5649 1084 5702 cod.
1116 5652 1139 5700 1

1171 5663 1357 5716 prtem.
1387 5646 1499 5701 καί.
1578 5643 1763 5716 ’ξΑΚαὶ
1787 5642 2063 5716 πάλιν--
2092 5653 2213 5691 σωτ

2298 5636 2416 5689 ίαν.
2446 5632 2574 5687 Des.
2618 5625 2759 5701 apud
2796 5625 2969 5685 ‘Cord.
2994 5643 3048 5696 p.
3079 5625 3202 5680 846.
3349 5626 3454 5701 8e-

212 5694 493 5776 ἓὶτὲἓίὁῦ.
508 5694 643 5775 Z'od.
664 5694 1097 5773 εόεέὀῦἷὶυἳὲῐιὶ
1122 5694 1574 5781 ’ζ’ἒέὲξάᾞὸυ.
1613 5694 1733 5771 υἷι]

1840 5694 2003 5766 erebi:
2035 5719 2083 5763 te
2121 5694 2379 5763 terribilia
2412 5706 2625 5758 dextera
2654 5694 2767 5771 iua,
2796 5716 2957 5773 quem
2987 5694 3209 5756 sensum
3241 5694 3458 5752 felicius

208 5801 595 5862 expresserunt
626 5791 823 5861 Aquila
856 5798 909 5844 et
951 5788 1159 5860 Symm.
