3842 6508
117 358 221 422 1193

112 466 281 527 τιον-δὲ
310 460 468 517 αὐτοῦ
503 460 563 513 τὸ
606 459 762 529 σῶμα
816 459 990 524 καλεῖ,
1032 458 1221 529 ὥσπερ
1269 459 1363 511 καὶ
1412 458 1439 510 ὁ
1480 458 1621 521 θεῖος
1651 468 1695 517 Α

121 553 393 616 ’Λπόστολος
413 556 468 606 ἐν
488 554 556 623 τῇ
598 551 732 621 πρὸς
745 549 1029 621 Ἐϐραίους
1060 549 1346 619 Ἐπιστολῇ
1374 547 1617 602 καταπέ-

108 666 251 721 ung
276 645 425 701 τοῦτο
452 642 866 714 προσαγορεύει.
911 659 931 693 ι
974 642 1228 712 Ἔχοντες
1270 640 1400 710 γάρ,
1463 642 1619 710 φησὶν

108 739 393 813 παρρησίαν,
439 735 665 804 ἀδελφοὶ
690 736 757 800 ⁸⁷,
814 736 896 797 είς
927 732 1027 805 τὴν
1073 732 1279 786 εἴσοδον
1308 730 1417 785 τῶν
1450 731 1619 798 ἁγίων

106 839 147 889 ἐν
162 832 227 903 τῷ
245 829 421 900 αἵματι
444 826 542 879 τοῦ
568 826 743 898 Ἰησοῦ
760 826 830 889 ⁸⁸,
851 826 918 897 ἢν
940 823 1274 878 ἐνεκαίνισεν
1294 823 1484 893 ⁴⁹ὴμῖν
1505 822 1623 875 ὁδὸν

104 924 368 995 πρόσφατον
392 918 487 972 καὶ
522 917 705 982 ζῶσαν
735 917 823 969 διὰ
850 915 946 970 τοῦ
982 914 1472 983 καταπετάσματος
1521 914 1620 965 αὑ-

103 1015 246 1077 τοῦ⁸⁸,
274 1012 534 1075 τουτέστι,
588 1010 688 1079 τῆς
743 1009 942 1079 σαρκὸς
980 1007 1167 1062 αὑτοῦ.
1206 1026 1225 1060 ι
1260 1008 1538 1076 Σμύρναν·
1564 1007 1621 1060 δὲ

102 1108 224 1162 καλεῖ
249 1105 302 1158 τὸ
328 1104 500 1166 πάθος
531 1119 547 1134 ’
580 1105 798 1173 νεκροῖς
847 1101 957 1173 γὰρ
1002 1100 1143 1172 αὕτη
1173 1101 1217 1132 ⁸¹
1252 1100 1623 1170 διαφερόντως

102 1194 456 1269 προσφέρεται·
492 1192 774 1259 στακτὴν
804 1191 860 1244 δὲ
904 1193 998 1245 καὶ
1045 1191 1333 1255 κασσίαν,
1376 1191 1479 1262 τὴν
1513 1190 1622 1244 ἀπὸ

99 1289 170 1343 τοῦ
192 1286 375 1348 πάθους
421 1284 680 1339 εὐωδίαν.
719 1283 933 1354 Βάρεις
959 1285 1380 1352 ἐλεφαντίνας,
1411 1284 1445 1354 ἦ
1477 1285 1617 1338 κατὰ

98 1384 166 1435 τὸν
188 1381 459 1449 Σύμμαχον
490 1379 593 1431 καὶ
623 1378 716 1431 τὸν
782 1378 1032 1441 Ἀκύλαν,
1080 1378 1267 1444 ναοὺς
1311 1379 1622 1447 ἐλεφαντί-

98 1492 225 1539 νους,
256 1472 347 1534 τὰς
381 1470 742 1540 περικαλλείς
771 1473 866 1524 καὶ
906 1471 1165 1542 λαμπρὰς
1196 1472 1516 1543 ἐκκλησίας,
1555 1472 1622 1536 ἃς

97 1569 305 1637 ἄρχοντες
336 1562 431 1616 καὶ
471 1563 719 1632 βασιλεῖς
757 1565 1034 1636 πανταχοῦ
1075 1567 1180 1636 γῆς
1215 1566 1311 1619 καὶ
1346 1565 1621 1636 θαλάσσης

98 1657 344 1725 ὲδείμαντο.
376 1654 653 1725 Προλέγει
677 1656 877 1720 τοίνυν,
910 1658 993 1709 ὅτι
1024 1656 1085 1709 τὸ
1127 1656 1225 1726 μὲν
1268 1655 1440 1717 πάθος
1480 1655 1623 1709 κατὰ

97 1752 139 1802 τὸ
163 1749 295 1818 σῶμα
321 1750 621 1816 γενήσεται
649 1750 721 1813 ⁵³,
755 1749 983 1813 εὐωδίας
1009 1749 1066 1802 δὲ
1100 1751 1283 1802 πᾶσαν
1312 1748 1413 1819 τὴν
1438 1749 1620 1801 οίκου-

101 1842 227 1915 μένην
273 1841 641 1911 ἐμπλήσειω,
698 1842 775 1906 ὡς
833 1845 961 1906 τοὺς
1006 1842 1172 1896 πάλαι
1236 1841 1623 1911 πλανωμένους
1653 1827 1696 1881 Β

98 1933 235 1996 λαοὺς,
282 1934 494 2002 ἐγεῖραι
523 1934 576 1965 ⁸⁵
625 1934 772 2005 αύτῷ
825 1936 903 1999 είς
966 1934 1161 1998 κάλλος
1213 1933 1621 2005 ἐξησκημένους

101 2026 234 2087 ναοὺς,
257 2025 343 2077 καὶ
371 2024 649 2096 βασιλικῷ
679 2025 1085 2097 διαλάμποντας
1142 2026 1352 2097 κόσμῳ.
1390 2024 1511 2078 Τῶν
1561 2023 1621 2076 δὲ

98 2115 341 2185 ἐκκλησιῶν
358 2117 458 2189 τὴν
494 2120 808 2190 πρόρρησιν
834 2120 1224 2188 ποιησάμενος.
1256 2118 1311 2171 αἳ
1337 2116 1622 2170 παστάδων

100 2210 164 2261 καὶ
205 2206 493 2277 νυμφώνων
559 2209 818 2279 ἐπέχουσι
868 2209 1045 2277 τάξιν,
1105 2209 1328 2273 εἰκότως
1383 2209 1477 2261 καὶ
1521 2210 1623 2280 τῆς

101 2299 263 2368 νύμφης
286 2302 669 2369 προαγορεύει
700 2300 794 2354 τὸν
830 2300 1056 2369 κόσμον,
1087 2300 1181 2353 καὶ
1206 2298 1305 2370 τὴν
1332 2298 1503 2371 ὥραν,
1528 2299 1624 2351 καὶ

100 2392 139 2443 τὺ
178 2390 328 2459 γένος,
387 2392 485 2443 καὶ
544 2392 649 2462 τὴν
687 2392 1066 2463 ἁρμόττουσαν
1133 2392 1274 2462 αὐτῇ
1328 2392 1627 2462 προσφέρει

100 2482 377 2551 παραίνεσιν.
426 2499 447 2532 ‹
484 2484 750 2554 Παρέστη
792 2482 1080 2553 βασίλισσα
1101 2482 1145 2515 ⁵⁸
1174 2484 1238 2536 ὲκ
1266 2481 1455 2547 δεξιῶν
1508 2500 1627 2549 σου,

102 2575 319 2645 ἱματισμῷ
339 2576 387 2606 ⁸⁸
446 2574 735 2646 διαχρύσῳ
812 2574 1283 2646 περιόεϐλημένη,
1346 2575 1630 2628 πεποικιλ-

103 2668 216 2735 μένη.
256 2688 272 2721 ι
304 2668 400 2721 Διὰ
424 2669 645 2721 τούτων
675 2669 769 2721 καὶ.
798 2667 894 2721 τοῦ
920 2668 1130 2739 κόσμου
1152 2669 1252 2740 τὴν
1279 2667 1628 2723 πολυτέλειαν

100 2758 261 2829 ιαὶτὴν
291 2760 468 2831 ἄκραν
499 2761 678 2833 αὐτῆς
704 2759 998 2825 ὑποδείξας
1044 2761 1234 2833 τιμὴν,
1264 2760 1345 2832 τῷ
1377 2777 1436 2813 τε
1469 2758 1626 2831 βασι-

1389 346 1471 407 ΙΝ
1510 346 1715 406 PSAL.

1762 345 1963 407 XLIV.
3161 351 3298 417 1194

1724 472 1825 526 pus
1853 466 2032 521 vocat,
2064 456 2530 528 quemadmodum
2557 469 2613 514 et
2641 459 2861 516 divinus
2893 460 3189 533 Apostolus
3240 469 3293 522 in

1723 547 1962 617 Epistola
1997 549 2064 603 ad
2104 548 2360 605 Hebraeos
2396 552 2641 605 velamen
2665 552 2769 608 hoe
2799 565 3105 625 nuncupat:
3148 576 3168 608 ‹
3193 557 3299 612 lla-

1722 641 1913 697 bentes
1945 643 2115 706 enim,
2145 643 2242 704 ait,
2269 643 2790 710 lidueiaeratres,
2826 645 2880 699 in
2911 647 3137 701 introitu
3171 665 3297 703 san-

1721 742 1931 787 ctorum
1952 735 2007 787 in
2022 748 2079 789 sa
2089 733 2286 803 nguine
2300 732 2527 800 Christi,
2555 751 2717 805 quam
2739 736 2971 791 initiavit
2987 739 3143 793 nobis
3155 740 3295 793 viam

1723 839 1936 888 novam,
1974 836 2028 879 et
2057 827 2328 880 viventem
2360 842 2457 896 per
2485 827 2731 881 velamen
2762 828 2902 896 ejus,
2936 828 2989 882 id
3038 838 3140 890 cst,
3172 844 3295 883 ear-

1723 933 1844 971 nem
1869 932 2024 973 suam
2048 928 2099 971 tt.
2130 936 2148 968 ι
2166 918 2330 988 892
2347 917 2624 987 Myrrham
2642 935 2770 973 vero
2792 921 2923 974 dicit
2950 920 3255 989 passionem
3281 964 3292 974 .

1725 1010 1838 1064 haec
1862 1010 2009 1065 enim
2045 1013 2273 1065 mortuis
2306 1012 2657 1081 potissimum
2697 1014 3025 1082 applicatur.
3082 1012 3295 1067 Guttam

1722 1111 1904 1157 autem
1936 1112 1986 1157 et
2016 1105 2240 1166 casiam,
2272 1118 2496 1158 suavem
2534 1105 2787 1167 odorem,
2818 1106 2913 1175 qui
2958 1121 2989 1161 e
3040 1108 3298 1176 passione

1723 1202 1963 1247 emanat.
1998 1193 2188 1246 Domus
2235 1194 2513 1259 eburneas,
2545 1196 2654 1258 vel,
2690 1196 2987 1250 secundum
3041 1200 3295 1267 Symma-

1724 1286 1886 1341 chum
1918 1295 1972 1341 et
1996 1287 2273 1357 Aquilam,
2301 1288 2515 1355 templa,
2540 1287 2788 1353 eburnea,
2829 1288 3224 1357 pulcherrimas
3243 1299 3298 1345 et

1723 1379 2042 1449 splendidas
2066 1379 2355 1443 ecclesias,
2392 1395 2531 1450 quas
2556 1380 2834 1450 principes
2876 1392 2930 1435 et
2964 1397 3119 1451 reges
3171 1383 3295 1436 uhi-

1722 1480 1830 1542 que
1857 1488 1952 1542 per
1982 1482 2181 1527 terram
2216 1484 2270 1527 et
2296 1488 2450 1527 mare
2480 1483 2801 1528 erexerunt.
2830 1473 3081 1528 Praedicit
3130 1475 3297 1543 igitur

1720 1566 2034 1636 passionem
2060 1566 2207 1621 circa
2243 1582 2443 1637 corpus
2470 1566 2736 1628 futuram,
2769 1577 2823 1621 et
2864 1567 3051 1623 odoris
3109 1569 3299 1628 suavi-

1724 1670 1833 1715 tate
1919 1669 2090 1714 totum
2168 1660 2356 1714 orbem
2418 1660 2802 1729 impleturam:
2868 1659 3004 1713 adeo
3056 1669 3115 1713 ut
3200 1674 3297 1729 po—

1722 1752 1834 1821 puli
1874 1751 1967 1820 qui
1998 1752 2126 1805 olim
2154 1752 2452 1814 errabant,
2499 1751 2698 1821 templa
2740 1751 2842 1821 ipsi
2904 1751 3115 1820 erigant
3182 1750 3300 1819 pul-

1724 1844 1996 1899 cherrime
2044 1845 2362 1908 elaborata,
2428 1852 2483 1898 et
2530 1845 2681 1914 regio
2737 1852 2934 1898 ornatu
3015 1843 3293 1896 micantia.

1726 1934 2026 2004 Postquam
2058 1944 2239 1989 autem
2292 1934 2361 1989 de
2387 1935 2641 1989 ecclesiis
2675 1935 3007 1989 vaticinatus
3048 1941 3153 1996 est,
3177 1946 3299 2000 qua:

1728 2022 2098 2077 thalamorum
2137 2030 2196 2076 et
2234 2022 2559 2092 nuptialium
2591 2022 2965 2078 cuhieulorum
2999 2023 3119 2078 loco
3147 2030 3297 2076 sunt.

1727 2115 1924 2170 merito
1949 2130 2164 2184 sponsae
2223 2130 2446 2186 quoque
2506 2124 2890 2171 ornamentum
2945 2116 3190 2184 exponit,
3243 2127 3300 2173 et

1727 2209 1986 2278 speciem,
2016 2219 2072 2264 et
2103 2223 2297 2279 genus,
2343 2218 2396 2264 et
2427 2217 2821 2279 congruentem
2868 2208 3296 2266 admonitionem

1729 2301 1968 2355 adhibet.
2008 2321 2027 2353 ι
2058 2302 2242 2357 Astitit
2272 2303 2459 2371 regina
2494 2318 2523 2357 a
2552 2302 2757 2357 dextris
2811 2302 2941 2365 tuis,
2964 2302 3163 2358 vestitu
3207 2306 3302 2359 de-

1728 2403 1922 2447 aurato
1966 2394 2186 2460 amicta,
2238 2395 2534 2463 variegata.
2580 2412 2599 2445 ι
2630 2393 2768 2450 Cum
2815 2393 2870 2448 in
2912 2394 2995 2450 his
3050 2397 3300 2466 magniﬁ-

1728 2487 1964 2542 centiam
1995 2489 2305 2543 ornamenti
2331 2496 2385 2544 et
2416 2488 2678 2543 eximium
2734 2487 2857 2557 ejus
2908 2487 3171 2544 honorem
3213 2504 3305 2544 os-

1729 2584 2016 2646 teudisset,
2042 2583 2285 2651 reginam
2341 2582 2685 2651 appellando,
2744 2594 2976 2650 eamque
3026 2596 3057 2636 a
3113 2581 3303 2636 dextra

1729 2674 1867 2727 tanti
1895 2674 2039 2745 regis
2076 2674 2422 2738 collocando,
2460 2672 2697 2728 instituit
2729 2681 2783 2727 et
2812 2673 3072 2728 admonet
3098 2688 3161 2728 ea
3183 2689 3306 2744 qua!

1732 2764 1884 2817 utilia
1910 2773 2059 2819 sunt.

102 2850 181 2904 156a
204 2853 435 2920 καλέσαι,
512 2857 613 2909 καί⁹
682 2854 761 2926 τῷ
825 2855 1017 2926 στῆναι
1061 2854 1157 2908 τοῦ
1217 2855 1261 2886 "
1308 2853 1566 2908 τοσούτου
1612 2855 1873 2924 βασιλέως
1922 2858 1988 2911 ὲκ
2016 2856 2229 2923 δεξιῶν,
2277 2858 2577 2928 εἰσηγεῖται
2631 2855 2724 2909 καὶ
2774 2858 3033 2927 παραινεῖ
3061 2856 3130 2910 τά
3170 2873 3307 2928 συμ-

102 2964 297 3017 φφπι

148 3046 216 3095 ια’.
248 3059 265 3091 ι
302 3042 599 3106 Ἀκουσον,
639 3042 900 3112 θύγατερ,
949 3044 1045 3096 καὶ
1073 3043 1173 3103 ῐδε.
1200 3042 1295 3096 καὶ
1340 3041 1520 3096 κλῖνον
1567 3041 1629 3094 τὸ
1655 3046 1698 3103 C

99 3126 162 3194 οὖς
182 3149 255 3185 σου
280 3149 295 3163 ’
323 3136 419 3187 καὶ
454 3136 725 3190 ἐπιλάθου
753 3134 851 3188 τοῦ
883 3132 1014 3189 λαοῦ
1051 3149 1169 3198 σου,
1201 3136 1296 3188 καὶ
1343 3132 1441 3186 τοῦ
1476 3134 1624 3187 οἴκου

100 3225 165 3277 τώ
199 3226 387 3297 πατρός
439 3246 568 3284 σου.
614 3247 632 3279 ι
692 3227 880 3281 Ταῦτα
928 3228 987 3281 δὲ
1022 3227 1280 3296 οὐδαμῶς
1348 3226 1627 3290 Ἰουδαίοις

101 3318 309 3387 ἁρμόττει
334 3321 421 3373 ἐπ’
452 3321 716 3394 εύσεὸείᾳ
758 3321 1041 3392 προγόνων
1073 3321 1513 3391 σεμνυνομένοις,
1557 3320 1625 3373 δι’

97 3404 221 3469 οὒς⁸⁸
248 3410 335 3461 καὶ⁵
366 3410 467 3464 ἐπὶ
498 3411 760 3464 πλεῖστον
811 3411 913 3480 τῆς
955 3411 1107 3471 θείας
1152 3410 1477 3480 κηδεμονίας
1523 3411 1627 3463 ἁπ-

94 3497 297 3554 ἐλαυσαν.
332 3499 627 3566 Ἰουδαίοις
658 3504 766 3572 γὰρ
800 3506 866 3573 τῇ
899 3502 1008 3555 τῶν
1032 3502 1284 3571 πατέρων
1316 3500 1627 3556 ἀκολουθεῖν

92 3588 290 3662 εὐσεϐείᾳ
318 3592 569 3653 κελεύει,
597 3594 697 3647 οὐκ
728 3593 1183 3648 ἐπιλανθάνεσθαι
1210 3594 1317 3647 τῶν
1370 3596 1625 3664 πατέρων

92 3684 327 3753 παρεγγυᾷ
350 3699 364 3713 ο
394 3687 439 3754 ἡ
472 3684 528 3737 δὲ
557 3684 616 3748 ἐξ
646 3684 813 3737 ἐθνῶν
855 3685 1169 3755 Ἐκκλησία,
1218 3684 1460 3754 πατέρας
1502 3684 1626 3755 ἔσχε

95 3772 162 3825 καὶ
191 3776 491 3843 προγόνους
544 3776 782 3839 εἰδώλοις
836 3777 1277 3840 δεδουλευκότας.
1336 3777 1554 3846 Ταύτην
1578 3778 1623 3809 ⁸⁸

95 3864 332 3932 τοιγαροῦν
368 3864 744 3935 συμϐουλεύει
775 3866 945 3937 μηδὲν
979 3867 1087 3919 τῶν
1116 3868 1387 3938 πατρῴων
1418 3867 1463 3897 ⁸ο
1488 3866 1626 3919 ἐθῶν

94 3952 134 4003 ὲν
152 3956 186 3986 ⁶¹
212 3959 270 4025 τῇ
306 3959 508 4028 μνήμῃ
537 3959 861 4011 καταλιπεῖν
881 3976 896 3991 ο
929 3961 1023 4012 καὶ
1062 3959 1337 4032 θυγατέρα
1360 3960 1415 4012 δὲ
1450 3960 1623 4028 αὐτὴν

94 4042 301 4114 ὀνομάζει
332 4050 395 4101 τὸ
439 4048 660 4118 Πνεῦμα
697 4050 759 4102 τὸ
788 4050 962 4118 ἅγιον,
998 4051 1073 4114 ὡς
1107 4052 1205 4120 τὴν
1249 4049 1626 4120 πνευματικὴν

96 4137 400 4211 ἁναγέννησιν
438 4142 757 4212 δεξαμένην.
791 4144 1167 4212 ’Υπισχνεῖται
1193 4143 1251 4196 δὲ
1266 4145 1404 4213 αὐτῇ
1427 4143 1626 4211 φυλατσ

95 4227 221 4300 τούση
248 4232 341 4295 τὰς
368 4233 655 4303 ὑποθήκας
684 4234 779 4286 τοῦ
806 4233 1071 4303 βασιλέως
1098 4234 1189 4287 τὸν
1215 4234 1411 4306 ἔρωτα.

146 4322 217 4391 ιβ’.
250 4344 267 4377 ι
298 4327 407 4378 Καὶ
440 4328 483 4357 ⁸⁸
506 4327 899 4399 ἑπιθυμήσει⁶³
933 4330 960 4380 ὁ
990 4327 1248 4397 βασιλεὺς
1277 4328 1373 4382 τοῦ
1395 4328 1624 4393 κάλλους

99 4423 183 4464 σου.
218 4432 236 4464 ι
285 4414 418 4470 Εἶτα
455 4420 550 4470 καὶ
580 4419 680 4489 τὴν
720 4418 892 4489 αὐτῆς
939 4417 1124 4488 φύσιν,
1169 4420 1265 4474 καὶ
1311 4420 1413 4490 τὴν
1444 4420 1490 4452 ⁸⁸
1528 4420 1622 4474 τοῦ
1655 4435 1699 4490 ι)

98 4502 316 4571 βασιλέως
347 4509 510 4574 ἀξίαν
540 4510 802 4568 διδάσκει.

154 4609 171 4640 ι
197 4593 484 4661 ὐτιαὺτός
508 4599 627 4652 ἐστι
658 4600 863 4672 Κύριός
889 4620 1006 4665 σου,
1030 4604 1124 4657 καὶ
1149 4603 1194 4635 ⁸⁸
1226 4603 1627 4675 προσκυνήσεις

99 4682 229 4753 αὐτῷ.
263 4686 376 4761 [cf]
442 4692 549 4744 Καὶ
586 4692 837 4766 θυγάτηρ
897 4695 1076 4765 Τύρου
1131 4697 1189 4749 ὲν
1236 4692 1451 4766 δώροις.
1493 4711 1511 4744 ι
1563 4692 1628 4745 Οἱ

152 4915 175 4955 «ι
207 4906 347 4964 llehr.
382 4925 437 4973 ι,
480 4911 566 4977 19,
600 4911 689 4971 20.

1800 3036 1968 3091 Vens.
2003 3033 2091 3087 11.
2131 3052 2150 3085 ι
2189 3031 2362 3097 Audi,
2393 3030 2501 3085 [ilia
2522 3074 2536 3095 ,
2562 3040 2618 3086 et
2639 3030 2853 3095 vide,et
2882 3031 3084 3086 inclina
3115 3048 3302 3088 aurem

1727 3140 1900 3192 tuam,
1929 3137 1982 3183 et
2010 3125 2340 3180 obliviscere
2381 3123 2563 3194 populi
2622 3123 2726 3188 tui,
2784 3133 2840 3178 et
2896 3124 3094 3180 domus
3132 3126 3304 3194 patris

1729 3225 1828 3279 tui.
1873 3242 1890 3273 ι
1929 3226 1946 3243 ⁶
1978 3219 2148 3273 Porro
2188 3219 2304 3272 lnre
2345 3232 2689 3287 nequaquam
2730 3216 2934 3271 Judaais
2975 3226 3302 3288 congruunt,

1726 3317 1815 3387 qui
1865 3315 1934 3369 ob
1963 3312 2231 3382 majorum
2266 3310 2519 3379 pietatem
2551 3309 2872 3375 eﬂ'eruntur,
2904 3318 3125 3380 propter
3162 3325 3303 3379 quos

1725 3407 2034 3466 diutissime
2065 3422 2094 3460 a
2120 3405 2305 3458 divina
2335 3402 2689 3457 Providentia
2724 3403 2953 3467 protecti
2988 3411 3140 3457 sunt.
3167 3403 3303 3458 Nam

1723 3498 2113 3568 Judazosjuhet
2148 3505 2432 3565 parentum
2471 3494 2727 3563 pietatem
2784 3494 2961 3563 sequi,
3023 3494 3302 3549 hortatur-

1724 3608 1831 3663 que
1875 3606 1942 3647 ne
1989 3590 2265 3658 majorum
2321 3587 2763 3642 obliviscantur:
2819 3586 3064 3656 gentium
3118 3597 3301 3641 autem

1723 3680 1957 3736 ecclesia
1990 3687 2249 3749 parentes
2283 3687 2336 3731 et
2367 3676 2604 3744 majores
2658 3675 2819 3729 idolis
2856 3674 3019 3745 893
3056 3676 3300 3731 servien-

1725 3783 1806 3828 tes
1843 3771 2052 3842 habuit.
2111 3769 2320 3825 Idcirco
2364 3768 2491 3821 huie
2544 3768 2735 3821 suadet
2772 3781 2842 3820 ne
2898 3768 3064 3819 ullum
3129 3768 3299 3820 vesti-

1724 3866 1869 3934 gium
1899 3873 2139 3932 paternae
2164 3860 2580 3915 consuetudinis
2609 3860 2663 3913 in
2690 3858 2956 3915 memoria
2988 3859 3296 3928 relinquat:

1723 3970 1778 4012 et
1813 3957 1977 4010 ﬁliam
2012 3956 2183 4023 ipsam
2219 3953 2470 4007 nominat
2501 3951 2741 4021 Spiritus
2769 3962 3017 4018 sanctus,
3047 3968 3114 4006 eo
3144 3952 3295 4023 quod

1724 4045 2057 4117 spiritualem
2094 4042 2558 4112 regenerationem
2582 4044 2874 4112 acceperit.
2907 4043 3183 4098 Promittit
3201 4059 3300 4097 au-

1725 4148 1831 4193 tem
1865 4136 1967 4206 ipsi
2011 4135 2268 4189 mandata
2328 4135 2655 4190 custodienti
2692 4138 2839 4205 regis
2894 4152 3156 4191 amorem.
3209 4136 3301 4191 Sic

1723 4229 1866 4284 enim
1887 4227 1963 4281 ait
1991 4245 2004 4280 :

1798 4320 1965 4375 Vens.
2009 4319 2093 4373 l2.
2123 4338 2141 4370 ι
2172 4318 2238 4373 Et
2278 4320 2632 4389 concupiscet
2654 4334 2750 4373 rex
2776 4319 3027 4373 decorem
3060 4328 3235 4374 tuum.
3276 4340 3295 4372 ι

1731 4414 1935 4468 Deinde
1995 4421 2051 4467 et
2116 4412 2237 4481 ejus
2298 4418 2579 4474 naturam,
2653 4420 2707 4465 et
2778 4410 2921 4479 rcgis
2984 4411 3299 4481 dignitatem
3389 4453 3391 4455 .

1732 4508 1941 4562 edocet.

1810 4619 1830 4651 ι
1861 4598 2130 4665 Quoniam
2161 4597 2276 4666 ipse
2304 4604 2389 4649 est
2419 4595 2679 4650 Dominus
2717 4595 2854 4651 Deus
2884 4608 3032 4661 tuus,
3079 4608 3133 4652 et
3168 4600 3299 4652 ado-

1738 4694 1887 4749 rahis
1909 4708 2054 4747 eum.
2101 4688 2292 4764 [Vens
2327 4687 2444 4759 13.]
2474 4688 2669 4743 Etﬁlia
2710 4688 2839 4761 Tyri
2897 4707 3020 4745 cum
3059 4693 3301 4745 muneri-

1158 5156 1394 5213 VARIIE
1429 5153 1808 5212 LECTIONES
1845 5154 1937 5211 ET
1976 5152 2206 5211 NOTAE.

152 5312 487 5387 ⁸ζἈδελςροί.
520 5318 639 5373 cod.
670 5317 705 5370 2
735 5318 1030 5386 ἀγαπητοὶ,
1067 5330 1252 5387 prtem.
1285 5314 1404 5369 voci
1434 5315 1627 5385 παρῤη

1731 5332 1765 5387 ξ.
1823 5313 1955 5369 Rec.
1981 5314 2142 5369 lectio
2171 5315 2209 5369 l.
2250 5328 2300 5369 c.
2330 5322 2413 5369 est
2436 5287 2712 5383 ἀδελφοί
2766 5313 2811 5346 ⁸⁸
2844 5315 3065 5387 Ἰησοῦ.
3098 5314 3220 5369 cod.
3248 5315 3270 5367 1
3284 5353 3299 5369 .

133 5383 192 5417 in...

105 5398 215 5437 υιου.
315 5398 358 5419 δ’
406 5398 801 5443 Ἐνεκαὶνισεν

105 5452 265 5527 ⁸1ροι1.
312 5461 362 5521 1,
399 5461 435 5512 2
490 5461 801 5527 γεγένηται.

315 5385 376 5419 δ”
406 5385 834 5443 Ἐνεκαίνισεν.
883 5385 1004 5441 eod.
1052 5389 1076 5440 1
1131 5385 1423 5439 ἐκαίνισεν.
1498 5386 1544 5416 ⁸ο
1566 5390 1627 5438 At

1731 5385 1782 5439 ῦ.
1817 5387 1987 5440 Abest
2015 5403 2042 5437 a
2100 5386 2135 5439 l.
2187 5401 2235 5438 c.
2289 5396 2341 5439 et
2370 5401 2399 5438 a
2465 5387 2586 5438 cod.
2619 5386 2674 5439 9..

907 5459 953 5488 ⁸³
993 5456 1338 5525 Ἐμπλήσει.
1391 5456 1511 5510 cod.
1542 5456 1576 5507 2
1610 5455 1715 5527 πλη

2781 5388 2823 5416 σι
2857 5386 2978 5438 cod.
3044 5386 3079 5436 a
3140 5387 3299 5453 αὐτή.

1724 5456 1910 5525 ρώσει.
2026 5457 2074 5487 ⁸⁵
2101 5455 2365 5524 Ὲτεῖριιι.
2413 5456 2537 5525 cod.
2570 5456 2625 5515 1,
2658 5456 2693 5508 2
2716 5470 2918 5525 prtem.
2943 5457 3125 5525 ναοὺς,
3159 5455 3303 5519 quod

106 5522 263 5599 deinde
289 5522 541 5599 ottiissum
566 5522 687 5599 post
706 5522 1138 5599 ἐξησκημένους.
1210 5522 1260 5558 ⁷⁵⁸
1284 5528 1627 5599 ᾼΒαιζίλισσα

1731 5522 1841 5581 cod.
1892 5527 1945 5590 1,
1969 5526 2003 5579 2
2029 5522 2289 5599 prminglj.
2365 5524 2410 5599 f“
2440 5522 2793 5599 _'lya_no‘p¢_._
2821 5524 2943 5599 cod.
2971 5523 3030 5599 1,
3057 5524 3091 5575 2
3113 5539 3300 5599 prasm.

107 5593 165 5665 ἐν.
226 5596 263 5627 ⁸⁷
289 5597 414 5657 Τοῦ,
448 5590 616 5653 Ahth
636 5617 664 5653 a
692 5590 811 5654 eod.
842 5590 933 5651 2."
972 5599 1016 5630 ³⁸
1034 5597 1170 5661 Οὓς,
1197 5597 1319 5651 cod.
1345 5596 1379 5647 ‘2
1398 5590 1488 5665 ἦς,
1515 5597 1620 5650 οηιὶ

1740 5607 1999 5665 sequente
2030 5590 2143 5650 καί.
2219 5590 2405 5648 "cod.
2432 5596 2455 5649 1
2486 5590 2677 5665 ταύτῃ.

106 5663 139 5693 ⁶¹
162 5665 261 5721 Ἐν.
283 5672 440 5726 Abest
466 5686 495 5722 a
521 5671 643 5724 cod.
687 5671 740 5722 1.

867 5670 911 5700 ⁶²
955 5670 1065 5722 Καὶ
1115 5666 1494 5736 ἐπιθυμήσει.
1552 5668 1674 5720 cod.

108 5733 227 5789 addit
247 5740 346 5810 γάρ
375 5758 526 5809 φησι.

635 5743 681 5771 ⁸⁸
708 5738 850 5806 Τήν.
882 5738 935 5792 In
964 5739 1085 5794 cod.
1116 5739 1167 5803 1,
1203 5739 1238 5791 ‘2
1282 5738 1502 5807 ponitur
1548 5746 1672 5789 ante
1721 5737 1899 5803 ἀξίαν.

2630 5611 2677 5666 ῃ.
2754 5596 2798 5625 ⁶⁰
2825 5596 2946 5666 cod.
2966 5595 3000 5647 2
3030 5593 3299 5666 πατέρων.

1734 5664 1906 5720 Vatic.
1952 5668 2034 5719 ὅτι
2088 5664 2455 5735 ἐπεθύμησεν.
2570 5664 3065 5733 ⁶³”Επιθυμήσει.
3115 5664 3236 5719 cod.
3276 5664 3297 5718 1

2014 5738 2058 5769 ⁸⁵
2090 5737 2199 5790 Kal
2243 5765 2312 5774 —
2345 5735 2569 5804 δώροις.
2618 5736 2849 5801 Propius
2881 5737 2946 5787 ad
2975 5735 3140 5789 Hebr.
3162 5735 3304 5789 teri.

112 5813 243 5860 tatem
275 5806 470 5865 accedit
502 5813 616 5866 haec
640 5810 821 5877 lectio,
854 5827 1018 5879 quam
1046 5806 1293 5879 recepta,
1318 5808 1411 5862 καὶ
1442 5823 1627 5878 προσκι

1731 5824 1912 5862 σουσιν
1955 5806 2103 5879 αὐτῷ
2134 5806 2435 5878 θυγατέρες
2461 5807 2637 5877 Τύρου
2672 5809 2728 5861 ὲν
2773 5806 2985 5875 δώροις.

346 5900 619 5961 ΡΑἸἨΟΙ..
656 5901 771 5961 Gn.
810 5900 1041 5961 LXXX.

2903 5899 2982 5959 38
