3842 6510
155 305 284 370 1209

1486 307 1568 367 IN
1608 307 1813 368 PSAL.
1855 303 2059 366 XLVI.

3241 286 3375 351 l2l0

153 421 408 492 βοώντων,
445 437 464 472 ι
522 409 752 481 Οὗτοςυ
799 420 827 472 6
870 417 1077 490 Ἰησοῦς
1130 423 1159 475 6
1213 420 1549 491 ἀναληφθεὶς
1603 423 1696 491 ἀφ’

1861 418 1957 473 llic
1987 418 2170 484 Jesus,
2203 417 2296 487 qui
2332 423 2653 484 assumptus
2685 420 2771 467 est
2805 426 2832 464 a
2857 409 3034 473 vobis,
3069 407 3150 462 sic
3175 408 3373 470 veniet,

155 514 315 583 ὑμῶν,
345 511 511 574 οὕτως
531 512 812 565 ἐλεύσεται
834 512 891 566 ὃν
918 514 1119 584 τρόπον
1147 513 1446 567 ἐθεάσασθε
1469 515 1514 546 ²⁰
1537 515 1700 568 αὐτὸν

153 605 492 677 πορευόμενον
523 605 604 665 είς
642 603 735 656 τὸν
763 605 1021 674 οὐρανόν·
1063 624 1082 657 ι
1116 605 1222 659 τῶν
1252 605 1308 657 δὲ
1347 605 1457 659 ἄνω
1492 622 1702 677 παρεγ-

153 694 410 764 γυώντων,
446 711 464 744 ι
503 696 707 764 Ἀρκτε
758 693 954 758 πύλας,
1019 697 1068 748 οξ
1109 694 1394 766 ἄρχοντες,
1447 696 1604 765 ὑμῶν
1630 695 1698 762 ¹¹,

153 792 235 843 καὶ
285 789 581 858 ἐπαρθητε,
618 788 784 842 πύλαι
823 790 1055 856 αἰώνιοι,
1121 793 1216 844 καὶ
1274 790 1644 844 εἰσελεύσεται
1675 793 1704 845 ό

153 878 391 948 βασιλεὺς
440 879 537 948 τῆς
595 879 775 950 δόξης.
826 899 845 931 ι
890 881 1003 942 Τὰς
1066 880 1175 950 γὰρ
1226 879 1481 943 τοιαύτας
1519 881 1705 948 φωνὰς

152 970 448 1039 ἀλαλαγμὸν
481 970 729 1039 ὠνόμασε
765 973 860 1024 καὶ
909 971 1228 1040 σαλπίγγων
1283 970 1488 1042 φωνὴν,
1521 971 1597 1034 ώς
1625 973 1706 1034 εἰς

155 1062 352 1112 ἃπασαν
381 1059 781 1130 διαδραμούσας
801 1061 847 1093 ’⁸
879 1061 974 1132 τὴν
1000 1063 1125 1132 γῆν.

215 1149 351 1212 ἔσθ.
383 1151 605 1204 Ψάλατε
640 1152 720 1223 τῷ
752 1152 871 1223 Θεῷ
902 1153 1080 1222 ήμῶν,
1123 1152 1330 1222 eam
1352 1169 1366 1183 ·
1401 1153 1606 1223 ψὰλατε
1629 1151 1708 1224 τῷ

155 1243 346 1310 βασιλεῖ
382 1243 564 1312 ήμῶν,
609 1243 840 1314 ψάλατε.
902 1245 1026 1301 Ὀτι
1081 1245 1336 1316 βασιλεὺς
1389 1247 1572 1318 πάσης
1605 1246 1707 1316 τῆς

155 1336 243 1403 γῆς
267 1337 294 1387 ὁ
331 1335 492 1400 Θεὸς,
550 1335 757 1406 ψάλατε
807 1337 1062 1401 συνετῶς.
1112 1339 1494 1392 Ἐϐασίλευσεν
1522 1341 1549 1390 6
1576 1338 1710 1398 Θεὸς

157 1427 235 1480 ἐπὶ
255 1425 319 1479 τὰ
344 1425 501 1497 ἔθνη,
532 1430 560 1482 ὁ
587 1428 718 1493 Θεὸς
746 1429 979 1499 κάθηται
1030 1430 1123 1482 ἐπὶ
1177 1431 1368 1502 θρόνου
1410 1429 1570 1498 ἁγίου
1614 1430 1712 1484 αὑ·

156 1518 255 1574 τοῦ.
283 1537 302 1569 ι
335 1518 668 1590 ’Υμνῳδίαις
685 1521 881 1584 τοίνυν,
901 1521 996 1575 καὶ
1021 1525 1420 1591 πνευματικαῖς
1445 1521 1710 1592 χορείαις,

157 1613 234 1663 τὸν
253 1610 605 1678 παμϐασιλέα
639 1612 747 1666 τῶν
790 1613 927 1665 ὅλων
953 1614 1300 1684 γεραίρετε¹³
1330 1630 1344 1644 ·
1392 1614 1564 1667 ἆπασι
1602 1613 1714 1685 γὰρ

158 1703 458 1774 ἀνθρώποις
483 1704 583 1773 τήν
606 1702 809 1757 οἰκείαν
841 1704 1012 1770 ἔδειξε
1044 1705 1344 1774 βασιλείαν,
1367 1705 1462 1758 καὶ
1491 1705 1558 1758 τὰ
1587 1703 1711 1774 ἔθνη

1802 507 2263 578 quemadmodum
2300 506 2516 560 vidistis
2560 519 2683 558 eum
2713 511 2930 556 euntem
2963 499 3128 568 906
3163 498 3218 550 in
3263 510 3376 550 cte-

1803 599 1988 666 lnmd;
2023 619 2041 652 ι
2072 599 2180 654 illis
2215 614 2342 653 vero
2365 612 2585 651 sursum
2617 592 3073 649 adhortantibus:
3103 609 3122 641 ι
3156 587 3373 650 Tollite,

1802 697 2097 767 principes,
2132 701 2314 763 portas
2341 696 2570 754 vestras,
2602 697 2657 743 et
2695 683 3008 746 elevamini,
3035 689 3204 751 portas
3229 689 3380 734 aster-

1804 804 1920 853 nx,
1965 797 2020 842 et
2063 785 2315 840 introibit
2354 798 2448 837 rex
2484 781 2668 851 gloriae
2694 791 2739 832 θ.
2785 797 2804 830 ι
2865 775 2974 830 Has
3013 773 3163 828 enim
3192 785 3376 834 voces,

1800 881 2036 951 jubilum
2071 880 2439 946 tubarumque
2466 876 2777 944 clangorem
2805 867 3043 933 vocavit,
3069 877 3129 920 nt
3149 879 3271 936 quae
3286 879 3381 934 per

1806 981 1983 1028 totum
2031 971 2220 1024 orbem
2256 978 2528 1022 terrarum
2562 972 2867 1036 pervagatae
2895 964 3026 1018 sint.

1877 1169 2042 1223 Vens.
2079 1165 2198 1220 7-9.
2235 1184 2254 1218 ‹
2285 1164 2510 1221 Psallite
2552 1162 2662 1219 Deo
2695 1171 2906 1227 nostro,
2957 1151 3383 1229 psallite;psal-

1807 1262 1899 1316 lite
1927 1261 2036 1332 regi
2068 1270 2275 1325 nostro,
2309 1258 2540 1328 psallite.
2589 1254 2861 1322 Quoniam
2894 1267 2987 1306 rex
3021 1248 3200 1304 omnis
3229 1256 3388 1300 terra:

1813 1356 1978 1414 Deus.
2017 1352 2231 1422 psallite
2264 1351 2564 1418 sapienter.
2595 1346 2861 1416 Regnavit
2889 1342 3034 1397 Deus
3069 1355 3232 1410 super
3262 1351 3388 1408 gen-

1811 1455 1913 1508 tes.
1951 1444 2098 1500 Deus
2129 1443 2282 1499 sedet
2314 1458 2479 1512 super
2513 1441 2710 1495 throno
2743 1447 2934 1493 sancto
2965 1449 3087 1490 suo.
3128 1450 3148 1483 ι
3200 1432 3388 1484 Hono-

1812 1551 1928 1596 rate
1966 1540 2132 1609 igitur
2169 1537 2550 1592 universorum
2593 1548 2777 1602 regem
2817 1526 3182 1600 hymnorum‘
3210 1521 3390 1578 canti-

1813 1634 1915 1688 bus
1943 1641 1998 1687 et
2028 1630 2342 1685 cmlestibus
2378 1625 2672 1694 tripudiis;
2729 1618 3180 1692 quandoquidem
3217 1615 3392 1684 impe-

1816 1722 1958 1777 rium
1996 1735 2154 1775 suum
2185 1718 2442 1773 omnibus
2470 1713 2784 1769 hominibus
2819 1708 3079 1773 ostendit,
3108 1703 3393 1760 omnibus-

162 1796 413 1848 πέπεικεν
433 1795 478 1826 ”
532 1795 769 1857 ἅπαντα,
825 1794 901 1858 ῶς
955 1796 1118 1859 αὐτός
1179 1797 1296 1849 ἐστι
1333 1795 1465 1858 Θεός
1513 1813 1573 1848 τε
1622 1795 1718 1848 καὶ

1834 1830 1924 1885 lue
1956 1812 2210 1882 gentibus
2246 1809 2521 1880 persuasit
2558 1822 2617 1862 se
2648 1805 2816 1858 Deum
2845 1813 2897 1856 et
2930 1799 3222 1854 Dominum
3245 1811 3392 1860 esse,

161 1887 372 1958 Κύριος,
405 1888 517 1950 τοῖς
558 1886 853 1956 βασιλικοῖς
883 1889 1263 1958 ἐγκαθήμενος
1288 1885 1505 1950 θώκοις.
1537 1887 1611 1939 Τὸ
1634 1887 1714 1950 δὲ,

167 1999 183 2029 ‹
223 1979 277 2032 '0
315 1979 453 2042 Θεὸς
504 1979 737 2049 κάθηται
786 1979 878 2031 ἐπὶ
927 1980 1118 2052 θρόνου
1174 1979 1328 2049 ἁγίου
1364 1979 1550 2045 αὑτοῦ,
1595 1997 1612 2030 ›
1643 1979 1720 2049 τῷ

163 2071 494 2143 ἁποστολικῷ
520 2073 730 2143 συνᾴδει
765 2072 910 2150 ῥητῷ
930 2089 943 2102 ·
971 2093 989 2126 ι
1023 2074 1306 2128 Ἐκάθισεν
1337 2075 1394 2126 ὲν
1434 2073 1585 2144 δεξιᾷ
1620 2073 1722 2143 τῆς

166 2162 568 2234 μεγαλωσύνης,
601 2166 657 2217 ὲν
686 2163 872 2235 ὑψηλῷ
889 2165 934 2195 ⁸⁵
961 2182 974 2196 ·
1000 2168 1240 2235 τοσούτῳ
1282 2164 1549 2236 κρείττων
1572 2164 1724 2232 γενό-

167 2274 309 2326 μενος
331 2256 446 2308 τῶν
470 2256 740 2324 ἀγγέλων,
763 2257 874 2327 ὅσῳ
889 2255 1288 2327 διαφορώτερον
1318 2258 1453 2326 παρ’
1479 2257 1661 2318 αὐτοῖς
1678 2255 1724 2286 ³⁸

165 2346 634 2418 κεκληρονόμηκεν
669 2347 860 2417 ὄνομα.
889 2366 908 2399 ι
939 2348 1132 2411 Καλῶς
1154 2348 1208 2400 δὲ
1241 2348 1334 2401 καὶ
1365 2348 1425 2400 τὸ
1456 2367 1473 2398 ι
1503 2345 1726 2399 Ψὰλατε

168 2438 395 2502 συνετῶς
440 2459 460 2490 ι
493 2438 706 2492 τέθεικε
744 2439 1010 2492 διδάσκων
1033 2440 1076 2471 ’τ
1131 2440 1207 2512 μὴ
1240 2441 1376 2511 μόνῃ
1413 2443 1478 2510 τῇ
1512 2437 1726 2507 γλώττῃ

170 2530 455 2601 προφέρειν
482 2532 581 2603 τὴν
619 2531 917 2602 ὑμνῳδίαν,
954 2532 1090 2586 ἀλλὰ
1118 2533 1212 2585 καὶ
1250 2533 1349 2600 τὴν
1379 2532 1618 2585 διάνοιαν
1648 2529 1728 2592 εἰς

170 2624 488 2691 κατανόησιν
521 2623 629 2676 τῶν
658 2623 971 2693 λεγομένων
1020 2624 1253 2694 ἐγείρειν
1274 2625 1340 2678 ’⁸.

233 2723 281 2768 ι’.
321 2733 342 2766 ι
383 2717 678 2786 Ἀρχοντες
695 2715 841 2769 λαῶν
863 2715 1211 2787 συνήχθησαν
1243 2716 1380 2786 μετὰ
1403 2716 1449 2748 ³³
1479 2715 1571 2770 τοῦ
1595 2715 1728 2769 Θεοῦ

181 2805 428 2877 Ἀϐραάμ
455 2824 471 2838 ο
511 2807 592 2860 ὅτι
623 2807 717 2860 τοῦ
762 2807 897 2860 Θεοῦ
959 2809 1007 2860 οἱ
1038 2810 1290 2879 κραταιοὶ
1311 2809 1355 2840 ³⁰
1411 2811 1512 2880 τῆς
1563 2809 1665 2877 γῆς
1687 2809 1726 2840 ³⁸

176 2897 371 2968 σ’,εόδρσι
392 2897 728 2969 ὲπῄρθησαν.
770 2917 787 2950 ι
825 2899 1024 2970 Πέρας,
1063 2898 1247 2967 φησὶν,
1293 2899 1348 2952 αί
1396 2900 1532 2970 πρὸς
1552 2901 1597 2931 ⁸³
1641 2899 1732 2953 τὸν

173 2987 515 3058 πατριάρχην
551 2987 802 3059 Ἀϐραὰμ
833 2989 1021 3042 ἔλαϐον
1049 2990 1390 3060 ὑποσχέσεις.
1433 2991 1732 3062 ’Υπέσχετο

171 3075 219 3128 δὲ
244 3076 358 3130 τῶν
392 3077 530 3131 ὅλων
559 3080 587 3132 6
617 3078 840 3149 Κύριος,
880 3079 938 3131 ὲν
962 3077 1038 3149 τῷ
1071 3079 1348 3150 σπέρματι
1383 3080 1546 3133 αὑτοῦ
1577 3082 1733 3134 εὐλο-

1819 1904 1872 1958 in
1930 1901 2207 1971 regalibus
2257 1898 2572 1954 sedentibus
2625 1894 2925 1950 sedentem.
2997 1888 3111 1942 Hoc
3172 1896 3392 1948 autem,

1826 2013 1844 2046 ι
1890 1994 2034 2047 Deus
2063 1992 2216 2045 sedet
2249 2005 2414 2058 super
2450 1987 2654 2041 throno
2687 1995 2881 2039 sancto
2924 1996 3045 2044 suo,
3082 1997 3102 2031 ι
3151 1975 3394 2048 Apostoli

1822 2085 2102 2142 sententia:
2123 2083 2395 2152 quadrat:
2439 2099 2456 2131 ι
2500 2077 2663 2132 Sedet
2684 2078 2750 2130 ad
2780 2077 3061 2129 dexteram
3094 2069 3396 2138 maiestatis

1825 2177 1878 2230 in
1915 2174 2180 2238 excelsis,
2239 2182 2390 2225 tanto
2443 2168 2635 2223 melior
2691 2165 2898 2234 angelis
2955 2163 3151 2226 factus,
3192 2167 3397 2228 quanto

1824 2267 2177 2324 excellentius
2205 2281 2315 2333 pra:
2345 2263 2450 2316 illis
2482 2275 2675 2315 nomen
2709 2256 3043 2313 haereditavit
3070 2254 3116 2308 ί.
3151 2273 3170 2306 ι
3199 2253 3394 2314 Porro.

1832 2379 1850 2413 ι
1889 2360 2107 2416 Psallite
2133 2359 2428 2427 sapienter,
2470 2372 2489 2405 ι
2527 2351 2786 2423 praeclare
2821 2349 3023 2419 posuit,
3065 2347 3268 2402 docens
3289 2359 3399 2398 non

1827 2454 1941 2509 sola
1979 2453 2160 2520 lingua
2190 2451 2421 2521 hymnos
2443 2443 2800 2517 proferendos
2832 2456 2977 2505 esse,
3007 2454 3200 2494 verum
3233 2438 3400 2492 etiam

1830 2557 2067 2600 mentem
2131 2543 2184 2596 in
2249 2557 2440 2597 eorum
2507 2552 2632 2610 quae
2680 2536 2934 2590 dicuntur
2985 2530 3401 2602 intelligentiam

1830 2636 2200 2694 excitandam.

1904 2729 2065 2784 Vens.
2092 2728 2177 2782 10.
2208 2744 2226 2778 ι
2259 2723 2545 2794 Principes
2576 2721 2904 2792 p0pulorum
2936 2714 3249 2787 congregati
3276 2720 3407 2770 sunt

1833 2837 1956 2876 cum
1982 2819 2091 2874 Deo
2114 2817 2430 2878 Abrahami,
2462 2813 2722 2885 quoniam
2749 2812 2918 2866 fortes
2940 2809 3033 2862 Dei
3057 2807 3407 2862 vehementer

1836 2928 2000 2982 super
2037 2920 2237 2964 terram
2276 2908 2468 2964 elevati
2500 2917 2649 2962 sunt.
2688 2925 2707 2958 ›
2755 2903 3176 2964 Promissiones,
3205 2897 3407 2969 inquit,

1836 3022 1957 3077 quae
1991 3005 2312 3076 patriarcha:
2333 3001 2642 3056 Abrahamo
2672 3000 2835 3070 907
2860 2998 3020 3052 factae
3041 3003 3217 3058 erant,
3244 3007 3408 3048 suum

1843 3094 2001 3147 tinem
2056 3092 2259 3148 sortita:
2310 3097 2457 3145 sunt.
2511 3090 2847 3143 Promiserat
2905 3096 3086 3142 autem
3140 3084 3408 3138 Dominus

173 3170 358 3235 γήσειν
379 3169 424 3200 ⁸³
453 3169 632 3223 πάντα
657 3171 724 3223 τὰ
755 3171 904 3244 ἔθνη.
942 3172 1236 3243 Τοιγάρτοι
1283 3173 1376 3224 καὶ
1406 3173 1599 3238 ταῦτα,
1641 3175 1724 3226 καῖ

1843 3185 2089 3238 omnium
2145 3199 2362 3248 rerum,
2414 3197 2472 3237 se
2520 3182 2573 3235 in
2602 3181 2810 3235 semine
2836 3178 2955 3246 ejus
2989 3176 3244 3231 omnibus
3277 3188 3414 3243 gen-

174 3261 217 3312 οἱ
248 3261 461 3315 τούτων
513 3262 808 3334 ἄρχοντες,
857 3264 984 3326 τοὺς
1016 3263 1300 3334 πατρῴους
1353 3265 1744 3329 καταλιπόντες

174 3351 358 3419 Θεοὸς,
395 3353 533 3422 μετὰ
560 3354 655 3407 τοῦ
683 3353 814 3408 Θεοῦ
858 3355 1108 3427 Ἀϐραὰμ
1153 3353 1616 3424 συναθροίζονται,
1649 3358 1745 3409 καὶ

174 3444 360 3498 τοῦτον
412 3449 610 3500 οἰκεῖον
647 3447 778 3500 Θεὸν
802 3447 1180 3517 ὀνομάζουσιν.
1232 3447 1532 3518 ’Υπουργοὶ
1562 3448 1617 3502 δὲ
1647 3449 1744 3518 τῆς

175 3537 377 3589 τούτων
404 3537 648 3608 κλήσεως
673 3540 721 3592 οἱ
743 3539 875 3592 θεῖοι
900 3540 1207 3602 ἀπόστολοι.
1236 3543 1300 3612 τῇ
1329 3539 1741 3614 θαυματουργία

173 3631 231 3683 τὸ
267 3632 364 3702 τῆς
389 3631 669 3700 θεολογίας
711 3631 1113 3702 βεϐαιώσαντες
1166 3633 1318 3704 ὕψος.
1351 3635 1586 3699 Τούτους
1633 3637 1742 3707 γὰρ

173 3724 220 3776 ot
252 3723 352 3792 μὲν
388 3722 790 3794 Ἕϐδομήκοντα
825 3727 1162 3794 κραταιοὺς,
1195 3730 1222 3780 6
1262 3727 1318 3780 δὲ
1372 3727 1608 3792 Ἀκύλας
1639 3733 1743 3784 θυ-

169 3818 418 3884 ρεοὺς,ὁ
459 3817 811 3871 Θεοδοτίων⁸⁶
843 3820 937 3871 καὶ
986 3821 1015 3872 6
1072 3820 1367 3891 Σύμμαχος
1413 3824 1745 3888 ὑπερασπιο

174 3909 368 3977 σμοὺς
389 3908 435 3940 ³⁸
466 3911 933 3982 προσηγόρευσαν.
985 3910 1084 3964 Διὰ
1134 3912 1352 3965 πάντων
1399 3911 1455 3965 δὲ
1489 3912 1549 3964 ού
1586 3912 1743 3981 μόνον

177 3998 352 4052 αὐτῶν
387 3999 449 4052 τὸ
476 4001 765 4071 ἄναρχον³⁶
794 4002 889 4054 καὶ
917 4003 1202 4072 ἀήττητον,
1235 4002 1373 4055 ἀλλὰ
1411 4002 1506 4056 καὶ
1544 4003 1605 4055 τὸ
1635 4001 1745 4055 τῶν

178 4091 348 4145 ἄλλων
380 4091 632 4162 δηλοῦται
659 4094 1007 4162 φυλακτικόν.
1053 4089 1180 4148 Οἷον
1234 4096 1344 4164 γάρ
1374 4113 1521 4159 τινες
1564 4095 1748 4168 θυρεοὶ

181 4186 268 4238 καὶ
324 4185 599 4256 πρόμαχοι
637 4186 746 4239 τῶν
786 4187 1232 4242 πεπιστευκότων
1286 4189 1588 4260 γενόμενοι,
1647 4189 1747 4242 οὐκ

182 4278 368 4332 εἴασαν
418 4279 480 4332 ὲν
511 4281 579 4350 τῇ
626 4279 734 4333 τῶν
798 4280 986 4334 δεινῶν
1040 4279 1311 4353 προσϐολῇ
1355 4280 1591 4352 ῥαγῆναι
1647 4283 1746 4351 τὴν

185 4373 468 4442 φαλαγγα·
523 4375 716 4428 ἁλλὰ³⁷
777 4378 906 4440 τοὺς
971 4377 1265 4448 πολεμίους
1327 4377 1658 4449 τρεψάμενοι
1679 4377 1744 4442 ³⁸,

185 4468 488 4532 παιανίζειν
507 4468 550 4500 ³⁹
571 4470 683 4530 τοῖς
705 4469 1021 4540 όμοπίστοις
1049 4471 1403 4540 παρεγγυῶσι
1422 4473 1742 4540 φάσκοντες,

1847 3277 1990 3331 tibus
2038 3290 2160 3329 esse
2201 3274 2637 3329 benedictnrnm.
2677 3270 2886 3324 Idcirco
2925 3279 2978 3323 et
3005 3269 3088 3323 hac
3121 3275 3334 3338 gentes,
3359 3271 3414 3319 et

1843 3383 2028 3423 carum
2082 3367 2397 3436 principes,
2450 3374 2709 3434 paternos
2758 3361 2896 3416 Deos
2933 3359 3409 3428 derelinquentes,

1843 3479 1966 3516 cum
1989 3461 2098 3515 Deo
2128 3459 2421 3514 Abrahami
2451 3466 2873 3528 congregantur,
2893 3463 2948 3510 et
2973 3455 3117 3508 hunc
3135 3450 3411 3521 proprium
3467 3519 3469 3522 ι

1850 3555 2015 3608 Deum
2051 3552 2354 3606 nominant.
2399 3548 2632 3603 Ministri
2678 3548 2855 3602 autem
2886 3544 3187 3600 vocationis
3218 3541 3413 3594 harum

1844 3649 2084 3721 gentium
2119 3644 2287 3700 divini
2337 3642 2582 3712 Apostoli
2635 3640 2877 3703 fuerunt,
2930 3634 3212 3690 miraculis
3256 3631 3414 3686 theo-

1845 3741 1999 3811 IOgiaa
2028 3737 2370 3792 altitudinem
2403 3735 2700 3788 ﬂuitantes.
2730 3731 2839 3785 Hos
2869 3730 3012 3782 enim
3056 3724 3414 3794 Septuaginta

1845 3832 2005 3901 fortes
2037 3833 2446 3896 nuncuparunt,
2483 3824 2683 3893 Aquila
2726 3837 2855 3876 vero
2885 3829 3057 3882 scuta,
3106 3813 3417 3870 Thcodotio

1845 3934 1899 3979 et
1937 3922 2301 3994 Symmachus
2331 3918 2679 3989 protectiones
2708 3915 3068 3985 appellarunt.
3105 3911 3207 3965 Per
3231 3907 3417 3962 omnia

1845 4023 2027 4069 autem
2070 4012 2146 4066 ita
2200 4027 2309 4066 non
2362 4010 2539 4065 solum
2591 4007 2900 4062 ostenditur
2947 4019 3137 4059 eorum
3177 3999 3417 4072 potentia

1846 4105 2047 4161 nemini
2077 4103 2314 4172 subjecta
2344 4109 2397 4156 et
2425 4099 2883 4170 inexpugnabilis,
2915 4098 3008 4152 sed
3039 4096 3201 4150 etiam
3232 4101 3418 4149 custo-

1846 4199 1932 4254 dia
1970 4213 2131 4266 quam
2173 4196 2295 4250 aliis
2345 4195 2733 4249 exhibuernnt.
2781 4191 2912 4244 Nam
2965 4191 3113 4243 velut
3165 4186 3416 4259 quaedam

1847 4302 1997 4346 scuta
2050 4297 2104 4344 et
2138 4288 2541 4358 propugnacula
2591 4284 2928 4340 credentium
2981 4282 3146 4346 facti,
3191 4279 3417 4350 phalan-

1847 4398 1966 4452 gem
2007 4382 2059 4436 in
2095 4381 2466 4436 calamitatum
2508 4376 2876 4446 impressione
2915 4373 3091 4444 frangi
3141 4388 3244 4426 non
3293 4385 3417 4440 per-

1849 4475 2134 4538 miserant,
2157 4472 2250 4527 sed
2277 4470 2528 4526 hostibus
2553 4470 2606 4522 in
2633 4468 2815 4536 fugam
2842 4466 3034 4529 versis,
3060 4463 3419 4517 adhortantur

191 4577 206 4609 ι
240 4558 426 4613 Πάντα
452 4560 523 4613 τὰ
552 4559 701 4631 ἔθνη,
746 4564 1049 4634 κροτήσατε
1083 4566 1271 4634 χεῖρας
1292 4582 1304 4594 ⁸
1336 4563 1641 4630 ἀλαλάξατε
1672 4562 1724 4632 τῷ

1853 4566 2094 4636 ejusdem
2133 4564 2261 4617 ﬁdei
2298 4563 2626 4632 participes,
2659 4570 2718 4613 ut
2753 4574 2943 4629 paeana
2978 4557 3268 4611 decantent
3290 4593 3306 4617 ,
3337 4552 3421 4606 di-

187 4650 294 4719 Θεῷ
343 4652 404 4704 ὲν
462 4655 612 4724 φωνῇ
667 4654 1070 4721 ἀγαλλιάσεωςο
1111 4656 1194 4708 ὅτι
1243 4655 1450 4727 Κύριος
1497 4655 1745 4726 ὕψιστος,

187 4739 434 4820 φοϐερὸς,
475 4741 732 4812 βασιλεὺς
768 4744 942 4816 μέγας
967 4746 1062 4800 ἐπὶ
1099 4747 1280 4799 πᾶσαν
1311 4746 1410 4817 τήν
1442 4744 1569 4815 γῆν.
1614 4765 1634 4797 ι

255 4981 279 5007 ο
314 4966 441 5022 Act.
473 4982 513 5032 ι,
553 4967 643 5021 Η.
718 4978 743 5006 θ
777 4967 924 5024 Psal.
963 4983 1120 5033 χχιιι,
1158 4969 1214 5036 7,
1245 4967 1299 5022 9.
1385 4967 1404 5005 ι
1448 4965 1616 5020 Hebr.
1653 4980 1692 5030 ι,
1720 4962 1774 5016 4.

1857 4667 2042 4714 centes
2067 4674 2080 4710 :
2111 4677 2128 4707 ι
2153 4655 2353 4710 Omnes
2385 4664 2591 4725 gentes,
2620 4652 2863 4722 plaudite
2893 4649 3166 4712 manibus,
3193 4645 3421 4716 jubilate

1862 4750 1972 4804 Deo
2001 4765 2134 4804 voce
2167 4746 2547 4802 exsultationis
2577 4763 2591 4799 :
2623 4742 2883 4814 quoniam
2926 4738 3190 4794 Dominus
3236 4735 3418 4790 excel-

1863 4857 1979 4906 sus,
2013 4839 2290 4904 terribilis,
2320 4854 2416 4892 rex
2447 4851 2676 4906 magnus
2703 4849 2868 4903 super
2894 4845 3108 4885 omnem
3145 4838 3366 4883 terram.
3395 4843 3415 4877 ι

1249 5047 1484 5141 vam
1525 5078 1909 5138 LECTIONES
1957 5079 2043 5134 er
2073 5077 2307 5134 noua.

276 5200 298 5231 ⁹
326 5192 536 5262 Οὗτος.
564 5197 685 5252 cod.
714 5196 737 5248 1
771 5197 917 5251 addit
944 5196 1111 5250 ἐστίν.
1187 5195 1234 5228 ²⁰
1263 5195 1648 5251 Ἐθεὰσασθε.
1674 5195 1724 5248 lu

1834 5200 1883 5248 [1.
1916 5195 1948 5246 3
1975 5193 2194 5261 ponitur
2235 5187 2565 5262 pestatem.
2644 5185 2686 5217 ²¹
2721 5183 2841 5240 eod.
2863 5180 3108 5262 211mm.
3129 5178 3369 5262 ’."ncod..
3389 5178 3427 5232 2

192 5267 522 5338 δραμούσας.
549 5337 559 5338 7
628 5268 674 5298 ”
692 5269 1022 5338 Papa/pste.
1056 5267 1179 5321 cod.
1201 5268 1254 5338 il
1291 5267 1441 5321 addit
1471 5264 1694 5338 Κύριον.

192 5337 312 5402 λοῖς.
387 5338 435 5371 ’⁸
461 5337 587 5392 cod.
620 5338 671 5402 1,
701 5339 736 5392 2
761 5337 976 5401 αὐτούς.

1805 5264 1850 5294 ’⁸
1875 5259 2162 5316 Πέπεικεν
2192 5260 2314 5314 cod.
2350 5259 2384 5310 2
2430 5262 2815 5309 πεπίστευκεν.

1052 5339 1094 5369 ³⁷
1120 5337 1448 5392 Διδάσκων.
1482 5333 1648 5390 Abest
1691 5350 1721 5389 a
1763 5335 1884 5390 cod.
1929 5333 1980 5386 1.

2911 5248 3111 5304 "cod.
3145 5251 3198 5312 1,
3228 5249 3260 5300 2
3291 5248 3428 5317 ὑψη-

2068 5333 2112 5364 ²⁸
2136 5330 2257 5386 cod.
2293 5329 2319 5382 1
2341 5326 2659 5397 διεγείρειν.
2732 5327 2777 5356 ²⁹
2801 5322 2980 5378 Merci.
3015 5320 3177 5374 Hebr.
3203 5329 3300 5392 Di].
3331 5334 3429 5388 pro

195 5460 296 5512 quo
337 5445 386 5498 oi
432 5450 475 5497 o'
507 5453 564 5498 et
607 5441 871 5497 Theodot.
904 5453 993 5522 7:3]
1023 5442 1223 5513 legisse
1275 5443 1546 5496 videntur.
1577 5441 1722 5495 Prms

1846 5448 2026 5494 autem
2084 5433 2396 5508 Symmachi
2443 5431 2623 5486 versio
2646 5471 2661 5496 ,
2689 5430 2816 5494 λαὸς
2847 5427 2941 5481 τοῦ
2986 5425 3122 5480 Θεοῦ
3155 5423 3428 5494 Ἀϐραάμ.

200 5549 239 5580 ³θ
271 5553 332 5603 οι
397 5550 691 5618 repararet.
747 5547 911 5602 Hebr.
952 5557 1114 5618 um.
1141 5547 1284 5615 Aqn.
1333 5544 1534 5618 θυρεοί.
1571 5544 1724 5618 δγιῐιι

1834 5545 2076 5618 [‘heodot.
2097 5537 2524 5618 Aet__e¢_iit._Va_t.
2569 5533 3038 5618 crre_paamapo§._
3070 5532 3114 5563 ⁸³
3295 5526 3426 5618 ηῆςὲ

201 5621 358 5674 Abest
389 5604 570 5674 a'cod.
606 5619 658 5674 1.
735 5621 780 5650 ³³
812 5604 1140 5682 Πρόςίὲὦιί.
1173 5604 1414 5687 ε’περί.’
1460 5617 1504 5646 ³³
1537 5604 1659 5670 cod.
1694 5617 1724 5670 3

201 5689 630 5740 ύτιεοασπισιιόν.
730 5689 775 5720 ⁸⁸
807 5690 1130 5740 Ἀναογον.
1171 5687 1292 5740 eod.
1324 5689 1378 5740 1.
1417 5685 1454 5740 2
1490 5685 1722 5740 ἅμαγον.

1834 5617 2018 5682 ιογεῖν.
2095 5614 2140 5645 ³⁵
2167 5613 2222 5663 '0
2247 5609 2593 5664 Θεοδοτίων.
2622 5604 2787 5664 Abest
2816 5623 2844 5658 a
2875 5605 2976 5657 cod
3008 5604 3062 5656 '5.

1840 5685 1881 5716 ⁸⁷
1911 5683 2117 5740 Ἀλλά.
2158 5683 2280 5740 cod.
2324 5681 2359 5734 2
2388 5679 2535 5736 addit
2556 5677 2666 5732 καί.
2775 5677 2819 5709 ³⁸
2851 5672 3062 5740 Τρεψιῇ

1806 5680 2117 5751 *³⁷-Ἀλλά.
2158 5683 2280 5740 cod.
2324 5681 2359 5734 2
2388 5680 2535 5736 addit
2556 5680 2666 5732 καί.

201 5689 630 5774 ῠτιερασξξισμόνἐ
730 5689 775 5774 '_‘
807 5690 1130 5774 ’.ργαρχοξ
1171 5685 1378 5753 codJ,
1417 5685 1454 5740 2
1490 5685 1722 5757 ἄμαχον.

205 5774 234 5812 a
262 5757 378 5815 cud.
413 5761 468 5814 2.
512 5757 526 5761 ⁷
583 5759 629 5792 ⁸³
661 5759 786 5816 cod.
821 5759 856 5815 ’5
879 5757 1214 5820 παιωνίζειν.

3167 5601 3212 5631 ³⁵
3241 5598 3363 5653 cod.
3395 5599 3432 5651 2

2775 5677 2819 5709 ³⁸
2851 5672 3233 5744 Τρεψιῂιιενοι.
3264 5668 3432 5724 Abest
