3842 6516
152 341 283 407 1217

1469 336 1550 396 IN
1574 336 1774 395 PSAL.
1809 335 2077 395 XLVIII.

3258 339 3392 406 1218

150 460 240 512 καὶ
278 455 497 524 ἑκάστῃ
552 451 848 521 ἐπιστῆναι
897 449 990 502 τον
1036 448 1430 519 γεωργοῦντα⁷
1488 448 1584 500 καὶ
1622 447 1720 515 τὴν

1834 448 2078 501 arnliibus
2107 447 2320 502 sarculis
2354 445 2662 502 faciendum
2695 447 2884 517 jubet;
2934 460 3213 517 propterea
3262 469 3396 508 suu-

150 551 537 622 προσήκουσαν
560 544 880 614 ποιούμενον
924 542 1267 611 ἐπιμέλειαν.
1301 542 1410 594 Καὶ
1437 541 1596 594 τοῦτο
1625 540 1724 611 οὐχ

145 640 319 707 ἅπαξ,
343 639 472 692 οὐδέ
501 639 606 701 δὶς,
632 636 767 689 ἀλλὰ
796 633 919 688 καθ’
954 634 1191 703 ἑκάστην
1230 632 1425 702 γενεὰν
1455 632 1724 685 ἐπιτελεῖ-

146 734 265 785 σθαι
306 729 555 783 κελεύει.
589 726 715 781 Aab“
747 727 813 797 δὴ
861 724 957 778 καὶ
990 727 1268 795 ἐπήγαγεν
1290 738 1303 753 ⁸

210 848 231 878 ι
299 827 503 888 Ὀπως
572 826 638 878 ἂν
709 820 1046 891 διηγήσησθε
1117 822 1197 883 εἰς
1248 818 1444 888 γενεὰν
1508 819 1721 888 ἑτέραν.

144 918 249 990 [ιε’]
272 920 409 971 ὐτι
438 912 595 978 οὗτός
624 916 769 966 ἐστιν
795 914 822 965 6
849 911 983 974 Θεὸς
1002 910 1158 981 ἡμῶν
1190 912 1269 974 είς
1293 910 1383 963 τὸν
1408 909 1596 973 αἰῶνα,
1629 915 1724 963 καὶ

140 1013 215 1073 εἰς
274 1010 376 1061 τὸν
421 1009 599 1062 αἰῶνα
643 1005 737 1059 τοῦ
785 1004 1001 1065 αἰῶνος.
1052 1003 1224 1065 Αὐτὸς
1276 1004 1537 1071 ποιμανεῖ
1575 1002 1723 1071 ἡμᾶς

142 1105 218 1165 εἰς
256 1102 393 1163 τοὺς
459 1099 665 1159 αἰῶνας
681 1098 723 1150 ⁸.
766 1116 783 1147 ι
834 1096 956 1166 Χρὴ
999 1094 1109 1166 γὰρ
1140 1094 1331 1163 γενεὰν
1391 1094 1627 1163 ἑκάστην
1656 1095 1723 1162 τῇ

143 1192 260 1264 μετ’
317 1191 498 1260 αὐτὴν
538 1186 930 1258 παραδιδόναι,
995 1185 1033 1238 ὃ.
1089 1186 1238 1257 παρὰ
1292 1187 1392 1256 τῆς
1451 1185 1724 1257 προτέρας

140 1280 659 1354 παρειλήφαμενη,
690 1278 829 1331 ὥστε
852 1280 909 1331 ἐν
943 1277 1183 1339 ἁπάσαις
1218 1280 1340 1341 ταῖς
1374 1280 1588 1344 γενεαῖς
1609 1277 1724 1329 δια-

140 1373 568 1444 ωρθμευθῆναι
619 1370 683 1423 τὸ
722 1372 987 1441 σωτήριον
1010 1370 1298 1439 κήρυγμα,
1336 1369 1487 1420 xui.”
1521 1368 1722 1436 γνῶναι

140 1464 350 1525 πάντας
378 1460 730 1532 ἀνθρώπους,
760 1460 841 1512 ὅτι
887 1451 1041 1520 οὗτος
1069 1458 1225 1527 ἡμῶν
1267 1458 1362 1511 καὶ
1382 1459 1423 1487 τ’
1455 1458 1587 1520 Θεὸς
1630 1458 1723 1510 καὶ

141 1553 365 1620 Κύριος,
402 1549 726 1619 καίποιμὴν
756 1547 981 1615 ἀγαθὸς,
1018 1548 1110 1601 καὶ
1141 1547 1383 1610 αἰώνιος.
1438 1548 1656 1620 Ἐπεδὴ
1680 1548 1722 1579 ³³

142 1644 245 1715 γὰρ
269 1638 425 1703 εἷπε,
460 1660 479 1692 ι
516 1639 915 1693 Καταδιέλεσθε
955 1638 1054 1701 τὰς
1079 1638 1265 1708 βάρεις
1293 1638 1486 1709 αὐτῆς,
1513 1658 1531 1689 ι
1571 1638 1722 1692 xei."

143 1737 196 1790 τὸ
243 1734 575 1801 ποιμαίνειν
617 1733 799 1795 αὐτοῖς
845 1732 1211 1801 ἐνεχείρισεν,
1262 1729 1580 1797 ἀναγκαίως
1618 1729 1725 1783 ἐδίς

1820 537 2004 607 junxit
2043 556 2055 591 :

1902 819 1919 851 ι
1957 800 2030 855 Ut
2078 801 2345 856 enarrctis
2398 802 2451 856 in
2501 803 2755 872 progenie
2792 804 2979 859 altera.
3034 802 3223 875 [Vens
3278 805 3389 877 15.]

1825 891 2095 959 Quoniam
2136 893 2225 947 hic
2275 902 2358 947 est
2402 892 2544 947 Deus
2586 904 2770 947 noster
2816 896 2866 947 in
2918 903 3203 959 mtcruum,
3244 906 3299 950 et
3339 898 3391 949 iu

1824 988 2081 1043 saeculum
2116 987 2301 1041 szeculi
2335 1004 2350 1041 :
2381 987 2496 1055 ipse
2532 996 2711 1055 pascet
2735 987 2896 1057 913
2930 1004 3029 1042 nos
3057 990 3108 1041 in
3134 990 3384 1043 saecula.»

1826 1083 1843 1100 '
1874 1078 2102 1147 Oportet
2147 1079 2292 1131 enim
2361 1091 2419 1133 ut
2460 1080 2719 1131 saxulum
2755 1080 3178 1147 unumquodque
3219 1080 3393 1133 tradat

1824 1168 2071 1237 sequenti
2122 1167 2323 1221 sa-culo
2371 1183 2432 1219 ea
2478 1182 2599 1234 quae
2646 1182 2745 1219 nos
2785 1183 3096 1236 accepunus
3138 1184 3166 1222 a
3200 1171 3390 1239 priori.

1822 1260 1972 1314 Adeo
2004 1269 2064 1313 ut
2099 1260 2150 1313 in
2179 1274 2373 1314 omnes
2403 1270 2587 1313 mtates
2622 1260 2813 1313 salutis
2855 1263 3183 1329 pratconium
3217 1271 3396 1315 trans-

1824 1351 2109 1414 mittatur,
2167 1364 2470 1419 omncsque
2533 1350 2782 1404 homines
2849 1361 3182 1420 cognoscant
3250 1354 3395 1406 hunc

1823 1453 2072 1497 nostrum
2112 1457 2233 1496 esse
2276 1450 2330 1495 et
2380 1442 2548 1495 Deum
2595 1451 2649 1494 et
2697 1440 3008 1508 Domiumn,
3037 1454 3089 1497 et
3121 1454 3391 1512 pastorem

1825 1536 2051 1600 bonum,
2083 1548 2137 1587 et
2156 1535 2571 1604 sempiternum.
2605 1533 2739 1600 Quia
2768 1536 2913 1589 enim
2940 1538 3114 1590 dixit:
3152 1557 3168 1587 ι
3201 1536 3395 1591 Distri-

1824 1628 1975 1683 buite
2024 1628 2217 1682 domos
2272 1628 2468 1696 ipsius,
2512 1645 2530 1676 ι
2582 1636 2636 1679 et
2683 1628 2940 1696 pascendi
2987 1628 3222 1682 cilicium
3263 1629 3396 1698 ipsis

1826 1719 2063 1783 tradidit,
2113 1718 2361 1786 apposite
2392 1718 2578 1771 docuit
2634 1733 2799 1769 unum
2838 1734 2961 1772 esse
2991 1729 3263 1787 pastorem
3297 1721 3394 1773 bo-

144 1827 312 1889 δαεεν,
339 1829 433 1878 ὅτι
467 1819 549 1886 εἷς
571 1824 612 1855 ’⁵
641 1824 670 1876 6
694 1824 898 1893 ποιμὴν
923 1824 951 1874 6
977 1821 1161 1885 καλὸς,
1191 1824 1219 1876 6
1237 1823 1335 1891 τὴν
1360 1822 1537 1892 ψυχὴν
1554 1820 1718 1874 αὑτοῦ

1834 1828 1972 1873 num,
1997 1811 2092 1881 qui
2120 1810 2355 1864 animam
2390 1826 2542 1863 suam
2576 1810 2755 1878 posuit
2778 1825 2874 1879 pro
2908 1813 3123 1873 ovibus,
3155 1812 3205 1864 in
3237 1823 3393 1865 aster-

145 1914 401 1977 τεθεικὼς
432 1915 574 1985 ὑπὲρ
607 1913 717 1967 τῶν
763 1914 1074 1982 προϐάτων,
1106 1915 1187 1972 εἰς
1208 1914 1253 1943 ¹⁹
1287 1912 1460 1966 αἰῶνα
1497 1912 1721 1981 ποιμαί-

145 2006 296 2061 νων¹⁷
312 2046 327 2068 ,
346 2005 453 2058 καὶ
478 2005 784 2073 ποιμαίνων
808 2003 849 2034 ⁸⁸
873 2004 932 2055 οὐ
962 2003 1175 2073 μόνον¹⁹
1198 2004 1265 2056 τὰ
1288 2003 1557 2071 πρόϐατα,
1587 2003 1722 2058 ἀλλὰ

147 2103 230 2156 καὶ
267 2103 399 2164 τοὺς
436 2101 549 2153 τῶν
597 2099 887 2170 προΰὰτων
919 2099 1289 2166 καλουμένους
1311 2099 1355 2129 ¹⁰
1388 2098 1612 2169 νομέας.

461 2207 732 2260 EPMHN.
768 2206 905 2259 ΤΟΥ
938 2208 1057 2260 MH'
1088 2206 1406 2262 ‘FAAMOY.

208 2325 273 2372 α’.
301 2336 323 2368 ι
347 2316 453 2379 Εἰς
472 2317 536 2369 τὸ
559 2316 732 2381 τέλος,
752 2320 863 2381 τοῖς
890 2318 1026 2380 υἱοῖς
1052 2319 1195 2388 Κορὲ
1222 2318 1483 2390 ψαλμός.»
1506 2319 1565 2373 'D
1585 2320 1724 2384 θεῖος

152 2412 243 2465 τῶν
269 2410 604 2464 ἀποστόλων
656 2412 817 2481 χορὸς
849 2412 941 2463 καὶ
971 2412 1072 2482 ἤδη
1100 2416 1214 2476 τοῖς
1238 2412 1413 2466 ἔθνεσι
1438 2416 1727 2484 παρηγγύ-

151 2520 235 2573 ησε
255 2502 348 2553 τὸν
383 2501 662 2553 ἐπινίκιον
694 2500 723 2552 ὓ
733 2518 862 2570 μνον
894 2504 1284 2570 προσενεγκεῖν
1311 2502 1390 2571 τῷ
1415 2502 1536 2572 Θεῷ
1560 2521 1574 2536 ·
1631 2504 1725 2556 καὶ

152 2594 232 2647 νῦν
247 2593 525 2657 ὡσαύτως
552 2597 664 2657 τοῖς
686 2594 1118 2658 αὑτοῖς²¹ἐθνεσι
1146 2596 1445 2666 προσφέρει
1470 2598 1727 2665 παραίνε-

154 2703 244 2747 σιν,
280 2685 620 2756 προσθεῖναι
646 2688 712 2757 τῇ
756 2686 938 2739 πίστει
966 2687 1059 2740 τοῦ
1092 2686 1208 2757 βίου
1239 2688 1339 2758 τὴν
1365 2690 1586 2759 ἀρετήν.
1619 2690 1729 2741 Καὶ

152 2777 381 2830 διδάσκει
405 2778 504 2831 τοῦ
537 2778 766 2831 πλούτου
798 2779 860 2831 16
886 2781 1135 2849 μάταιον,
1162 2780 1256 2832 καὶ
1278 2782 1379 2851 τῆς
1402 2779 1496 2832 τοῦ
1523 2780 1729 2853 κόσμου

158 2870 333 2937 σοφίας
386 2870 455 2922 τὸ
499 2870 748 2939 ἀκερδές.
816 2871 1079 2941 Προλέγει
1107 2870 1165 2923 δέ
1209 2872 1303 2924 καὶ
1334 2871 1433 2943 τὴν
1464 2872 1731 2943 ἐσομένην

154 2961 365 3031 κρίσιν,
425 2963 527 3015 καὶ
572 2963 671 3030 τὴν
712 2961 927 3025 ἁξίαν¹²
973 2963 1263 3017 ἀντίδοσιν.
1314 2965 1413 3017 Διά
1442 2963 1603 3017 τοῦτο
1638 2966 1732 3018 καὶ

152 3055 228 3117 εὶς
269 3052 341 3105 τὸ
385 3052 569 3119 τέλος
623 3056 651 3107 6
688 3054 904 3125 ψαλμὸς
935 3054 1378 3126 ἐπιγέγραπται,
1428 3056 1503 3119 ὡς
1530 3058 1730 3122 παντὸς

152 3146 237 3200 τοῦ
262 3147 392 3216 βίου
424 3148 486 3199 τὸ
516 3147 670 3211 τέλος
698 3148 1107 3219 προαγορεύων.

216 3240 276 3309 β’.
302 3259 323 3293 ι
348 3239 652 3293 Ἀκούσατε
682 3242 873 3308 ταῦτα,
903 3242 1079 3296 πάντα
1100 3240 1167 3296 τὰ
1194 3241 1343 3314 ἔθνη,
1369 3231 1721 3309 ἐνωτίσασθε,

152 3335 349 3397 πάντες
402 3334 452 3386 οί
487 3333 865 3397 κατοικοῦντες
902 3335 1000 3405 τὴν
1028 3336 1378 3406 οἰκουμένην.
1410 3355 1429 3388 ι
1470 3338 1592 3390 Ὅτι
1624 3338 1724 3408 μό-

152 3439 255 3483 νοις
316 3422 603 3484 Ἰουδαίοις
659 3423 709 3473 οί
762 3425 1036 3493 προφῆται
1094 3425 1441 3480 διδασκαλίαν
1465 3428 1510 3459 ”
1556 3444 1725 3498 προσ-

152 3517 367 3586 έφερον,
409 3516 573 3569 παντί
604 3532 706 3568 που
727 3516 881 3585 δῆλον
901 3533 915 3546 ·
938 3517 1051 3570 ἀλλ’
1074 3519 1309 3573 ἐνταῦθα
1339 3521 1367 3573 6
1390 3527 1725 3591 προφητικδς

152 3609 302 3676 λόγος
337 3611 446 3678 τήν
474 3610 807 3679 οἰκουμένην
851 3610 1033 3661 πᾶσαν
1087 3613 1166 3674 είς
1196 3613 1459 3683 ἀκρόασιν
1491 3618 1725 3684 συνεγεί-

163 3703 308 3771 pet".
341 3700 521 3754 Τοῦτο
563 3701 620 3754 δὲ
650 3701 747 3770 τῆς
774 3702 1142 3770 ἀποστολικῆς
1172 3703 1397 3774 χάριτος
1424 3705 1553 3758 ἴδιον
1579 3723 1594 3738 ο
1624 3708 1725 3759 αὐ-

164 3796 261 3856 τοῖς
288 3794 404 3863 γὰρ
444 3794 546 3860 τὴν
585 3791 694 3844 τῶν
736 3792 991 3846 ἁπάντων
1038 3791 1207 3846 ἐθνῶν
1262 3793 1347 3845 δ”
1389 3795 1724 3865 Δεσπότης²⁶

168 3886 386 3951 Χριστὸς
421 3886 725 3955 ἐνεχείρισε
790 3884 1083 3953 σωτηρίαν.
1121 3904 1139 3935 ι
1171 3884 1532 3955 Πορευθέντες
1578 3887 1686 3953 γὰρ
1708 3924 1723 3947 ,

174 3977 316 4045 ςησὶ,
349 3974 732 4045 μαθητεύσατε
760 3976 940 4029 πάντα
960 3976 1029 4028 τὰ
1048 3975 1229 4046 ἔθνη.)
1259 3975 1428 4043 Δῆλον
1450 3976 1626 4028 τοίνυν
1650 3975 1725 4039 ὼς

168 4068 222 4132 ἐξ
240 4068 416 4121 αὐτῶν
475 4070 525 4120 οἱ
584 4067 732 4136 λόγοι
765 4068 1173 4140 προσφέρονται
1203 4107 1217 4124 .
1252 4067 1406 4119 οὺκ¹⁷
1458 4066 1728 4129 Ἰουδαίοις

166 4158 361 4225 μόνοις,
404 4157 529 4210 οὐδὲ
561 4158 734 4211 τοῖσδε
781 4158 815 4228 ἢ
858 4158 1036 4211 τοῖσδε
1080 4157 1252 4221 τοῖς³⁸
1294 4154 1541 4221 ἔθνεσιν,
1595 4156 1731 4210 ἀλλὰ

162 4251 303 4320 πάσῃ
334 4250 404 4319 τῇ
439 4248 551 4301 τῶν
579 4248 880 4317 ἀνθρώπων
910 4249 1092 4318 φύσει.

221 4348 290 4410 γ’.
355 4360 374 4392 ι
417 4341 488 4394 Οἵ
510 4358 571 4393 τε
603 4344 875 4410 γηγενεῖς,
906 4342 1002 4394 καὶ
1028 4340 1192 4393 υίοὶ²⁹
1222 4338 1331 4393 τῶν
1357 4338 1681 4409 ἀνθρώπων.
1702 4359 1721 4391 ι

158 4429 311 4493 Τινὲς
342 4429 619 4499 γηγενεῖς
647 4431 740 4483 τὸν
768 4432 937 4501 ’Λδὰμ
994 4432 1089 4485 καὶ
1141 4430 1238 4501 τὴν
1267 4428 1410 4483 Εὔαν
1437 4430 1723 4495 ἐκάλεσαν,

1747 3149 1794 3208 C

1823 1919 1952 1956 num
1984 1917 2235 1973 pascens,
2290 1912 2343 1955 et
2388 1917 2619 1970 pascens
2669 1918 2775 1956 non
2824 1904 2985 1956 modo
3019 1920 3170 1966 oves,
3208 1920 3393 1958 rerum

1822 1998 1984 2051 etiam
2017 2010 2113 2049 eos
2149 1995 2245 2065 qui
2275 1995 2458 2049 ovium
2496 2006 2746 2064 pastores
2778 2008 3184 2065 nuncupantur.

2191 2195 2465 2252 INTERP.
2508 2197 2760 2252 PSALMI
2800 2198 3032 2252 XLVIII.

1894 2311 2061 2366 Vens.
2094 2312 2146 2367 1.
2187 2330 2205 2362 ι
2232 2313 2290 2364 In
2326 2313 2510 2377 tinem,
2546 2310 2700 2365 Filiis
2726 2314 2865 2367 Core
2885 2313 3149 2382 psalmus.
3190 2330 3209 2365 ι
3246 2313 3395 2369 Divi-

1826 2421 1930 2461 nus
1964 2404 2337 2475 apostolorum
2372 2403 2597 2465 chorus,
2641 2412 2696 2456 et
2736 2402 2848 2471 jam
2894 2403 3176 2457 admonuit
3205 2415 3395 2473 gentes

1827 2509 1887 2552 ut
1917 2498 2304 2566 triumphalem
2354 2499 2611 2566 hymnum
2662 2495 2770 2549 Deo
2817 2496 3115 2551 afferrent:
3166 2508 3219 2552 et
3249 2512 3396 2551 nunc

1827 2591 2080 2644 similiter
2123 2590 2342 2645 easdem
2376 2596 2565 2657 gentes
2608 2589 2853 2641 hortatur
2886 2600 2943 2643 ut
2972 2590 3094 2645 lidei
3134 2592 3391 2645 virtutem

1828 2682 1953 2735 vita:
1981 2680 2281 2750 adjungant
2305 2721 2319 2745 ,
2359 2688 2414 2732 et
2443 2680 2603 2733 docet
2629 2680 2942 2733 divitiarum
2982 2683 3306 2745 vanitatem,
3342 2694 3396 2737 et

1829 2773 2015 2828 mundi
2065 2773 2346 2841 sapientiae.
2370 2772 2738 2825 inutilitatem.
2792 2772 3041 2828 l’rzedicit
3088 2786 3310 2841 autem,
3341 2788 3396 2832 et

1831 2864 2072 2918 futurum
2093 2864 2357 2931 judicium
2378 2902 2393 2927 ,
2428 2871 2483 2916 et
2505 2863 2832 2931 condignam
2878 2869 3392 2923 remunerationem.

1832 2958 2095 3023 Quocirca
2120 2964 2174 3010 et
2218 2956 2270 3008 in
2294 2959 2450 3023 ﬁnem
2482 2955 2727 3025 psalmus
2748 2956 3041 3025 inscriptus
3068 2969 3169 3022 est,
3198 2960 3396 3029 quippe

1832 3050 1922 3119 qui
1951 3050 2118 3104 totius
2142 3049 2265 3103 vita:
2294 3048 2455 3102 tinem
2490 3048 2751 3116 praedicit.

1894 3227 2061 3284 Vens.
2096 3227 2152 3281 2.
2197 3245 2216 3277 (
2257 3226 2455 3280 Audite
2480 3225 2616 3288 haec,
2662 3239 2851 3278 omnes
2898 3236 3120 3294 gentes,
3171 3226 3398 3282 aurilms

1825 3323 2114 3391 pereipite,
2140 3335 2332 3375 omnes
2366 3319 2459 3388 qui
2491 3318 2745 3373 habitatis
2766 3318 3007 3373 orbem.»
3043 3317 3184 3371 Sane
3213 3320 3396 3373 omni-

1826 3414 1927 3466 bus
1967 3409 2321 3465 manifestum
2381 3421 2464 3463 est
2507 3409 2884 3463 sanctissimos
2938 3409 3230 3478 prophetas
3267 3410 3399 3463 solis

1824 3504 2025 3559 Judaeis
2059 3503 2362 3558 doctrinam
2396 3502 2692 3556 obtulisse:
2732 3503 2825 3555 sed
2861 3502 2960 3555 boe
2991 3500 3156 3570 914
3191 3502 3242 3554 in
3280 3504 3399 3554 loco

1824 3596 2138 3667 prophetica
2186 3612 2285 3649 vox
2333 3595 2644 3648 universam
2696 3603 2892 3647 terram
2946 3595 3012 3647 ad
3069 3595 3395 3647 audiendum

1822 3690 2045 3742 excitat.
2079 3685 2191 3740 Hoc
2214 3695 2393 3739 autem
2429 3685 2706 3754 proprium
2731 3693 2813 3738 est
2836 3683 3022 3750 gratiae
3046 3684 3394 3750 apostolicm:

1825 3781 1955 3850 ipsis
1982 3782 2126 3834 enim
2160 3778 2421 3831 Dominus
2450 3776 2706 3829 Christus
2734 3775 2969 3828 salutem
3000 3775 3242 3827 omnium
3270 3791 3396 3844 gen-

1825 3875 1962 3927 tium
2006 3870 2282 3927 commisit
2324 3886 2338 3923 :
2402 3887 2419 3919 ι
2463 3868 2668 3921 Euntes
2714 3870 2895 3929 enim,
2950 3868 3161 3935 inquit,
3210 3869 3398 3921 docete

1825 3977 2016 4017 omnes
2039 3971 2225 4031 gentes
2250 3968 2291 4013 °.
2320 3978 2337 4008 ι
2374 3958 2524 4012 Patet
2546 3972 2677 4027 ergo
2706 3973 2895 4011 eorum
2932 3973 3210 4012 sermones
3244 3958 3397 4011 σπου·-

1824 4058 1871 4110 ri
1903 4071 2011 4109 non
2045 4054 2217 4108 solum
2246 4050 2449 4105 Judaeis
2472 4090 2487 4115 ,
2510 4066 2688 4118 neque
2714 4051 2821 4115 his,
2857 4051 2935 4105 vel
2970 4050 3076 4104 illis
3105 4052 3391 4123 gentibus,

1825 4149 1920 4204 sed
1956 4147 2106 4203 omni
2139 4144 2423 4199 hominum
2455 4142 2656 4213 generi.

1900 4338 2063 4393 Vens.
2096 4340 2149 4393 5.
2186 4356 2204 4389 ι
2234 4336 2449 4405 Quique
2474 4337 2780 4405 terrigenm,
2813 4345 2869 4389 et
2900 4335 2991 4389 lilii
3034 4337 3336 4392 hominum.
3370 4359 3390 4391 ι

1829 4435 2058 4502 Quidam
2096 4432 2380 4500 terrigenas
2403 4430 2668 4484 Adamum
2700 4436 2755 4483 et
2788 4429 2950 4482 Evam
2984 4442 3391 4499 nuncuparunt,

156 4523 226 4586 ὡς
255 4526 323 4576 ἐκ
350 4523 455 4591 γῆς
480 4522 923 4586 διαπλασθέντας,
952 4523 1049 4577 καὶ
1075 4522 1174 4575 οὑκ
1198 4526 1261 4575 ἐκ
1287 4523 1571 4585 συνουσίας
1595 4521 1722 4591 φύν-

1834 4538 2092 4597 tanquam
2124 4542 2188 4579 ex
2231 4536 2372 4579 terra
2406 4522 2670 4577 formatos
2696 4562 2710 4585 ,
2760 4538 2866 4576 non
2906 4533 3086 4577 autem
3139 4540 3204 4577 ex
3248 4528 3391 4581 coitu

157 4634 275 4680 τας.
322 4616 491 4668 Ἀλλὰ
523 4615 766 4685 πόρῤω³⁰
799 4616 897 4684 τῆς
922 4614 1233 4685 ἀληθείας³¹
1261 4618 1289 4669 6
1311 4615 1488 4684 λόγος.
1523 4616 1596 4667 Οὐ
1619 4615 1728 4687 γὰρ

156 4711 267 4772 τοῖς
297 4708 403 4778 ήδη
434 4707 899 4777 τετελευτηκόσιν,
933 4707 1069 4761 ἀλλὰ
1090 4710 1203 4771 τοῖς
1226 4706 1305 4761 ἔτι
1330 4706 1464 4771 ζῶσι
1490 4706 1727 4777 προσφέ-

231 4915 257 4941 °
292 4907 489 4962 Matth.
520 4924 688 4963 xxvm
717 4949 731 4973 ,
776 4908 867 4962 18.

1834 4626 2014 4672 natos.
2041 4615 2147 4670 Sed
2181 4631 2211 4669 a
2240 4615 2464 4670 veritate
2507 4615 2609 4669 hoc
2644 4623 2728 4668 est
2776 4614 3037 4668 alienum.
3084 4614 3199 4668 Non
3249 4618 3391 4671 enim

1832 4708 2131 4763 admonent
2177 4720 2273 4760 eos
2319 4705 2409 4775 qui
2443 4704 2557 4774 jam
2594 4705 2788 4759 mortui
2819 4714 2980 4769 sunt,
3016 4705 3109 4759 sed
3150 4706 3271 4761 illos
3298 4709 3393 4776 qui

1256 5040 1488 5097 VARI/IS
1526 5038 1910 5095 LECTIONES
1940 5040 2029 5094 ET
2057 5039 2288 5098 NOTAE.

230 5161 252 5190 ν
288 5157 694 5228 Γεωργοῦντα.
759 5160 879 5214 cod.
925 5160 1040 5228 με
1063 5158 1269 5213 addunt
1321 5158 1415 5209 καὶ
1484 5157 1906 5228 φυτουργοῦντα.

168 5231 314 5293 τοὺς
356 5214 594 5301 αίξῦὶηας.
655 5228 816 5283 Hebr.
858 5214 1083 5301 1117:7537.
1111 5245 1273 5296 quam
1308 5214 1595 5301 lectionem
1641 5214 2027 5301 pr'agferendam
2069 5246 2189 5285 esse
2245 5214 2500 5301 puta'i'nu's
2541 5214 2613 5285 illi
2653 5242 2716 5290 m

1252 5364 1255 5367 _
1292 5297 1345 5369 _‘°
1378 5299 1497 5351 cod.
1528 5299 1563 5351 ‘2
1588 5315 1722 5367 παρε

1834 5316 1942 5366 φεν.
2024 5301 2064 5333 ³⁸
2102 5301 2210 5353 Καὶ
2246 5297 2557 5369 ζ-,ϐάρεις
2600 5302 2809 5368 αὐτῆς.
2870 5303 2988 5356 Des.
3056 5305 3106 5356 in
3166 5306 3287 5358 eod.
3341 5306 3374 5358 5

170 5372 212 5403 ⁸³
236 5372 366 5425 Καί.
402 5370 525 5421 cod.
550 5365 668 5423 εδ.
744 5370 788 5401 ¹³
822 5369 1082 5437 Ἐπειδὴ,
1117 5387 1170 5421 κ.
1201 5365 1255 5421 λ.
1292 5365 1415 5421 Des.
1439 5370 1579 5436 apud
1614 5365 1719 5422 C0r

170 5443 293 5495 rod.
321 5442 356 5495 5
397 5433 476 5497 εἷς
506 5442 729 5497 ποιμήν.
836 5441 1018 5497 "Elc.
1055 5441 1174 5493 cod.
1227 5438 1251 5491 1
1300 5453 1485 5497 onem.
1517 5438 1628 5491 καί.

1834 5365 1863 5423 t.
1889 5370 2010 5424 908.
2096 5372 2142 5402 “
2163 5373 2290 5425 Kal.
2320 5365 2442 5428 eod.
2478 5374 2510 5425 5
2534 5365 2714 5442 ἐπειδὴ
2740 5365 2815 5427 δέ.

1834 5440 2156 5497 ἴοιμαίνων.
2190 5444 2310 5497 cod.
2349 5445 2371 5496 1
2406 5442 2734 5497 προϐαίνων.

1123 5455 1174 5491 u.
1227 5455 1251 5491 ι
1300 5455 1485 5506 pnem.
1517 5455 1628 5491 και.
1733 5455 1769 5471 ι’
1802 5455 2156 5508 ηοιμαινων.
2190 5455 2310 5497 cod.
2349 5455 2371 5496 1
2406 5455 2734 5513 προοαινων.

1122 5509 1275 5577 μόνα.
1352 5510 1398 5539 ³⁸
1428 5509 1873 5576 Καλουμένους.
1926 5509 2092 5562 Abest
2143 5526 2173 5564 a
2230 5514 2349 5566 cod.
2392 5514 2446 5567 2.
2545 5514 2588 5543 ’⁸
2623 5516 2734 5565 Ain

164 5304 235 5353 cit
267 5316 362 5353 nos
386 5299 572 5353 ,instar
596 5301 849 5368 pastoris,
874 5317 989 5353 cum
1028 5300 1187 5352 tibiis.

168 5443 293 5495 cod.
321 5442 356 5495 5
397 5433 476 5502 εἷς
506 5442 729 5511 ποιμήν.

172 5513 294 5565 Des.
340 5512 393 5563 in
420 5510 542 5564 cod.
574 5510 628 5563 5'.

836 5441 1018 5505 "Elc.
1055 5441 1174 5493 cod.
1227 5438 1251 5491 1
1300 5453 1485 5506 prmm.
1517 5438 1628 5491 καί.

730 5510 769 5541 ¹⁹
797 5512 919 5565 cod.
951 5514 1013 5572 1,
1054 5511 1089 5563 2

2007 5160 2028 5190 ⁸
2055 5160 2152 5212 Διὸ
2178 5192 2244 5201 -—
2266 5160 2586 5231 ἐπήγαγεν.
2650 5160 2773 5216 Des.
2802 5164 2867 5231 .in
2911 5163 3032 5216 cod.
3105 5164 3157 5217 3.
3235 5165 3257 5197 ⁹
3293 5168 3397 5231 Εἲς

2878 5272 2891 5284 .
2936 5234 3142 5287 Sensus
3165 5244 3264 5296 est,
3297 5237 3398 5287 du-

2895 5375 2937 5404 ¹⁵
2966 5369 3068 5437 Εἷς
3094 5405 3164 5416 -—-
3189 5377 3392 5440 καλός.

2839 5444 2881 5476 ’⁸
2910 5445 3022 5497 Καὶ
3045 5446 3392 5511 ποιμαίνων.

2545 5514 2588 5543 ²¹
2623 5514 2853 5579 Αὐτοῖς.
2910 5515 3077 5568 Abest
3120 5530 3148 5567 a
3192 5515 3311 5568 cod.
3342 5517 3394 5567 1.

170 5584 216 5664 ξ’
248 5581 469 5664 Ἀρείας.
502 5582 625 5664 cod.
657 5580 711 5641 1,
740 5580 796 5643 2,
830 5597 1013 5664 praem.
1044 5580 1197 5664 πρός.
1270 5578 1605 5664 'lcod.1,'2
1628 5595 1722 5646 pra

1834 5580 1952 5664 τῄν.
2030 5580 2078 5664 ’ξ
2101 5582 2221 5664 cod.
2264 5584 2647 5664 [ξυναγείρει.
2686 5586 2768 5664 ,π
2812 5578 2955 5664 ⁵0-ς-
2975 5585 3393 5664 συνεχείοησε.

171 5650 227 5704 1n
264 5652 384 5705 cod.
425 5651 450 5704 1
482 5650 699 5717 ponitur
729 5660 852 5719 post
891 5650 1183 5719 σωτηρίαν.

1284 5649 1330 5680 ’⁸
1357 5650 1680 5715 Δεσπότης.
1722 5650 1888 5704 Abest
1917 5665 1946 5704 a
1976 5651 2096 5704 end.
2131 5652 2185 5705 2.

2293 5654 2338 5685 ’⁷
2365 5656 2485 5707 Οὺκ
2524 5687 2590 5695 -
2620 5653 2821 5720 φύσει.
2865 5655 2986 5711 Des.
3038 5657 3175 5724 apud
3229 5655 3391 5708 Cord.

172 5721 367 5796 p.930,
407 5722 487 5796 ᾖξ’
520 5719 1141 5796 T0?¢._Abestacod.1,
1175 5720 1229 5771 9..
1306 5720 1351 5796 gf
1391 5719 1722 5796 Y1_ol._c0d.1

1834 5737 1958 5776 ωηο.
1991 5722 2060 5775 οί.
2139 5721 2183 5753 ³“
2214 5724 2434 5788 Πόρῤω.
2458 5719 2632 5781 Abest,
2653 5740 2683 5777 a
2718 5727 2839 5783 cod.
2867 5726 2920 5782 2.
2997 5726 3038 5759 ³⁸
3064 5719 3393 5796 ’Ἀληθείας

72 5842 87 5861 ,
175 5788 297 5847 cod.
332 5791 361 5845 1
402 5791 439 5845 2
459 5790 773 5861 ἐκκλησίας,
800 5807 961 5861 quam
987 5792 1271 5847 lectionem
1300 5788 1494 5846 Carafa
1522 5791 1575 5844 in
1599 5791 1846 5846 versione
1874 5807 1973 5847 sua
1998 5802 2360 5861 expresserat.
