3842 6518
553 345 688 410 ῙἮΩ

1583 353 2067 415 THEODORETI
2097 353 2432 415 EPISCOPI
2455 357 2818 418 CYRENSIS

3640 375 3751 444 i220

550 461 728 516 adhuc
759 462 971 517 vivunt.
1022 464 1276 521 lliversos
1313 467 1498 538 itaque
1532 468 1654 522 vita:
1689 468 1884 522 modos
1926 467 2120 522 innuit.

2231 468 2446 539 ρουσι³¹
2470 469 2572 538 τὴν
2595 469 2944 540 παραίνεσιν.
2971 468 3110 535 Τοῦς
3134 471 3422 543 διαφόρους
3442 480 3602 536 τοίνυν
3617 490 3752 544 αἰνίτο

549 552 682 606 Nam
718 555 809 609 alii
843 557 1004 612 urbes
1032 559 1319 623 incolunt:
1352 560 1442 613 alii
1474 559 1632 614 villas
1672 570 1725 614 et
1752 560 1902 614 vicos
1926 600 1941 625 ,
1977 558 2122 629 agri-

547 651 776 706 culturae
803 653 1104 707 studentes.
1157 655 1222 707 Et
1263 669 1329 708 ex
1375 653 1692 708 hominibus
1732 652 1955 722 quidam
1999 659 2126 706 sunt

548 745 980 805 mansuetiores,
1034 745 1254 814 quidam
1312 745 1672 814 agrestiores;
1708 752 1762 798 et
1805 744 1861 797 hi
1899 743 2122 813 quidem

552 840 567 858 ‘
593 837 790 890 nationi
835 836 1229 906 congruentius
1255 836 1478 900 vivunt,
1508 835 1562 890 hi
1600 851 1727 890 vero
1757 834 1933 888 ferino
1974 849 2124 889 more

547 929 871 984 solitudines
909 930 1186 995 habitant;
1218 929 1308 982 alii
1344 945 1535 984 rursus
1564 929 1868 984 Itamaxobii
1909 945 2122 984 nuncu-

549 1031 777 1088 pantur,
811 1022 903 1090 qui
948 1021 1002 1075 in
1038 1022 1292 1075 curribus
1323 1019 1564 1090 degunt:
1602 1021 1692 1075 alii
1742 1037 1840 1090 pro
1869 1021 2125 1076 domibus

545 1123 778 1167 utuntur
822 1115 1095 1169 tentoriis.
1140 1113 1249 1168 llos
1298 1125 1428 1186 puto
1471 1116 1763 1186 terrigenas
1805 1115 2122 1180 nominari,

546 1214 806 1274 tanquam
847 1206 1274 1261 rationabilioris
1316 1207 1441 1262 vitae
1471 1217 1741 1277 expertes.
1783 1206 1948 1273 Quasi
1978 1208 2124 1262 dice-

544 1307 629 1352 ret
660 1316 672 1352 :
698 1297 947 1355 Universi
982 1300 1256 1364 homines,
1285 1315 1347 1356 ea
1373 1316 1494 1371 quae
1518 1301 1774 1356 dicuntur
1803 1299 2004 1364 audite,
2033 1315 2126 1353 ur-

544 1391 672 1446 bani
700 1402 753 1448 et
788 1395 1059 1457 ruricolae,
1094 1395 1502 1449 mansuetiores
1527 1403 1582 1448 et
1611 1393 1960 1464 agrestiores,
1988 1403 2042 1448 et
2069 1393 2124 1448 in

541 1499 838 1540 commune
872 1501 1064 1540 omnes
1088 1528 1103 1552 ,
1156 1495 1210 1541 et
1238 1485 1542 1556 sigillalim.
1577 1484 1671 1540 Sic
1697 1486 1842 1540 enim
1878 1494 1934 1540 et
1964 1484 2126 1556 Sym-

547 1580 776 1634 machus
799 1581 1184 1649 interpretatus
1226 1589 1330 1634 est.
1362 1579 1494 1633 Nam
1525 1596 1622 1650 pro
1657 1580 1928 1650 terrigena:
1945 1589 1994 1632 et
2024 1579 2125 1646 ﬁlii

545 1673 833 1738 hominum,
851 1674 1007 1736 dixit,
1025 1673 1328 1727 humanitas
1342 1683 1390 1726 et
1408 1675 1620 1740 insuper
1642 1671 1803 1742 915
1828 1672 1928 1740 ﬁlii
1956 1672 2128 1738 cuius-

547 1765 668 1820 libet
701 1765 928 1820 hominis
956 1808 970 1834 ,
1006 1781 1105 1836 pro
1145 1782 1210 1820 eo
1249 1766 1396 1836 quod
1438 1776 1520 1820 est
1550 1783 1562 1818 :
1599 1764 1655 1818 lu
1687 1781 1979 1819 commune
2017 1766 2124 1819 hu-

2225 574 2378 611 τεται
2409 558 2558 629 βίους
2577 573 2593 587 ⁸
2628 561 2677 613 οἱ
2712 561 2814 628 μὲν
2840 563 2948 632 γὰρ
2979 563 3077 628 τὰς
3107 565 3302 629 πόλεις
3323 570 3565 639 οἰκοῦσιν,
3592 580 3636 629 ot
3656 582 3752 653 δὴυ

2227 653 2434 724 ἀγροὺς
2467 655 2560 708 καὶ
2590 655 2813 725 κώμας,
2869 660 3001 728 περὶ
3027 660 3188 730 ripa“
3213 666 3482 733 γεωργίαν
3509 668 3753 741 ἑσχολακὸ-

2225 759 2334 806 τες.
2392 745 2503 797 Καὶ
2556 745 2606 797 οἱ
2659 747 2760 814 μὲν
2799 747 2910 818 γὰρ
2959 751 3312 822 ἡμερώτεροι
3346 756 3448 808 τῶν
3475 760 3751 832 ἀνθρώπων,

2223 837 2272 888 οἱ
2316 834 2374 887 δὲ
2421 836 2786 909 ἀγριώτεροι·
2848 841 2943 894 καὶ
2991 842 3042 893 oi
3083 843 3189 912 μὲν
3234 844 3580 922 λογικώτερον
3602 853 3751 920 ζῶσιν,

2225 928 2274 980 οἱ
2299 927 2813 1018 δὲῗθηριωδέστερον
2829 931 2874 962 ³⁸
2897 931 3000 995 τὰς
3021 934 3268 1004 ἐρήμους
3289 939 3541 994 οἰκοῦσιν·
3565 947 3609 997 οἱ
3629 949 3751 1018 μὲνυ

2225 1017 2534 1087 ἀμαξόϐιοι
2584 1023 3166 1094 προσαγορευόμενοι,
3230 1027 3283 1079 oi
3329 1028 3385 1082 δὲ
3437 1017 3640 1104 σκηναῖς
3665 1043 3752 1097 ἀντ’

2223 1110 2415 1204 οἱκιιῦν
2445 1113 2798 1184 κεχρημένοι.
2852 1114 3089 1180 Τούτους
3121 1112 3283 1187 οἶμαι
3316 1125 3572 1193 γηγενεῖς
3597 1131 3751 1204 ὀνομά-

2225 1203 2449 1297 ςςσθᾳι,
2641 1205 2744 1276 τῆς
2787 1206 3166 1280 λογικωτέρας
3215 1215 3586 1284 ἀφεστηκότας
3619 1203 3746 1297 ζωῆς.

2237 1295 2382 1348 Ἀντὶ
2429 1295 2564 1365 τοῦ,
2599 1298 2873 1364 Ἅπαντες
2918 1301 3228 1374 ἄνθρωποι,
3282 1304 3391 1359 τῶν
3435 1295 3746 1382 λεγομένων-ιτ

2224 1387 2526 1456 ἀκούσατε,
2586 1391 2745 1444 ἀστοὶ
2797 1393 2894 1446 καὶ
2944 1396 3266 1464 χωριτικοὶ,
3327 1399 3644 1473 ἡμερώτεροι
3680 1414 3748 1464 καὶ

2225 1482 2591 1575 ἀγριώτεροι,
2653 1485 2748 1537 καὶ
2790 1489 2943 1557 κοινῇ
2976 1490 3183 1551 πάντες
3213 1489 3309 1542 καὶ
3339 1491 3461 1564 ἰδίᾳ.
3513 1496 3649 1552 Οὕτω
3667 1504 3749 1575 γὰρ

2225 1574 2376 1627 xui."
2418 1576 2445 1627 6
2482 1575 2780 1646 Σύμμαχος
2824 1578 3198 1649 ἡρμήνευσεν.
3235 1581 3381 1635 Ἀντὶ
3423 1585 3528 1657 γὰρ
3563 1590 3670 1658 τοῦ,
3709 1574 3749 1648 οι

2225 1666 2497 1736 γηγενεῖς
2529 1667 2629 1721 καὶ
2655 1669 2770 1722 υίοὶ
2801 1669 2922 1723 τῶν
2959 1672 3314 1740 ἀνθρώπων,
3339 1675 3376 1741 ἡ
3405 1676 3746 1753 ἁνθρωπότης,

2225 1755 2370 1823 εἷπε,
2407 1761 2502 1812 καὶ
2537 1761 2784 1829 προσέτι
2816 1763 2931 1816 vloi
2962 1763 3232 1818 ἑκάστου
3263 1767 3494 1835 ἀνδρὸς.
3529 1773 3633 1826 ἀντὶ
3656 1779 3744 1835 τοῦ,

548 1875 708 1914 mana
735 1869 930 1914 natura
964 1859 1151 1913 audiat
1180 1875 1300 1930 quae
1331 1859 1610 1921 dicuntur,
1636 1866 1689 1912 et
1713 1857 1940 1926 quilibet
1969 1858 2120 1929 sigil—

2229 1853 2336 1905 Καὶ
2366 1855 2518 1924 κοινῇ
2569 1855 2602 1923 ή
2655 1852 2816 1922 φύσις
2865 1857 3158 1909 ἀκουσάτω
3199 1857 3312 1909 τῶν
3352 1829 3648 1931 λεγομένων,

547 1951 699 2005 latim
746 1951 1033 2020 percipiat.
1083 1969 1100 2000 ι
1139 1950 1313 2004 Simul
1354 1949 1506 2005 dives
1548 1958 1602 2004 et
1635 1964 1859 2019 pauper.
1890 1969 1908 2000 ι
1949 1948 2124 2004 Simul

545 2052 601 2098 et
647 2059 745 2099 vos
800 2046 892 2109 qui
943 2044 1150 2098 divitiis
1184 2043 1446 2107 adiuitis,
1502 2054 1554 2098 et
1595 2059 1693 2098 vos
1733 2045 1824 2113 qui
1869 2044 2125 2113 pauperie

547 2136 722 2206 pressi
757 2138 909 2201 estis,
948 2137 1378 2190 admonitionem
1421 2138 1681 2206 accepite.
1715 2136 1849 2191 Nam
1876 2138 2124 2192 doctrina

547 2229 714 2294 hujus
741 2230 1016 2284 sermonis
1045 2229 1361 2284 divitiarum
1409 2240 1462 2284 et
1503 2231 1840 2300 paupertatis
1869 2231 2124 2287 differen-

544 2323 679 2376 tiam
713 2336 822 2375 non
855 2323 1026 2376 novit.

619 2408 786 2466 Vsus.
817 2410 880 2476 4,
914 2411 966 2465 5.
1005 2431 1022 2463 ι
1058 2415 1128 2467 0s
1161 2427 1342 2466 meum
1387 2413 1641 2483 loquetur
1682 2415 2000 2484 sapientiam
2024 2455 2038 2478 ,
2071 2425 2125 2471 et

548 2503 828 2559 meditatio
854 2505 1034 2560 cordis
1066 2506 1168 2559 mei
1202 2506 1570 2575 prudentiam.
1603 2506 1882 2562 Inclinabo
1919 2510 1987 2563 ad
2022 2525 2120 2579 pa-

548 2596 790 2654 rabolam
827 2613 1014 2652 aurem
1045 2614 1241 2661 meam,
1270 2599 1509 2666 aperiam
1551 2599 1604 2652 in
1639 2601 1896 2670 psalterio
1922 2617 2122 2672 pr0po-

547 2694 800 2750 sitionem
830 2707 1028 2746 meam.
1063 2711 1080 2742 ι
1122 2690 1297 2746 Verba
1325 2707 1465 2753 mea,
1501 2692 1694 2761 inquit,
1734 2694 1888 2762 plena
1916 2695 2125 2763 sapien-

549 2787 640 2842 tite
666 2796 811 2841 sunt.
847 2784 968 2838 Haec
996 2796 1177 2838 autem
1211 2784 1406 2846 didici,
1439 2785 1618 2839 verbis
1653 2785 1896 2848 Domini,
1923 2802 2043 2856 quae
2070 2787 2120 2840 in

547 2876 820 2948 profundo
846 2875 1092 2928 demersa
1119 2883 1266 2936 sunt,
1300 2890 1487 2928 aurem
1521 2875 1962 2929 accommodans.
1993 2875 2124 2941 Qua}

547 2984 677 3023 vero
701 2968 927 3026 auribus
961 2966 1198 3034 percepi,
1228 2982 1324 3036 per
1355 2966 1594 3037 linguam
1630 2967 1775 3020 velut
1801 2983 1896 3037 per
1927 2969 2125 3021 instru-

549 3070 789 3116 mentum
834 3060 1070 3130 profero.
1105 3057 1231 3112 Vult
1261 3069 1443 3112 autem
1501 3060 1684 3113 dicere
1739 3075 1799 3114 se
1835 3060 1968 3113 nihil
2002 3076 2122 3128 pro-

549 3154 728 3224 prium
762 3153 931 3221 loqui,
959 3153 1050 3206 sed
1079 3151 1274 3204 divina:
1305 3152 1492 3218 gratim
1526 3153 1947 3205 instrumentum
1976 3169 2114 3206 esse.
2146 3186 2186 3242 Ο

551 3245 717 3301 Porro
750 3245 1056 3314 parabolas,
1091 3259 1372 3297 sermones
1401 3245 1686 3312 :enigmate
1718 3245 1993 3298 involutos
2023 3261 2118 3312 ap-

551 3341 734 3409 pellat.
782 3337 913 3391 Natn
961 3349 1014 3391 et
1060 3337 1322 3390 Dominus
1371 3352 1462 3400 per
1504 3337 1892 3390 similitudines
1947 3338 2118 3390 turbis

549 3433 807 3495 locutus,
863 3434 1054 3484 harum
1115 3429 1590 3498 interpretationes
1649 3429 1797 3483 domi
1859 3429 2119 3496 apostolis

549 3525 829 3581 all‘crebat.
861 3522 1186 3595 [Propterea
1228 3522 1589 3590 pnecedentcs
1631 3523 1792 3574 etiam
1825 3521 2017 3590 psalmi
2053 3538 2116 3575 ex

549 3632 737 3673 eorum
789 3631 1018 3686 persona
1061 3613 1269 3668 recitati
1309 3622 1455 3666 sunt.
1494 3612 1712 3667 Chorus
1761 3613 1944 3682 itaque
1987 3629 2118 3681 apo-

548 3709 779 3764 stolicus
809 3706 952 3777 sapit-
1001 3708 1127 3760 tiam
1168 3705 1291 3767 Dei,
1326 3706 1532 3758 scilicet
1589 3706 1863 3760 Christum
1922 3706 2116 3776 (Chri-

549 3813 668 3856 stus
701 3801 844 3854 enim
895 3799 984 3852 Dei
1017 3799 1190 3851 virtus
1227 3806 1280 3851 et
1314 3796 1404 3850 Dei
1443 3798 1708 3866 sapientia
1740 3798 1840 3861 ιι),
1888 3813 1981 3851 ore
2019 3813 2118 3852 suo

550 3889 762 3952 ferens,
795 3886 971 3940 dixit:
1021 3902 1038 3932 ι
1069 3883 1142 3936 Os
1184 3899 1362 3936 meum
1405 3883 1656 3951 loquetur
1704 3883 2022 3951 sapientiam
2053 3899 2066 3946 ;
2094 3901 2112 3931 ι

548 3981 814 4050 siquidem
845 3977 1171 4045 theologiam
1203 3975 1468 4028 docentes
1493 3974 1769 4028 Christum
1795 3973 1893 4028 toti
1927 3974 2119 4026 huma-

549 4091 622 4130 no
651 4073 834 4146 generi
882 4085 976 4124 ore
1017 4085 1118 4125 suo
1158 4069 1546 4138 praedicarunt.
1593 4069 1758 4140 916
1804 4069 2119 4122 Intellectus

547 4182 679 4222 vero
709 4181 899 4218 eorum
939 4163 1077 4216 nihil
1110 4163 1256 4214 aliud
1302 4176 1466 4230 quam
1514 4161 1855 4229 prudentiam
1897 4160 2123 4214 medita-

549 4259 732 4314 batur.
773 4255 924 4309 Mens
947 4269 1137 4307 eorum
1169 4264 1348 4306 autem
1381 4253 1514 4305 adeo
1543 4262 1701 4305 acuta
1733 4262 1846 4305 erat
1867 4292 1881 4314 ,
1931 4261 1987 4304 ut
2026 4267 2121 4319 pa-

551 4349 770 4404 rabolas
803 4346 1108 4400 Servatoris
1142 4343 1318 4396 nostri
1359 4359 1548 4396 omnes
1584 4343 1636 4395 in
1675 4344 1848 4397 sacris
1880 4342 2114 4410 Evange-

550 4439 640 4494 liis
683 4438 993 4507 pmpositas
1045 4436 1454 4504 intelligerent,
1513 4444 1804 4500 antequam
1861 4435 1973 4503 ipse
2029 4449 2119 4488 eas

2229 1943 2336 2014 ἰδίᾳ
2388 1945 2621 2006 ἕκαστος
2670 1945 2770 2016 τὴν
2813 1945 3084 2014 ὠφέλειαν
3126 1949 3482 2019 καρπούσθω.
3529 1975 3546 2006 ι
3580 1955 3744 2013 Ἐπὶτὴ

2226 2034 2359 2087 αὐτὸ
2405 2033 2658 2098 πλούσιος
2707 2036 2802 2088 καὶ
2848 2037 3038 2106 πένης.
3067 2056 3085 2087 ι
3148 2039 3311 2092 Κατὰ
3341 2040 3388 2092 τ’
3413 2043 3584 2096 αύτὺ³⁹
3610 2050 3740 2104 καὶοί

2227 2125 2440 2196 πλούτῳ
2466 2126 2766 2196 κομῶντες,
2796 2128 2892 2180 καὶ
2912 2131 2960 2182 oi
2988 2130 3151 2201 πενία
3179 2131 3470 2198 συζῶντες,
3490 2135 3739 2209 τὴνπαραί-

2225 2236 2372 2270 νεσιν
2399 2219 2652 2284 δέξασθαι
2672 2220 2738 2277 ⁸⁸.
2771 2221 3010 2275 Πλούτου
3032 2224 3141 2293 γὰρ
3169 2225 3267 2277 καὶ
3294 2228 3477 2292 πενίας
3498 2231 3524 2282 ὁ
3541 2230 3741 2287 διδασκα-

2225 2310 2373 2374 λικὸς
2399 2312 2557 2380 λόγος
2590 2313 2688 2364 οὐκ
2713 2307 2820 2366 οἶδε
2848 2313 3136 2386 διαφοράν.

2293 2404 2355 2468 δ’,
2387 2410 2444 2457 ε’.
2489 2424 2507 2456 ι
2533 2405 2604 2456 Τὸ
2633 2405 2808 2474 στόμα
2836 2423 2937 2476 μου
2972 2408 3201 2479 λαλήσει
3227 2410 3448 2478 σοφίαν,
3479 2413 3738 2487 καὶὴμελέ.

2221 2513 2290 2565 τη
2322 2498 2418 2566 τῆς
2448 2497 2674 2566 καρδίας
2705 2516 2806 2568 μου
2839 2499 3080 2555 σύνεσιν.
3139 2503 3327 2554 Κλινῶ
3367 2506 3443 2568 εὶς
3483 2510 3736 2581 παραϐολὴν

2222 2591 2282 2644 τὸ
2311 2587 2403 2653 οὖς
2433 2609 2558 2660 μου’
2597 2593 2794 2658 ἀνοίξω
2823 2593 2879 2644 ὲν
2904 2593 3195 2666 ψαλτηρίῳ
3225 2596 3287 2648 τὸ
3315 2599 3582 2671 πρόξλημά
3602 2621 3728 2670 μου.»

2224 2683 2502 2750 Σοφίαςδί,
2534 2684 2696 2752 φησὶ,
2750 2685 2926 2754 μεστὰ
2954 2685 3023 2737 τὰ
3051 2689 3186 2754 παρ’
3213 2689 3350 2757 ἐμοῦ
3385 2695 3732 2762 προσφερόμενα

2225 2776 2444 2845 ῥήματα
2469 2792 2483 2805 ·
2543 2775 2839 2845 μεμάθηκα
2881 2777 2938 2829 δὲ
2986 2778 3162 2831 ταῦτα
3213 2783 3329 2843 τοῖς
3357 2783 3414 2833 ὲν
3437 2783 3731 2850 βάΘεσι⁸¹κε-

2223 2885 2326 2934 κρυ
2335 2868 2564 2937 μμένοις
2587 2868 2682 2920 τοῦ
2699 2871 2742 2898 ⁸³
2766 2871 2970 2941 Κυρίου
2992 2871 3174 2939 λόγοις
3195 2871 3293 2942 τὴν
3315 2874 3473 2944 ἀκοὴν
3489 2876 3727 2940 ὑποθείςδδ.

2227 2961 2294 3012 "A
2321 2961 2377 3013 δὲ
2407 2961 2494 3014 διὰ
2525 2961 2619 3030 τῆς
2646 2961 2817 3030 ἀκοῆς
2848 2963 3140 3033 ἐδεξάμην,
3177 2965 3350 3017 ταῦτα
3379 2965 3449 3027 ὡς
3473 2967 3533 3018 δι’
3551 2969 3728 3037 ὀργάνου

2225 3054 2484 3123 προφέρω
2515 3055 2612 3123 τῆς
2637 3053 2905 3123 γλώττης.
2927 3056 3190 3110 Βούλεται
3213 3057 3270 3110 δὲ
3300 3060 3488 3122 εἰπεῖν,
3513 3061 3584 3111 ὅτι
3601 3062 3727 3112 Οὐδὲν

2222 3147 2353 3198 ἴδιον
2404 3145 2743 3214 φθέγγομαι,
2795 3147 2932 3200 ἀλλὰ
2981 3149 3082 3218 τῆς
3123 3149 3278 3212 Θείας
3305 3153 3418 3219 εἰμὶ
3450 3152 3638 3221 χάριτος
3656 3154 3725 3222 ὂρυ

2220 3255 2402 3307 γανον.
2464 3241 2812 3306 Hapqume
2829 3240 2875 3276 "
2909 3240 2967 3293 δὲ
3016 3242 3178 3294 καλεῖ
3216 3244 3342 3305 τοὺς
3368 3244 3723 3313 αἰνιγματώδεις

2220 3330 2429 3397 λόγους.
2464 3331 2573 3382 Καὶ
2602 3331 2767 3401 γὰρ⁵⁶
2795 3333 2821 3384 ὁ
2846 3331 3050 3400 Κύριος
3076 3351 3146 3386 πα
3155 3334 3455 3404 ραϐολικῶς
3473 3338 3572 3396 τοῖς
3589 3336 3723 3404 ὄχλοις

2219 3423 2595 3491 διαλεγόμενος
2613 3423 2678 3486 ⁸⁷,
2699 3426 2810 3487 τοῖς
2841 3425 3163 3489 ἀποστόλοις
3212 3427 3333 3479 κατ’
3355 3423 3493 3479 οἷκον
3515 3427 3720 3478 τούτωνδδ

2218 3515 2319 3577 τὰς
2369 3517 2665 3587 ἑρμηνείας
2717 3517 3078 3590 προσέφερεν.
3141 3520 3330 3592 [nam
3379 3520 3433 3585 ἐξ
3465 3521 3619 3573 αὐτῶν
3651 3519 3721 3572 τοῦ

2221 3609 2512 3678 προσώπου
2565 3611 2661 3662 καὶ
2709 3613 2757 3663 οἱ
2805 3611 3120 3682 ἔμπροσθεν
3161 3613 3715 3684 ἀνεφωνοῦντοῴαλμοί.

2232 3702 2288 3754 '0
2315 3704 2489 3754 τοίνυν
2507 3703 2664 3772 χορὸς
2697 3707 2723 3756 6
2751 3705 3110 3769 ἀποστολικὸς
3150 3708 3254 3778 τὴν
3286 3708 3468 3774 σοφίαν
3492 3705 3574 3757 τοῦ
3599 3704 3716 3767 θεοῦ,

2219 3791 2419 3862 δηλαδὴ
2453 3793 2541 3845 τὸν
2570 3794 2836 3861 Χριστόψ
2876 3797 3110 3866 Χριστὸς
3139 3798 3251 3869 γὰρ
3279 3797 3409 3850 Θεοῦ
3431 3797 3625 3864 δύναμις
3647 3795 3714 3846 καὶ

2218 3882 2353 3937 Θεοῦ
2386 3885 2546 3954 σοφία
2568 3901 2581 3914 ·
2641 3885 2730 3938 διὰ
2761 3885 3033 3954 στόματος
3061 3888 3266 3958 φέρων,
3306 3887 3468 3955 ἔλεγε,
3507 3904 3522 3935 ι
3547 3882 3712 3936 T6616-

2221 3994 2298 4047 μα
2326 3993 2424 4047 μου
2460 3977 2679 4048 λαλήσει
2712 3979 2904 4047 σοφίαν
2931 3995 2944 4009 ν
2976 3999 2993 4029 ι
3055 3982 3242 4050 ἐπειδὴ
3285 3979 3372 4032 τὸν
3398 3977 3604 4048 Χριστὸν
3628 3974 3710 4024 θεον

2219 4070 2503 4138 λογοῦντες
2555 4075 2636 4135 είς
2689 4075 2797 4126 πᾶν
2838 4073 2996 4140 γένος
3038 4073 3340 4144 ἀνθρώπων
3373 4073 3631 4141 ἐκήρυττον
3655 4065 3711 4133 τῷ

2219 4163 2427 4216 ἑαυτῶν
2472 4163 2720 4233 στόματι.
2782 4165 2862 4218 Τὰ
2908 4165 2963 4218 δὲ
3010 4165 3108 4234 τῆς
3145 4166 3386 4225 διανοίας
3415 4161 3574 4215 αὐτῶν
3603 4159 3710 4210 οὐδὲν

2219 4255 2404 4326 ἓτερον
2444 4255 2475 4326 ἢ
2512 4257 2757 4318 συνέσεις
2787 4258 3039 4326 ἐμελέτα.
3063 4257 3220 4311 Οὖτω
3247 4256 3302 4311 δὲ
3341 4254 3506 4307 αὐτῶν
3533 4251 3708 4318 ἠκόνητο

2219 4349 2355 4418 πρὸς
2383 4349 2598 4400 σύνεσιν
2626 4351 2653 4401 6
2676 4349 2800 4411 νοῦς
2818 4392 2832 4414 ,
2893 4349 2969 4411 ὼς
3000 4351 3100 4412 τὰς
3134 4348 3444 4420 παραϐολὰς
3474 4344 3553 4397 τοῦ
3576 4341 3706 4406 Σωτῆ-

2223 4458 2312 4512 Ρος
2344 4441 2500 4512 ἡμῶν
2532 4441 2630 4503 τὰς
2665 4442 2722 4493 ὲν
2750 4444 2861 4502 τοῖς
2888 4441 3246 4509 Εὐαγγελίοις
3273 4438 3551 4510 φερομένας
3579 4433 3704 4484 συνεί

553 4532 1027 4600 interpretaretur.
1074 4529 1246 4581 Simul
1288 4543 1350 4582 ac
1391 4529 1570 4596 itaque
1611 4527 1862 4582 Salvator
1891 4528 2120 4597 parabo—

2225 4550 2312 4585 ναι
2346 4534 2526 4596 πάσας
2550 4573 2564 4593 .
2617 4535 2712 4586 καὶ
2759 4535 2864 4604 πρὸ
2898 4536 3000 4605 τῆς
3035 4531 3202 4588 αὗτοῦ
3229 4534 3522 4606 ἑρμηνείας.
3551 4527 3702 4579 Αὐτίκα

553 4626 632 4682 las
663 4626 1042 4696 exposuisset,
1074 4621 1428 4688 interrogavit
1461 4635 1558 4673 eos
1592 4620 1820 4674 dicendo
1859 4639 1871 4674 :
1920 4638 1938 4670 ι
1977 4619 2116 4672 Num

552 4718 896 4775 intellexistis
929 4717 1043 4769 haec
1069 4712 1340 4768 omniaQ?
1369 4731 1385 4763 ι
1424 4711 1499 4764 illi
1533 4727 1659 4764 vero
1687 4710 2114 4778 responderunt,

555 4810 665 4864 Ita.
719 4809 828 4862 Cor
888 4807 1069 4875 itaque
1122 4820 1309 4872 eorum
1367 4801 1731 4856 meditabatur
1782 4801 2112 4869 prudentias.

553 4902 760 4958 Deinde
789 4901 1051 4970 aperiam,
1087 4898 1282 4967 inquit,
1317 4897 1388 4960 in
1407 4896 1661 4964 psalterio
1687 4894 2115 4964 propositionem

624 5027 652 5068 Ρ
684 5016 858 5072 lCor.
893 5031 943 5080 ι,
972 5016 1059 5068 “li.
1135 5023 1162 5062 ει
1191 5011 1378 5066 Matth.
1421 5027 1518 5064 χιιι
1545 5051 1559 5076 ,
1603 5011 1691 5065 51.

2225 4625 2378 4694 γοῦν,
2413 4627 2551 4696 μετὰ
2572 4628 2670 4695 τὴν
2693 4627 2904 4680 ἔκθεσιν
2929 4627 3034 4680 τῶν
3058 4626 3397 4696 παραϐολῶν,
3420 4623 3444 4675 6
3467 4615 3702 4690 μὲνΣιιπτῆρ

2224 4717 2410 4788 ἠρώτα
2452 4720 2651 4783 αὐτοὺς
2691 4721 2894 4787 λέγων,
2958 4739 2977 4769 1
3009 4721 3286 4788 Συνήκατε
3322 4715 3479 4768 ταῦτα
3509 4710 3696 4765 πάγην

2224 4813 2273 4864 οἱ
2299 4812 2354 4864 δὲ
2386 4813 2636 4880 λέγουσιν
2667 4814 2835 4885 αὐτῷ,
2871 4815 3002 4867 Ναί.
3063 4815 3126 4889 ᾟ
3167 4813 3359 4880 καρδία
3393 4807 3546 4860 τοίνυν
3571 4795 3698 4853 αὐτῶν

2225 4907 2459 4975 ἐμελέτα
2510 4907 2776 4970 συνέσεις.
2834 4906 2947 4960 Εἶτ’
2979 4908 3072 4960 ἐπὶ
3106 4906 3314 4969 τούτοις
3345 4899 3518 4965 ἁνοίξω
3542 4899 3587 4948 ἐν
3604 4889 3700 4958 ψαλ-

1677 5123 1912 5178 VARI/13
1956 5124 2334 5184 LECTIONES
2387 5130 2471 5185 ET
2504 5132 2734 5189 NOTAE.

607 5225 652 5258 ⁸³
678 5223 799 5278 cod.
832 5223 867 5275 9
891 5221 1208 5292 προσφέρει.
1286 5217 1474 5292 “cod.
1509 5216 1557 5292 i,
1585 5218 1619 5270 2

550 5326 624 5338 -
643 5288 1014 5363 κεχρημένοι.
1054 5288 1183 5363 Des.
1210 5289 1351 5363 apud
1383 5288 1762 5363 Coi-tl._p.95j.

1806 5219 1850 5248 ³³
1889 5217 2021 5280 Τήν.
2052 5219 2218 5275 Abest
2258 5239 2287 5276 a
2338 5225 2459 5277 cod.
2487 5226 2542 5281 2-

1849 5289 1891 5360 ³7
1927 5287 2426 5360 Τῶν-λεγομένων.
2472 5298 2639 5351 Abest
2688 5314 2715 5350 a
2770 5299 2889 5351 cod.
2919 5298 2974 5350 ‘2.

2669 5230 2715 5259 ³³
2751 5226 2871 5280 cod.
2899 5227 2934 5280 2
2978 5226 3402 5296 Οηρεωδεστεροῑ.
3490 5215 3527 5246 ³⁸
3549 5209 3694 5296 Wfﬁn"

3077 5298 3118 5326 3"
3155 5294 3286 5348 Καί.
3307 5278 3468 5344 ’Λυδοὶ
3495 5301 3519 5337 a
3547 5282 3639 5336 cod.
3661 5278 3693 5348 l,

553 5367 608 5422 2.
644 5345 958 5418 “3:251:12
985 5345 1031 5416 .2
1055 5345 1259 5415 αιτένς
1312 5358 1508 5437 ‘°_cod.
1543 5345 1595 5421 4:
1634 5358 1668 5410 ε
1704 5357 1946 5437 δέξασθε·
2025 5358 2120 5412 δίέ

2225 5364 2319 5429 [ac
2354 5397 2420 5407 —
2445 5365 2684 5434 χάριτος
2715 5368 2986 5435 ὄργανον.
3016 5367 3216 5418 Horum
3248 5367 3361 5437 loco
3383 5363 3426 5413 in
3448 5349 3690 5437 οοι1.5,μυ111

557 5435 774 5490 Eusebii
806 5450 1002 5488 nomen
1035 5432 1199 5486 simul
1233 5431 1527 5498 ascriptum
1559 5439 1661 5487 est,
1687 5443 1860 5496 pauca
1903 5431 2003 5498 ista
2034 5437 2119 5482 tan

2226 5449 2238 5484 l
2278 5431 2536 5489 exstat-tt}
2570 5431 2756 5489 Ταῦτα
2785 5431 2839 5490 δὲ
2870 5439 2958 5488 καὶ
2998 5438 3104 5490 ἀπὸ
3133 5437 3240 5486 τῶν
3277 5434 3430 5498 ἁγίων
3459 5431 3692 5498 amarum:

553 5482 774 5560 ἓύῖρῖἔοὶί
1236 5482 1466 5572 quodue
1499 5482 1872 5572 apud'liuseb.
1904 5496 1970 5551 ad
2001 5499 2051 5572 h.
2079 5499 2114 5553 l.

2225 5503 2362 5566 ῐίιιιν·
2451 5506 2497 5537 ⁸²
2532 5508 2656 5572 Τοῖς
2681 5509 2752 5561 ἐν
2781 5508 3021 5572 βάθεσι.
3065 5507 3186 5560 cod.
3224 5507 3245 5557 l
3291 5482 3363 5564 είς
3389 5497 3540 5572 βάθοςε
3565 5482 3693 5572 ευ⁶¹ιέ

553 5581 666 5640 τοῖς
713 5569 1051 5644 βάθεσιτοίς.
1151 5573 1196 5604 ⁴³
1250 5571 1379 5626 Τοῦ.
1418 5570 1537 5644 θοᾷ.
1570 5569 1604 5621 2
1638 5584 1823 5644 prtem:
1862 5572 1934 5644 ἐν.
1965 5571 2094 5644 τοῖς.

557 5718 679 5770 (od.
721 5716 756 5769 2
805 5715 952 5768 addit
992 5710 1076 5784 ἦν.

561 5784 826 5841 mentario
857 5787 924 5840 ad
956 5786 1008 5838 h.
1044 5787 1078 5838 l.

2185 5574 2230 5603 ⁸³
2258 5578 2376 5618 l'ntL
2407 5576 2441 5618 9.
2496 5579 2701 5618 ἔπιθι-ί.-

557 5581 666 5640 τοῖς
713 5578 898 5644 βάθεσι
920 5579 1051 5638 τοῖς.
1151 5578 1196 5604 ⁴³
1250 5578 1379 5626 Τοι).
1418 5578 1537 5622 rod.
1570 5578 1604 5621 ‘2
1638 5584 1823 5639 prtem.
1862 5578 1918 5619 εν
1965 5578 2094 5630 τοις.
2185 5578 2230 5603 ⁸³
2258 5578 2378 5630 cod.
2407 5578 2441 5629 ξ).
2496 5579 2721 5640 ἐπιθείς.

557 5645 682 5701 Haec
717 5646 828 5699 fere
883 5647 1070 5700 eadem
1123 5652 1249 5698 sunt
1297 5657 1421 5694 cum
1457 5640 1562 5693 illis
1602 5655 1722 5708 quae
1779 5639 1974 5693 Euseb.
2009 5640 2073 5693 ad
2112 5639 2164 5696 h.
2205 5644 2238 5697 Ι.
2280 5645 2456 5698 habet.
2569 5648 2614 5677 ⁸⁵
2653 5665 2721 5698 ro

1172 5714 1215 5744 ⁸⁸
1253 5712 1503 5766 Τούτων.
1535 5697 1701 5766 Λὺῖιδι
1741 5725 1770 5764 a
1811 5709 1932 5766 cod.
1963 5708 2017 5762 ‘2.
2093 5708 2120 5740 ἰτ

2233 5697 2420 5770 coda?)
2444 5697 2622 5787 suppl.
2661 5697 2840 5774 Μὶεᾷ
2865 5697 3275 5772 illorumliabet
3306 5697 3686 5769 liusebfinCom-

2825 5579 2869 5608 ⁸⁵
2905 5575 3254 5643 Παραϐολὰς
3292 5603 3355 5617 -
3384 5564 3688 5643 προσέφερεν.

2569 5648 2614 5677 ⁸⁵
2653 5637 2771 5700 rod.
2805 5651 2839 5701 Ε).
2865 5637 3047 5716 praeut.
3089 5649 3142 5700 ὅ..
3232 5637 3297 5676 ’⁸⁷
3334 5637 3686 5716 Atti-487.15%???"
