3842 6508
143 328 260 392 ῙΕΙ

1432 329 1511 388 ΙΝ
1543 327 1749 386 PSAL.
1789 322 2060 383 XLVIII.

3240 317 3372 382 1222

139 451 303 516 τηρξῳ
327 445 388 498 τδ
411 442 707 514 πρόϐλημά
731 461 854 514 μου.
883 443 1024 514 Ἐγὼ
1052 445 1153 516 μὲν
1174 445 1302 515 γὰρ,
1328 444 1480 512 φησὶ,
1505 443 1697 508 ἀκονή-

1804 452 2002 490 meam.
2041 436 2152 507 Ego
2183 435 2363 499 enim,
2415 430 2628 502 inquit,
2683 431 2776 500 qui
2819 429 3150 487 intellectum
3191 449 3373 488 meum

147 557 235 603 σας
277 538 331 587 τό
372 533 714 607 διανοητικόν
765 555 866 608 μου
910 539 989 599 εἰς
1016 538 1231 590 σύνεσιν
1264 535 1370 589 τῶν
1405 535 1691 604 σωτηρίων

148 625 451 698 παραϐολῶν
494 627 787 698 δεδύνημαι
820 629 1260 697 ἐπακολουθῆσαι
1289 631 1355 699 τῇ
1383 629 1695 699 ἐμφερομέ-

147 741 204 790 νῃ
248 721 303 771 ὲν
345 719 533 780 αὐταῖς
581 719 796 790 διανοίᾳ
821 736 834 749 ·
901 721 1014 781 τοῖς
1044 719 1100 773 δέ
1134 721 1208 791 μὴ
1242 719 1405 772 τοῦτο
1429 721 1695 790 πράττειν

150 811 442 882 δυναμένοις
473 811 559 864 διὰ
589 813 919 882 νηπιότητα,
954 811 1154 877 ἀνοίξω
1182 812 1249 865 τὰ
1275 813 1693 882 κεκρυμμένα⁸⁰

153 910 234 960 καὶ
256 906 568 974 διασαφήσω
598 908 667 958 τὰ
699 905 1064 976 προϐλήματα
1095 905 1189 958 καὶ
1217 905 1315 970 τὰς
1341 906 1657 978 παραϐολάς
1677 923 1692 939 ·

155 1002 236 1056 καὶ
277 998 442 1052 ταῦτα
477 999 672 1070 πράξω
719 999 809 1052 διά
841 997 938 1050 τοῦ
969 997 1101 1068 ἐμοῦ
1131 999 1435 1070 ψαλτηρίου
1465 1001 1561 1054 τοῦ
1591 1019 1695 1055 σω-

161 1091 366 1166 ματικοῦ
396 1090 598 1161 δηλαδὴ
629 1090 1001 1161 όργάνου,δπε
1012 1109 1042 1162 ρ
1072 1091 1304 1160 ὄργανον
1331 1093 1433 1162 τῆς
1456 1095 1697 1148 ἐνοικού-

161 1208 244 1260 cn};
288 1189 341 1239 ὲν
375 1185 522 1256 αὐτῷ
551 1184 729 1255 ψυχῆς
759 1185 1030 1254 τυγχάνον
1064 1187 1184 1239 ἀντὶ
1203 1185 1523 1258 Ψαλτηρίου
1557 1188 1694 1257 αὐτῇ

159 1278 510 1351 παραδέδοται,
549 1277 684 1348 πρὸς
710 1278 772 1331 τὸ
795 1277 1196 1350 ἀνακρούεσθαι
1224 1282 1282 1332 ἐν
1305 1279 1458 1347 αὐτῷ
1480 1280 1558 1352 τῷ
1579 1280 1697 1351 Θεῷ

158 1379 264 1438 τοὺς
293 1374 488 1443 ὕμνους
545 1371 641 1425 καὶ
686 1372 1036 1442 ἀναπέμπειν
1065 1371 1292 1426 ἕκαστον
1317 1372 1695 1445 αἰσθητήριον,

159 1470 234 1523 καὶ
279 1465 433 1536 μέλος
499 1465 594 1516 καὶ
647 1464 812 1534 μέρος
865 1463 960 1517 τοῦ
1009 1464 1262 1536 σώματος
1313 1465 1698 1535 ἐπιστημόνως

160 1558 404 1612 κινοῦσαν.
429 1554 449 1628 ]
509 1553 696 1609 Ταῦτα
718 1556 762 1586 ⁸¹
811 1554 887 1618 ὡς
933 1557 990 1609 ἐν
1020 1557 1294 1626 προοιμίῳ
1322 1554 1610 1623 διεξελθὼν
1628 1557 1694 1622 δι’

158 1653 356 1723 ἄρχεται
374 1650 419 1680 ⁵³
451 1648 639 1701 λοιπὸν
671 1651 773 1719 τῆς
803 1648 1208 1719 παραινέσεως.

1797 529 1944 592 aeui,
1981 537 2038 580 ut
2065 542 2288 581 sensum
2319 523 2641 580 salutarium
2672 523 3021 577 oraculorum
3051 525 3375 593 perspiciat,

1797 633 2036 675 mentem
2068 635 2189 690 qua)
2218 619 2322 673 illis
2356 618 2501 673 inest
2547 615 2766 686 assequi
2807 614 2960 684 potui
2991 633 3004 668 :
3049 615 3168 671 istis
3197 627 3377 672 autem

1797 715 1887 784 qui
1919 714 1990 767 ob
2027 712 2338 768 intellectus
2370 710 2797 765 imbecillitatem
2840 708 2944 763 hoc
2977 724 3085 762 non
3111 721 3340 778 possunt
3361 752 3376 775 ,

1799 806 2041 875 aperiam
2079 806 2329 871 occulta,
2369 815 2422 858 et
2469 819 2738 874 exponam
2786 801 2894 856 illis
2943 802 3277 872 problemata
3315 819 3381 857 ac

1798 897 2110 969 parabolas,
2144 896 2306 965 idque
2333 911 2430 965 per
2456 895 2781 950 Psalterium
2806 910 2988 948 meum
3023 893 3239 958 faciam,
3276 895 3383 949 sci-

1799 989 1925 1041 licet
1950 1001 2044 1056 per
2070 1001 2394 1055 corporeum
2424 985 2845 1039 instrumentum
2871 1002 2885 1050 ;
2919 993 3104 1055 utpote
3128 984 3274 1054 quod
3299 995 3383 1040 est

1800 1078 2227 1132 instrumentum
2275 1073 2470 1128 anima:
2528 1073 2678 1127 intus
2733 1073 3075 1141 habitantis,
3123 1075 3197 1128 illi
3258 1076 3384 1130 loco

1798 1165 2049 1222 Psalterii
2083 1164 2292 1226 datum,
2329 1171 2391 1218 ut
2415 1178 2584 1233 super
2623 1165 2718 1218 illo
2752 1165 2989 1236 hymnos
3024 1165 3079 1220 in
3116 1166 3383 1221 honorem

1801 1254 1898 1312 Dei
1932 1256 2132 1326 pulset,
2160 1272 2532 1326 sensuumque
2563 1271 2768 1325 organa
2794 1257 3015 1324 excitet,
3047 1259 3292 1312 membra
3322 1268 3379 1313 et

1803 1357 1985 1416 partes
2036 1349 2284 1418 corporis
2335 1363 2530 1402 on‘ines
2576 1350 2712 1404 scite
2756 1349 3051 1422 movens.]
3099 1349 3224 1406 ΙΙωο
3257 1361 3379 1406 tan-

1801 1455 1964 1510 quam
2007 1440 2061 1494 in
2093 1440 2318 1496 exordio
2343 1440 2601 1511 praefatus
2621 1481 2636 1508 ,
2675 1443 2958 1498 exorditur
2985 1443 3245 1515 deinceps
3283 1446 3382 1500 ad-

1801 1531 2184 1587 monitionem.

213 1742 277 1808 ς¹.
322 1762 339 1793 ι
360 1741 524 1794 Ἰνατί
559 1738 833 1810 φοϐοῦμαι
869 1741 926 1792 ἐν
954 1741 1137 1812 ἡμέρᾳ
1167 1743 1407 1810 πονηρᾷ;
1440 1741 1473 1812 ἡ
1499 1740 1697 1812 ἀνομία

1874 1729 2042 1786 Vens.
2077 1730 2132 1786 6.
2193 1748 2212 1782 ι
2248 1729 2356 1786 Cur
2391 1729 2595 1785 timebo
2621 1729 2711 1786 die
2744 1730 2934 1787 malo?
2975 1731 3240 1804 iniquitas
3269 1735 3384 1790 cal-

156 1837 234 1904 τῆς
253 1834 485 1905 πτέρνης
513 1849 614 1903 μου
629 1831 674 1863 ⁸⁵
707 1831 977 1885 κυκλώσει
1005 1849 1094 1903 με.
1110 1851 1128 1884 ι
1159 1832 1316 1886 Δέδια
1327 1833 1373 1865 ⁵³
1395 1833 1488 1886 καὶ
1508 1834 1698 1904 τρέμω

151 1929 232 2000 την
280 1927 494 1998 ἡμέραν
547 1925 648 1994 τῆς
698 1925 1112 1988 ἀνταποδόσεως
1131 1925 1204 1991 ⁵⁸,
1268 1921 1395 1999 ἐνῇ
1435 1926 1464 1978 ὁ
1494 1925 1701 1988 δίκαιος

149 2019 333 2089 Κριτής
359 2017 794 2071 ἀνταποδώσει⁵⁷
828 2016 1047 2088 ἑκάστῳ
1081 2016 1225 2070 κατὰ
1253 2017 1322 2070 τά
1352 2016 1490 2086 ἔργα
1512 2017 1697 2072 αὐτοῦ.

147 2109 403 2183 [κτοῦτο
432 2110 490 2162 δὲ
526 2111 746 2176 γνόντες
800 2109 896 2164 καὶ
935 2110 1090 2161 αὐτοὶ
1139 2109 1232 2162 τὸν
1288 2109 1532 2162 τοιοῦτον
1593 2110 1702 2182 πρὸ

143 2204 424 2275 ὀφθαλμῶν
444 2203 742 2258 ἀναλάϐετε
761 2203 945 2271 φόϐον.
962 2203 1024 2256 Εἰ
1042 2201 1151 2272 γὰρ
1172 2201 1281 2270 ἐγὼ
1297 2202 1324 2254 ό
1344 2200 1533 2271 δεδυνη
1542 2201 1702 2272 μένος

141 2297 414 2360 εξπεῖν,Το
449 2295 625 2368 στόμα
655 2312 756 2365 μου
791 2295 1016 2365 λαλήσει
1048 2295 1270 2364 σοφίαν,
1309 2293 1403 2346 καὶ
1435 2295 1466 2364 ή
1501 2294 1700 2366 μελέτη

139 2391 222 2461 τῆς
264 2389 506 2459 καρδίας
555 2406 658 2457 μου
715 2388 994 2450 συνέσεις,
1049 2385 1217 2438 κλινῶ
1265 2388 1346 2450 εἰς
1389 2388 1702 2459 παραϐολὴν

138 2486 188 2538 τὸ
211 2480 303 2548 οὖς
337 2501 469 2554 μου,
509 2483 650 2553 μετὰ
676 2482 849 2535 ταῦτα
877 2481 1114 2552 ἕμφοϐός
1144 2483 1260 2552 εἰμι
1287 2483 1384 2535 καὶ
1409 2481 1697 2556 ἔντρομος·

137 2578 260 2631 διατί
314 2578 442 2646 οὐχὶ
497 2578 592 2628 καὶ
643 2575 830 2645 ὑμεῖς;
888 2575 951 2628 Εἰ
991 2575 1048 2627 δέ
1091 2591 1177 2638 τις
1207 2575 1529 2630 πυνθάνοιτο
1562 2580 1702 2632 ἱνατί

137 2669 422 2740 φοὸοὖμαι,
451 2669 701 2720 ἀκουέτω
733 2668 871 2737 μετά
896 2667 1240 2738 παρρησίαςο
1275 2669 1392 2722 ἐστι
1419 2687 1503 2735 τις
1522 2673 1701 2743 ἡμέρα

141 2762 335 2831 πονηρά
395 2761 528 2830 περὶ
572 2756 639 2830 ἧς
696 2759 864 2829 μυρία
917 2762 975 2812 ἐν
1019 2761 1138 2821 ταῖς
1175 2765 1538 2831 προφητικῶς
1571 2765 1701 2816 ἁνα-

141 2858 386 2924 φωνείται
406 2849 697 2922 Γραφαῖς]
722 2851 902 2912 Λῖτιος
923 2850 967 2882 ⁵9
989 2849 1043 2902 δέ
1074 2868 1162 2920 μοι
1185 2852 1278 2904 τοῦ
1303 2851 1457 2916 δέους
1479 2856 1506 2906 ό
1528 2856 1702 2925 παρά-

141 2965 281 3017 νομος
303 2945 447 3016 βίος,
481 2944 545 2997 δι’
571 2944 628 2996 ὃν
661 2944 759 3014 τῆς
782 2943 998 3001 εὐθείας
1031 2943 1339 3014 ἐξετράπην
1364 2944 1504 2998 ὀδοῦ.
1537 2945 1700 3015 Τὴνεο

139 3043 229 3112 γὰρ
261 3039 536 3107 πτέρναν
578 3037 710 3090 ἔνιοι
744 3037 844 3105 μὲν
875 3037 969 3089 τοῦ
1000 3037 1115 3107 βίου
1148 3039 1248 3108 τὴν
1278 3039 1396 3092 ὁδὸν
1427 3039 1702 3111 προσηγό-

1802 1824 1956 1879 canei
1983 1823 2088 1879 mei
2119 1823 2482 1879 circumdabit
2526 1840 2630 1882 me.
2665 1844 2684 1876 ι
2727 1823 2916 1880 Timeo
2942 1837 2995 1880 et
3026 1830 3386 1897 perhorresco

1803 1915 2181 1971 retributionis
2226 1915 2403 1982 diem,
2455 1916 2507 1970 in
2563 1933 2673 1986 quo
2714 1918 2898 1987 justus
2942 1917 3113 1975 Judex
3157 1923 3384 1980 cuilibet

1803 2009 1968 2080 91']
1995 2009 2299 2064 secundum
2330 2023 2495 2080 opera
2528 2009 2646 2079 ejus
2667 2012 2950 2066 retribuet.

1880 2101 1900 2174 [
1926 2101 2040 2156 Hoc
2082 2112 2276 2156 autem'
2301 2103 2539 2157 scientes
2564 2103 2814 2159 eumdetn
2849 2120 2959 2174 pra:
2986 2105 3162 2162 oculis
3182 2106 3385 2164 habea-

1802 2195 1874 2249 tis
1909 2194 2183 2249 timorem.
2223 2194 2360 2247 Cum
2403 2195 2552 2249 euitn
2583 2211 2714 2265 ego,
2744 2196 2837 2267 qui
2867 2198 3050 2253 dicere
3086 2201 3278 2269 potui,
3318 2217 3384 2256 os

1804 2301 1983 2340 meum
2013 2288 2264 2356 loquetur
2287 2289 2632 2356 sapientiam,
2661 2299 2715 2342 et
2741 2291 3028 2347 meditatio
3057 2294 3240 2349 cordis
3272 2295 3380 2351 mei

1803 2380 2146 2451 prudentias,
2187 2380 2465 2434 inclinabo
2504 2381 2571 2436 ad
2605 2381 2924 2451 parabolam
2957 2400 3145 2440 aurem
3176 2401 3380 2453 meam,

1803 2486 1991 2546 postea
2025 2475 2222 2530 timore
2255 2487 2309 2529 et
2353 2484 2560 2530 terrore
2588 2486 2874 2548 correptus
2909 2477 3102 2534 fuerim
3131 2523 3145 2547 ,
3187 2481 3381 2552 quidni

1802 2570 1965 2624 etiam
2000 2570 2136 2624 vos?
2170 2567 2223 2622 Si
2255 2569 2379 2639 quis
2413 2579 2594 2624 autem
2623 2572 2941 2640 quaesiverit
2976 2588 3077 2628 cur
3117 2575 3336 2631 timeam
3364 2618 3380 2642 ,

1803 2664 1988 2719 audiat
2021 2668 2269 2734 ingenue,
2296 2680 2418 2719 esse
2443 2665 2586 2718 diem
2609 2666 2900 2735 quemdam
2929 2669 3154 2734 malum,
3179 2672 3244 2725 de
3271 2686 3385 2742 quo

1803 2758 2094 2811 innumera
2125 2758 2176 2809 in
2209 2756 2429 2826 scriptis
2463 2757 2852 2828 prophetarum
2883 2771 3102 2816 exstant
3135 2764 3382 2822 testimo-

1804 2850 1959 2923 nia.]
2011 2849 2190 2905 Causa
2229 2860 2408 2904 autem
2460 2851 2672 2907 timoris
2717 2853 2847 2906 mihi
2888 2863 2972 2906 est
3018 2833 3205 2925 iniqua
3247 2857 3380 2921 vita,

1804 2961 1900 3014 per
1935 2961 2099 3013 quam
2132 2961 2159 2996 a
2198 2956 2344 2998 recto
2377 2945 2593 2998 tramite
2621 2945 2841 2999 diverti.
2872 2934 3191 3002 Calcaneum
3236 2950 3382 3006 enim

1803 3040 2023 3108 quidam
2069 3040 2191 3093 vita:
2235 3043 2334 3092 iter
2386 3049 2812 3108 nuncuparunt:
2854 3056 2954 3110 ego
3009 3057 3139 3096 vero
3186 3043 3383 3113 opinor

141 3152 322 3206 ρευσαν
351 3149 366 3162 ·
422 3131 537 3200 ἐγὼ
564 3131 620 3184 δὲ
649 3127 802 3202 οἴμαι
838 3131 938 3200 τὴν
994 3131 1212 3202 ἀπάτην
1239 3131 1600 3196 αἰνίττεσθαι,
1637 3135 1697 3186 ἐκ

1805 3133 2050 3186 fraudem
2089 3133 2432 3201 significare,
2470 3148 2533 3186 ex
2569 3133 2926 3188 translatione
2961 3151 3287 3202 cursorum,
3323 3151 3383 3194 ut

139 3228 447 3298 μεταφορᾶς
464 3225 572 3279 τῶν
587 3225 854 3295 δρομέων,
873 3225 946 3288 ὼς
973 3227 1065 3277 καὶ
1083 3225 1180 3295 ἤδη
1200 3230 1610 3296 προειρήκαμεν
1632 3227 1698 3288 δι,

135 3323 176 3375 οἳ
197 3324 256 3391 τῇ
292 3321 506 3390 πτέρνῃ
544 3317 803 3380 πολλάκις
833 3319 959 3380 τοὺς
986 3319 1394 3384 ἀνταγωνιστὰς
1426 3318 1700 3370 καταϐάλ-

135 3418 291 3467 λουσι.
330 3413 508 3466 Τοῦτο
533 3414 683 3482 ἡμᾶς
710 3413 804 3465 καὶ
829 3413 857 3464 ὁ
886 3411 1055 3464 Ἡσαῦ
1083 3411 1320 3476 ἐδίδαξεν
1345 3411 1432 3463 όδυ
1445 3412 1694 3481 ρόμενοςο

131 3510 366 3569 Δικαίως
412 3507 555 3576 γάρ,
610 3506 814 3575 φησὶν,
879 3503 1158 3574 ἐπεκλήθη
1210 3503 1270 3556 τὸ
1317 3503 1488 3572 ὄνομα
1534 3505 1698 3557 αὐτοῦ

142 3598 330 3652 Ἰακώϐ
361 3614 374 3626 ·
444 3596 734 3665 ἐπτέρνικέ
782 3613 847 3665 με
863 3597 907 3627 ⁸³
936 3596 1041 3665 γὰρ
1077 3595 1180 3666 ἤδη
1217 3596 1469 3664 δεύτερον
1500 3597 1657 3649 τοῦτο
1683 3613 1696 3626 ·

130 3693 189 3744 τά
223 3709 279 3743 τε
304 3691 352 3721 ⁸³
378 3688 726 3758 πρωτοτόκιά
775 3705 877 3757 μου
929 3688 1142 3756 εἴληφε,
1196 3689 1292 3741 καὶ
1339 3688 1431 3741 νῦν
1477 3689 1633 3742 ἔλαϐε
1656 3690 1700 3720 ⁸⁵

132 3786 216 3854 τὴν
258 3782 522 3850 εὐλογίαν
564 3798 718 3850 μου.»
765 3778 1040 3848 Πονηρὰν
1067 3781 1123 3833 δὲ
1154 3781 1439 3850 ήμέραν⁶⁸
1475 3782 1570 3851 τὴν
1599 3783 1698 3851 τῆς

130 3879 357 3947 κρίσεως
391 3874 823 3947 προσηγόρευσε,
857 3874 998 3925 κατά
1021 3872 1080 3926 τὸ
1112 3873 1242 3945 παρ’
1265 3876 1397 3944 ἡμῖν
1424 3873 1699 3926 πολιτευό-

129 3945 284 4037 μενον
332 3965 477 4029 ἔθος.
544 3945 780 4019 tanta“;
824 3966 933 4036 γάρ
981 3965 1166 4019 πολλοὶ
1201 3967 1378 4036 κακὴν
1410 3965 1698 4036 ὀνομάζειν

124 4061 364 4130 ἡμέραν,
403 4060 463 4112 ἐν
549 4058 814 4129 λυπηροῖς
837 4075 978 4111 τισιν
1007 4058 1209 4121 αὐτοὺς
1233 4057 1518 4128 συμϐαίνει
1543 4075 1699 4128 περι-

127 4158 330 4206 πεσεῖν.
369 4151 462 4224 {“
482 4152 719 4214 Εἰκότως
755 4151 938 4203 τοίνυν
990 4151 1165 4215 οὕτως
1205 4150 1695 4222 προσαγορεύεται,

125 4247 194 4310 ὡς
224 4246 292 4299 ἂν
327 4245 430 4315 τῆς
461 4246 690 4300 ἑκάστου
715 4245 985 4314 πονηρίας
1005 4241 1137 4299 οὖσα
1160 4244 1451 4316 ἐλεγκτική
1469 4259 1481 4272 ·
1508 4245 1602 4298 καὶ
1622 4245 1699 4308 ὡς

124 4342 219 4405 τὰς
259 4341 518 4403 κολάσεις
573 4342 686 4401 τοῖς
746 4338 966 4392 ἀσεϐέσι
1020 4338 1108 4391 διὰ
1160 4337 1258 4409 τῆς
1297 4338 1698 4409 περιμενούσης

125 4434 306 4494 αὐτοῖς
361 4431 533 4500 ὀργῆς
580 4430 882 4496 ἐπάγουσα.
947 4429 1046 4481 Διά
1083 4427 1243 4482 τοῦτο
1289 4427 1446 4496 κάγὼ
1491 4429 1698 4499 φρίττω

122 4527 148 4578 ό
180 4522 359 4576 ταῦτα
393 4521 768 4592 φθεγγόμενος
799 4539 812 4550 ·
873 4523 904 4590 ἡ
942 4521 1051 4590 γὰρ
1087 4521 1285 4590 ἀνομία
1326 4520 1426 4591 τῆς
1462 4522 1699 4592 πτέρνης

122 4632 224 4684 μου
275 4613 402 4666 κατ’
436 4612 608 4682 αὐτὴν
640 4612 855 4679 ἐκείνην
889 4608 986 4679 τὴν
1020 4613 1263 4680 πονηρὰν
1303 4608 1572 4664 κυκλώσει
1607 4628 1697 4680 με.

131 4706 377 4771 Ἀνομία
419 4705 477 4758 δὲ
523 4705 782 4770 πτέρνης
812 4702 1061 4755 λέλεκται
1095 4704 1126 4774 ἡ
1159 4703 1256 4771 τῆς
1283 4703 1434 4766 όδοῦ,
1485 4702 1606 4756 καθ’
1632 4703 1700 4774 ἢν

118 4805 209 4854 τὸν
263 4799 515 4868 παρόντα
561 4797 675 4868 βίον
721 4797 1012 4866 διανύομεν
1039 4837 1056 4862 ,
1131 4795 1490 4868 παρεκτροπὴ
1533 4797 1700 4867 ἤγουν

199 4969 220 4994 τ
255 4955 396 5008 Gen.
430 4969 574 5007 xxvii
603 4994 618 5019 ,
651 4952 739 5007 36.

1799 3227 1910 3296 jam
1937 3227 2192 3294 superius
2221 3225 2462 3279 diximus
2485 3265 2499 3290 ,
2534 3226 2628 3295 qui
2659 3227 2919 3282 calcanco
2952 3243 3092 3298 stepe
3121 3231 3380 3286 adversa-

1805 3320 1914 3372 rios
1970 3318 2255 3388 ilejiciunt.
2307 3317 2422 3372 Hoc
2465 3328 2519 3373 et
2569 3318 2708 3374 Esau
2762 3321 2952 3390 lugens
2997 3323 3186 3378 docuit
3233 3340 3380 3381 nos:

1808 3431 1824 3461 ι
1856 3410 2009 3466 Juste
2043 3414 2188 3466 enim
2211 3453 2226 3476 ,
2261 3411 2476 3481 inquit,
2507 3421 2758 3468 Vocatum
2787 3423 2873 3469 est
2904 3431 3102 3471 nomen
3145 3417 3264 3488 ejus
3286 3417 3380 3472 Ja-

1801 3505 1904 3559 cob
1929 3523 1941 3558 :
1982 3521 2105 3558 nam
2135 3504 2503 3574 supplantavit
2533 3506 2748 3575 mejam
2777 3506 2950 3561 altera
2980 3509 3098 3563 vice
3125 3527 3138 3564 :
3178 3511 3384 3580 primo-

1801 3600 1980 3668 genita
2017 3615 2135 3652 mea
2179 3597 2403 3652 abstulit
2430 3639 2444 3661 .
2485 3608 2536 3652 et
2587 3614 2736 3654 nunc
2790 3601 3109 3671 subripuit‘
3156 3603 3383 3660 benedi-

1803 3693 2039 3746 ctionem
2059 3707 2232 3746 meam
2263 3701 2307 3746 τ.
2329 3692 2596 3746 Cmterum
2617 3692 2752 3745 diem
2784 3693 3210 3763 malum,judieii
3235 3699 3381 3753 diem

1803 3784 2048 3849 vocavit,
2086 3784 2296 3838 usitato
2329 3799 2480 3836 more
2523 3793 2730 3838 nostro.
2781 3783 2934 3840 Diem
2983 3787 3126 3841 enim
3177 3791 3380 3844 malum

1801 3879 1959 3932 multi
2006 3877 2292 3932 nominare
2328 3877 2543 3942 solent,
2603 3892 2713 3945 quo
2773 3878 2973 3932 accidit
3029 3880 3160 3950 ipsis
3211 3891 3268 3934 ut
3325 3883 3380 3936 in

1801 3969 2014 4038 aliquas
2055 3968 2396 4022 calamitates
2429 3965 2751 4020 inciderent.
2808 3965 3041 4039 [Merito
3080 3971 3264 4042 itaque
3301 3975 3381 4030 sic

1800 4072 2044 4125 vocatur,
2076 4069 2262 4129 utpote
2289 4059 2382 4128 qui
2413 4058 2848 4129 uniuscujusque
2868 4061 3009 4115 mala
3029 4061 3169 4116 facta
3193 4065 3378 4119 redara

1799 4164 1944 4225 guet,
1978 4162 2032 4207 et
2066 4153 2262 4224 impios
2296 4151 2472 4221 ptenis
2504 4162 2727 4222 propter
2751 4153 2888 4209 iram
2917 4154 3026 4208 illis
3061 4156 3382 4214 incumben-

1801 4259 1908 4302 tem
1938 4247 2156 4302 afiiciet.
2201 4246 2496 4315 Propterea
2536 4247 2700 4301 etiam
2731 4261 2832 4318 ego
2864 4246 2959 4315 qui
3005 4248 3120 4302 hare
3160 4248 3379 4319 loquor,

1800 4344 2180 4412 perhorresco.
2226 4339 2492 4410 lniquitas
2538 4339 2684 4394 enim
2723 4340 2966 4394 ealcanei
3005 4341 3110 4396 mei
3152 4357 3218 4396 eo
3257 4343 3382 4413 ipso

1802 4435 1890 4487 die
1940 4432 2109 4503 918
2157 4431 2302 4486 malo
2346 4447 2434 4486 me
2475 4429 2857 4486 circumdabit.
2898 4429 3163 4502 Iniquitas
3195 4444 3376 4489 autem

1808 4527 2044 4580 calcanei
2075 4526 2277 4580 dicitur
2315 4525 2416 4579 vite
2447 4562 2462 4587 ,
2515 4540 2620 4594 qua
2677 4523 2988 4579 incedentes
3036 4526 3174 4580 hanc
3212 4529 3376 4582 vitam

1809 4614 2197 4682 transigimus,
2230 4613 2524 4668 declinatio
2556 4615 2672 4667 sive
2703 4612 2917 4684 fraus.]
2952 4615 3043 4668 Sic
3079 4624 3132 4669 et
3158 4615 3377 4673 divinus

1805 4705 2103 4773 Apostolus
2145 4704 2339 4774 judicii
2383 4705 2522 4758 diem
2560 4714 2762 4758 vocat:
2819 4724 2837 4753 ‹
2875 4705 3188 4759 Secundum
3232 4707 3378 4761 duri-

1810 4798 1938 4852 tiam
1973 4808 2120 4850 tuam
2154 4809 2336 4852 autem
2365 4839 2380 4862 ,
2431 4808 2485 4852 et
2513 4797 2862 4867 itnpmnitens
2896 4813 3012 4865 cor,
3049 4799 3222 4854 instar
3254 4800 3374 4855 the-

1257 5099 1490 5154 VAlllAt'.
1525 5099 1910 5156 LECTIONES
1941 5099 2024 5153 ET
2055 5097 2286 5154 ΝΟΤιΕ.

189 5224 235 5254 ⁵⁸
274 5221 693 5288 Κεκρυμμὲνίι.
724 5217 797 5272 Ita
825 5219 927 5287 leg.
963 5232 1084 5271 esse
1113 5217 1325 5271 videtur
1356 5234 1451 5285 pro
1483 5219 1697 5290 κεκλιμε

1824 5234 1943 5289 quze
1972 5228 2057 5273 est
2093 5219 2252 5290 lectio
2283 5217 2508 5290 codicis.

855 5291 900 5320 ⁸³
941 5291 1214 5356 Ἀρχεται
1236 5286 1734 5356 -παραινέσεὼᾳ
1769 5286 1891 5344 cod.
1938 5291 1972 5345 5
2006 5289 2254 5342 ἐντεῦθεν
2288 5289 2512 5358 ἄρχεται
2545 5287 2636 5338 τοῦ
2673 5286 3061 5358 διδασκαλικοῦί
3093 5286 3274 5356 λόγου.
3320 5293 3375 5346 In

122 5295 164 5326 "
197 5295 324 5348 cod.
357 5293 390 5345 5
423 5291 774 5360 διαλαλήσας.

2586 5215 2629 5288 ’ξ
2656 5216 2864 5288 Ταῦτα.
2899 5216 3078 5288 cod._5
3100 5217 3164 5270 τά
3186 5220 3376 5288 πρῶτα

123 5367 246 5418 eod.
301 5362 551 5430 sequitur
579 5379 592 5412 :
624 5357 716 5413 καὶ
744 5360 806 5431 δὴ
841 5359 1034 5411 πεῦσιν
1051 5358 1247 5431 ’τίθησι
1300 5359 1396 5431 καὶ
1424 5362 1526 5431 τὴν
1583 5361 1721 5429 πρὸς
1783 5361 1989 5430 ταύτην
2019 5357 2337 5431 ἀπόκρισιν
2371 5365 2650 5431 συνάπτει.
2685 5427 2695 5431 _
2725 5357 2776 5431 ff
2816 5357 2922 5423 Τῆς
2955 5357 3215 5431 πτέρνης
3231 5379 3372 5428 μου,

123 5434 288 5490 llebr.
341 5428 500 5518 θήρῃ,
543 5435 687 5500 quod
739 5428 805 5483 iu‘
849 5446 994 5483 vers.
1043 5429 1166 5499 Syr.
1228 5428 1361 5483 satis
1423 5429 1560 5483 bene
1610 5428 1960 5500 exprimitur.

1505 5519 1551 5591 ’ἕ
1585 5519 1626 5572 Ε
1656 5523 1778 5577 cod.
1815 5524 1848 5576 5
1885 5537 2043 5591 supp.
2076 5521 2212 5574 Cum
2250 5519 2336 5572 his
2365 5517 2689 5591 conferenda
2719 5525 2865 5591 sunt,

123 5525 468 5586 ἀντιδόσεως.

123 5613 172 5666 p.
206 5597 313 5650 954
362 5592 564 5648 Nostro
607 5594 818 5666 tribuit.

127 5664 283 5721 Laeta
319 5673 452 5720 sunt
500 5667 552 5718 in
587 5666 708 5718 cod.
743 5664 796 5717 5.

125 5737 167 5767 ⁸³
187 5743 315 5790 eod.
349 5737 384 5790 ὅ
409 5735 499 5788 τά.

127 5809 386 5878 κρίσεως.
497 5806 540 5838 ⁸⁸
569 5804 609 5858 Ε
631 5807 751 5860 cod.
789 5806 823 5860 5
849 5805 1013 5858 etiam
1047 5802 1223 5873 suppl.

545 5523 590 5554 ⁵⁷
618 5522 778 5577 codd.
821 5533 932 5576 tres
963 5521 1042 5575 Au
1087 5561 1100 5574 .
1131 5518 1423 5573 ἀποδώσει.

545 5609 564 5643 )
607 5594 818 5643 tribuit.
919 5592 964 5622 "
994 5537 1193 5643 Αῗτιος
1225 5617 1294 5628 -—-
1322 5589 1423 5642 ὀὸο

994 5603 1122 5645 Αῐτι

1124 5607 1193 5654 ος
1225 5617 1294 5628 -—-
1322 5589 1488 5643 ὀδοῦ.
1524 5589 1648 5646 Des.
1691 5593 1745 5645 in
1781 5593 1905 5648 cod.

899 5663 940 5692 οι
984 5665 1081 5727 Ὦς
1109 5690 1177 5700 —
1222 5658 1679 5728 προειρήκαμεν.
1720 5662 1842 5718 Des.
1895 5665 1950 5717 in
1990 5662 2111 5714 cod.
2149 5662 2203 5714 5.

599 5735 645 5765 ⁸⁸
684 5735 924 5788 "Elaea.
965 5733 1130 5786 Abest
1161 5746 1198 5804 a_
1222 5736 1341 5785 cod.
1377 5733 1430 5784 ν.
1468 5733 1520 5786 lu
1557 5731 1681 5786 cod.
1739 5734 1786 5787 l.
1837 5734 1940 5804 leg.
1991 5732 2204 5803 εἴληφε.

2075 5432 2120 5461 ⁵⁵
2156 5427 2348 5482 Δέδια.
2399 5428 2520 5482 cod.
2563 5427 2596 5480 5
2634 5427 2784 5481 addit
2831 5429 2983 5497 φησί.
3091 5427 3295 5498 δειεοιι.
3341 5433 3376 5485 5

2901 5532 3021 5586 quae
3052 5517 3212 5573 (ἑοῖ-(Ι.
3255 5529 3294 5573 t.
3334 5521 3372 5583 I,

2008 5592 2053 5622 ⁶⁰
2090 5591 2210 5655 Τὴν
2239 5618 2307 5631 --
2331 5589 2616 5658 εὐλογίαν
2663 5605 2804 5656 μου.
2841 5585 2965 5640 ΙΙῖιὲο
3001 5587 3165 5642 alium
3197 5591 3372 5646 locum

2305 5662 2349 5733 ff
2375 5658 2480 5733 Itlé.
2514 5659 2570 5733 _In
2617 5662 2739 5733 eod.
2777 5658 2810 5712 5
2837 5661 3060 5733 poni_tur
3096 5669 3215 5733 post
3244 5663 3372 5733 γάρ.

2302 5730 2346 5761 ⁸⁸
2389 5728 2658 5800 Ἠιιέραν.
2694 5727 2750 5783 1η
2794 5730 2913 5784 eod.
2951 5729 2986 5783 5
3015 5727 3232 5800 ponitur
3253 5727 3374 5803 post
