3902 6490
545 345 690 414 1.223

1510 339 2008 408 THEODORETI
2065 335 2407 398 EPISCOPI
2474 338 2843 400 CYRENSIS

3644 343 3755 406 122-1

540 460 688 517 cauri
723 459 940 532 reponis
972 459 1066 514 libi
1107 458 1245 514 iram
1279 457 1368 515 die
1406 458 1503 514 ira:
1525 500 1542 527 ,
1573 466 1630 513 et
1673 453 2025 512 revelationis
2064 463 2119 508 et

2237 451 2410 522 ὶπάτη
2427 450 2523 522 ⁶⁷.]
2559 450 2718 505 Οὕτω
2750 453 2847 505 καὶ
2874 454 2902 505 6
2930 451 3074 514 θεῖος
3101 450 3424 514 ’Δπόστολος
3447 449 3539 522 τὴν
3557 455 3643 527 τῆς
3663 459 3760 529 κρῐο

539 555 670 626 justi
717 554 911 625 judicii
960 553 1100 618 Dei,
1151 554 1245 625 qui
1275 551 1542 609 retribuet
1565 551 1792 607 cuilibet
1821 547 2121 605 secundum

542 661 710 717 opera
743 661 843 701 sua
867 656 915 698 ι.
946 663 965 696 ι

2232 563 2370 611 σεως
2401 547 2622 619 ἡμέραν
2656 545 2840 601 καλεῖ·
2873 566 2891 598 ι
2920 548 3079 600 Κατὰ
3103 547 3160 601 δὲ
3187 549 3293 618 τὴν
3323 546 3647 619 σκληρότητα
3666 570 3762 619 σου,

2231 641 2326 696 καὶ
2385 640 2762 710 ἀμετανόητον
2822 639 3088 711 καρδίαν,
3155 639 3507 710 θησαυρίζεις
3556 642 3767 714 saeuit“

543 742 715 814 ὀργὴν
749 744 808 796 ἐν
833 741 1023 813 ἡμέρᾳ
1050 741 1249 812 ὀργῆς,
1291 741 1401 794 ’καὶ
1434 737 1833 808 ἀποκαλύψεως
1866 736 2018 790 κα¹ι⁶⁹
2046 735 2448 809 δικαιοκρισίας
2471 735 2630 804 Θεοῦ,
2665 736 2725 800 ὃς
2753 735 3024 790 ἀποδώσει
3085 735 3308 806 ἑκάστῳ
3356 735 3496 788 κατὰ
3547 737 3610 790 τὰ
3656 741 3772 812 ἔργα

543 838 731 893 αὐτοῦ.
754 856 774 889 ι

615 927 782 983 Vens.
815 928 868 982 7.
920 946 939 979 ι
981 927 1082 992 Qui
1131 924 1418 980 conﬁdunt
1468 925 1522 979 in
1561 926 1761 981 virtute
1795 942 1892 983 sua
1924 964 1940 991 ,
1980 935 2034 981 et
2067 926 2122 980 in

547 1019 894 1077 multitudine
936 1018 1254 1074 divitiarum
1298 1033 1524 1072 suarum
1561 1019 1886 1088 gloriantur.
1934 1039 1952 1070 ι
2009 1017 2123 1090 Ego

546 1114 768 1185 quidem
797 1155 812 1180 ,
854 1111 1032 1181 inquit
1057 1151 1072 1173 ,
1106 1111 1306 1166 horreo
1343 1120 1397 1165 et
1431 1113 1797 1168 contremisco
1844 1114 1986 1168 diem
2029 1113 2124 1184 qui

544 1212 912 1273 exspectatur.
956 1199 1066 1254 Vos
1097 1216 1226 1255 vero
1248 1243 1262 1268 ,
1313 1201 1406 1271 qui
1439 1201 1646 1256 divitiis
1680 1201 1926 1267 amuitis,
1974 1204 2124 1258 illius

545 1295 653 1350 diei
688 1293 895 1348 nullam
925 1291 1112 1363 geritis
1148 1307 1337 1346 curam
1363 1335 1378 1359 ,
1432 1292 1526 1347 sed
1570 1293 1883 1347 divitiarum
1928 1310 2123 1364 super-

543 1388 630 1443 bia
671 1386 819 1452 elati,
852 1389 1020 1442 rebus
1055 1385 1216 1442 ﬂuxis
1240 1425 1254 1450 ,
1287 1396 1545 1457 tanquam
1584 1387 1873 1442 stabitibus
1899 1427 1914 1453 ,
1953 1387 2126 1444 conﬁ-

545 1479 702 1536 ditis.

616 1571 784 1628 Vens.
816 1571 870 1636 8,
897 1569 950 1627 9.
990 1591 1008 1623 ι
1033 1570 1222 1625 Frater
1255 1585 1364 1624 non
1393 1569 1648 1636 redimit;
1681 1571 1909 1626 redimet
1930 1571 2130 1627 homo?

547 1680 656 1718 non
686 1664 840 1718 dabit
872 1662 981 1716 Deo
1014 1662 1380 1732 placatiouem
1425 1676 1604 1715 suam.
1642 1661 1708 1715 Et
1739 1663 1968 1730 pretium
2007 1664 2130 1718 red-

546 1757 843 1829 emptionis
895 1759 1092 1810 animze
1128 1770 1260 1811 suae.
1292 1773 1311 1805 ι
1349 1753 1502 1808 Scire
1548 1764 1727 1810 autem
1769 1773 1865 1812 vos
1910 1767 2128 1826 Oporte-

545 1848 658 1916 bat,
693 1863 794 1902 nec
825 1849 1095 1917 majorum
1120 1857 1214 1901 aut
1240 1845 1469 1901 fratrum
1498 1847 1756 1917 pietatem
1783 1863 1845 1903 ac
1873 1848 2128 1904 virtutem

549 1940 618 1995 iis
643 1938 736 2010 qui
782 1939 864 1992 his
902 1947 1094 1992 carent
1135 1937 1428 2008 prodesse,
1466 1955 1567 1994 nec
1599 1948 1721 2010 post
1746 1955 2031 1994 excessum
2064 1956 2130 1996 ex

549 2030 652 2085 hac
689 2031 802 2083 vita
849 2029 1082 2082 salutem
1119 2028 1318 2098 opibus
1350 2031 1682 2100 comparari.
1733 2029 1789 2084 in
1837 2032 1941 2086 hac
1985 2032 2128 2100 enim

548 2122 659 2176 vita
694 2139 713 2172 ι
751 2121 984 2192 pretium
1016 2121 1408 2190 redemptionis
1440 2123 1585 2189 viri,
1639 2131 1701 2177 ut
1744 2123 1822 2178 ait
1860 2124 2090 2194 Sapiens
2113 2163 2130 2188 ,

549 2213 786 2285 propria:
817 2212 1022 2266 divitiae
1049 2220 1180 2267 sunt
1213 2214 1253 2265 ι.
1288 2231 1306 2264 ›
1346 2213 1460 2269 Hoc
1497 2215 1730 2269 consilio
1759 2231 1854 2271 eos
1883 2216 1976 2286 qui
2013 2217 2133 2287 upi-

550 2305 656 2360 bus
703 2304 1003 2359 abuluutur
1053 2297 1418 2368 exhortatus,
1467 2305 1536 2360 ad
1582 2306 1801 2361 virtutis
1849 2311 2133 2377 operarios

549 2411 855 2452 sermonem
880 2397 1160 2464 transfert,
1189 2397 1378 2453 dicens
1409 2414 1423 2452 :

627 2615 646 2649 ι
680 2597 742 2653 Et
786 2597 1054 2652 laboravit
1103 2598 1155 2652 in
1197 2609 1482 2656 aeternum.
1510 2599 1712 2674 [Vens.
1753 2605 1855 2672 10,
1892 2605 2016 2680 Η.]
2067 2607 2135 2664 Et.

548 2688 716 2760 919
737 2691 881 2744 vivet
914 2691 966 2744 iu
1000 2690 1185 2745 linem.
1216 2691 1283 2746 Et
1310 2709 1417 2747 non
1451 2693 1655 2750 videbit
1681 2697 1981 2766 interitum,
2007 2716 2132 2755 cuiu

552 2782 748 2837 viderit
770 2785 1050 2858 sapientes
1075 2785 1393 2840 morientes.
1409 2806 1426 2838 ι
1449 2785 1554 2852 Qui
1571 2789 1715 2842 enim
1740 2805 1838 2860 pro
1859 2793 2061 2861 pietate
2080 2804 2130 2848 et

547 2873 755 2944 justitia
785 2875 1018 2930 sudores
1054 2876 1337 2940 sustinuit,
1371 2886 1426 2931 et
1458 2893 1558 2948 pro
1594 2880 1942 2949 sempiternis
1977 2884 2135 2941 bouis

552 2969 770 3023 labores
792 2969 1055 3037 suscepit,
1082 2968 1446 3025 immortalem
1477 2972 1671 3038 vitam,
1703 2984 1961 3043 tanquam
1992 2977 2135 3031 labo-

553 3078 676 3118 rum
701 3061 934 3117 fructum
969 3062 1152 3126 habet,
1177 3071 1233 3118 et
1264 3077 1389 3117 cum
1419 3064 1734 3134 hujusmodi
1762 3069 2105 3138 sapientibus
2125 3121 2140 3146 ,

551 3168 693 3225 quos
718 3155 915 3208 stultos
936 3154 1234 3222 apostolica
1251 3155 1519 3208 sententia
1541 3158 1806 3225 nominat,
1825 3163 2140 3232 sempiterni

553 3243 809 3298 interitus
853 3244 1151 3313 aeternique
1209 3244 1466 3314 supplicii
1521 3246 1794 3314 particeps
1852 3266 1961 3306 non
2012 3255 2137 3310 erit.

561 3355 580 3388 ι
618 3335 796 3390 Simul
842 3336 1111 3403 insipiens
1156 3343 1210 3390 et
1251 3336 1453 3391 stultus
1483 3337 1759 3406 peribunt.
1792 3359 1812 3391 ι
1850 3342 2018 3412 Nam,
2060 3347 2144 3401 in-

555 3428 719 3499 quit,
767 3427 858 3482 isti
908 3428 998 3496 qui
1031 3439 1298 3482 vocantur
1335 3429 1608 3498 sapientes
1633 3469 1650 3495 ,
1692 3433 1896 3488 nullam
1939 3453 2006 3491 ex
2040 3437 2141 3495 hac

556 3518 827 3587 sapientia
859 3518 1152 3572 utilitatem
1191 3519 1378 3585 nacti,
1430 3520 1677 3574 eamdem
1725 3533 1954 3579 mortem
2008 3530 2140 3583 sub-

558 3611 747 3675 ibunt,
779 3625 942 3679 quam
977 3608 1318 3677 insipientes.
1362 3606 1453 3663 Sic
1481 3610 1624 3662 enim
1656 3607 2017 3680 Symmachus
2059 3615 2142 3668 in-

558 3712 886 3773 terpretatus
910 3711 994 3756 est
1022 3721 1035 3755 :
1080 3701 1252 3755 Simul
1282 3700 1462 3769 fatuus
1492 3712 1541 3754 et
1572 3703 1843 3770 imperitus
1873 3708 2136 3773 peribunt.

557 3793 627 3850 Et
656 3803 814 3849 vocat
838 3794 1058 3863 quidem
1111 3792 1318 3860 fatuum
1352 3808 1477 3846 eum
1521 3793 1615 3863 qui
1649 3795 1865 3864 sapiens
1893 3808 2136 3865 vocatur,

558 3898 818 3957 tanquam
878 3886 1032 3939 illum
1080 3886 1172 3954 qui
1217 3885 1364 3955 quod
1406 3885 1630 3940 decebat
1685 3886 1828 3940 seire
1881 3889 2134 3944 noluerit.

559 3983 877 4054 Imperitum
923 3997 1054 4035 vero
1093 3996 1217 4035 eum
1268 3981 1360 4050 qui
1406 3981 1588 4035 omnis
1631 3981 1912 4051 sapientiae
1943 3998 2137 4054 expers

556 4087 676 4141 est,
703 4091 826 4130 cum
857 4075 1064 4128 malitia
1103 4084 1282 4128 tamen
1316 4073 1482 4126 vitam
1513 4073 1679 4144 degit.

636 4187 656 4219 ι
682 4167 748 4222 Et
775 4167 1083 4236 relinquent
1112 4166 1303 4220 alienis
1330 4166 1551 4220 divitias
1571 4165 1912 4239 suaslVens.
1937 4165 2051 4240 12.]
2075 4167 2138 4224 Et

559 4259 811 4331 sepulcra
850 4274 1041 4313 eorum
1071 4257 1269 4313 domus
1297 4273 1486 4312 eorum
1517 4258 1569 4312 in
1601 4271 1862 4313 aeternum
1903 4276 1917 4313 :
1950 4261 2137 4314 taber-

560 4352 758 4408 nacula
792 4367 981 4406 eorum
1019 4351 1072 4404 in
1103 4350 1360 4420 progenie
1383 4360 1438 4405 et
1466 4352 1745 4420 progenie.
1777 4373 1796 4403 ι
1824 4349 1941 4406 Νοιι
1973 4352 2137 4407 modo

561 4451 743 4497 autem
773 4442 1040 4512 sapientia
1063 4481 1078 4504 ,
1109 4457 1300 4494 verum
1330 4443 1493 4495 etiam
1526 4444 1765 4512 potentia
1796 4456 1850 4497 et
1885 4445 2139 4500 omnibus

559 4533 755 4605 opibus
789 4531 1020 4602 privati,
1060 4533 1220 4586 tinent
1251 4531 1374 4586 vita:
1395 4531 1706 4601 accipient,
1739 4533 1806 4588 ab
1835 4533 2142 4590 illustribus

634 4659 656 4688 ο
687 4647 845 4703 Rom.
879 4662 955 4715 ιι,
983 4645 1040 4702 2.
1123 4648 1142 4682 ί
1173 4643 1332 4700 Prov.
1368 4662 1492 4710 xui,
1525 4645 1579 4702 8.

2299 919 2365 986 ζ’.
2427 939 2446 972 ι
2489 921 2554 974 Οἱ
2601 920 2928 984 πεποιθότες
2959 920 3053 974 ἐπὶ
3085 922 3154 992 τῇ
3184 919 3423 991 δυνάμει
3454 921 3654 985 αὐτῶν.
3695 929 3774 981 καὶ

2224 1013 2320 1066 ἐπὶ
2367 1012 2448 1082 τῷ
2492 1012 2694 1085 πλήθει
2745 1013 2842 1066 τοῦ
2888 1011 3124 1066 πλούτου
3166 1011 3356 1065 αὐτῶν
3393 1014 3767 1085 καυχώμενοι.»

2238 1103 2382 1174 Ἐγὼ
2423 1105 2543 1173 μὲν,
2576 1107 2734 1176 φησὶ,
2778 1105 2924 1158 δέδια
2954 1106 3048 1158 καί
3074 1106 3268 1176 τρέμω
3299 1106 3404 1176 τὴν
3424 1107 3774 1180 προσδοκωμέ-

2226 1212 2326 1266 νην
2357 1195 2573 1267 ἡμέραν
2593 1214 2606 1226 ·
2639 1196 2798 1266 ὐμεῖς
2822 1195 2880 1247 δὲ
2910 1195 2960 1248 οἰ
2988 1194 3068 1264 τῷ
3096 1195 3324 1264 πλούτῳ
3351 1194 3640 1263 κομῶντες,
3662 1199 3776 1250 sui.

2226 1305 2326 1359 νης
2374 1288 2474 1357 μὲν
2507 1287 2768 1357 οὐδεμίαν
2797 1286 3041 1340 ποιεῖσθε
3073 1287 3120 1318 "°
3159 1286 3444 1357 φροντίδα,
3469 1290 3533 1359 τῇ
3559 1287 3611 1340 δὲ
3640 1289 3776 1362 ὐπερ-

2228 1380 2435 1450 ηφανίᾳ
2463 1381 2562 1450 τῆς
2601 1379 2922 1450 περιουσίας
2965 1377 3518 1450 μεγαλαυχούμενοι,
3551 1379 3622 1443 ὡς
3661 1385 3777 1452 μονί-

2233 1489 2355 1543 μοις
2383 1471 2636 1544 θαρρεῖτε
2671 1474 2784 1534 τοῖς
2817 1472 3053 1541 ῥέουσιν.

2301 1571 2372 1634 η’,
2399 1564 2465 1620 θ’.
2531 1583 2550 1617 ι
2590 1564 2842 1634 Ἀδελφδς
2877 1565 2938 1618 οὐ
2967 1564 3264 1636 λυτροῦται
3287 1604 3303 1627 ,
3363 1564 3682 1636 λυτρωσεται
3704 1569 3778 1621 ἇν-

2234 1657 2484 1728 θρωπος;
2538 1657 2598 1710 οὐ
2635 1656 2797 1711 δώσει
2840 1655 2919 1727 τῷ
2946 1656 3068 1728 Θεῷ
3098 1657 3375 1727 ἐξίλασμα
3400 1656 3659 1712 ὲαυτοῦ⁷¹.
3692 1660 3779 1712 Kal

2160 1745 2201 1800 Β
2229 1754 2328 1825 τὴν
2349 1752 2514 1824 τιμὴν
2533 1754 2578 1784 ⁷⁸
2603 1753 2704 1822 τῆς
2727 1752 3051 1824 λυτρώσεως
3080 1753 3181 1822 τῆς
3205 1753 3396 1824 ψυχῆς
3417 1751 3600 1808 αὐτοῦ.
3624 1771 3640 1803 i
3661 1754 3778 1807 Ἔδει

2229 1847 2286 1900 δὲ
2327 1847 2557 1899 συνιδεῖν
2590 1846 2734 1916 ὑμᾶς
2758 1845 2824 1909 ⁷³,
2859 1845 2934 1908 ῶς
2965 1844 3089 1899 οὐτε
3123 1846 3418 1916 προγόνων
3451 1846 3542 1898 καὶ
3573 1845 3777 1916 ἀδελφῶν

2230 1940 2402 2010 ἀρετὴ
2445 1940 2540 1993 καὶ
2609 1938 2864 1992 εὐσέϐεια
2907 1939 3034 2002 τούς
3089 1939 3306 1993 τούτων
3371 1940 3776 2009 γεγυμνωμένους

2231 2031 2473 2102 ὀνίνησιν
2496 2073 2511 2098 ,
2566 2031 2693 2084 οὐτε
2748 2032 2887 2100 μετὰ
2929 2034 3030 2102 τὴν
3060 2031 3324 2086 ἐντεῦθεν
3356 2031 3613 2103 ἐκδημίαν
3647 2031 3775 2086 δυνα-

2232 2125 2322 2177 τὸν
2351 2125 2440 2177 διὰ
2475 2124 2774 2195 χρημάτων
2809 2123 3138 2194 πορίσασθαι
3189 2125 3498 2194 σωτηρίαν.
3536 2125 3672 2178 Κατὰ
3694 2126 3776 2194 γὰρ

2231 2217 2321 2271 τὸν
2348 2217 2592 2286 παρόντα
2621 2215 2736 2285 βίον
2768 2234 2786 2265 ι
2812 2215 3006 2286 λύτρον
3034 2215 3255 2287 ἀνδρὸς,
3339 2219 3502 2284 φησιν
3526 2218 3552 2269 6
3573 2217 3730 2286 Σοφδς,
3755 2220 3777 2272 ὁ

2235 2309 2363 2370 ῐδιος
2393 2307 2642 2371 πλοῦτος.
2678 2326 2695 2357 ι
2733 2307 2954 2378 Ταύτην
2981 2308 3378 2379 προσενεγκὼν
3397 2309 3512 2372 τοῖς
3538 2308 3718 2381 πλούτῳ
3739 2311 3776 2341 ’⁵

2233 2400 2420 2465 κακῶς
2453 2400 2819 2470 κεχρημένοις
2851 2400 2953 2470 τὴν
2982 2399 3334 2470 συμϐουλὴν,
3374 2399 3511 2471 πρὸς
3551 2401 3661 2463 τούς
3697 2401 3774 2471 τῆς

2232 2495 2436 2566 ἀρετῆς
2467 2494 2710 2565 ἐργάτας
2744 2493 3044 2564 μεταφέρει
3075 2493 3170 2546 τὸν
3199 2493 3389 2561 λόγον,
3423 2493 3516 2546 καί
3547 2510 3691 2563 φησν

2311 2609 2328 2640 ι
2371 2589 2482 2642 Καὶ
2516 2586 2876 2640 ἐκοπίασεν⁷⁵
2912 2587 2992 2651 εἰς
3025 2585 3117 2638 τὸν
3149 2586 3354 2639 αἰῶνα.
3413 2584 3506 2657 [ι’.
3530 2583 3648 2658 ια’.]
3691 2585 3775 2639 Kal

2235 2681 2463 2754 ζήσεται
2496 2683 2578 2743 εἰς
2600 2679 2772 2743 τέλος.
2832 2680 3005 2733 υύκ⁷⁶
3035 2679 3228 2750 δψεται
3265 2677 3642 2750 καταφθορὰν,
3673 2680 3772 2732 ὅταν

2239 2778 2322 2848 ἰδῃ
2358 2775 2559 2845 σοφοὺς
2591 2774 3060 2845 ἀποθνήσκοντας.
3087 2793 3106 2824 ι
3143 2773 3202 2825 Ὀ
3218 2773 3390 2843 γὰρ⁷⁷
3413 2773 3537 2835 τοὺς
3564 2772 3683 2843 ὑπὲρ
3704 2773 3772 2824 εὐ-

2239 2869 2454 2931 σεϐείας
2474 2865 2520 2898 ⁷⁸
2552 2867 2644 2920 καὶ
2668 2865 3021 2937 δικαιοσύνης
3051 2865 3359 2934 ὑπομείνας
3387 2865 3672 2936 ίδρῶτας⁷⁹.
3701 2866 3774 2916 καί

2238 2963 2365 3025 τοὺς
2403 2960 2543 3028 ὑπὲρ
2576 2959 2810 3013 αἰωνίων
2833 2957 3057 3027 ἀγαθῶν
3101 2956 3512 3027 ἀναδεξάμενος
3539 2956 3706 3018 πόνους
3722 2955 3773 3013 ⁸⁸.

2173 3086 2217 3146 c
2247 3054 2344 3125 τὴν
2385 3051 2694 3122 ἀνώλεθρον
2739 3050 2852 3120 ἔχει
2892 3048 3039 3121 ζωὴν
3072 3049 3180 3102 τῶν
3210 3050 3397 3102 πόνων
3427 3049 3622 3120 καρπόν
3643 3065 3656 3078 ·
3701 3048 3775 3100 καὶ

2247 3149 2360 3208 τοῖς
2399 3143 2496 3198 τοῦ
2529 3143 2736 3215 κόσμου
2777 3145 2993 3211 σοφοῖς,
3033 3141 3127 3206 οὓς
3167 3143 3395 3213 μωροὺς
3421 3144 3449 3194 ό
3472 3139 3775 3202 ἀποστολικδς

2247 3236 2502 3309 ὀνομάζει
2530 3236 2720 3304 λόγος.
2769 3235 2832 3287 οὐ
2862 3236 3182 3306 κοινωνήσει
3213 3234 3320 3303 τῆς
3346 3233 3562 3286 αἰωνίου
3590 3231 3773 3301 φθορᾶς,

2247 3330 2344 3383 καὶ
2383 3329 2485 3400 τῆς
2533 3329 2620 3381 ἀεὶ
2661 3327 2952 3398 τιμωρίας.
3015 3346 3034 3378 ι
3075 3327 3202 3380 Ἑπί
3243 3327 3310 3379 τὸ
3353 3325 3483 3379 αὐτὸ
3511 3325 3680 3394 ἄφρων
3706 3325 3777 3374 καὶ

2246 3423 2407 3485 ἄνους
2434 3419 2786 3476 ἀπολοῦνται.
2818 3437 2836 3469 ι
2881 3413 3044 3473 Οὐτοι
3069 3420 3178 3489 γὰρ
3197 3459 3210 3480 ,
3249 3419 3423 3489 φησὶν
3441 3419 3483 3450 θ’
3501 3459 3515 3482 ,
3546 3420 3589 3471 οἰ
3617 3417 3774 3470 καλού-

2251 3531 2402 3587 μενοι
2430 3514 2607 3582 σοφοὶ,
2652 3513 2911 3583 οὐδεμίαν
2942 3513 3005 3565 ὲκ
3027 3511 3126 3581 τῆς
3153 3513 3352 3582 σοφίας
3375 3512 3626 3580 ὠφέλειαν
3647 3510 3775 3580 εειρά-

2250 3623 2402 3676 μενοι
2419 3606 2494 3669 ⁸’,
2520 3603 2612 3658 τὸν
2653 3605 2816 3658 αὐτὸν
2868 3606 2981 3667 τοῖς
3020 3603 3261 3675 ἀμαθέσι
3305 3605 3547 3656 τίσουσιν
3577 3602 3770 3672 ὀλεθρον.

2248 3697 2408 3752 Οὕτω
2422 3697 2468 3728 ⁸⁸
2497 3696 2605 3768 γὰρ
2636 3699 2664 3750 ὁ
2693 3696 2989 3767 Σύμμαχος
3017 3697 3371 3766 ήρμήνευσεν
3391 3713 3407 3728 ·
3451 3695 3617 3764 Ὀμοῦ
3633 3696 3774 3759 dmin-

2245 3809 2347 3857 τος
2375 3791 2473 3846 καὶ
2500 3789 2737 3860 ἀμαθὴς
2763 3789 3153 3845 ἀπολοῦνται.
3204 3791 3318 3844 Καὶ
3344 3790 3501 3844 καλεῖ
3523 3789 3610 3860 μὲν
3633 3790 3771 3854 ἀνόη-

2244 3902 2351 3938 τον
2379 3884 2472 3937 τὸν
2498 3883 2832 3952 καλούμενον
2863 3882 3047 3951 σοφὸν.
3083 3883 3158 3946 ὡς
3194 3885 3436 3936 συνεῖναι
3465 3883 3522 3936 τὸ
3551 3881 3654 3934 δέον
3697 3880 3772 3932 οὐκ

2244 3977 2580 4047 ἐθελήσαντα
2599 3992 2614 4008 ’
2646 3975 2844 4044 ἀμαθῆ
2875 3976 2931 4028 δὲ
2963 3974 3052 4028 τὸν
3081 3975 3180 4045 τῆς
3210 3976 3311 4046 μὲν
3339 3976 3530 4045 σοφίας
3552 3973 3767 4046 ἀμύητον,

2244 4069 2414 4140 κακίᾳ
2446 4069 2503 4122 δὲ
2534 4070 2688 4136 ὅμως
2717 4066 3055 4138 συζήσαντα.

2319 4182 2340 4214 ι
2378 4163 2486 4217 Καὶ
2518 4161 2938 4231 καταλείψουσιν
2966 4160 3270 4228 ἀλλοτρίοις
3320 4159 3415 4213 τὸν
3459 4157 3666 4212 πλοῦτον
3695 4154 3766 4209 αὐ-

2241 4257 2371 4310 τῶν.
2401 4254 2518 4327 [ιβ’]
2551 4255 2661 4308 Καὶ
2708 4257 2757 4307 οἰ
2791 4255 2953 4322 τάφοι
3005 4253 3185 4307 αὐτῶν
3201 4253 3248 4291 ⁸⁸
3298 4252 3464 4306 οἰκίαι
3508 4250 3667 4304 αὐτῶν
3707 4249 3764 4308 εἰς

2241 4351 2332 4403 τὸν
2347 4348 2518 4402 αἰῶνα
2539 4364 2552 4379 ⁸
2576 4345 2914 4419 σκηνώματα
2937 4347 3116 4400 αὐτῶν
3137 4347 3218 4409 εἰς
3239 4347 3431 4414 γενεὰν
3444 4345 3534 4399 καὶ
3547 4345 3721 4413 γενεάν.
3744 4360 3756 4389 ι

2173 4458 2214 4511 ι)
2243 4445 2317 4496 Οὐ
2343 4442 2388 4475 ⁸⁵
2423 4442 2592 4513 μόνης
2610 4441 2668 4494 δὲ
2695 4441 2798 4510 τῆς
2828 4441 3043 4510 σοφίας,
3072 4440 3205 4494 ἀλλὰ
3236 4442 3332 4495 καὶ
3360 4440 3459 4510 τῆς
3478 4435 3758 4495 δυναστείας.

2248 4535 2344 4590 καὶ
2373 4534 2474 4606 τῆς
2510 4535 2829 4605 περιουσίας
2878 4534 3262 4605 γυμνωθέντες
3302 4535 3536 4604 ἁπάσης,
3567 4529 3757 4596 δέξονται

1665 4743 1898 4799 VARIIE
1940 4743 2320 4800 LECTIONES
2367 4743 2453 4799 ET
2493 4739 2725 4798 ΝΟΤᾸΞ.

636 4837 679 4868 ⁸⁷
725 4833 958 4902 Ἀπάτη.
993 4831 1049 4888 ιη
1100 4833 1222 4888 cod.
1274 4834 1521 4903 sequitur
1569 4836 1633 4888 ἐκ
1694 4839 2132 4906 μεταφορᾶς-ι

2237 4837 2378 4903 ιγίαν
2423 4852 2544 4906 μου.
2589 4831 2712 4906 lliec
2745 4833 2811 4906 in_
2858 4831 3147 4906 codicibus
3173 4829 3416 4906 _reliquis
3438 4867 3452 4887 .
3481 4825 3619 4906 _ut_in
3647 4831 3755 4906 texui

569 4907 757 4970 Sirm.,
801 4909 980 4959 locum
1020 4908 1072 4959 in
1107 4907 1481 4970 superioribus
1517 4906 1893 4961 obtinuerunt.

1997 4909 2043 4940 °°
2074 4909 2193 4962 Cod.
2233 4909 2252 4958 1
2293 4905 2523 4973 σεαυτῷ.

2628 4905 2673 4935 ⁶⁹
2701 4903 2830 4956 Kal.
2862 4903 3028 4956 Abest
3059 4901 3274 4966 quidem
3321 4917 3349 4952 a
3399 4900 3515 4953 cod.
3545 4898 3590 4953 i.
3626 4904 3756 4946 exstat

567 4965 754 5033 autem
783 4977 838 5030 in
869 4978 991 5030 cod.
1027 4976 1082 5029 2.
1155 4965 1201 5006 τῖ’
1236 4975 1528 5030 Ποιεῖσθε.
1558 4978 1722 5032 Abest
1753 4993 1782 5031 a
1815 4979 1934 5032 eod.
1995 4978 2044 5035 1.
2123 4979 2132 5006 ἰ

2237 4965 2524 5044 Ξξίλασιὶα
2552 4973 2791 5028 ἑαυτοῦ.
2835 4972 2992 5027 Hebr.
3023 4965 3178 5059 Ίῆἓέ.
3204 4973 3426 5041 pretium
3457 4965 3755 5035 redemptionis

568 5101 699 5140 sum.
774 5084 821 5115 τ’
856 5082 976 5150 Τὴν
998 5082 1198 5152 τιμήν.
1230 5081 1397 5138 Hebr.
1427 5091 1548 5169 erit,
1577 5076 1722 5152 quod
1754 5083 1923 5155 Syrus
1949 5085 2214 5155 adjective
2242 5083 2514 5152 exposuit.
2541 5081 2795 5148 pretiosa,
2827 5096 2874 5134 s.
2907 5079 3192 5149 pretiosior
3215 5088 3313 5133 est.
3390 5077 3436 5107 ’³
3468 5073 3643 5143 ’Υμᾶς.
3663 5068 3752 5124 cod.

569 5192 604 5247 2
627 5191 797 5262 ἡμᾶς.
889 5189 939 5220 ’⁷⁵
969 5190 1236 5253 Πλούτῳ.
1271 5189 1393 5243 cod.
1433 5188 1480 5251 Ι,
1506 5192 1542 5241 2
1574 5205 1760 5258 prtem.
1792 5190 1890 5262 τῷ.

1986 5193 2032 5222 Ἰδ
2062 5191 2132 5245 ’E‘

2237 5189 2448 5242 rlaaer.
2481 5187 2598 5241 Nisi
2639 5187 2855 5241 codices
2893 5194 2948 5239 et
2978 5186 3266 5248 editiones,
3294 5193 3544 5255 quantum
3577 5180 3750 5255 stitutus,

569 5245 782 5338 omnes,
813 5273 866 5326 in
899 5273 999 5327 hac
1036 5273 1267 5326 lectione
1305 5273 1699 5336 consentirent,
1741 5245 2076 5342 putaremus,
2113 5274 2397 5344 legemlqu
2430 5286 2548 5326 esse
2582 5271 2872 5334 ἐκόπασεν.
2914 5269 2970 5323 ιιι
3017 5279 3163 5322 textu
3196 5271 3342 5323 enim
3372 5267 3524 5321 llebr.
3551 5272 3622 5318 est

572 5380 714 5454 quod
751 5379 945 5454 Aquila
969 5379 1115 5454 bene
1158 5378 1678 5454 νειςιὶικὲπαύσατο.
1717 5377 1926 5454 Symui.
1949 5379 2132 5454 παυσό

2237 5396 2333 5440 νος.
2449 5376 2495 5405 ⁷⁸
2538 5378 2659 5429 Οὐκ
2685 5375 3180 5444 -ναταφϐοράικ
3227 5374 3349 5429 llaec
3393 5368 3751 5454 praecedetztjltys

569 5436 790 5520 adjungi
818 5436 1154 5520 debuissent.
1233 5450 1277 5480 ⁷⁷
1309 5436 1381 5500 ’70
1409 5436 1915 5516 γάρ-τιμωρίας.
1949 5449 2068 5501 Des.
2106 5452 2132 5502 i:

2241 5436 2309 5502 id.
2341 5449 2393 5502 5.
2472 5448 2515 5478 ⁷⁸
2546 5448 2894 5520 Εύσεϐείας.
2920 5436 3109 5520 eod-2
3138 5463 3323 5520 praeut.
3355 5436 3467 5513 τῆς.
3538 5436 3753 5520 ":18pr

571 5509 697 5588 τοῖς.
731 5509 855 5576 an.
894 5522 916 5572 1
957 5519 1196 5588 ἀγῶνας,
1235 5509 1687 5587 ascripta-tamen
1724 5509 1954 5573 lectione
1987 5521 2132 5572 alter;

2285 5520 2330 5550 ⁸ο
2365 5521 2618 5584 Πάγους.
2653 5520 2780 5588 cod.
2813 5509 3317 5588 ἰήκόπους,ίίιιιθι·ιι
3371 5509 3538 5588 tamen
3577 5509 3752 5588 lectum"?

827 5589 872 5622 ⁸⁸
906 5573 1246 5660 Οὗέοιγᾶξο,
1281 5573 1499 5657 φηὸίν.
1551 5589 1674 5660 Des.
1709 5591 1761 5642 in
1787 5592 1906 5644 cod.
1934 5590 1986 5642 3.
2062 5591 2106 5621 ⁸³

2237 5591 2260 5642 Ι.
2302 5591 2324 5643 1
2362 5573 2666 5660 εὑρόμενοι.
2741 5587 2788 5620 ⁸³
2817 5573 3478 5660 Οὒτωγ-Ῐὲθελήσαντιι.
3514 5584 3615 5660 Des.
3645 5573 3751 5660 ap.ml

572 5644 738 5717 eoi-1i.
774 5676 828 5732 ι).
865 5659 989 5714 957.
1065 5644 1208 5712 δι’θί
1233 5644 1424 5728 ’τῖὶεὲοι
1459 5659 1677 5715 αὐτῶν.
1713 5660 1879 5716 Hebr.
1913 5671 2096 5743 ing-pp,

2237 5661 2387 5725 tium,
2493 5644 2722 5713 interius
2747 5674 2946 5722 eorum,
2981 5659 3034 5711 h.
3069 5675 3119 5711 e.
3152 5644 3750 5712 ardentissimumdeside-

575 5768 725 5840 riumi
750 5781 964 5822 eorum.
986 5765 1461 5840 Δδιξιί-ςοιιιιῐιιιιιίε,
1488 5781 1652 5840 quam
1677 5781 1867 5823 omnes
1892 5767 2218 5838 interpretes
2245 5765 2584 5837 antiquiores
2615 5764 2789 5821 secuti
2824 5772 2974 5832 sunt,
3008 5764 3184 5832 lectio,
3213 5763 3380 5821 fuisse
3407 5761 3588 5816 videtur
3610 5759 3750 5840 εζιξρ.

575 5837 624 5869 ⁸⁵
654 5839 825 5892 0i)—
849 5835 1086 5904 σοφίας.
1113 5834 1238 5890 Des.
1264 5837 1318 5890 iu
1340 5835 1460 5890 cod.
1495 5837 1549 5891 5.
