3902 6486
204 322 338 390 1229

1529 306 1609 364 IN
1650 304 1852 364 PSAL.
1900 303 2109 363 XLIX.

3329 308 3459 372 123:)

201 437 393 513 μῴδῶν
420 436 464 468 ³⁸
495 427 948 504 χοροδιδάσκαλος
979 419 1156 487 οὗτος.
1187 422 1270 483 ὡς’
1297 424 1329 491 ἡ
1365 421 1472 473 τῶν
1504 420 1769 487 Παραλει-

1883 428 2163 470 cantorum
2212 415 2354 470 alius
2388 414 2544 469 chori
2574 457 2588 480 ,
2637 429 2693 472 ut
2735 418 2961 473 historia
3007 420 3458 492 Paralipomenon

201 507 452 599 πομένων
504 522 748 587 ἐδίδαξεν
784 516 1018 584 ἱστορία.
1050 514 1130 567 Τὰ
1158 514 1201 544 ³⁷
1238 513 1339 582 μὲν
1370 510 1480 582 γὰρ
1525 510 1634 563 ἀπὸ
1674 507 1767 561 τοῦ

199 615 637 690 τεσσαρακοστοῦ
718 607 939 680 πρώτου
960 608 1005 639 ³⁸
1076 601 1645 677 προηρμηνευμένα³⁹
1720 602 1769 652 οἱ

199 715 340 784 Κορὲ
371 712 498 771 υἱοὶ,
528 707 818 777 κορυφαῖοι
856 703 951 755 καὶ
980 701 1134 755 αὐτοὶ
1166 698 1328 769 χοροῦ
1383 697 1573 765 ἐτέρου
1612 695 1769 760 γενό-

199 822 370 877 μενοι,
410 804 554 873 ᾄδειν
584 792 1057 865 ὲνεχειρίσθησαν.
1096 792 1321 860 Ἔχουσι
1351 788 1407 841 δὲ
1433 788 1531 841 καὶ
1571 785 1772 849 ἄλλους

195 897 459 969 ψαλμοὺς,
491 892 592 958 την
622 888 803 940 αὐτῶν
843 885 1160 957 ἐπιγραφὴν
1217 884 1464 953 ἔχοντας,
1519 880 1635 944 οὓς,
1663 883 1710 932 εἰ
1742 880 1770 930 6

196 990 322 1052 Θεὸς
343 982 693 1050 ἐπιτρέψειεν
718 980 786 1043 ιο,
824 978 1263 1050 έρμηνεύσομεν.
1307 977 1367 1028 ’0
1411 975 1466 1028 δὲ
1488 975 1532 1005 ’δί
1575 972 1769 1043 παρὼν

196 1079 424 1147 ψαλμὸς,
458 1073 538 1143 τῷ
580 1073 754 1139 Ἀσάφ
776 1070 1162 1139 ἀνακείμενος,
1210 1069 1500 1138 σύμφωνός
1532 1068 1652 1119 ἐστι
1692 1065 1771 1133 τῷ

198 1167 625 1235 προτεταγμένῳ
673 1164 876 1234 ψαλμῷ
907 1181 920 1195 ·
960 1162 1058 1216 καὶ
1104 1162 1265 1223 αὐτὸς
1314 1162 1424 1231 γὰρ
1480 1161 1541 1213 τὸ
1577 1159 1770 1229 μέλλον

198 1259 560 1336 προαγορεύει
584 1259 628 1289 ⁸⁸
648 1260 956 1326 κριτήριον,
990 1258 1080 1308 καὶ
1112 1255 1208 1308 τοῦ
1227 1254 1363 1307 Θεοῦ
1392 1253 1487 1306 καί
1521 1253 1773 1320 Σωτῆρος

195 1355 339 1428 ἡμῦν
378 1352 489 1423 τὴν
511 1350 855 1418 ἐπιφάνειαν.
900 1346 1274 1417 Προαγορεύει
1301 1346 1487 1414 μέντοι
1536 1345 1633 1398 καὶ
1674 1346 1774 1412 τὴν

198 1443 381 1512 ·.αινὴν
424 1443 714 1513 διαθήκην,
747 1441 967 1504 δεικνὺς
1004 1439 1103 1510 τὴν
1130 1440 1273 1492 κατὰ
1325 1438 1490 1508 νόμον
1520 1436 1775 1505 λατρείαν

191 1537 246 1589 οὐ
278 1536 515 1605 θυμήρη
531 1534 673 1604 Θεῷ.
708 1553 725 1585 ι
760 1532 894 1595 Θεὸς
929 1531 1081 1585 Θεῶν
1111 1531 1318 1599 Κύριος
1372 1529 1631 1599 ἐλάλησε,
1682 1529 1777 1581 καὶ

197 1629 431 1682 ἐκάλεσε
458 1628 558 1698 τὴν
588 1627 716 1696 γῆν,
762 1625 872 1678 ἀπὸ
909 1623 1191 1678 ἀνατολῶν
1227 1623 1383 1693 ἡλίου
1444 1622 1606 1692 μέχρι
1649 1619 1777 1673 δυσ-

200 1721 328 1792 μῶν.
364 1739 395 1770 ι
418 1721 527 1773 Καὶ
538 1718 583 1749 ⁸³
600 1719 629 1770 6
649 1717 756 1787 πρὸ
775 1716 970 1769 τούτου
989 1715 1204 1786 ψαλμὸς
1226 1713 1434 1776 πάντας
1456 1710 1778 1782 ἀνθρώπους

1875 521 1977 562 nos
2033 506 2241 561 docuit.
2286 506 2431 561 Nam
2476 524 2539 563 ea
2583 524 2705 578 qua:
2742 526 2771 561 a
2811 511 3232 581 quadragesimo
3287 516 3465 584 prium

1871 597 2085 666 psalmo
2111 599 2356 668 exposita
2392 613 2550 665 sunt,
2591 603 2718 659 ﬁliis
2760 604 2922 669 (lore,
2956 605 3095 659 alius
3123 605 3278 660 chori
3313 608 3459 676 prin-

1872 689 2123 759 cipibus,
2171 693 2239 746 ad
2270 696 2576 748 canendum
2617 698 2917 752 commissa
2963 698 3205 753 luerunt.
3252 697 3469 754 Habent

1879 797 2009 837 vero
2056 793 2113 838 et
2163 784 2301 839 alios
2347 787 2625 855 psalmos,
2680 790 2883 858 quibus
2932 805 3123 844 eorum
3178 792 3505 861 inscriptio

1875 882 1979 935 est,
2010 887 2147 941 quos
2177 873 2221 927 si
2251 873 2391 928 Deus
2421 876 2736 943 permiserit
2768 877 3189 946 explicabimus.
3219 877 3467 934 Praesens

1877 974 2054 1019 autem
2106 968 2348 1035 psalmus
2395 968 2617 1038 Asapho
2664 970 3002 1040 attributus,
3054 986 3334 1029 consonus
3384 987 3469 1035 εει

1875 1062 2124 1130 proxime
2155 1060 2483 1130 praecedenti
2529 1062 2765 1130 psalmo.
2810 1063 3023 1118 Etenim
3063 1064 3153 1120 hic
3181 1065 3345 1120 etiam
3383 1067 3468 1119 l'u-

1876 1164 2056 1205 turum
2080 1151 2353 1220 judicium
2380 1154 2647 1221 praedicit,
2668 1164 2723 1209 et
2749 1153 2842 1209 Dei
2871 1171 2934 1209 ac
2960 1156 3264 1212 Salvatoris
3290 1160 3466 1214 nostri

1874 1244 2194 1300 adventum.
2225 1244 2569 1300 Vaticinatur
2598 1250 2761 1303 etiam
2809 1264 3009 1305 novum
3056 1260 3464 1317 testamentum,

1875 1341 2170 1394 ostendens
2233 1341 2459 1411 legalem
2510 1344 2718 1397 cultum
2775 1348 3001 1401 minime
3056 1346 3168 1402 Deo
3226 1358 3461 1419 gratum.

1882 1451 1900 1483 ι
1941 1433 2084 1487 Deus
2114 1434 2343 1488 deorum
2386 1435 2652 1491 Dominus
2705 1436 2922 1492 locutus
2965 1449 3048 1493 est
3074 1479 3089 1502 ,
3146 1449 3202 1494 et
3253 1441 3468 1495 vocavit

1880 1536 2115 1591 terram,
2157 1542 2186 1579 a
2230 1527 2365 1580 solis
2393 1536 2512 1580 ortu
2548 1544 2727 1597 usque
2770 1529 2835 1581 ad
2870 1544 3154 1584 occasum.
3188 1549 3209 1582 ι
3252 1529 3469 1587 Praece-

1877 1618 2013 1673 dens
2044 1620 2208 1673 etiam
2229 1622 2476 1689 psalmus
2511 1632 2739 1676 cunctos
2773 1623 3023 1679 homines
3056 1626 3124 1679 ad
3158 1626 3467 1681 doctrinam

1881 1714 2173 1767 accersivit
2213 1733 2225 1767 ι
2282 1716 2368 1769 hic
2411 1732 2635 1784 quoque
2684 1716 2871 1771 Itidem
2912 1732 3103 1773 omnes
3141 1718 3278 1775 ﬁnes
3318 1721 3470 1774 orbis

195 1787 266 1877 εἰς
302 1810 670 1866 διδασκαλίαν
696 1808 949 1874 ἐκάλεσε,
979 1809 1078 1863 καὶ
1104 1807 1261 1871 οὗτος
1289 1805 1553 1869 ὡσαύτως
1595 1804 1775 1857 πάντα

1883 1813 2150 1860 terrarum
2195 1806 2443 1862 advocat.
2484 1807 2598 1864 Hoc
2644 1809 2789 1863 enim
2830 1811 3146 1881 signiﬁcat:
3207 1832 3225 1864 ι
3259 1814 3305 1866 Α
3338 1813 3470 1868 solis

193 1908 282 1976 τῆς
307 1904 651 1973 οἰκουμένης
670 1902 739 1956 τὰ
769 1902 1004 1973 πέρατα.
1028 1901 1101 1953 Τὸ
1131 1900 1294 1970 γὰρ,‹
1341 1899 1475 1952 Ἀπὸ
1500 1896 1777 1951 ἀνατολῶν

196 1999 335 2069 ἡλίου
381 1999 547 2068 μέχρι
576 1996 623 2027 ⁸⁸
676 1994 901 2065 δυσμῶν
967 2012 986 2045 ι
1026 1991 1190 2045 τοῦτο
1226 1991 1400 2060 δηλοῖ.
1451 1991 1524 2043 Τὸ
1547 1991 1604 2043 δὲ
1632 1990 1779 2055 Θεὸς

196 2089 376 2151 Θεῶν,
430 2089 481 2140 0i
547 2088 695 2155 τρεῖς
760 2085 964 2154 ἑτέρως
1070 2084 1451 2154 ἡρμήνευσαν,
1505 2079 1777 2147 ἰσχυρὸς

196 2183 331 2247 Bede
345 2181 401 2213 "
421 2178 709 2248 λαλήσας
729 2176 990 2230 ἐκάλεσε
1013 2175 1129 2243 τὴν
1159 2173 1294 2243 γῆν.
1315 2176 1379 2227 Οἱ
1408 2174 1465 2227 δὲ
1514 2171 1779 2244 Ἐϐδομή-

195 2292 359 2330 κοντα
389 2273 568 2338 θεοὺς
601 2269 930 2340 ὀνομάζουσι
962 2268 1091 2330 τοὺς
1146 2267 1336 2337 ἄρχειν
1361 2266 1650 2336 λαχόντας,
1683 2264 1778 2317 καὶ

195 2367 409 2437 κρίνειν
475 2365 974 2432 πεπιστευμένους,
1027 2362 1163 2432 ὅπερ
1200 2359 1335 2413 ῐδιον
1399 2359 1563 2429 μόνου
1619 2358 1776 2412 Θεοῦ.

195 2461 363 2513 Τοῦτο
390 2460 542 2528 ἡμᾶς
567 2458 596 2509 6
617 2454 979 2525 ὀγδοηκοστὸς
1020 2454 1235 2524 πρῶτος
1261 2453 1504 2507 διδάσκει
1538 2450 1776 2521 ψαλμὸς,

196 2554 281 2607 καὶ
318 2551 497 2614 αὐτὸς
523 2551 599 2619 τῷ
633 2548 807 2616 Ἀσὰφ
830 2548 1337 2617 ἐπιγεγραμμένος.
1363 2543 1616 2615 Εἰρηκὼς
1646 2543 1777 2613 γὰρ,

202 2664 217 2696 ι
259 2643 320 2697 '0
374 2642 513 2704 Θεὸς
552 2641 683 2712 ἔστη
738 2641 798 2693 ὲν
849 2642 1141 2710 συναγωγῇ
1189 2638 1363 2690 θεῶν’
1421 2640 1479 2689 ἐν
1520 2637 1673 2707 μέσῳ
1721 2635 1780 2689 δὲ

197 2735 351 2798 θεοὺς
386 2735 701 2801 διακρινεῖ·
747 2752 766 2784 ›
802 2733 1083 2803 ἐπήγαγεν
1105 2747 1118 2759 ·
1152 2751 1170 2782 ι
1217 2731 1365 2793 Ἕως
1395 2730 1527 2782 πότε
1558 2728 1777 2797 κρίνετε

198 2829 431 2889 ἀδικίαν,
490 2828 584 2879 καὶ
631 2826 899 2895 πρόσωπα
925 2824 971 2856 ⁸⁸
1029 2823 1372 2895 ἁμαρτωλῶν
1422 2822 1777 2890 λαμϐάνετε;

197 2918 422 2988 κρίνατε
453 2915 679 2985 ὀρφανῷ
718 2916 813 2967 καὶ
869 2913 1069 2984 πτωχῷ
1097 2930 1109 2942 ·
1163 2914 1423 2967 ταπεινὸν
1450 2914 1545 2966 καὶ
1571 2912 1781 2982 πένητα

198 3009 549 3061 δικαιώσατε.
582 3026 599 3057 ι
632 3006 802 3061 Τοῦτο
837 3007 895 3060 δὲ
925 3006 1115 3079 ἱερέων
1149 3006 1302 3066 ἴδιον,
1334 3009 1429 3060 καὶ
1451 3007 1559 3059 τῶν
1580 3004 1778 3067 ἄλλων,

196 3104 303 3155 ὅσοι
341 3102 407 3153 τὸ
436 3100 684 3164 δικάζειν
713 3099 1185 3170 ὲνεχειρίσθησαν.
1224 3099 1381 3153 Οὕτω
1412 3100 1508 3152 καὶ
1551 3102 1578 3152 ὁ
1617 3100 1776 3168 νόμος

1883 3100 1969 3168 ius
2019 3104 2265 3162 reddant.
2322 3104 2413 3160 Sic
2452 3107 2618 3161 etiam
2674 3109 2763 3163 lex
2814 3116 3060 3184 praecipit

197 3192 534 3262 διαγορεύει,
580 3210 596 3242 ι
635 3191 802 3254 Θεοὺς
833 3192 894 3243 οὑ
937 3191 1359 3262 κακολογήσεις,
1394 3195 1491 3244 καὶ
1542 3193 1781 3263 ἄρχοντα

198 3284 283 3337 τοῦ
311 3284 449 3336 λαοῦ
484 3301 577 3337 σου
617 3286 718 3337 οὐκ
772 3286 920 3355 ἐρεῖς
971 3284 1177 3347 κακῶς.
1226 3304 1243 3335 ι
1282 3286 1508 3355 Κυρίως
1536 3287 1579 3317 ’⁵⁷
1635 3288 1680 3339 δ’
1717 3288 1782 3342 ἂν

200 3378 309 3432 θεοὶ
338 3380 598 3448 κληθεῖεν
630 3381 679 3432 οἱ
706 3380 827 3432 κατ’
860 3378 1049 3433 εἰκόνα
1073 3378 1117 3410 ⁸⁸
1151 3380 1302 3433 θείαν
1332 3380 1376 3412 ’⁸³
1397 3383 1781 3452 γεγενημένοι.

198 3474 285 3525 καὶ
341 3473 624 3542 ἀκήρατον
680 3471 778 3540 τὴν
825 3471 1014 3524 εἰκόνα
1061 3471 1418 3539 φυλάξαντες.
1484 3475 1541 3526 ὐ
1593 3475 1701 3545 γὰρ
1734 3476 1781 3505 σο

197 3563 405 3616 τούτων
455 3564 591 3626 Θεὸς
624 3565 805 3617 πᾶσαν
858 3563 1083 3632 συνάγει
1107 3564 1205 3635 τὴν
1248 3567 1580 3637 οἰκουμένην
1616 3569 1695 3629 είς
1724 3567 1783 3620 τὸ

198 3654 558 3725 δικαστήριον
584 3655 650 3708 δί.

266 3747 335 3816 β’.
372 3765 392 3797 ι
447 3747 544 3799 Ἐκ
588 3744 728 3798 Σιὼν
764 3747 1069 3817 εὐπρέπεια
1100 3749 1146 3780 ³²
1175 3749 1277 3818 τῆς
1323 3749 1658 3820 ὡραιότητος
1686 3750 1783 3803 αὐ·-

198 3839 309 3892 τοῦ.
348 3858 367 3889 ι
401 3839 579 3901 Αὐτὸς
604 3839 662 3892 δὲ
689 3840 735 3872 ⁸³
774 3832 932 3903 οὗτός
973 3842 1124 3893 ἐστιν
1147 3844 1174 3895 6
1212 3844 1268 3895 ἐν
1297 3846 1362 3912 τῇ
1393 3844 1532 3896 Σιὼν
1574 3845 1673 3906 τὴν
1701 3846 1781 3896 οἰ-

199 3933 353 3985 κείαν
413 3933 755 4003 εὐπρέπειαν
820 3936 915 3986 καὶ
968 3934 1284 4005 ὡραιότητα
1332 3936 1532 4000 δείξας,
1572 3939 1665 3989 καὶ
1714 3937 1781 3989 τὰ

202 4023 451 4093 σωτήρια
482 4023 922 4093 καταδεξάμενος
971 4026 1143 4095 πάθη,
1196 4029 1223 4078 6
1251 4027 1298 4057 ⁸³
1336 4026 1539 4096 ὡραῖος
1591 4028 1781 4081 κάλλει

201 4116 350 4185 παρὰ
379 4118 512 4179 τοὺς
552 4117 702 4180 υἱοὺς
731 4117 841 4170 τῶν
866 4118 1173 4189 ἀνθρώπων
1212 4122 1540 4190 ὀνομασθείς
1581 4125 1641 4175 ὲν
1670 4126 1781 4186 τοῖς

200 4206 586 4277 ἑρμηνευθεῖσι
610 4208 657 4239 ⁵⁸
684 4209 915 4279 ψαλμοῖς
932 4211 997 4264 ⁸⁸⁵.

262 4297 334 4368 γ’.
364 4321 385 4353 ι
434 4302 493 4355 '0
527 4302 661 4366 Θεὸς
702 4305 958 4373 ἐμφανῶς
984 4307 1029 4338 ⁵⁷
1066 4306 1208 4376 ἥξει,
1240 4307 1268 4358 6
1297 4306 1431 4371 Θεὸς
1467 4308 1648 4377 ἡμῶν,
1685 4308 1779 4360 καὶ

200 4391 258 4444 οὐ
293 4396 819 4467 παρασιωπήσεται.
888 4416 908 4449 ι
964 4398 1055 4469 Μὴ
1079 4399 1190 4469 γὰρ
1245 4399 1308 4470 δὴ
1342 4400 1603 4470 νομίσητε
1639 4404 1780 4453 κατά

1878 1905 2003 1950 ortu
2037 1897 2102 1951 ad
2131 1911 2387 1952 occasum
2422 1916 2620 1970 usque.
2654 1920 2673 1951 i
2702 1900 2838 1956 Illud
2870 1917 3019 1966 vero,
3052 1903 3195 1958 Deus
3226 1905 3467 1971 deorum,

1878 2006 1907 2044 a
1938 1989 2114 2045 tribus
2155 1991 2549 2061 interpretibus
2583 1996 2740 2050 aliter
2770 2011 3091 2065 expressum
3119 2009 3204 2054 est
3236 2017 3249 2052 :
3285 1999 3469 2055 Fortis

1877 2083 2017 2137 Deus
2045 2084 2251 2139 locutus
2273 2089 2475 2141 vocavit
2507 2099 2726 2144 terram.
2751 2090 2919 2164 924
2946 2092 3214 2148 Caeterum
3236 2094 3469 2165 Septua-

1878 2178 2024 2248 ginta
2075 2179 2196 2233 deos
2241 2182 2529 2236 nominant
2595 2184 2717 2238 illos
2779 2186 2871 2255 qui
2947 2186 3237 2257 imperium
3290 2192 3469 2266 sortiti

1879 2284 2028 2338 sunt,
2055 2274 2407 2344 etjudicantli
2431 2277 2667 2331 ollicium
2693 2280 3051 2336 commissum
3078 2282 3301 2350 habent,
3322 2287 3467 2355 quod

1878 2367 2051 2423 solius
2082 2367 2172 2422 Dei
2205 2369 2483 2438 proprium
2512 2379 2615 2425 est.
2642 2370 2755 2426 lloc
2781 2388 2880 2427 nos
2902 2373 3066 2429 docet
3095 2381 3466 2447 octogesimus

1878 2459 2090 2529 primus
2121 2462 2401 2530 psalmus,
2436 2463 2530 2532 qui
2562 2464 2725 2518 etiam
2760 2466 2985 2535 Asapho
3020 2469 3322 2540 inscriptus
3360 2484 3465 2527 est.

1880 2548 2014 2604 Nam
2046 2566 2168 2604 cum
2204 2552 2473 2608 dixisset:
2511 2572 2529 2604 ι
2566 2553 2710 2610 Deus
2748 2558 2895 2610 stetit
2937 2559 2989 2611 in
3023 2574 3299 2633 synagoga
3330 2563 3465 2617 deo-

1879 2656 2026 2705 rum,
2059 2641 2114 2695 in
2145 2642 2327 2696 medio
2360 2651 2543 2697 autem
2583 2645 2717 2698 deos
2740 2645 2953 2714 judicat
2975 2656 3035 2713 ν;
3078 2666 3096 2700 ι
3141 2652 3421 2721 subjunin
3449 2673 3461 2708 :

1887 2752 1905 2785 ι
1936 2733 2234 2803 Quousque
2257 2736 2515 2804 judicatis
2544 2738 2910 2808 iniquitatem,
2940 2752 2994 2797 et
3023 2743 3189 2799 iacies
3215 2756 3465 2814 peccato-

1881 2840 2003 2879 rum
2034 2828 2347 2895 rcspicitis?
2377 2826 2476 2883 Jus
2504 2830 2668 2885 dicite
2716 2833 2924 2905 pupillo
2955 2843 3006 2889 ct
3033 2852 3238 2907 egeno:
3284 2840 3465 2893 humi.

1881 2918 1986 2972 lem
2042 2929 2094 2973 et
2121 2935 2413 2990 pauperem
2441 2923 2738 2992 justiﬁcate
2761 2934 2809 2979 κ.
2836 2946 2855 2977 ι
2894 2927 3061 2983 Porro
3094 2930 3147 2984 id
3180 2933 3247 2985 ad
3281 2948 3464 2988 sacer-

1884 3012 2041 3067 dotes
2068 3022 2121 3068 ct
2148 3013 2213 3068 ad
2242 3015 2378 3069 alios
2399 3017 2655 3084 pertinet,
2700 3020 2902 3088 quibus
2952 3023 3266 3079 mandatum
3292 3036 3377 3081 est
3408 3038 3468 3083 ut

3109 3133 3124 3170 :
3164 3135 3183 3167 ι
3227 3115 3343 3173 Diis
3401 3135 3467 3175 ne

1886 3195 2255 3263 maledixeris,
2296 3214 2399 3255 nec
2435 3202 2667 3273 principi
2718 3207 2904 3275 populi
2936 3208 3015 3261 tui
3043 3208 3336 3268 maledicas
3357 3220 3406 3266 7.
3441 3233 3459 3264 ι

1885 3287 2110 3361 Proprie
2158 3301 2339 3347 autem
2385 3294 2462 3348 dii
2495 3297 2679 3351 vocari
2722 3310 2988 3367 possunt,
3041 3304 3359 3377 quicunque
3398 3310 3461 3361 all

1884 3384 2123 3439 divinam
2159 3386 2451 3457 imaginem
2484 3390 2606 3445 l'acti
2632 3401 2779 3455 sunt,
2806 3403 2859 3446 et
2883 3395 3151 3451 sinceram
3173 3399 3461 3471 imaginem

1887 3491 2233 3533 conservant.
2274 3479 2477 3534 Horum
2521 3487 2665 3537 enim
2718 3485 2858 3541 Deus
2910 3489 3225 3544 universum
3274 3494 3460 3547 orbem

1886 3576 2155 3623 terrarum
2186 3581 2481 3641 congregat
2511 3573 2565 3626 in
2592 3560 2880 3643 judicium.

1955 3750 2121 3805 Vens.
2156 3752 2212 3805 2.
2269 3772 2287 3803 ‹
2317 3751 2392 3806 Ex
2441 3753 2606 3809 Sione
2650 3757 2856 3821 species
2883 3757 3097 3815 decoris
3123 3760 3263 3830 ejus.
3299 3782 3317 3814 ι
3365 3764 3463 3818 Hic

1886 3854 2064 3899 autem
2097 3845 2212 3913 ipse
2242 3856 2327 3898 est
2365 3844 2529 3905 Deus.
2562 3847 2653 3916 qui
2688 3849 2740 3900 in
2775 3850 2941 3903 Sione
2972 3867 3131 3904 suum
3164 3853 3414 3908 decorem
3444 3898 3458 3917 ,

1884 3936 2458 4005 pulchritudinemque
2486 3939 2753 3999 ostendit,
2803 3951 2855 3993 et
2899 3941 3195 3997 salutarem
3240 3961 3458 4001 crucem

1882 4043 2175 4098 perpessus
2221 4029 2240 4048 ‘
2286 4037 2403 4094 est,
2444 4030 2537 4099 qui
2588 4031 2641 4083 in
2692 4033 2918 4100 psalmis
2964 4036 3218 4104 superius
3274 4041 3462 4109 expla-

1884 4122 2029 4175 natis
2061 4121 2377 4177 nomiuatus
2421 4133 2501 4177 est
2538 4123 2822 4192 speciosus
2854 4126 3028 4182 forma
3060 4145 3170 4199 pra:
3200 4130 3325 4186 liliis
3359 4134 3459 4186 lm-

1882 4228 2112 4266 mtuum.

1954 4306 2124 4361 Vens.
2159 4310 2213 4361 5.
2263 4328 2279 4358 ι
2319 4308 2462 4361 Deus
2501 4310 2792 4365 manifesto
2822 4313 3032 4377 veniet,
3075 4313 3219 4371 Deus
3250 4328 3457 4379 noster.

1882 4402 1936 4448 et
1979 4410 2084 4448 non
2146 4395 2349 4449 silebit.
2389 4416 2406 4446 ι
2450 4394 2528 4451 Νε
2580 4398 2723 4451 enim
2773 4400 3116 4457 arbitremini
3162 4406 3457 4462 adventum

200 4486 296 4554 τὴν
330 4487 613 4557 προτέραν
662 4490 828 4543 αὐτοῦ
874 4493 1180 4561 παρουσίαν
1235 4495 1328 4546 καὶ
1386 4493 1484 4563 τὴν
1518 4493 1776 4561 δευτέραν

1883 4488 2181 4541 secundum
2211 4488 2379 4558 priori
2408 4490 2639 4544 similem
2667 4490 2799 4553 fore.
2827 4490 2983 4549 Tunc
3007 4497 3151 4549 enim
3177 4502 3455 4567 pr0priam

203 4578 532 4648 γενήσεσθαι
561 4580 625 4632 ⁵⁸.
684 4581 817 4634 Τότε
861 4581 961 4651 μὲν
992 4584 1102 4654 γάρ
1141 4588 1205 4655 τῇ
1253 4584 1503 4656 εὐτελείᾳ
1557 4584 1648 4638 καὶ
1707 4587 1771 4655 τῇ

203 4670 451 4740 πτωχείᾳ
486 4672 824 4741 συνεκάλυψε
849 4674 949 4744 τὴν
1008 4674 1217 4729 οἰκείαν
1255 4676 1775 4745 μεγαλοπρέπειανσ

273 4790 301 4819 ν
334 4781 505 4837 Psall.
538 4801 723 4851 Lxxxt,
759 4787 810 4840 l.

890 4795 913 4822 ι
946 4787 1075 4842 ibid.
1118 4786 1175 4855 2,
1202 4788 1257 4845 ὅ.
1331 4799 1359 4839 γ
1388 4789 1558 4845 Exod.
1590 4805 1723 4855 xxu,
1759 4788 1850 4843 28.

1886 4581 2224 4651 majestatem
2259 4582 2569 4637 humilitate
2609 4594 2663 4638 et
2695 4586 2858 4655 925
2908 4590 3165 4659 pauperie
3207 4592 3452 4646 obtexit:

1885 4690 2031 4727 nunc
2076 4685 2256 4728 autem
2305 4675 2656 4731 manifestum
2693 4681 2950 4735 omnibus
2984 4682 3235 4737 ostendet
3279 4685 3455 4753 impe-

1354 4922 1591 4979 VARI/E
1627 4923 2016 4981 LECTlONES
2046 4926 2135 4981 ET
2164 4926 2400 4984 NOTAS.

275 5010 468 5083 "cod.
620 5011 935 5083 ψαλτῳδῶν,

206 5080 366 5135 Cord.
432 5097 483 5149 p.
518 5080 642 5134 962.
690 5080 793 5138 Ρι·ό
841 5085 910 5137 τὰ
961 5087 1079 5141 eod.
1128 5089 1163 5139 2
1216 5089 1377 5143 habet
1422 5080 1616 5145 ταύτὰ.

212 5222 234 5295 ᾖ
284 5222 738 5295 προαναγορεύει.
837 5222 1350 5295 “Kay—67110;.
1396 5232 1520 5286 Des.
1568 5233 1622 5285 in
1663 5234 1783 5289 cod.

210 5292 258 5369 in
306 5291 566 5369 Hexaplis
604 5296 670 5369 τις
716 5295 837 5369 h._l.
879 5298 1028 5369 addit
1087 5291 1313 5369 Κύριος.

1834 5236 1887 5287 5.
1989 5237 2035 5265 δδ
2062 5238 2268 5305 Μέχρι.
2315 5240 2432 5291 cod.
2480 5240 2502 5292 1

1439 5303 1485 5333 ⁵⁸
1532 5304 1653 5357 cod.
1705 5303 1740 5356 2
1795 5305 2107 5368 πρόσωπον.

1043 5016 1087 5099 τ’
1121 5017 1197 5099 ῖά
1218 5050 1311 5099 .-ῖ
1353 5020 1586 5099 θυμήρη
1630 5022 1771 5099 Θεῷ.-

1883 5039 1937 5099 ιε.
1986 5024 2038 5077 in
2070 5025 2191 5099 cod.
2237 5027 2290 5099 ἒξ,
2341 5029 2715 5099 e_t__maxima
2745 5045 2809 5083 ex
2892 5042 3043 5099 parte
3106 5036 3270 5089 etiam
3313 5042 3451 5099 apud

1719 5092 2046 5175 ³⁸·Πρώτου.
2096 5096 2217 5175 eod.
2253 5096 2288 5147 2
2317 5095 2472 5175 addit
2514 5098 2753 5175 ψαλμού.
2815 5092 3451 5175 ἴθ’Προηρμηνευμέᾶρα.

207 5152 325 5233 cod.
361 5152 384 5205 1
433 5153 718 5233 εἰρημένα.
774 5157 961 5233 coll.
987 5160 1517 5233 προερμηνευθέντα.
1594 5162 1640 5192 ⁸ο
1676 5164 1773 5217 cmi

1922 5164 2222 5233 ἐπιτρέψει.

2318 5168 2362 5197 ⁴¹
2401 5166 2492 5221 Δέ.
2544 5166 2666 5222 cod.
2704 5170 2763 5233 -l,
2819 5172 2854 5224 2
2900 5166 3166 5240 ευιι.⁷’γέ.“
3247 5166 3294 5208 δί
3328 5183 3450 5232 cod.

2559 5255 2748 5313 prxent.
2788 5242 2906 5313 καί.
2979 5243 3023 5274 ⁸⁸
3056 5247 3218 5313 Θεός.
3263 5247 3451 5303 Montl'.

2218 5307 2262 5337 ⁴⁵⁷
2300 5307 2572 5382 Κυρίῳςξ
2597 5310 2716 5363 cod.
2785 5311 2831 5382 5,
2880 5314 3138 5382 εὐλόγως.
3173 5307 3191 5313 ’
3219 5319 3264 5349 ⁸⁸
3315 5323 3453 5372 Κατ’

207 5363 425 5458 εἰκόφςα.
464 5364 587 5458 cold].
627 5365 741 5458 ἕξει
771 5366 935 5458 Cor’d‘.
968 5363 1287 5458 Δμνιεηιίίτό.
1366 5371 1409 5401 ⁸³
1439 5375 1615 5458 Θείαν
1636 5406 1701 5413 —
1740 5392 1770 5458 ε

1883 5394 1966 5429 να.
2018 5375 2141 5458 Des.
2179 5376 2232 5431 in
2289 5363 2759 5458 cod.._1'_9'et.apud
3224 5390 3270 5420 ⁵ο

208 5434 327 5487 Des.
354 5433 409 5484 in
436 5434 594 5487 codd.
636 5439 774 5503 Aug.

878 5439 923 5469 ⁸³
953 5438 1368 5507 Δικαστήριον.
1398 5444 1557 5497 codd.
1594 5453 1703 5499 tres
1733 5447 1870 5514 Aug.
1913 5448 2216 5517 κριτήριον.

2335 5449 2379 5479 ⁸³
2398 5449 2756 5517 Εὐπρέπεια.
2799 5452 2855 5506 In
2901 5455 3059 5509 codd.
3089 5460 3292 5513 nostris
3317 5470 3371 5514 et
3391 5449 3453 5515 in

202 5538 342 5578 vers.
388 5523 499 5576 τῶν
530 5525 587 5577 0'
631 5531 851 5599 [πῶσῆ.
886 5528 1051 5585 Hebr.
1090 5518 1378 5614 trgi-5597;,
1414 5537 1558 5604 quod
1603 5538 1776 5607 Aqui]:

1883 5539 1905 5592 Δ
1948 5539 2171 5595 Siouem
2222 5544 2519 5609 transtulit,
2551 5555 2789 5611 vertens,
2824 5548 3219 5621 τετελεσμένης
3247 5554 3451 5608 κάλλει.

201 5628 250 5659 ⁸⁸
278 5630 468 5697 Αὐτὸς
492 5631 579 5688 δέ.
608 5631 734 5688 Des.
763 5633 814 5687 in
846 5638 965 5690 cod.
996 5638 1049 5691 3.

1155 5640 1307 5718 f‘_'_0
1325 5643 1715 5718 ς-,ιβτῖλμυῖςζ
1744 5646 1862 5718 Des.
1905 5647 2045 5713 apud
2079 5646 2240 5702 Cord.
2269 5666 2321 5718 p.
2364 5649 2489 5705 964.

2620 5654 2666 5726 αι
2710 5653 2832 5726 cod.
2863 5656 2898 5708 ξ),
2938 5659 3451 5726 προερμηνευθεῖσι.

206 5699 250 5729 ⁸⁸
301 5703 589 5770 Ψαλμοῖς.
613 5704 782 5758 Abest
807 5720 836 5759 a
861 5706 982 5760 cod.
1012 5709 1064 5763 3.
1129 5710 1173 5741 ⁵⁷
1218 5709 1282 5763 ’0
1309 5699 1453 5776 Θεὸξ·
1482 5699 1776 5780 ἐμᾷακῶς.

212 5772 318 5807 Anu
370 5774 611 5807 ὲηςρρςνιυ..
714 5776 760 5807 σο
798 5777 1167 5807 Ποντικοί-Δ...
1225 5783 1318 5807 ...με
1374 5781 1408 5807 ο
1442 5783 1583 5807 ...ιλιι
1623 5785 1758 5807 ι..-ρ-

1883 5699 2029 5770 ω’σίῑ
2058 5735 2217 5787 praue.
2253 5699 2446 5775 vrersic.
2481 5722 2669 5777 referri
2702 5699 3033 5782 debuissenrt.
3069 5699 3231 5783 {13b}.
3269 5728 3452 5807 ἐνείη.

205 5772 341 5840 Aqu.
370 5774 635 5845 ἐπεφάνη.

714 5776 760 5807 ⁵⁸
789 5777 1187 5844 Γενήσεσθαι.
1222 5783 1338 5837 cod.
1374 5781 1409 5835 2
1441 5776 1590 5837 addit
1618 5776 1839 5853 ὁμοίως.
