3902 6490
484 295 613 360 1231

1432 286 1926 348 THEODORETI
1967 283 2308 345 EPISCOPI
2339 285 2710 345 CYRENSIS

3590 294 3707 360 1232

478 410 619 463 rium
650 414 704 459 et
736 417 962 473 regnum
985 441 1001 465 ,
1033 414 1140 455 non
1167 397 1405 469 amplius
1430 395 1845 465 longanimitate
1879 402 2055 455 utens,

2166 394 2260 447 νῦν
2297 394 2353 446 δὲ
2392 393 2645 465 προφανῆ
2686 393 2851 459 δείξει
2906 394 3040 448 πᾶσι
3067 396 3112 428 ⁵⁹
3138 399 3239 468 τὴν
3268 399 3601 470 δεσποτείαν,
3625 414 3711 463 καὶ

428 530 439 539 ι
476 503 569 558 sed
598 501 745 571 juste
773 497 1047 568 judicans.
1086 494 1200 549 Hoc
1229 492 1373 547 enim
1404 489 1584 544 innuit
1624 487 1780 549 illud,
1834 484 1955 537 Non
1987 487 2060 539 si-

477 594 621 649 lebit.
668 613 685 643 ι
716 592 864 662 Ignis
908 590 961 642 in
1008 594 1307 656 conspectu
1358 583 1479 653 ejus
1525 581 1880 643 exardescet,
1923 589 1977 632 et
2006 579 2061 631 in

475 687 705 743 circuitu
736 685 857 755 ejus
889 690 1181 750 tempestas
1200 678 1545 733 vehemens.»
1579 673 1706 727 Haec
1738 674 1927 726 beatus
1956 671 2063 725 Da-

479 780 589 835 niel
618 785 1021 845 contempt-atus
1043 781 1161 826 est:
1203 791 1221 821 ι
1252 768 1477 823 Fluvius
1498 766 1668 828 enim,
1694 766 1892 835 inquit,
1920 764 2061 833 ignis

479 872 729 929 trahebat
773 879 899 924 ante
945 869 1120 938 ipsum
1152 906 1167 931 ,
1214 864 1415 919 solium
1462 862 1583 932 ejus
1627 860 1843 914 ﬂamma
1885 860 2056 931 ignis,

479 977 609 1022 rota:
644 962 815 1034 ipsius
850 960 991 1028 ignis
1026 971 1193 1012 urens
1219 965 1262 1009 τ.
1298 973 1315 1003 ι

549 1140 714 1196 Vens.
753 1140 807 1194 4.
853 1156 871 1188 ι
898 1134 1198 1190 Advocabit
1227 1132 1426 1185 coelum
1462 1128 1713 1196 desuper,
1748 1134 1803 1180 et
1833 1136 2058 1190 terram,

476 1245 537 1291 ut
568 1233 831 1303 dijudicet
888 1230 1147 1299 populum
1178 1239 1360 1281 suum.
1401 1242 1419 1273 ι
1482 1222 1659 1275 Etiam
1701 1234 1828 1272 cum
1874 1219 2047 1289 legem

476 1326 883 1399 promulgaret,
933 1320 1092 1373 beato
1151 1315 1289 1371 Mosi
1366 1311 1653 1381 imperavit
1701 1318 1760 1363 ut
1801 1309 2057 1377 populum

475 1427 865 1491 congregaret,
916 1423 971 1468 Cl.
1017 1412 1218 1467 caelum
1255 1418 1569 1474 terramque
1615 1410 2057 1457 contestaretur:

474 1514 620 1584 quod
667 1510 954 1565 exordium
995 1501 1199 1559 cantici
1254 1499 1383 1554 fecit
1420 1516 1433 1551 :
1475 1516 1493 1547 ι
1525 1492 1780 1555 Attende,
1834 1492 2059 1557 caelum,

474 1618 529 1661 et
581 1607 775 1675 loquar
800 1643 815 1664 ,
862 1607 916 1654 et
964 1596 1152 1651 audiat
1186 1602 1327 1647 terra
1363 1589 1527 1643 verba
1568 1603 1635 1641 ex
1666 1601 1762 1641 ore
1790 1600 1915 1638 meo
1948 1595 1996 1637 ε.
2036 1601 2055 1635 ι

479 1697 648 1752 Vocat
692 1706 875 1750 autem
922 1691 1038 1745 haec
1090 1688 1147 1741 in
1196 1682 1571 1739 testimonium
1599 1720 1614 1746 ,
1653 1694 1761 1733 non
1797 1687 2057 1747 tanquam

2162 484 2261 557 τὴν
2300 485 2601 555 βασιλείαν,
2628 485 2815 538 οὐκέτι
2852 487 3212 558 μακροθυμία
3266 490 3566 563 χρώμενος,
3594 498 3712 555 ἀλλὰ

2162 578 2367 649 κρίνων
2396 578 2644 640 δικαίως.
2679 578 2851 630 Τοῦτο
2882 579 2993 649 γὰρ
3024 574 3204 644 εἶπεν,
3242 585 3327 637 Οὐ
3354 593 3712 660 παρασιωπή-

2162 683 2354 723 σεται.
2400 687 2420 720 ι
2470 670 2589 740 Πῦρ
2642 670 2873 723 ἐνώπιον
2906 671 2950 700 (το
2996 671 3164 724 αὑτοῦ
3227 674 3581 746 καυθήσεται,
3633 686 3716 737 καὶ⁵

2162 762 2351 833 κύκλῳ
2382 762 2548 815 αὐτοῦ
2580 763 2838 831 καταιγὶς
2900 764 3127 835 σφοδρά.
3165 783 3183 815 ο
3218 764 3408 818 Ταῦτα
3432 772 3459 824 ὁ
3481 771 3519 801 ⁸⁸
3557 778 3716 841 μακά-

2164 872 2281 926 pta;
2312 856 2355 887 “
2401 856 2600 927 Δανιὴλ
2622 856 2666 886 ³³
2714 855 2983 909 ἐθεάσατο
3011 874 3025 887 ·
3069 875 3087 907 ι
3135 855 3397 926 Ποταμὸς
3424 863 3549 931 γὰρ,
3580 868 3717 936 φησὶ,

2164 944 2336 1018 πυρὸς
2390 940 2573 999 εἷλκεν
2629 946 2944 1017 ἔμπροσθεν
3000 946 3197 1000 αὑτοῦ·
3264 948 3296 1000 ό
3340 947 3528 1018 θρόνος
3570 956 3716 1010 αὑτοῦ

2163 1040 2297 1110 φλὸξ
2350 1041 2547 1128 πυρὸς,
2581 1042 2631 1095 οἱ
2679 1043 2866 1114 τροχοὶ
2916 1041 3083 1096 αὐτοῦ
3125 1041 3239 1113 πῦρ
3277 1040 3501 1109 φλέγον.
3535 1063 3553 1095 ι

2233 1134 2295 1188 δ’.
2340 1152 2359 1186 ι
2400 1134 2843 1207 Προσκαλέσεται
2860 1133 2950 1187 τὸν
2973 1133 3203 1202 οὐρανὸν
3226 1132 3366 1196 ἄνω,
3382 1136 3480 1186 καὶ
3496 1134 3586 1206 τὴν
3608 1139 3719 1208 γῆν,

2161 1226 2257 1281 τοῦ
2286 1228 2332 1259 ⁸⁵
2361 1228 2642 1298 διακρῖναι
2678 1228 2772 1281 τὸν
2800 1227 2926 1280 λαὸν
2959 1225 3146 1280 αὑτοῦ.
3183 1246 3201 1277 ι
3239 1226 3356 1279 Καὶ
3403 1228 3503 1295 τὴν
3529 1232 3720 1301 νομοθε.

2166 1322 2289 1375 σίαν
2323 1320 2721 1391 ποιησάμενος,
2754 1319 2833 1391 τῷ
2867 1320 3122 1392 μακαρίῳ
3150 1319 3196 1350 ⁸⁸
3230 1317 3539 1389 προσέταξε
3569 1321 3718 1397 Mum;

2166 1418 2495 1483 συναγαγεῖν
2530 1413 2623 1467 τὸν
2650 1415 2802 1475 λαὸν,
2832 1415 2926 1469 καὶ
2952 1412 3439 1485 διαμαρτύρασθαι
3459 1415 3551 1466 τὸν
3582 1414 3721 1487 οὐρα-

2163 1512 2274 1575 νὸν,
2312 1511 2407 1565 καὶ
2435 1509 2534 1581 τὴν
2556 1510 2661 1579 γῆν
2680 1527 2693 1540 ·
2729 1511 2867 1580 ὅπερ
2905 1510 2998 1563 καὶ
3025 1512 3126 1580 τῆς
3182 1508 3336 1579 ᾠδῆς
3378 1508 3533 1562 τοῦτο
3557 1512 3721 1580 προοί-

2165 1621 2288 1673 μιον
2309 1605 2607 1674 ἐποιήσατο
2630 1619 2643 1633 ·
2665 1621 2683 1654 ι
2722 1602 2989 1673 Πρόσεχε,
3019 1602 3238 1673 οὐρανὲ,
3264 1600 3365 1654 καὶ
3380 1601 3616 1671 λαλήσω,
3644 1605 3725 1657 καὶ

2162 1695 2413 1749 ἀκουέτω
2464 1695 2538 1767 γῆ
2574 1695 2794 1766 ῥήματα
2833 1696 2898 1748 ἐκ
2943 1693 3216 1764 στόματός
3252 1709 3381 1763 μου.
3440 1711 3457 1742 ι
3494 1693 3652 1746 Καλεῐ
3675 1697 3723 1748 δὲ

476 1788 737 1847 animata,
766 1783 861 1838 sed
890 1790 949 1835 ut
986 1795 1049 1834 ea
1094 1792 1216 1847 qua:
1245 1774 1381 1829 alias
1437 1782 1721 1828 creaturas
1749 1769 2055 1836 continent,

2165 1791 2244 1852 είς
2268 1789 2572 1861 μαρτυρίαν
2604 1787 2703 1858 οὐχ
2729 1787 2804 1851 ὡς
2833 1786 3054 1858 ἔμψυχα
3085 1786 3265 1841 ταῦτα
3288 1786 3358 1851 ⁸⁸,
3391 1784 3507 1839 ἀλλ’
3533 1786 3604 1849 ὡς
3629 1789 3723 1840 τῶν

476 1883 541 1936 ad
569 1889 830 1934 terrorem
860 1871 1220 1927 audientium.
1249 1866 1340 1921 Sic
1368 1865 1531 1920 etiam
1557 1863 1752 1919 beatus
1780 1859 2055 1915 Abraham

475 1981 679 2043 septem
716 1982 884 2038 agnas
923 1963 1113 2020 statuit
1146 1969 1342 2025 testes,
1368 1959 1592 2012 dicens:
1626 1973 1644 2007 ι
1670 1954 1821 2010 Meus
1845 1962 1930 2010 est
1960 1968 2059 2022 pu-

474 2075 594 2119 teus
613 2063 661 2114 b.
690 2080 709 2113 ι
736 2059 827 2113 Sic
851 2057 1016 2112 etiam
1048 2052 1240 2109 collem
1274 2048 1509 2106 Iacobus
1538 2059 1591 2104 et
1617 2047 1872 2103 Labanus
1897 2060 2059 2101 voca-

472 2154 748 2211 vitcollem
774 2148 1063 2206 testimonii
1087 2158 1132 2199 ο.

550 2440 714 2495 Vens.
746 2438 808 2503 5,
844 2436 898 2492 6.
952 2455 969 2487 ι
1000 2436 1341 2505 Congrcgate
1376 2433 1456 2489 illi
1489 2442 1716 2489 sanctos
1756 2433 1876 2502 ejus
1901 2471 1916 2498 ,
1964 2432 2055 2501 qui

472 2538 733 2593 ordinant
761 2541 1146 2587 testamentum
1184 2530 1304 2596 ejus
1335 2543 1502 2597 super
1527 2526 1818 2581 sacrificia.
1858 2524 1923 2579 Et
1955 2542 2056 2579 an-

474 2627 808 2683 nnntiabunt
830 2624 954 2681 cwli
977 2623 1247 2693 justitiam
1275 2622 1417 2690 ejus,
1441 2619 1701 2689 quoniam
1734 2616 1874 2673 Deus
1893 2618 2057 2688 judex

471 2731 575 2776 est.
617 2738 636 2770 ι
676 2718 778 2771 Per
809 2732 873 2772 ea
912 2731 1037 2788 qua:
1067 2729 1233 2784 supra
1266 2713 1411 2767 dicta
1443 2721 1591 2777 sunt,
1625 2712 1864 2765 ostendit
1898 2710 2057 2765 terri-

475 2814 581 2867 bile
611 2812 785 2880 ipsius
813 2808 1086 2878 judicium
1118 2825 1131 2860 :
1170 2820 1267 2874 per
1294 2804 1461 2875 926
1491 2804 1605 2859 haec
1634 2813 1815 2858 autem
1844 2844 1858 2869 ,
1887 2812 1941 2858 et
1965 2818 2060 2873 per

471 2919 534 2958 ea
571 2917 692 2972 quae
734 2908 1057 2969 sequuntur,
1079 2896 1239 2951 docet
1264 2894 1644 2965 imperfectum
1668 2895 1801 2963 legis
1826 2895 2054 2958 cultum,

475 2997 799 3064 nullumque
843 3008 911 3047 ex
953 2990 1275 3051 sacriﬁciis,
1331 3004 1453 3057 qua:
1497 2988 1862 3042 oflerebantur
1888 3029 1903 3052 ,
1950 2988 2057 3041 Deo

472 3099 688 3162 gratum
720 3101 862 3143 esse.
889 3083 1117 3141 Sanctus
1148 3098 1312 3152 porro
1340 3080 1608 3143 nominat,
1641 3078 1849 3146 Mosen,
1881 3080 2055 3134 Aaro-

476 3197 624 3245 nem,
657 3180 1003 3241 Eleazarum,
1040 3175 1395 3241 Phineasum,
1426 3184 1480 3228 et
1508 3181 1776 3243 quotquot
1809 3183 1930 3241 post
1958 3187 2055 3228 eos

475 3289 540 3327 ex
565 3272 880 3341 praescripto
904 3269 1037 3339 legis
1061 3266 1368 3322 sacerdotio
1393 3264 1567 3319 functi
1600 3275 1749 3319 sunt.
1772 3263 1934 3319 Jubet
1960 3280 2058 3318 au-

478 3376 584 3419 tem
617 3365 740 3418 illos
766 3361 1109 3431 congregari,
1142 3373 1248 3412 non
1280 3367 1339 3411 ut
1364 3357 1432 3410 ab
1461 3358 1542 3411 eis
1571 3371 1766 3425 ptenas
1790 3357 2051 3427 exigeret,

476 3458 633 3527 quasi
656 3456 927 3509 contraria
950 3452 1221 3507 senserint
1248 3450 1443 3521 (ipsius
1464 3449 1608 3503 enim
1630 3457 1714 3503 est
1738 3449 1846 3513 lex,
1875 3459 1929 3503 et
1952 3448 2054 3519 legi

477 3549 791 3617 obsequens
847 3542 1226 3609 unusquisque
1270 3536 1748 3607 supradictorum,
1805 3535 2056 3590 victimas

474 3636 803 3708 offerebat),
843 3634 937 3690 sed
987 3641 1043 3686 ut
1089 3647 1152 3685 ex
1193 3628 1558 3701 prmsentibus
1590 3626 1866 3697 propriam
1903 3640 2055 3680 men-

474 3744 582 3789 tem
618 3726 931 3785 osteuderet
957 3764 973 3791 ,
1005 3734 1059 3777 et
1098 3733 1159 3777 ut
1206 3729 1416 3775 remota
1468 3718 1717 3774 doctrina
1754 3716 2054 3772 infantibus

474 3829 813 3894 congruente
836 3859 851 3884 ,
886 3815 1155 3888 perfectas
1190 3813 1407 3868 afferret
1435 3810 1777 3881 disciplinas.
1821 3810 1923 3864 Ubi
1953 3825 2054 3863 au-

476 3927 584 3971 tem
633 3918 650 3937 ’
701 3913 817 3966 haec
856 3910 998 3965 facta
1039 3907 1277 3971 fuerint,
1326 3903 1449 3959 coeli
1476 3944 1491 3970 ,
1533 3902 1742 3971 inquit,
1771 3902 2054 3955 sententiae

469 4010 739 4081 justitiam
793 4005 1175 4068 mirabuntur,
1222 4016 1317 4072 per
1365 3999 1519 4054 caelos
1569 4006 1750 4052 autem
1800 3998 2053 4053 caelestes

478 4108 705 4157 virtutes
741 4102 940 4153 innuit.

551 4271 717 4325 Vsus.
756 4270 808 4322 7.
856 4288 873 4320 ι
905 4269 1067 4333 Audi,
1110 4268 1307 4338 pnpnle
1331 4267 1426 4333 mi,
1461 4276 1518 4320 et
1546 4266 1736 4336 loquar
1772 4267 1888 4319 tibi.
1924 4285 1942 4318 ι
1988 4266 2054 4320 Et

477 4362 771 4419 ostendens
819 4361 887 4415 ad
935 4375 1098 4430 quem
1149 4360 1414 4430 populum
1464 4358 1623 4412 verba
1677 4356 1879 4424 faciat,
1920 4360 2050 4413 sub-

2161 1880 2338 1935 ἄλλων
2407 1879 2736 1951 περιεκτικά
2822 1880 3170 1952 ποιημάτων,
3224 1882 3311 1942 εἰς
3394 1878 3556 1947 φόϐον
3629 1880 3720 1933 τῶν

2161 1973 2492 2026 ἀκουόντων.
2544 1971 2731 2033 Οὕτως
2774 1975 2803 2026 ό
2860 1974 3134 2044 μακάριος
3155 1973 3197 2005 ⁸⁷
3274 1970 3530 2041 Ἀϐραὰμ
3572 1973 3719 2034 stic“

2161 2066 2306 2121 ἑπτὰ
2338 2066 2585 2135 ἀμνάδας
2616 2066 2848 2135 ἔστησεν
2876 2068 2959 2130 εἰς
2992 2066 3330 2137 μαρτύριον,
3366 2066 3461 2119 καί
3479 2064 3522 2097 ⁸⁸
3551 2082 3713 2135 φησιν.

2159 2162 2242 2215 ὅτι
2279 2180 2297 2212 ι
2349 2160 2514 2229 Ἑμόν
2556 2161 2673 2213 ἐστι
2715 2159 2776 2213 τὸ
2814 2160 3011 2231 φρέαρ.
3059 2179 3078 2212 ι
3133 2159 3299 2213 Οὕτω
3337 2160 3431 2211 τὸν
3480 2157 3652 2228 βουνὸν
3691 2162 3717 2212 6

2174 2251 2368 2308 Ἰακὼϐ
2411 2252 2507 2306 καὶ
2564 2254 2593 2305 6
2646 2250 2836 2306 Λάὸαν
2882 2252 3120 2315 ,βουνὸν
3156 2250 3496 2320 μαρτυρίας
3547 2251 3710 2305 ἐκάλε-

2162 2365 2254 2401 σεν
2267 2348 2333 2401 ⁷⁰.

2230 2446 2291 2501 ε’,
2336 2446 2409 2505 ς’.
2466 2439 2810 2509 Συναγάγετε
2838 2437 2989 2509 αὐτῷ
3023 2439 3066 2471 τί
3131 2439 3265 2500 τοὺς
3320 2436 3506 2497 ὁσίους
3552 2436 3703 2500 αὐτοῦ,

2160 2527 2287 2588 τοὺς
2337 2526 2745 2599 διατιθεμένους
2801 2530 2900 2599 τὴν
2925 2528 3196 2597 διαθήκην
3246 2525 3483 2579 αὐτοῦ⁷¹
3520 2528 3604 2579 ἐπὶ
3630 2526 3705 2579 θυ-

2162 2618 2324 2680 σίαις.
2360 2620 2468 2671 Καὶ
2492 2618 2889 2688 ἀναγγελοῦσιν
2919 2622 2969 2673 οἱ
2998 2619 3221 2689 οὐρανοὶ
3252 2618 3358 2690 τὴν
3392 2618 3707 2687 δικαιοσύνην

2159 2709 2349 2777 αὑτοῦ,
2409 2712 2494 2764 ὃτι
2543 2715 2571 2766 6
2618 2713 2753 2776 Θεὸς
2813 2714 3011 2783 κριτής
3055 2716 3192 2767 ἐστι.
3270 2731 3289 2764 ι
3358 2713 3457 2767 Διά
3497 2713 3589 2782 μὲν
3620 2713 3708 2765 τῶν

2160 2804 2576 2874 προειρημένων
2610 2805 2669 2858 τὸ
2708 2804 2942 2876 φοϐερὸν
2990 2804 3156 2858 αὐτοῦ
3207 2806 3502 2877 κριτήριον
3530 2804 3701 2870 ἑδειξεσ

2158 2897 2247 2950 διὰ
2278 2898 2336 2951 δὲ
2363 2896 2589 2962 τούτων,
2611 2898 2707 2952 καὶ
2738 2898 2846 2951 τῶν
2886 2898 3038 2969 ἑξῆς,
3079 2897 3331 2952 διδάσκει
3354 2899 3402 2938 ’³
3448 2900 3506 2951 τὸ
3546 2900 3706 2961 ἀτελὲς

2157 2994 2256 3063 τῆς
2279 2990 2422 3045 κατὰ
2452 2990 2616 3061 νόμον
2648 2991 2928 3062 λατρείας,
2959 2992 3054 3045 καὶ
3076 2992 3158 3046 ὅτι
3202 2992 3320 3045 τῶν
3369 2993 3707 3062 προσφερομέ-

2158 3101 2264 3137 νων
2299 3084 2512 3154 ἱερείων
2536 3084 2655 3154 Θεῷ
2684 3083 2927 3155 θυμῆρες
2959 3084 3134 3137 οὐδέν.
3181 3084 3433 3151 Ὂσίους
3471 3084 3525 3137 δὲ
3554 3084 3704 3146 καλεῖ,

2155 3176 2248 3229 τὸν
2280 3176 2503 3243 Μωσέα,
2545 3176 2636 3229 τὸν
2676 3176 2908 3247 Ἀαρὼν,
2939 3177 3028 3230 τὸν
3074 3176 3490 3247 Ἐλεάζαρον⁷⁶,
3530 3176 3612 3228 τὸν
3633 3178 3703 3228 Φι-

2156 3268 2295 3333 νεὲς,
2328 3270 2577 3332 καὶτοὺς
2623 3269 2741 3340 μετ’
2776 3270 2977 3332 αὐτοὺς
3002 3270 3049 3300 ’⁸
3083 3270 3339 3333 ἅπαντας
3382 3271 3521 3324 κατὰ
3567 3270 3705 3339 νόμον

2160 3361 2607 3433 ίερατεύσαντας.
2639 3360 2977 3432 Συναχθῆναι
3026 3361 3085 3416 δὲ
3127 3362 3333 3425 αὐτοὺς
3358 3361 3593 3426 κελεύει,
3621 3361 3702 3431 οὐχ

2158 3451 2245 3504 ἵνα
2298 3451 2454 3515 δίκας
2495 3452 2865 3523 είσπράξηται
2894 3452 2959 3518 ⁷⁸,
2990 3448 3079 3505 οἷα
3103 3452 3167 3524 δὴ
3206 3453 3433 3507 ἐναντία
3461 3470 3702 3523 πεφρονη-

2156 3542 2353 3606 κόταςο
2394 3543 2617 3596 αὐτοῦ”τ
2654 3544 2765 3615 γὰρ
2802 3546 2830 3597 ό
2861 3544 3046 3616 νόμος,
3086 3547 3178 3599 καὶ
3204 3546 3388 3617 τούτῳ
3412 3545 3703 3618 πειθόμενος

2155 3634 2265 3686 τῶν
2300 3636 2720 3706 προειρημένων
2746 3635 2979 3700 ἕκαστος
3000 3638 3100 3701 τὰς
3133 3637 3332 3703 θυσίας
3370 3640 3697 3710 προσέφερεν

2154 3724 2272 3777 ἀλλ’
2304 3724 2393 3779 ἴνα
2428 3728 2521 3778 καὶ
2551 3726 2640 3780 διὰ
2679 3727 2787 3798 τῷν
2817 3727 2863 3759 ⁷⁸
2906 3728 3195 3798 παρόντων
3239 3729 3336 3783 τὸν
3366 3732 3555 3785 οἰκεῖον
3576 3730 3699 3801 δείξῃ

2156 3812 2377 3877 σκοπὸν,
2427 3813 2522 3866 καὶ
2546 3812 2647 3884 τὴν
2696 3812 2917 3885 νηπίοις
2962 3814 3348 3885 ἁρμόττουσαν
3373 3816 3697 3879 καταπαύσας

2154 3904 2525 3970 διδασκαλίαν,
2552 3905 2620 3957 τὰ
2648 3905 2832 3959 τέλεια
2863 3907 3210 3979 προσενέγκῃ
3237 3909 3553 3980 παθήματα.
3585 3905 3698 3961 Τού-

2153 4015 2263 4051 των
2283 3998 2871 4068 δὲ,φησὶ,γινομένων,
2902 3998 3274 4069 θαυμάσουσιν
3304 4002 3354 4054 οἱ
3383 4000 3591 4071 οὐρανοὶ
3612 3999 3692 4069 τῆς

2154 4090 2336 4158 ψήφου
2386 4088 2445 4140 τὸ
2477 4089 2708 4142 δίκαιον.
2740 4089 2839 4142 Διὰ
2871 4089 2930 4142 δὲ
2965 4087 3084 4142 τῶν
3105 4090 3386 4159 οὐρανῶν
3412 4092 3507 4154 τὰς
3553 4091 3693 4160 οὐραο

2154 4183 2301 4245 νίους
2318 4182 2577 4251 δυνάμεις
2597 4181 2839 4252 ᾐνίξατο.

2225 4271 2290 4333 ζ’.
2324 4288 2342 4321 ι
2369 4271 2660 4335 Ἄκουσον,
2691 4270 2820 4335 λαός
2855 4289 2979 4342 μου,
3014 4273 3108 4325 καὶ
3132 4272 3357 4345 λαλήσω
3380 4293 3480 4329 σοι.
3507 4293 3525 4326 ι
3544 4272 3690 4326 Kal"

2151 4362 2368 4425 δεικνὺς
2415 4361 2549 4432 πρὸς
2625 4365 2775 4415 ποῖον
2834 4363 2964 4416 λαὸν
3022 4363 3355 4433 διαλέγεται,
3412 4366 3687 4436 ἐπήγαγεν·

472 4456 695 4527 jnnxit:
743 4474 759 4505 ι
796 4454 994 4519 Israel,
1037 4463 1092 4507 et
1119 4442 1453 4507 testificabor
1480 4451 1596 4506 tibi.
1628 4469 1645 4501 ι
1682 4450 1884 4506 Deinde
1918 4468 2047 4522 pro—

2164 4473 2176 4505 ι
2225 4454 2461 4522 Ἰσραὴλ,
2514 4454 2611 4506 καὶ
2656 4454 3172 4526 διαμαρτύρομαί⁸⁰
3205 4472 3314 4512 σοι.
3355 4478 3373 4510 ι
3437 4453 3560 4510 Εἶτα
3607 4454 3688 4526 τὴν

477 4546 1311 4620 priamostenditmajestatem:
1355 4562 1373 4594 (
1399 4543 1562 4607 Deus,
1616 4540 1757 4597 Deus
1784 4552 1911 4598 tuus
1958 4560 2058 4615 ego

478 4656 620 4697 sum.
651 4660 669 4693 ι
705 4640 809 4707 Qui
840 4642 908 4694 ab
939 4638 1255 4710 zEgyptiaca
1286 4638 1548 4692 servitute
1579 4644 1632 4689 te
1663 4636 1917 4703 liberavi,
1951 4638 2044 4708 qui

2165 4546 2373 4600 οἰκείαν
2397 4546 2641 4598 δείκνυσι
2670 4547 3023 4601 δεσποτείανο
3060 4567 3079 4600 ι
3123 4547 3183 4602 '0
3218 4549 3373 4613 Θεὸς,
3403 4551 3431 4602 6
3454 4548 3576 4607 Θεός
3610 4545 3687 4600 σού

2153 4640 2265 4709 εἰμι
2298 4639 2428 4708 ἐγώ.
2475 4659 2493 4690 ›
2546 4637 2604 4690 ’0
2630 4638 2731 4709 τῆς
2780 4640 3159 4711 Αἰγυπτιακῆς
3201 4658 3263 4694 σε
3302 4641 3533 4705 δουλείας
3561 4639 3687 4693 ἐλευ-

552 4828 575 4855 ι
615 4817 741 4870 Dun
785 4832 881 4881 vn,
909 4816 962 4879 9,
1004 4815 1087 4869 l0.
1166 4827 1192 4855 ι
1231 4813 1385 4873 Deut.
1415 4830 1585 4883 xxxii,
1620 4817 1671 4869 l.
1712 4815 1739 4854 ι’
1769 4814 1906 4871 Gen.
1938 4832 2049 4878 xxi,

2192 4830 2345 4885 seqq.
2390 4825 2411 4851 ε
2446 4813 2583 4871 Gen.
2613 4830 2763 4879 χχχι,
2789 4815 2879 4868 47.

1564 5021 1800 5078 ἾΔΒΙιΕ
1852 5017 2237 5075 LECTIONES
2280 5018 2367 5073 ET
2404 5017 2637 5077 NOTAE.

547 5205 595 5239 "
620 5199 795 5256 Πᾶσι.
845 5199 1014 5255 Abest
1064 5200 1239 5255 acod.
1269 5198 1323 5253 2.
1404 5198 1450 5229 ⁸⁸
1489 5197 1793 5251 Ἐνώπιον.
1847 5193 2052 5252 Rec.le

2164 5228 2165 5235 ι
2210 5197 2261 5250 h.
2292 5198 2326 5250 I.
2353 5207 2439 5252 est
2468 5198 2732 5252 ἐναντίον,

2843 5200 2987 5254 “'0.
3046 5203 3166 5256 cod.
3197 5204 3249 5265 l,
3292 5201 3329 5255 2
3368 5191 3672 5272 ρωποι-κοί.

555 5270 873 5355 Ιρζακάριῃος.
915 5271 1034 5355 cod.
1055 5270 1334 5355 ξλμέγας.
1369 5267 1725 5355 ..σῖ-,Δανιὴλ
1755 5267 1815 5355 In
1848 5267 1967 5355 eod.
1996 5269 2055 5353 .1,

2164 5270 2382 5355 ponitur
2415 5279 2538 5355 post
2559 5269 2842 5355 ἐθεάσατο.
2906 5272 2969 5355 ,⁸⁵
2997 5266 3506 5355 Τοῦ.“ᾼ1ὶεξειαόοᾱ.
3532 5266 3672 5355 Yatic.

476 5347 522 5377 ⁸³
554 5341 855 5411 Μακαρίῳ.
905 5342 1027 5396 cod.
1055 5342 1091 5395 Ξ
1117 5341 1261 5410 θείῳ.

1369 5340 1413 5372 ⁸⁸
1444 5339 1655 5393 Ταῦτα.
1698 5340 1820 5392 cod.
1868 5338 1907 5411 2
1947 5337 2125 5411 αὐταί
2164 5336 2231 5369 ί⁸⁷
2257 5336 2577 5411 Μακάριος.
2603 5339 2734 5411 eod.
2765 5341 2801 5392 2
2853 5340 3044 5411 μέγας.
3124 5342 3169 5374 ⁵⁸
3201 5342 3312 5408 Τὰς
3332 5372 3401 5383 -
3422 5336 3667 5411 ἀμνάδας.

483 5417 603 5469 Des.
637 5415 690 5467 in
716 5406 835 5467 cod.
861 5412 915 5466 2.
992 5412 1037 5444 ”
1061 5411 1169 5465 Καὶ
1208 5406 1261 5464 et
1292 5410 1486 5466 deinde
1538 5411 1654 5462 ἐστι
1703 5411 1817 5463 des.
1864 5409 1917 5462 in
1947 5409 2055 5463 cod.

2227 5411 2273 5443 ⁷ο
2304 5406 2487 5464 εοάξε
2519 5409 2806 5464 ἐκάλεσαν.
2854 5406 3131 5478 ’⁷¹Ἀύτῷ
3156 5444 3225 5456 --
3250 5406 3669 5475 αὖτοῦίΡι-ορὶυε

396 5538 400 5542 .
477 5487 544 5539 ad
578 5484 742 5539 Hebr.
784 5483 1063 5537 veritatem
1104 5480 1314 5537 accedit
1361 5480 1703 5553 reliquorum
1748 5481 2102 5553 interpretum
2149 5480 2348 5553 versio,
2383 5495 2505 5553 quae
2535 5479 2703 5549 priori
2741 5480 3069 5553 locorbabet
3099 5500 3208 5553 μοι,
3255 5480 3524 5553 posteriori

478 5558 524 5587 "
548 5553 767 5611 Αὐτοῦ.
793 5554 1009 5623 Reliqui
1038 5553 1419 5623 menum-pou.
1473 5548 1542 5623 ξ’
1565 5548 1869 5623 Διδάσκει.
1895 5550 1950 5623 lu
1994 5564 2055 5623 c_o

2164 5551 2204 5613 I,
2249 5548 2681 5623 2p_onitur’po_st
2727 5551 2935 5614 ἀτελές.

1332 5570 1419 5606 Ου.
1500 5570 1542 5584 ’⁸
1565 5570 1861 5603 Διοασκει.
1895 5570 1950 5601 ΙΙΙ
1994 5570 2055 5604 C0

1280 5570 1329 5675 ξ’
1372 5620 1669 5692 πράξηται.
1723 5687 1732 5692 Α
1764 5620 1808 5650 ⁷⁷
1845 5620 2040 5692 Αιξτοῦ

2164 5570 2204 5613 ι,
2249 5570 2285 5605 z
2310 5570 2531 5620 pomtur
2558 5570 2681 5622 p05!
2727 5570 2935 5614 ατεΑες.
3040 5570 3080 5583 "
3121 5570 3243 5609 coa.
3272 5570 3324 5617 1,
3357 5570 3389 5606 z
3430 5570 3659 5613 ’ωεαψμσ

2164 5621 2554 5690 προσέφερεν.
2598 5620 2725 5679 Hac
2764 5623 2819 5677 in
2851 5623 2974 5677 cod.
3020 5622 3056 5677 2
3095 5622 3428 5692 parenthesin
3476 5619 3659 5672 faciunt.

479 5626 524 5655 ⁷⁸
556 5627 675 5680 cod.
715 5624 738 5677 1
774 5620 959 5678 αὐτοῦ’.
1035 5624 1083 5655 ⁷⁸
1108 5623 1229 5678 cod.
1372 5620 1669 5692 πράξηται.

478 5696 523 5726 ⁷⁸
557 5697 661 5747 Διά
706 5692 842 5746 τῶν.
884 5695 1005 5749 cod.
1055 5694 1108 5757 1,
1143 5691 1421 5746 Ξτούτων.

478 5764 699 5834 ροῦμαι.

1536 5691 1579 5723 τ’
1630 5687 1737 5744 Καί
1784 5721 1852 5730 —
1899 5687 2216 5757 διάφορον.
2247 5687 2368 5747 Des.
2399 5687 2539 5761 apud
2581 5693 2744 5748 Cord.
2777 5709 2829 5763 p.
2869 5694 2992 5747 968.

3035 5492 3053 5536 ι
3099 5500 3208 5553 μοι,
3255 5492 3524 5562 posteriori
3546 5492 3665 5609 ἰξίαν.

3035 5552 3080 5583 ⁷⁸
3121 5554 3243 5609 cod.
3272 5554 3324 5617 l,
3357 5553 3389 5606 2
3427 5551 3562 5603 ἘΛεα
3589 5560 3661 5613 αρ.

3107 5694 3152 5724 ⁸ο
3180 5695 3300 5749 eod.
3325 5695 3357 5748 2
3408 5692 3660 5757 διαμαρτυ-
