3902 6488
217 410 349 473 1233

1549 408 1630 469 IN
1670 408 1875 468 PSAL.
1931 407 2142 467 XLIX.

3330 414 3464 478 1234

207 528 517 599 θερώσας,ὁ
540 523 640 596 τὴν
673 523 764 579 διὰ
785 524 830 558 ⁸⁸
852 524 955 596 τῆς
992 524 1263 594 θαλάττης
1294 524 1413 578 ὁδὸν
1449 524 1779 596 δωρησάμε-

1906 538 1979 576 ter
2019 537 2171 578 mare
2215 523 2360 578 viam
2405 525 2628 595 aperui,
2665 526 2759 596 qui
2806 527 2863 583 in
2908 529 3203 586 solitudine
3246 546 3464 602 pastum

204 636 312 684 νος,
338 621 369 671 ὁ
394 620 452 672 ἐν
498 617 692 688 ἐρήμῳ
738 616 1036 688 διαθρέψας
1053 616 1124 683 ⁸²,
1168 618 1198 670 ὁ
1234 617 1325 671 τὸν
1361 617 1526 687 νόμον
1568 617 1780 672 ἐκεῖνόν

207 731 289 769 σοι
319 709 591 775 δεδωκώς.
630 710 722 782 Μὴ
750 709 860 781 γὰρ
893 710 959 782 δὴ
989 710 1152 765 ἄλλον
1176 728 1243 783 με
1286 711 1587 783 νομοθέτην
1622 711 1780 781 νομί-

206 817 305 876 σῃς
336 801 450 855 τῶν
482 799 665 870 νόμων
684 800 829 871 ὁρῶν
856 801 919 854 τὸ
946 801 1226 873 διάφορον.

268 894 341 963 η’.
382 912 401 945 α
440 892 554 947 Ούκ
588 893 683 945 ἐπὶ
718 894 839 957 ταῖς
868 892 1088 957 θυσίαις
1138 910 1232 947 σου
1274 893 1479 963 ἐλέγξω
1500 907 1583 947 σε·
1618 894 1688 948 τὰ
1721 893 1780 947 δὲ

199 984 629 1057 ὁλοκαυτώματά
660 1003 754 1040 σου
821 985 1053 1041 ἐνώπιόν
1102 986 1203 1058 μού
1231 988 1349 1041 ἐστι
1382 988 1696 1051 διαπαντός.
1756 1006 1775 1040 ι

200 1082 309 1135 Οὐκ
337 1078 611 1150 ἀμέλειάν
641 1096 747 1147 σοι,
766 1081 922 1152 φησὶ,
948 1079 1151 1136 θυσιῶν
1179 1078 1428 1152 ἐγκαλῶο
1448 1081 1782 1153 προσφέρεις

200 1174 302 1244 γὰρ
337 1171 550 1235 ταύτας
597 1172 865 1243 διηνεκῶς
889 1189 903 1203 ·
942 1172 1081 1228 ἀλλά
1112 1173 1187 1245 μὴ
1219 1173 1451 1239 ταύταις
1485 1173 1781 1246 ὁρίσασθαι

198 1264 289 1337 τὴν
319 1262 683 1334 δικαιοσύνην
708 1262 1119 1335 παρεγγυῶμαι
1136 1264 1203 1318 ⁸³.

263 1354 437 1411 θ’·ια.’.
480 1375 499 1406 ι
537 1357 615 1411 Οὐ
646 1357 876 1428 δέξομαι
929 1358 995 1412 ἐκ
1033 1356 1129 1411 τοῦ
1180 1357 1329 1411 οίκου
1369 1374 1464 1411 σου
1523 1357 1781 1429 μόσχους,

194 1448 307 1503 (οὐδὲ
334 1450 416 1503 ἐκ
461 1449 573 1505 τῶν
606 1451 880 1521 ποιμνίων
924 1468 1018 1504 σου
1065 1451 1341 1522 χιμάρους
1363 1452 1430 1507 ⁸⁸.
1494 1452 1618 1506 Ὅτι
1669 1452 1781 1522 ἐμά

193 1546 305 1596 ἐστι
334 1542 531 1596 πάντα
584 1542 654 1596 τά
691 1543 859 1615 θηρία
887 1544 985 1598 τοῦ
1023 1542 1198 1613 ἀγροῦ
1224 1544 1294 1611 ⁸⁸,
1350 1546 1527 1616 κτήνη
1556 1546 1615 1597 ἐν
1669 1548 1783 1608 τοῖς

195 1636 363 1706 ὄρεσι,
420 1636 515 1689 καὶ
554 1635 680 1706 βόες
703 1635 772 1690 ⁸⁸.
814 1636 1072 1706 Ἔγνωκα
1107 1637 1287 1691 πάντα
1315 1637 1385 1692 τά
1430 1638 1655 1693 πετεινά
1688 1638 1781 1692 τοῦ

196 1726 458 1798 ούρανοῦ,
513 1729 610 1781 καὶ
662 1726 938 1800 ὡραιότης
991 1730 1163 1801 ἀγροῦ
1221 1731 1339 1801 μετ’
1382 1728 1517 1801 ἐμοῦ
1548 1731 1718 1785 ἐστιν.
1759 1749 1779 1783 ι

197 1820 428 1873 Πᾶντων
446 1820 492 1851 "
521 1820 674 1892 εἰμὶ,
703 1823 859 1892 φησι,
892 1823 987 1876 καὶ
1035 1822 1267 1895 ποιητὴς
1302 1864 1319 1889 ,
1354 1823 1447 1878 καὶ
1491 1824 1783 1896 δεσπότης,

198 1910 282 1962 καὶ
311 1908 431 1961 τῶν
458 1886 735 1982 χερσαίων
766 1886 945 1979 ζώων,
1004 1915 1101 1966 καὶ
1131 1886 1603 1986 ἀεροπόρων
1631 1886 1783 1985 ὀρνίέ
1815 1886 1859 1940 Β

199 1996 317 2051 θων.
383 1999 477 2069 Μὴ
524 1998 707 2053 τοίνυν
745 2001 885 2071 ἡγοῦ
943 2001 1044 2073 τὴν
1078 2003 1219 2074 ἐμὴν
1249 2004 1440 2076 χρείαν
1494 2004 1741 2076 πληροῦν
1766 2022 1781 2037 ο

199 2090 301 2158 ἐγὼ
336 2092 460 2162 γὰρ
492 2093 588 2147 καὶ
623 2092 837 2157 τούτοις
856 2095 916 2149 τὸ
953 2089 1095 2149 εἶναι
1117 2096 1349 2157 δέδωκα,
1388 2097 1482 2151 καὶ
1511 2099 1638 2162 τοὺς
1677 2098 1787 2152 ἀπὸ

198 2184 290 2252 γῆς
348 2183 594 2253 φύεσθαι
657 2184 867 2240 κελεύω
931 2186 1207 2257 καρπούς.
1276 2188 1624 2257 Ὠραιότητα
1676 2189 1785 2261 γὰρ

199 2276 387 2344 ἀγροῦ
412 2279 544 2342 τοὺς
575 2277 620 2310 ⁸⁸
663 2278 1042 2343 παντοδαποὺς
1075 2281 1326 2351 καρποὺς
1346 2282 1448 2354 τῆς
1484 2283 1587 2353 γῆς
1611 2283 1783 2353 λέγει.

210 2370 435 2442 Ἐπειδὴ
464 2370 577 2442 γὰρ
604 2371 714 2426 ἀπὸ
743 2371 855 2426 τῶν
895 2372 1172 2443 χερσαίων
1198 2376 1604 2447 προσεφέροντο
1630 2376 1787 2441 ζώων

204 2464 339 2534 βόες,
374 2465 473 2518 καὶ
498 2465 719 2536 τράγοι,
749 2465 845 2519 καὶ
871 2465 1154 2537 πρόϐατα·
1189 2467 1287 2521 καὶ
1315 2467 1423 2522 ἀπὸ
1457 2469 1568 2523 τῶν
1598 2487 1785 2525 πετει-

201 2557 299 2609 νῶν
332 2558 673 2629 περιστεραὶ
690 2557 784 2611 καὶ
812 2557 1074 2629 τρυγόνες
1098 2575 1111 2587 '
1138 2559 1234 2613 καὶ
1258 2560 1368 2613 ἀπὸ
1390 2560 1502 2615 τῶν
1531 2563 1786 2634 καρπῶν,

205 2648 511 2718 σεμίδαλις,
548 2649 644 2703 καὶ
680 2646 844 2713 οἶνος,
866 2650 965 2703 καὶ
987 2648 1190 2713 ἔλαιον,
1220 2650 1318 2705 καὶ
1346 2652 1415 2706 τά
1446 2653 1557 2707 τῶν
1596 2654 1790 2725 ἀτμῶν

204 2741 499 2811 ἡδύσματα
524 2757 539 2772 ο
570 2740 892 2811 ἀναγκαίως
929 2741 1191 2795 ἀπάντων
1232 2742 1670 2814 ἐμνημόνευσεν,
1700 2746 1791 2801 ἵνα

206 2835 383 2887 πᾶσαν
436 2832 542 2904 τὴν
607 2834 867 2905 τοιαύτην
931 2834 1270 2907 καταπαύσῃ
1319 2836 1598 2909 λατρείαν.
1653 2834 1791 2894 Εἶτα

206 2926 509 2999 εἰρωνικῶς
528 2926 574 2959 ⁸⁹
611 2942 625 2955 ·

268 3018 361 3088 ιβ’.
402 3036 422 3071 ι
475 3018 602 3072 Ἐὰν
635 3018 899 3085 πεινάσω,
926 3020 989 3074 ού
1026 3022 1102 3092 μή
1164 3038 1247 3075 σοι
1301 3022 1480 3076 εῐπωο
1511 3022 1622 3095 ἐμὴ
1680 3023 1792 3098 γάρ

207 3115 356 3165 ἐστιν
385 3114 419 3183 ἡ
460 3111 781 3183 οίκουμὲνη,
816 3112 999 3167 καὶτὸ
1039 3114 1317 3186 πλήρωμα
1349 3116 1537 3187 αὐτῆς.
1574 3136 1593 3168 ι
1641 3117 1788 3181 Ἐὰν,

1882 616 2127 686 praebui,
2158 617 2252 687 qui
2285 619 2459 687 legem
2488 620 2637 675 illam
2678 621 2775 676 tibi
2816 622 3037 678 tradidi.
3070 624 3149 679 Ne
3189 626 3334 679 enim
3382 644 3471 682 me

1883 708 2055 764 alium
2091 719 2250 779 putes
2284 710 2653 779 legislatorem
2676 754 2690 779 ,
2722 729 2849 769 cum
2878 716 3057 787 legum
3088 717 3289 775 videris
3311 719 3469 775 dilIe-

1884 802 2145 857 rentiam.

1958 892 2121 949 Vens.
2157 894 2211 948 8.
2250 913 2269 945 ι
2299 893 2418 950 Νοιι
2454 895 2506 949 in
2541 897 2825 953 sacriﬁciis
2859 898 2969 953 tuis
3004 915 3228 969 arguam
3262 910 3336 965 te,
3369 900 3469 954 ho-

1883 981 2129 1038 locausta
2155 992 2342 1039 autem
2372 996 2462 1040 tua
2492 985 2545 1040 in
2567 997 2867 1056 conspectu
2895 1005 3015 1044 meo
3040 1000 3169 1044 sunt
3193 1005 3463 1059 semper.»

1882 1072 2003 1130 Non
2033 1077 2326 1144 accusabo,
2360 1078 2561 1148 inquit,
2590 1089 2663 1145 te,
2696 1081 2763 1136 de
2788 1084 3039 1151 neglectu
3070 1082 3471 1137 sacriﬁciorum

1885 1170 2043 1237 (haec
2090 1170 2236 1225 enim
2278 1171 2411 1226 mihi
2452 1176 2714 1228 continue
2749 1173 2993 1245 aliers),
3052 1176 3146 1231 sed
3180 1176 3349 1245 jubeo
3405 1190 3472 1231 ne

1885 1259 2037 1315 hisce
2073 1260 2276 1316 finibus
2301 1260 2572 1333 justitiam
2608 1265 3058 1322 circumscribas.

1958 1350 2125 1408 Vens.
2153 1354 2309 1410 9-H.
2347 1374 2365 1406 ι
2388 1355 2506 1411 Νοιι
2539 1358 2808 1427 accipiam
2838 1362 2902 1415 de
2927 1362 3092 1415 domo
3120 1374 3212 1415 tua
3239 1362 3469 1424 vitulos,

1883 1444 2047 1515 927
2075 1461 2253 1516 neque
2280 1448 2348 1503 de
2380 1450 2640 1520 gregibus
2667 1451 2776 1507 tuis
2804 1453 3011 1509 hircos.
3038 1456 3311 1521 Quoniam
3340 1470 3474 1510 meae

1885 1547 2015 1593 sunt
2042 1554 2235 1595 omnes
2267 1539 2396 1595 ferae
2430 1555 2697 1614 agrestes,
2725 1545 2974 1615 jttntenta
3003 1548 3055 1600 in
3087 1549 3388 1615 montibus,
3420 1560 3473 1603 et

1886 1630 2075 1687 boves.
2104 1631 2351 1704 Cognovi
2383 1636 2569 1691 omnia
2596 1638 2833 1693 volatilia
2865 1641 3013 1702 caeli,
3037 1650 3093 1696 ct
3119 1642 3473 1711 pulchritudo

1886 1725 2005 1794 agri
2034 1741 2247 1781 mecum
2278 1736 2381 1784 est.
2418 1748 2437 1781 ι
2469 1729 2727 1787 Omnium
2762 1750 2883 1789 sum
2906 1775 2922 1798 ,
2953 1737 3029 1789 ait
3056 1774 3070 1798 ,
3098 1745 3152 1789 et
3186 1735 3466 1799 Conditor,

1888 1829 1941 1871 et
1972 1818 2230 1877 dominus
2254 1863 2268 1884 ,
2314 1830 2369 1877 et
2402 1827 2743 1880 terrestrium
2775 1828 3138 1883 animantium
3167 1870 3181 1889 ,
3218 1838 3273 1883 et
3294 1831 3473 1884 aerio-

1888 1924 2005 1962 rum
2039 1911 2367 1967 volatilium.
2406 1912 2484 1970 Ne
2527 1915 2693 1986 igitur
2730 1918 3013 1974 existimes
3046 1937 3179 1975 mea;
3227 1921 3472 1976 necessi-

1887 2003 1986 2056 tati
2017 2003 2312 2061 subvenire
2340 2026 2353 2062 :
2392 2010 2838 2080 quandoquidem
2874 2027 2978 2082 ego
3010 2014 3094 2066 his
3123 2013 3383 2067 omnibus
3418 2014 3472 2067 id

1886 2093 2034 2163 quod
2064 2103 2193 2149 sunt
2232 2095 2393 2163 dedi,
2425 2106 2480 2153 et
2507 2099 2677 2170 jubeo
2703 2141 2718 2165 ,
2760 2100 2977 2171 inquit,
3017 2102 3226 2158 fructus
3256 2120 3287 2159 e
3332 2113 3474 2159 terra

1887 2185 2139 2254 produci.
2209 2186 2490 2257 Siquidem
2554 2190 3007 2259 pulchritudinem
3077 2195 3196 2264 agri
3253 2194 3473 2251 diversa

1890 2286 2049 2333 terrae
2086 2278 2365 2336 fructuum
2393 2297 2594 2353 genera
2628 2285 2885 2354 appellat.
2939 2285 3213 2353 Quoniam
3241 2288 3389 2343 enim
3422 2299 3476 2344 et

1888 2386 1957 2426 ex
1991 2374 2220 2429 terrenis
2270 2374 2601 2432 animalibus
2634 2375 3007 2435 offerebantur
3039 2380 3205 2436 boves
3228 2424 3242 2448 ,
3295 2382 3430 2437 hirci
3457 2422 3473 2447 ,

1888 2472 1943 2517 et
1971 2479 2101 2519 oves
2128 2506 2144 2531 ,
2184 2475 2239 2521 et
2270 2482 2334 2522 ex
2371 2468 2720 2537 volatilibus,
2749 2471 3045 2538 columbae,
3091 2483 3149 2529 et
3184 2482 3431 2530 turtures
3458 2513 3473 2535 .

1889 2569 1956 2609 ex
1991 2555 2266 2613 fructibus
2296 2558 2497 2625 simila,
2536 2572 2590 2617 et
2617 2563 2827 2628 vinum,
2852 2572 2909 2619 et
2932 2565 3137 2629 oleum,
3170 2566 3478 2621 sullituum-

1890 2663 1997 2719 que
2023 2665 2219 2707 suaves
2247 2651 2445 2707 odores
2472 2695 2485 2717 ,
2513 2656 2827 2711 necessario
2857 2657 2925 2711 de
2954 2659 3215 2713 omnibus
3246 2658 3479 2712 mentio-

1891 2756 2017 2796 nem
2048 2740 2176 2797 fecit
2199 2782 2215 2807 ,
2260 2752 2321 2798 ut
2360 2753 2532 2798 totum
2573 2745 2889 2815 hujusmodi
2924 2750 3137 2805 cultum
3165 2750 3475 2822 abrogaret.

1893 2831 2097 2889 Deinde
2126 2850 2224 2903 per
2250 2834 2485 2890 ironiam
2513 2837 2589 2890 ait
2616 2854 2627 2889 ε

1964 3012 2128 3069 Vens.
2188 3015 2275 3069 12.
2319 3034 2337 3067 ι
2379 3014 2434 3070 Si
2476 3018 2742 3083 csuriero,
2778 3034 2885 3073 non
2927 3020 3107 3076 dicam
3146 3022 3286 3078 tibi:
3321 3038 3478 3079 meus

1893 3116 1979 3162 est
2019 3108 2164 3162 enim
2197 3109 2346 3163 orbis
2381 3118 2559 3175 terrae,
2597 3120 2650 3164 et
2694 3112 2979 3181 plenitudo
3030 3115 3172 3184 ejus.
3219 3136 3236 3167 ι
3282 3116 3361 3181 Si,
3392 3117 3479 3170 in-

207 3206 360 3273 φησὶ,
402 3204 584 3274 δεηθῶ
612 3204 843 3277 τροφῆς,
872 3205 934 3259 οὐ
954 3207 1054 3278 τῆς
1094 3207 1196 3279 σῆς
1248 3208 1438 3279 δέομαι
1499 3208 1785 3280 χορηγίας.

1906 3200 2032 3272 quit,
2089 3201 2210 3255 cibo
2254 3201 2563 3273 indiguero,
2594 3212 2689 3259 tua
2720 3205 2856 3260 mihi
2887 3206 3179 3277 largitione
3200 3223 3336 3278 opus
3369 3225 3476 3267 non

209 3297 398 3366 Πάσης
434 3296 547 3367 γὰρ
604 3295 742 3364 ὁμοῦ
790 3297 892 3368 τῆς
936 3299 1171 3364 κτίσεως
1213 3302 1445 3372 ποιητής
1467 3303 1513 3334 ⁹⁰
1546 3303 1664 3372 είμι
1695 3304 1791 3356 καὶ

206 3387 499 3457 δεσπότης.
558 3382 692 3440 Εἶτα
734 3388 834 3459 τῆς
869 3389 1076 3454 οἰκείας
1132 3390 1349 3459 φύσεως
1386 3391 1487 3464 τὴν
1520 3393 1792 3447 ἀπάθειαν

206 3479 476 3535 διδάσκει.

276 3574 371 3641 ιγ’.
406 3592 427 3624 ‹
470 3573 563 3644 Μὴ
593 3574 841 3645 φάγομαι
872 3572 1011 3645 κρέα
1037 3572 1278 3645 ταύρων,
1313 3574 1346 3647 ἢ
1384 3568 1525 3646 αἷμα
1572 3576 1793 3647 τράγων

210 3665 407 3736 πίομαι
436 3682 452 3730 ;
486 3685 504 3718 ι
542 3665 730 3731 Οῦτως
759 3668 986 3721 ἐκείνων
1028 3668 1090 3720 τὸ
1127 3667 1355 3739 ἀνόητον
1384 3670 1428 3701 ’ί
1456 3668 1659 3735 δείξας,
1699 3672 1794 3725 καὶ

208 3757 435 3821 διδάξας
459 3758 535 3822 ὼς
573 3759 673 3829 τῆς
704 3759 905 3831 νηπίας
939 3759 1103 3813 ἓνεκα
1128 3762 1174 3792 θ’
1200 3761 1459 3826 διανοιας,
1497 3762 1712 3825 ἐκείνας
1748 3763 1795 3795 ⁸⁸

212 3853 400 3915 αὐτοῖς
433 3852 538 3916 τὰς
568 3852 759 3917 θυσίας
802 3852 971 3907 πάλαι
1015 3855 1352 3926 προσφέρειν
1409 3855 1791 3927 ἐνομοθέτησε,

213 3945 311 4014 τὴν
339 3943 540 4012 καινὴν
572 3944 829 4012 προανοίγ
840 3962 959 3997 νυσι
979 3944 1271 4017 διαθήκην,
1293 3946 1391 4000 καὶ
1411 3946 1510 4019 τὴν
1531 3948 1797 4020 ἀρέσκου-

217 4052 317 4088 σαν
349 4034 501 4106 αὐτῷ
526 4036 718 4090 θυσίαν
749 4036 1051 4107 νομοθετεῖ.

285 4218 368 4283 ιδ’,
391 4226 477 4272 ιε’.
494 4238 511 4270 ι
534 4217 709 4273 Θῦσον
730 4218 807 4291 τῷ
828 4219 948 4292 Θεῷ
967 4219 1158 4274 θυσίαν
1178 4219 1460 4284 αἰνέσεως,
1478 4222 1572 4276 καὶ
1600 4222 1799 4288 ἀπόδος

216 4312 295 4382 τῷ
338 4312 589 4383 ’Υψίστῳ
622 4314 721 4376 τὰς
749 4313 915 4384 εὐχάς
944 4331 1060 4367 σου.
1097 4314 1205 4367 Καὶ
1232 4313 1561 4368 ἐπικάλεσαί
1602 4310 1683 4385 με
1739 4317 1798 4371 ἐν

222 4405 406 4477 ἡμέρᾳ
435 4403 671 4473 θλίψεώς
706 4421 824 4467 σου,
851 4406 943 4458 καὶ
984 4405 1277 4475 ὲξελοῦμαί
1324 4423 1405 4472 σε,
1438 4408 1535 4461 καὶ
1554 4408 1799 4474 δοξάσεις

224 4514 309 4567 με.
350 4517 369 4549 ι
410 4498 506 4562 Εἰς
533 4498 721 4570 καιρὸν
758 4499 854 4551 καὶ
886 4498 931 4530 ’⁸
954 4500 1053 4569 τῆς
1104 4499 1269 4567 ἀγίας
1322 4500 1555 4571 Τριάδος
1585 4504 1798 4558 ἀπεκά-

1894 3300 1997 3348 est.
2044 3292 2297 3348 Universi
2330 3295 2532 3364 quippe
2567 3305 2834 3351 terrarum
2866 3298 3020 3353 orbis
3047 3300 3303 3355 conditor
3329 3316 3476 3365 sum,

1893 3394 1948 3441 et
1991 3385 2269 3440 dominus.
2324 3385 2527 3441 Deinde
2578 3390 2858 3459 propriam
2901 3400 3156 3445 naturam
3206 3393 3480 3463 passionis

1894 3487 2169 3546 expertem
2200 3492 2321 3533 esse
2353 3478 2532 3534 docet.

1966 3569 2133 3627 Vens.
2170 3574 2257 3628 l3.
2306 3591 2325 3625 ι
2371 3572 2626 3644 Nunquid
2681 3575 3026 3632 manducabo
3060 3594 3252 3633 carnes
3290 3590 3479 3633 tauro-

1897 3678 2042 3731 rum,
2074 3672 2169 3718 aut
2194 3665 2514 3734 sanguinem
2555 3666 2834 3721 hircorum
2863 3669 3061 3737 potabo
3084 3670 3106 3722 ?
3130 3690 3147 3720 ι
3177 3670 3291 3724 lloc
3318 3672 3480 3725 modo

1899 3773 2025 3813 cum
2089 3757 2308 3811 illorum
2367 3758 2652 3813 stultitiam
2687 3762 3037 3823 ostendisset,
3092 3762 3481 3831 docuissetque

1899 3850 2160 3906 statuisse
2202 3858 2264 3904 ut
2320 3850 2623 3919 antiquitus
2654 3851 2757 3905 illae
2788 3853 3022 3906 victima:
3052 3854 3121 3907 ab
3149 3854 3284 3921 ipsis
3310 3856 3479 3908 oller-

1898 3954 2109 4006 rentur,
2145 3945 2162 3965 ‘
2191 3957 2259 3998 eo
2305 3943 2450 4008 quod
2484 3942 2667 3998 adhuc
2702 3959 2892 3999 eorum
2946 3960 3100 3999 mens
3129 3946 3359 4015 simplex
3390 3963 3480 4000 es-

1901 4047 2010 4103 set,
2045 4035 2215 4107 928
2243 4050 2391 4090 nunc
2424 4051 2627 4090 novum
2660 4039 2832 4105 aperit
2857 4046 3265 4101 testamentum,
3297 4050 3348 4091 et
3383 4039 3481 4092 bo-

1902 4130 2065 4187 stiam
2104 4128 2413 4200 praescribit
2449 4129 2555 4185 sibi
2588 4130 2909 4199 placentem.

1972 4221 2141 4278 Vens.
2174 4222 2264 4287 ﬂ,
2303 4220 2393 4277 15.
2449 4240 2467 4273 ι
2518 4221 2742 4275 lmmola
2773 4221 2886 4277 Deo
2914 4224 3242 4279 sacriﬁcium
3284 4226 3482 4286 laudis.

1901 4327 1956 4373 et
2001 4316 2167 4371 redde
2191 4314 2474 4371 Altissimo
2503 4323 2626 4368 vota
2663 4324 2778 4369 tua.
2821 4316 2888 4370 Et
2942 4317 3131 4371 invoca
3168 4334 3255 4371 me
3304 4319 3357 4371 in
3397 4318 3484 4372 die

1901 4408 2270 4465 tribulationis
2300 4418 2634 4473 tum,eruam
2677 4417 2765 4469 te,
2801 4416 2855 4461 et
2900 4408 3287 4465 bonorilicabis
3312 4427 3417 4463 me.
3461 4430 3478 4460 ι

1903 4502 2248 4574 Tempestive
2282 4516 2505 4571 quoque
2547 4510 2747 4555 sanctae
2789 4501 3073 4555 Trinitatis
3110 4502 3480 4556 venerandum

220 4592 355 4662 λυψε
394 4591 489 4645 τὸν
522 4592 705 4662 τίμιον
724 4591 983 4663 ἀριθμὸν,
1010 4594 1106 4645 καὶ
1131 4595 1197 4665 τῇ
1218 4597 1380 4665 καινῇ
1406 4593 1641 4667 διαθῄκῃ
1670 4612 1789 4649 συν-

1906 4611 2194 4652 numerum
2240 4592 2518 4664 patefecit,
2560 4603 2614 4647 et
2654 4609 2779 4647 cum
2827 4609 2967 4646 novo
2990 4602 3317 4649 testamento
3351 4609 3485 4647 con-

226 4685 447 4751 ἔζευξεν
472 4701 487 4717 ο
518 4684 657 4754 μετὰ
686 4685 793 4756 γὰρ
820 4683 1023 4755 ταύτης
1055 4688 1151 4738 καὶ
1183 4687 1282 4756 τὴν
1311 4686 1411 4757 τῆς
1442 4686 1602 4755 ἁγίας
1628 4689 1797 4759 Τριά-

223 4775 310 4838 δος
340 4775 642 4841 ἐδεξάμεθα
672 4778 896 4845 γνῶσιν.
926 4764 1099 4830 Διεῖλε
1129 4777 1185 4831 δὲ
1229 4779 1297 4831 τὰ
1346 4780 1670 4848 πράγματα,
1700 4781 1798 4851 οὐχ

225 4868 313 4921 ἴνα
340 4868 444 4937 τῆς
467 4868 774 4940 ἀδιαιρέτου
812 4873 907 4924 καὶ
943 4871 1106 4939 ἁγίας
1135 4872 1366 4943 Τριάδος
1396 4872 1495 4935 τὰς
1516 4873 1799 4943 ἐνεργείας

224 4958 395 5030 διὲλη,
432 4961 551 5013 ἀλλ’
587 4962 675 5014 ἵνα
700 4961 792 5015 τὸν
818 4962 1055 5034 ἀριθμὸν
1080 4964 1438 5035 προφητικῶς
1468 4967 1514 4997 ⁸⁸
1550 4968 1645 5018 καὶ
1674 4969 1802 5031 τοὺς

230 5054 368 5121 μετᾶ
397 5052 569 5107 ταῦτα
596 5054 802 5127 διδάξῃ.
832 5055 995 5122 Λέγει
1024 5055 1207 5108 τοίνυν
1234 5070 1247 5084 ·
1292 5073 1311 5104 ι
1349 5053 1524 5107 Θῦσον
1557 5055 1634 5126 τῷ
1683 5056 1803 5126 Θεῷ

230 5143 417 5199 θυσίαν
444 5147 729 5209 αἰνέσεως,
764 5146 858 5200 καὶ
881 5146 1081 5209 ἀπόδος
1123 5144 1201 5216 τῷ
1240 5144 1479 5214 ’Υψίστῳ
1514 5147 1609 5208 τὰς
1642 5147 1807 5218 εὐχάς

1900 4689 2123 4759 junxit:
2166 4703 2290 4743 cum
2327 4688 2431 4742 hoc
2467 4686 2611 4740 enim
2644 4685 2805 4739 etiam
2838 4695 3045 4738 sancire
3072 4684 3362 4739 Trinitatis
3394 4701 3485 4739 co-

1907 4781 2202 4852 gnitionem
2234 4776 2560 4847 recepimus.
2590 4775 2782 4828 Divisit
2806 4784 2987 4828 autem
3024 4790 3133 4837 res,
3172 4790 3279 4828 non
3321 4785 3378 4828 ut
3404 4776 3487 4830 di-

1906 4873 2117 4928 videret
2174 4870 2471 4926 individute
2519 4867 2805 4921 Trinitatis
2865 4867 3235 4936 operationes,
3287 4868 3383 4922 sed
3428 4876 3489 4921 ut

1906 4980 2194 5020 numerum
2228 4960 2553 5031 prophetico
2584 4973 2735 5012 more
2760 4968 3007 5026 posteros
3036 4958 3311 5014 edoceret.
3344 4957 3488 5013 Dicit

1906 5059 2107 5128 igitur:
2149 5074 2168 5107 ι
2209 5054 2430 5109 lmmola
2480 5053 2591 5107 Deo
2627 5051 2956 5106 sacrilicium
3004 5051 3203 5116 laudis,
3238 5060 3293 5105 et
3324 5052 3489 5105 redde

1907 5152 2194 5205 Attissimo
2248 5156 2374 5201 vota
2418 5156 2532 5213 tua,
2584 5154 2639 5200 et
2666 5148 2859 5199 invoca
2917 5160 3003 5199 me
3041 5144 3130 5199 die
3177 5143 3491 5199 aﬂlictionis

1382 5238 1623 5294 VARIIE
1664 5241 2052 5300 LECTIONES
2092 5240 2180 5297 ET
2210 5239 2445 5297 NOTE.

297 5327 341 5358 ιι
380 5324 501 5393 Τὴν
527 5324 644 5377 διά.
678 5325 845 5380 Abest
867 5340 911 5397 ει
926 5324 1048 5378 cod.
1078 5324 1133 5397 ι,
1158 5323 1213 5379 2.
1286 5323 1331 5355 δ’
1362 5326 1717 5397 Διαθρέψας.
1753 5344 1789 5379 ρ.

1906 5329 1943 5382 2
1980 5343 2164 5397 ρι’ςιδῐῐι.
2203 5327 2283 5378 σέ.

225 5414 393 5465 ρους.
435 5397 539 5449 Alii
570 5398 683 5459 τοῖς
728 5398 783 5448 0'
824 5395 1075 5449 tribuunt
1123 5396 1626 5464 interpretationem
1664 5399 1918 5466 τράγους.

2386 5326 2430 5355 ⁸³
2454 5322 2579 5400 cod.
2619 5323 2654 5400 1-
2678 5362 2691 5383 ,
2722 5319 3145 5400 ἓλπαρεγγυῶζι
3185 5318 3283 5400 “3".
3309 5319 3487 5400 ξιίιά-

1993 5398 2040 5429 ⁸³
2084 5396 2307 5464 Ἀγροῦ.
2354 5398 2476 5449 cod.
2544 5390 2713 5446 Vatic.
2768 5388 2999 5462 δρυμοῦ·
3100 5389 3148 5422 ⁸³
3180 5388 3484 5453 Kal-“"9

232 5480 398 5536 Hebr.
432 5466 566 5565 r153,
601 5479 767 5540 mille,
812 5480 956 5565 quod
1006 5479 1246 5535 cohxeret
1292 5495 1417 5533 cum
1464 5487 1865 5565 praecnh'mn,
1915 5484 1968 5535 in
2004 5482 2291 5565 montibus,
2323 5480 2651 5547 lnterpretes
2684 5484 2864 5565 aut-em
2901 5473 3107 5535 Graeci,
3155 5474 3265 5565 imo
3315 5476 3490 5565 S‘yArus

230 5566 398 5620 etiam
429 5546 483 5620 et
512 5563 686 5619 Arabs
726 5546 994 5649 pro-#153,
1021 5563 1217 5634 legisse
1248 5546 1499 5619 videntur
1532 5548 1753 5654 ετξ-ἓξὲξ
1788 5606 1789 5609 η

1907 5582 2042 5619 oves.
2120 5566 2163 5596 ⁸⁷
2205 5546 2481 5624 Πάντων,
2504 5579 2558 5616 κ.
2597 5577 2647 5611 τ.
2685 5560 2732 5612 λ.
2768 5557 2893 5612 Haec
2925 5568 2978 5612 et
3006 5573 3126 5627 quae
3158 5558 3224 5610 ad
3258 5573 3310 5609 v.
3340 5558 3408 5610 12
3439 5569 3493 5611 et

238 5672 305 5726 15
329 5680 666 5751 sequuntur;
685 5670 802 5751 des.
825 5672 965 5751 apud
990 5671 1154 5751 (Iord.
1172 5744 1212 5751 κ
1230 5670 1277 5703 ⁸⁸
1313 5670 1458 5751 Τοὺς
1478 5699 1554 5751 _——
1576 5672 1757 5751 λέγειἔ

1914 5686 2130 5739 quoque
2169 5666 2365 5751 Aquila
2404 5666 2565 5751 vertit
2611 5663 2931 5751 παντοδαπᾶ
2960 5661 3210 5751 ﬂoride.“
3248 5663 3490 5751 31mph)-

237 5741 436 5807 νικῶς.
479 5744 597 5795 eod.
634 5742 670 5795 2
723 5741 981 5811 εἰρηκώς.

246 5893 470 5953 utroque
506 5884 627 5939 eod.
670 5883 887 5953 ponitur
912 5894 1033 5953 post
1064 5883 1177 5936 καί.

1083 5742 1130 5773 ⁸⁸
1164 5740 1441 5808 Ποιητής.
1478 5741 1531 5794 In
1563 5738 1681 5796 cod.
1718 5744 1754 5794 ἐ).
1800 5738 2016 5811 puuitur
2069 5750 2191 5809 post
2232 5738 2368 5811 εἰμί.

240 5814 358 5865 cod.
395 5814 440 5875 Ι,
472 5812 511 5869 2
542 5827 725 5879 praem.
755 5811 953 5865 αὐτῶν.
1028 5811 1075 5843 ⁸³
1114 5813 1393 5878 Ἐκείιοας.
1440 5813 1605 5867 Abest
1637 5830 1665 5866 ει
1702 5813 1821 5867 cod.
1859 5813 1909 5867 2.

2458 5739 2499 5768 "
2535 5739 2656 5790 cod.
2714 5735 2735 5789 1
2791 5733 3073 5802 ἀνόνητον.
3164 5734 3210 5763 ⁹²
3249 5733 3489 5785 "Et-sxw

2017 5803 2218 5865 "'lt'm'.
2267 5803 2386 5863 eod.
2428 5808 2474 5874 1,
2507 5808 2542 5862 ‘2
2572 5822 2757 5880 prtem.
2780 5805 2835 5857 δέ
2935 5804 2981 5837 ³⁵
3000 5803 3403 5875 Προφητικώς.
3438 5803 3495 5857 lu
