3902 6490
483 335 617 402 12Ἵ5

1446 343 1937 406 THEODORETI
1972 348 2312 408 EPISCOPI
2353 354 2724 417 CYRENSIS

3604 365 3723 430 1236

477 467 599 510 tu.e.
635 475 652 506 ι
681 454 851 511 Porro
873 467 982 512 tres
1007 473 1272 527 personas
1297 459 1424 514 hinc
1461 461 1747 517 discimus.
1775 461 1891 516 Non
1914 465 2061 532 quod

2175 483 2263 518 σου
2285 484 2298 497 ’
2327 471 2420 522 καὶ
2449 472 2777 526 ἐπικάλεσαί
2828 492 2896 544 με
2933 477 2989 526 ἐν
3019 476 3064 506 ’⁸
3095 475 3284 545 ἡμέρα
3313 473 3537 544 ext-4.5m;
3566 496 3670 534 σου.
3701 503 3716 534 ι

476 557 688 601 tantum
719 547 886 614 Deus,
923 564 1102 619 neque
1129 559 1342 604 tantum
1375 553 1713 618 Altissimus,
1740 570 1915 622 neque
1946 559 2062 608 lau-

473 639 560 691 dis
590 641 825 694 hostiam
858 642 1155 711 recipiens,
1185 646 1478 712 petitiones
1510 645 1762 715 largitur.
1794 645 2062 712 Quaelibet

475 733 622 786 enim
667 735 993 804 proprietas,
1045 745 1099 791 et
1152 735 1317 798 Deus.
1354 745 1408 793 et
1434 737 1774 801 Altissimus,
1803 750 1857 792 et
1888 739 2061 792 bono-

477 837 597 877 rum
628 823 855 895 largitor
880 836 983 881 est.
1011 825 1183 882 Porro
1212 827 1442 881 hostiam
1467 829 1646 882 laudis
1671 829 1807 884 dicit
1831 829 2062 899 hymnos

473 914 634 980 iustis
693 927 1096 986 congruentes;
1140 927 1261 972 vota
1291 934 1442 982 vero,
1499 920 1913 988 promissiones.
1971 920 2063 976 Sic

477 1009 622 1062 enim
654 1009 708 1063 in
741 1011 1008 1080 vigesimo
1050 1011 1228 1079 primo
1265 1011 1474 1078 psalmo
1503 1013 1638 1068 dicit
1668 1031 1680 1065 :
1719 1032 1737 1064 ι
1773 1011 1909 1067 Vota
1940 1030 2061 1069 mea

481 1104 700 1157 reddam
749 1103 802 1156 in
860 1111 1161 1172 conspectu
1230 1103 1541 1157 timentium
1595 1119 1720 1159 eum
1753 1103 1799 1156 ἀ.
1839 1124 1858 1158 ι
1912 1103 2065 1170 Quo-

482 1195 627 1248 niam
659 1205 838 1250 autem
869 1196 1006 1251 dixit
1034 1213 1047 1251 :
1090 1217 1107 1250 ι
1141 1195 1259 1252 Νοη
1296 1199 1347 1252 in
1381 1198 1668 1254 sacriﬁciis
1701 1199 1808 1255 tuis
1835 1214 2064 1271 arguam

481 1302 552 1354 te,
623 1308 642 1341 ι
695 1290 859 1344 docet
915 1288 1168 1358 posthac,
1228 1303 1446 1360 propter
1514 1308 1637 1360 qua:
1701 1293 2064 1360 reprehensus

480 1381 662 1436 fuerit.

548 1564 717 1623 Vsus.
774 1567 861 1630 16,
915 1567 1000 1619 l7.
1035 1585 1052 1618 ι
1108 1564 1389 1620 Peccatori
1451 1577 1634 1621 autem
1685 1567 1821 1621 dixit
1871 1567 2060 1622 Deus:

480 1659 659 1724 Quare
687 1666 741 1712 ιιι
772 1672 1000 1712 enarras
1034 1666 1235 1712 statuta
1262 1673 1405 1722 mea,
1425 1667 1478 1712 et
1501 1657 1742 1713 assumis
1772 1667 2068 1713 testamen-

481 1759 593 1802 tum
627 1759 808 1803 meum
832 1765 928 1820 per
945 1765 1008 1804 os
1033 1760 1185 1804 tttum
1209 1750 1231 1804 ?
1261 1749 1340 1804 'l‘u
1364 1766 1492 1805 vero
1509 1751 1670 1806 odisti
1694 1751 2064 1820 disciplinam,

481 1854 535 1898 et
584 1842 867 1913 proiecisti
919 1857 1202 1897 sermones
1245 1858 1399 1898 meos
1453 1854 1780 1898 retrorsum.
1853 1863 1871 1895 ι
1927 1843 2066 1911 Quia

482 1937 628 1991 enim
657 1936 824 2007 929
874 1945 1004 1991 sunt
1056 1937 1304 2002 nonnulli
1356 1937 1447 2007 qui
1483 1939 1889 2008 reprehendunt
1927 1939 2066 1994 alios

483 2046 607 2084 cum
663 2039 913 2100 peccant.
962 2039 1015 2084 et
1052 2029 1267 2085 divinas
1295 2030 1439 2100 leges
1469 2030 1522 2084 in
1557 2033 1876 2086 memoriam
1907 2047 2065 2087 revo-

484 2133 629 2189 cant,
668 2125 770 2195 ipsi
804 2139 936 2180 vero
980 2139 1102 2194 qua:
1138 2123 1336 2178 docent
1361 2125 1546 2180 minus
1571 2125 1912 2192 observant;
1950 2143 2066 2181 me—

487 2223 590 2276 rito
619 2220 675 2274 in
727 2219 1035 2276 istiusmodi
1070 2219 1320 2274 homines
1354 2219 1656 2283 invehitur,
1682 2220 1872 2276 dicens
1905 2239 1918 2275 :
1956 2221 2068 2275 Cur

487 2312 621 2366 meis
648 2311 872 2382 iudiciis
901 2311 1050 2376 elati,
1082 2318 1137 2365 et
1174 2309 1319 2364 ultro
1348 2309 1596 2380 citroque
1624 2310 1691 2364 de
1722 2311 1840 2381 lege
1873 2311 2067 2381 dispu-

486 2413 688 2466 tantes,
741 2402 876 2457 nihil
937 2402 1190 2456 utilitatis
1247 2401 1378 2456 hinc
1441 2401 1746 2472 percipitis,
1785 2402 1878 2457 sed
1903 2404 2067 2458 verba

487 2508 607 2548 mea
663 2491 1015 2562 despicitis?
1059 2491 1258 2546 Narrat
1321 2500 1505 2546 autem
1568 2501 1922 2563 peccatorum
1976 2509 2069 2564 ge-

486 2603 640 2644 uera.

556 2771 723 2827 Vsus.
769 2768 958 2826 18-20.
997 2787 1015 2820 ι
1054 2767 1112 2822 Si
1165 2765 1392 2821 videbas
1420 2765 1618 2829 furem,
1655 2767 1914 2821 currebas
1942 2782 2064 2820 cum

483 2883 570 2931 eo,
599 2873 655 2920 et
687 2879 813 2919 cutn
867 2859 1132 2916 adulteris
1166 2857 1472 2929 portionem
1523 2869 1670 2912 tuam
1707 2859 1966 2928 ponebas.
1997 2863 2068 2911 Us

487 2971 640 3015 tuum
678 2955 978 3012 abundavit
1011 2955 1242 3022 malitia,
1273 2965 1328 3011 et
1357 2955 1544 3024 lingua
1583 2963 1674 3007 tua
1705 2953 2067 3007 concinnabat

484 3055 664 3110 dolos.
719 3049 934 3106 Sedens
977 3049 1242 3104 adversus
1278 3048 1504 3102 fratrem
1536 3056 1691 3101 tuum
1730 3047 2065 3116 loquebaris,

2169 558 2310 629 Τρία
2341 561 2400 613 δὲ
2431 563 2498 615 ἐκ
2519 564 2727 618 τούτων
2758 566 3122 637 ἐδιδάχθημεν
3146 567 3438 638 πρόσωπα.
3463 569 3570 622 Οὕκ
3591 573 3721 626 ἐπει-

2161 651 2226 721 δὴ
2259 653 2356 722 μὲν
2386 655 2430 686 ’⁷
2465 657 2625 725 μόνον
2647 658 2803 722 Θεὸς,
2838 659 2959 712 οὐδὲ
2989 660 3153 729 μόνον
3188 659 3476 728 ’λ’ψιστος,
3512 663 3624 715 οὐδὲ
3649 669 3724 719 αξ-

2164 746 2368 810 νέσεως
2415 745 2609 803 θυσίαν
2659 751 2977 820 δεχόμενος,
3026 753 3128 814 τὰς
3159 753 3415 821 αἰτήσεις
3446 755 3722 823 χαρίζεται.

2175 837 2415 908 Ἐκάστη
2453 840 2561 910 γὰρ
2599 841 2801 912 ἰδιότης
2846 844 2943 896 καὶ
2996 844 3152 907 Θεὸς,
3196 844 3298 897 καὶ
3359 843 3594 913 ὕψιστος,
3645 852 3725 903 καὶ

2166 929 2390 995 ἀγαθῶν
2419 933 2679 1004 χορηγός.
2709 937 2942 989 Θυσίαν
2962 936 3018 990 δὲ
3039 934 3333 1000 αἰνέσεως
3358 937 3511 987 καλεῖ
3529 938 3641 1002 τοὺς
3661 942 3726 993 δι-

2166 1020 2348 1084 καίοις
2380 1023 2697 1092 πρέποντας
2736 1025 2944 1097 ὕμνους
2970 1043 2984 1058 ο
3021 1026 3212 1095 εὐχὰς
3255 1025 3314 1078 δὲ
3369 1025 3468 1088 τὰς
3520 1027 3724 1100 ὑποσχέο

2167 1122 2303 1172 σεις.
2334 1108 2491 1163 Οὕτω
2523 1111 2570 1142 ⁸⁸
2602 1114 2711 1184 γὰρ
2741 1116 2799 1166 ὲν
2827 1113 2903 1185 τῷ
2922 1114 3152 1185 εἰκοστῷ
3184 1115 3283 1166 καὶ
3326 1113 3524 1186 πρώτῳ
3553 1117 3724 1190 ψαλμῷ

2164 1200 2336 1269 λέγει,
2369 1220 2388 1252 ι
2421 1203 2533 1268 Τὰς
2560 1207 2727 1276 εὐχάς
2781 1224 2884 1277 μου
2917 1206 3186 1260 ἀποδώσω
3241 1205 3478 1260 ἐνώπιον
3507 1209 3608 1260 τῶν
3643 1228 3725 1279 (ξο-

2167 1293 2450 1366 ϐουμένων
2479 1299 2665 1352 αὐτόν.
2713 1317 2730 1350 ι
2785 1298 3006 1368 Ἐπειδὴ
3053 1299 3110 1353 δὲ
3139 1299 3182 1333 ⁸³
3208 1293 3396 1364 εἶπεν,
3431 1317 3449 1349 t
3489 1301 3601 1352 Οὐκ
3649 1304 3724 1358 ἐπὶ

2167 1393 2287 1452 ταῖς
2321 1390 2538 1456 θυσίαις
2573 1410 2667 1446 σου
2715 1394 2924 1462 ἐλέγξω
2966 1412 3049 1460 σε,
3090 1413 3110 1446 ι
3139 1394 3389 1448 διδάσκει
3437 1393 3614 1446 λοιπὸν
3656 1399 3723 1465 ἐφ’

2167 1477 2249 1545 οἷς
2286 1484 2529 1556 ἠλέγχθη
2565 1487 2604 1540 ί.

2243 1585 2329 1642 ις’
2352 1579 2436 1642 ιζ’.
2479 1599 2498 1630 ‹
2545 1578 2633 1650 Τῷ
2658 1578 2713 1632 δὲ
2735 1580 3046 1652 ἁμαρτωλῷ
3072 1576 3230 1634 εἶπεν
3259 1581 3288 1633 ό
3316 1578 3448 1641 Θεός
3469 1596 3481 1608 ·
3500 1579 3646 1632 ἰνατί
3674 1582 3727 1635 σὺ

2170 1669 2398 1740 ὲκδιηγῇ
2429 1671 2449 1700 ¹
2479 1670 2549 1724 τά
2572 1670 2925 1743 δικαιώματά
2951 1691 3078 1742 μου,
3099 1671 3193 1725 καὶ
3231 1670 3627 1741 ἀναλαμϐάνεις
3645 1672 3725 1732 τὴν

2169 1761 2441 1834 διαθήκην
2505 1781 2608 1834 μου
2649 1764 2741 1817 διὰ
2771 1765 3043 1836 στόματός
3101 1783 3196 1818 σον
3225 1781 3240 1830 ;
3274 1765 3348 1818 Σὺ
3395 1763 3452 1817 δὲ
3491 1766 3727 1835 ἐμίσησας

2174 1857 2442 1923 παιδείαν,
2474 1859 2571 1911 καὶ
2597 1857 2857 1926 ἐξέϐαλες
2880 1861 3010 1923 τοὺς
3038 1859 3239 1928 λόγους
3277 1875 3381 1930 μου
3421 1860 3501 1922 είς
3537 1859 3600 1912 τὰ
3627 1859 3725 1910 ὀπί·

2172 1967 2272 2004 σω.
2317 1969 2335 2002 ι
2379 1951 2602 2022 Ἐπειδὴ
2630 1952 2741 2023 γάρ
2791 1953 2900 2005 εἰσί
2933 1969 3079 2014 τινες
3119 1951 3338 2020 ἑτέροις
3369 1949 3466 2019 μὲν
3499 1949 3725 2018 πλημμε-

2169 2041 2354 2095 λοῦσιν
2391 2043 2864 2114 ἐπιμεμφόμενοι,
2892 2046 2988 2098 καὶ
3017 2044 3127 2096 τῶν
3155 2042 3322 2095 θείων
3351 2041 3528 2111 νόμων
3557 2041 3724 2110 ἀναμι·

2173 2135 2568 2206 μνήσκοντες³,
2603 2135 2760 2188 αὐτοὶ
2787 2135 2842 2189 δὲ
2881 2135 3320 2208 παραϐαίνοντες
3346 2134 3380 2186 ἃ
3401 2133 3722 2196 διδάσκουσιν,

2169 2226 2394 2288 εἰκότως
2425 2225 2562 2296 πρὸς
2595 2227 2723 2288 τοὺς
2761 2225 3042 2288 τοιούτους
3063 2225 3420 2278 ἀποτείνεται
3464 2220 3648 2289 λέγων’
3671 2214 3726 2274 Τί

2169 2317 2372 2388 δήποτε
2399 2319 2493 2370 ἐπὶ
2520 2321 2637 2381 τοῖς
2671 2318 2825 2388 ἐμοῖς
2867 2317 3258 2386 βρενθυόμενοι
3280 2313 3622 2385 δικαιώμασι,
3650 2315 3722 2367 καὶ

2169 2405 2284 2459 ἄνω
2323 2405 2420 2460 καὶ
2451 2407 2604 2460 κάτω
2636 2406 2769 2476 περὶ
2798 2404 2893 2458 τοῦ
2924 2403 3094 2476 νόμου
3113 2403 3517 2474 διαλεγόμενοι,
3549 2403 3633 2472 τὴν
3655 2405 3719 2456 ἐν-

2170 2498 2362 2552 τεῦθεν
2397 2498 2669 2567 ὠφέλειαν
2701 2499 2764 2552 οὐ
2786 2498 3212 2570 προσεδέξασθε,
3238 2497 3381 2552 ἀλλὰ
3413 2514 3719 2567 καταφρονη-

2170 2589 2340 2652 τικῶς
2384 2590 2518 2660 περὶ
2547 2589 2568 2620 ⁸
2596 2588 2725 2653 τοὺς
2793 2590 2961 2658 ἐμοὺς
3039 2588 3325 2657 διετέθητε
3357 2587 3378 2618 ³
3419 2587 3627 2655 λόγους,
3656 2586 3717 2640 δι·

2171 2683 2392 2752 ηγεῖται
2422 2681 2480 2733 δὲ
2517 2681 2612 2734 καὶ
2645 2680 2754 2734 τῶν
2793 2682 3162 2752 τολμωμένων
3191 2681 3262 2734 τὰ
3307 2680 3446 2749 εἴδη.

2245 2779 2423 2844 ιη’-κ’.
2449 2793 2466 2825 ι
2493 2773 2556 2827 Ei
2587 2773 2849 2845 ὲθεώρεις
2876 2773 3143 2845 κλέπτην,
3179 2775 3507 2843 συνέτρεχες
3537 2769 3664 2842 αὐτῷ
3683 2769 3713 2835 ⁸,

2171 2866 2267 2918 καὶ
2302 2865 2443 2936 μετὰ
2479 2865 2672 2936 μοιχοῦ
2703 2868 2722 2898 τ
2752 2866 2852 2936 τὴν
2889 2867 3085 2938 μερίδα
3134 2883 3229 2919 σου
3267 2866 3486 2928 ἐτίθεις.
3519 2864 3584 2917 Τὸ
3618 2863 3714 2916 στό-

2175 2975 2254 3028 μα
2275 2975 2371 3011 σου
2399 2957 2698 3011 ἐπλεόνασε
2732 2958 2956 3024 κακίαν,
2993 2958 3090 3013 καὶ
3125 2957 3412 3029 ἠγλῶσσά
3451 2974 3542 3010 σου
3591 2973 3716 3026 περι-

2173 3051 2372 3104 ἐπλεκε
2387 3049 2746 3122 δολιότηταςθ.
2776 3051 3109 3122 Καθήμενος
3136 3050 3279 3104 κατὰ
3295 3049 3390 3102 τοῦ
3411 3047 3621 3116 ἁδελφοῦ
3641 3064 3713 3100 σου

482 3160 535 3205 et
587 3148 854 3204 adversus
899 3145 1072 3200 illium
1125 3146 1320 3198 matris
1373 3151 1480 3198 tuae
1541 3143 1785 3212 ponebas
1839 3143 2066 3196 scanda-

2175 3145 2518 3209 κατελάλεις,
2551 3146 2645 3198 καὶ
2674 3144 2817 3198 κατά
2840 3143 2932 3197 τοῦ
2961 3142 3076 3196 υἱοῦ
3121 3147 3224 3214 τῆς
3269 3142 3475 3214 μητρός
3514 3158 3596 3193 σου
3626 3140 3716 3191 ἐτί-

487 3243 620 3293 lum.
658 3257 676 3290 ι
713 3241 729 3259 '
759 3235 946 3300 Multa,
996 3233 1198 3304 inquit,
1231 3243 1285 3289 et
1318 3235 1463 3288 varia
1512 3241 1736 3303 peccata
1764 3233 1864 3286 abs
1886 3243 1937 3287 te
1967 3249 2068 3287 au-

484 3333 672 3386 dacter
701 3337 914 3399 patrata
965 3336 1136 3382 sunt:
1179 3325 1472 3395 siquidem,
1511 3333 1568 3379 ut
1598 3325 1845 3395 Apostoli
1889 3324 2068 3379 verbis

488 3434 608 3478 utar
639 3441 652 3478 :
693 3441 712 3474 ι
753 3421 858 3488 Qui
888 3418 1027 3476 dicis
1061 3433 1170 3472 nou
1205 3419 1593 3473 moecltandum
1633 3433 1775 3481 esse,
1825 3417 2068 3472 moecha-

487 3517 561 3570 ris
577 3526 621 3577 ε,
647 3534 665 3568 ι
688 3511 1049 3583 eteorumqui
1085 3512 1213 3566 talia
1247 3511 1594 3566 committere
1622 3511 1848 3576 audent,
1881 3511 2069 3566 socius

484 3621 543 3662 es
571 3616 623 3660 et
678 3603 1003 3672 particeps.-
1036 3603 1202 3657 Porro
1261 3614 1383 3652 cum
1477 3601 1546 3655 ab
1596 3614 1693 3654 ore
1721 3608 1817 3654 tuo
1849 3615 2065 3654 omnem

486 3699 768 3755 veritatem
799 3695 1087 3766 abieceris,
1142 3693 1275 3748 illud
1328 3691 1615 3747 mendacio
1637 3701 1690 3746 et
1729 3692 1936 3746 malitia
1962 3694 2068 3746 im-

485 3792 721 3862 plevisti.
754 3788 923 3844 Dolus
955 3795 1135 3842 autem
1168 3786 1264 3841 tibi
1309 3784 1549 3854 linguam
1581 3782 1822 3837 exacuit.
1859 3782 2068 3848 Quam-

482 3888 672 3942 obrem
727 3895 780 3940 et
808 3881 1191 3954 cognationem
1229 3889 1375 3933 tuam
1415 3877 1744 3937 contemnis,
1781 3886 1834 3931 et
1858 3887 2069 3932 natura:

485 3980 630 4049 leges
660 3976 974 4040 conculcas,
1007 3981 1064 4029 et
1104 3972 1416 4029 clanculum
1452 3971 1685 4026 insidias
1717 3981 1911 4026 contra
1945 3981 2068 4026 tuos

485 4073 681 4128 fratres
726 4069 922 4134 struis,
954 4077 1006 4123 et
1040 4066 1222 4137 pergis
1261 4065 1587 4120 calumniari
1621 4064 1822 4129 verbis,
1856 4073 1909 4116 et
1937 4078 2068 4133 ope-

485 4167 638 4222 ribus
665 4163 936 4219 insidiari.
961 4159 1076 4215 Hoc
1111 4161 1268 4228 pacto
1292 4159 1630 4215 enumeratis
1664 4158 2066 4227 iniquitatibus,

484 4268 538 4312 et
571 4257 892 4328 patientiam
933 4253 1175 4308 ostendit
1199 4269 1307 4322 qua
1339 4253 1532 4315 utitur,
1576 4261 1629 4306 et
1670 4267 1886 4322 pinnam
1935 4267 2070 4322 prae-

485 4351 636 4411 dicit,
673 4347 837 4418 930
869 4361 1032 4416 quam
1091 4344 1434 4415 irrogaturus
1491 4355 1594 4398 est.

556 4442 725 4498 Vsus.
778 4442 868 4495 2|.
923 4459 941 4491 ‹
991 4436 1118 4492 Hmc
1174 4437 1375 4502 fecisti,
1430 4447 1482 4490 et
1517 4437 1681 4491 tacui.
1734 4438 2066 4492 Existimasti

2174 3237 2286 3299 θεις
2317 3235 2634 3289 σκάνδαλον.
2678 3254 2696 3287 ι
2736 3233 2915 3288 Πολλά
2948 3234 2988 3300 ³,
3023 3233 3179 3303 φησὶ,
3211 3232 3309 3286 καὶ
3347 3227 3642 3284 παντοδαπὰ
3662 3228 3714 3280 τὰ

2171 3329 2326 3400 παρὰ
2361 3328 2458 3381 σοῦ
2481 3326 2828 3398 τολμηθέντα
2858 3326 3314 3397 παρανομήματα
3337 3339 3351 3352 ·
3383 3319 3715 3381 ἀποστολικῶς

2168 3423 2279 3492 γὰρ
2311 3424 2507 3486 εἰπεῖν,
2545 3442 2562 3472 ι
2618 3421 2676 3473 '0
2700 3419 2874 3487 λέγων
2911 3419 2986 3489 μὴ
3020 3411 3712 3489 μοιχεύειν,μοιχεύεις,ικαἰ

2168 3516 2279 3569 τῶν
2305 3516 2374 3568 τὰ
2407 3513 2640 3568 τοιαῦτα
2673 3514 2999 3584 τολμώντων
3052 3513 3318 3584 συνεργὸς
3351 3511 3475 3583 γίνῃ
3513 3509 3598 3561 καὶ
3618 3523 3713 3560 κοι-

2167 3609 2390 3671 νωνός.»
2440 3607 2730 3679 Ἀληθείας
2781 3606 2837 3659 δὲ
2863 3606 2923 3659 τὸ
2969 3605 3143 3675 στόμα
3173 3603 3489 3674 γυμνώσας,
3520 3600 3710 3671 ψεύδους

2169 3701 2332 3753 τοῦτο
2362 3700 2456 3753 καὶ
2494 3700 2765 3770 πονηρίας
2796 3699 3100 3768 ἐνέπλησας
3124 3699 3186 3751 ¹⁰.
3209 3697 3372 3760 Δόλος
3395 3695 3449 3749 δέ
3469 3711 3546 3746 σοι
3567 3707 3709 3760 παρα-

2171 3793 2329 3863 θήγει
2359 3793 2457 3865 τὴν
2489 3793 2745 3860 γλῶσσαν
2769 3832 2781 3842 .
2807 3792 3010 3863 Διόπερ
3063 3789 3158 3843 καὶ
3212 3786 3528 3858 συγγενείας
3574 3800 3708 3837 κατα·

2169 3887 2412 3955 φρονεῖς,
2446 3885 2542 3938 καὶ
2589 3885 2692 3954 τῆς
2749 3885 2968 3954 φύσεως
3003 3885 3130 3946 τοὺς
3153 3883 3357 3952 νόμους
3401 3879 3596 3940 πατεῖς,
3635 3874 3709 3926 καὶ

2171 3977 2410 4048 κρύϐδην
2459 3979 2560 4041 τὰς
2605 3977 2750 4030 κατὰ
2777 3977 2888 4030 τῶν
2923 3975 3170 4044 ἀδελφῶν
3222 3974 3444 4044 ἐνέδρας
3481 3967 3703 4038 ὑφαίνειςν

2170 4069 2267 4122 καὶ
2304 4069 2571 4132 διατελεῖς
2601 4070 2694 4122 καὶ
2727 4071 2768 4101 ιι
2807 4069 2991 4136 λόγοις
3041 4067 3371 4130 διαϐάλλων,
3420 4062 3507 4116 καὶ
3555 4059 3704 4130 ἔργοις

2170 4163 2565 4218 ἐπιδουλεύων.
2624 4161 2784 4216 Οὕτω
2813 4165 2915 4233 τῆς
2953 4161 3306 4234 παρανομίας
3357 4158 3452 4230 τὴν
3495 4155 3704 4225 διήγησιν

2173 4258 2568 4329 ποιησάμενος,
2603 4257 2698 4311 καὶ
2727 4257 2796 4328 ἣν
2859 4257 2974 4326 ἔχει
3026 4255 3271 4309 διδάσκει
3341 4246 3700 4325 μακροθυμία-νο

2171 4353 2267 4406 καὶ
2298 4353 2365 4422 ἣν
2395 4351 2608 4404 ἐποίσει
2638 4349 2932 4420 τιμωρίαν,
2976 4348 3258 4420 προλέγει.

2244 4444 2350 4498 κα¹.
2386 4462 2404 4494 t
2447 4443 2636 4496 Ταῦτα
2667 4442 2958 4512 ἐποίησας,
2995 4441 3090 4494 καὶ
3119 4441 3351 4509 ὲσίγησα
3373 4454 3385 4467 ·
3411 4427 3699 4491 ὑπέλαϐες¹’

491 4535 860 4604 iniquitatem,
887 4547 970 4586 me
990 4530 1235 4584 futurum
1269 4529 1620 4584 tuisimiletn.
1662 4550 1678 4582 ι
1707 4529 1815 4599 Ego
1847 4533 2065 4600 quidem

2175 4535 2429 4606 ἀνομίαν,
2465 4536 2546 4588 δτι
2577 4533 2774 4604 ἔσομαί
2809 4551 2891 4586 σοι
2923 4534 3129 4604 ὅμοιος.
3153 4551 3171 4583 ι
3194 4530 3334 4599 Ἐγὼ
3355 4532 3396 4562 ¹³
3410 4527 3570 4580 ταῦτα
3585 4519 3698 4593 ὀρῶν

493 4630 607 4683 Iuec
659 4627 755 4681 abs
783 4638 834 4680 te
881 4624 1083 4695 patrari
1115 4622 1330 4688 videns,
1367 4632 1422 4677 et
1454 4624 1707 4691 patientia
1763 4639 1942 4683 utens.
1969 4643 2065 4680 ex-

490 4733 675 4791 specto
696 4732 841 4776 tuam
857 4716 1341 4790 pmnitentiam.'l‘u
1362 4733 1481 4771 mea
1505 4733 1633 4772 vero
1657 4720 1914 4788 patientia
1936 4722 2067 4776 abu-

491 4817 642 4882 teris,
682 4816 810 4870 hinc
837 4812 1097 4884 peccandi
1142 4812 1435 4865 occasione
1465 4823 1702 4880 arrepla,
1753 4829 1876 4868 cum
1911 4827 2067 4884 putes

554 4935 581 4974 ιι
614 4935 761 4991 Psal.
815 4950 929 4996 xxx,
968 4930 1059 4986 26.
1141 4942 1163 4969 ε
1191 4929 1354 4986 Rom.
1395 4945 1454 4993 ιι,
1493 4930 1583 4984 ΞΞ.

2177 4629 2282 4681 ὑπὸ
2311 4627 2406 4680 σοῦ
2431 4626 2785 4698 τολμώμενα,
2853 4625 3208 4697 μακροθυμία
3257 4622 3545 4694 χρώμενος,
3593 4616 3698 4668 ἀνα·

2179 4722 2325 4794 μένω
2356 4722 2402 4752 ¹⁵
2430 4723 2529 4792 τὴν
2566 4723 2608 4754 ³⁵
2645 4720 3035 4791 μεταμέλειαν.
3074 4719 3146 4770 Σὺ
3176 4716 3354 4771 δὲκαὶ
3394 4714 3485 4784 τὴν
3528 4722 3697 4780 μακρο-

2175 4816 2376 4886 θυμίαν
2403 4818 2482 4879 είς
2511 4816 2770 4887 ἀφορμὴν
2816 4812 3010 4878 ἔλαϐες
3043 4812 3382 4876 δυσσεὸείας,
3422 4805 3634 4862 τοπάσας
3661 4798 3693 4828 ’⁸

1592 5047 1825 5102 νΑΙίΙᾹΞ
1863 5049 2248 5106 LECTIONES
2285 5050 2372 5103 ΕΤ
2408 5048 2643 5104 ΝΟΤᾹΞ.

556 5151 602 5182 ’⁵
643 5150 815 5204 Ἐν-
855 5163 992 5218 σου,
1015 5143 1538 5218 lloruurlorumjn.
1571 5146 1694 5198 cod.
1726 5146 2060 5218 Loccupant

2175 5165 2228 5202 ιι
2255 5151 2348 5202 καὶ
2377 5146 2668 5218 ἐξελοῦμαί
2695 5162 2754 5199 σε
2772 5145 2868 5218 καὶ
2891 5143 3247 5218 δοξάσεις-με.

817 5219 864 5250 os
893 5214 1416 5282 οὔτω-ἠλέγχθη.
1444 5213 1572 5266 Des.
1599 5215 1738 5281 apud
1761 5213 1999 5285 Cordip.
2020 5219 2145 5274 971.

485 5239 512 5275 a
535 5220 658 5275 cod.
684 5219 739 5273 2.

3325 5141 3370 5172 "
3400 5135 3529 5191 Μέν.
3558 5129 3688 5183 Abest

2222 5197 2859 5274 δί’Ᾱέ.“Ᾰί)έέεἰἯὲιόιι.ίε.
2940 5197 3470 5278 ¹ὀοι].],2ὲ).ἐγχει.
3517 5197 3686 5278 -ῗθθάο

487 5273 661 5345 viui.
681 5291 866 5360 διηγῇ.
945 5287 965 5318 ³
993 5287 1116 5360 cod.
1139 5273 1702 5360 Qﬁvd'ptpviiaav-cég.
1773 5286 1793 5316 ⁵
1823 5273 2076 5360 Κατξιςρρι

2175 5289 2358 5356 ιτικῶς
2388 5289 2541 5357 περί.
2587 5288 2706 5342 Des.
2744 5285 2953 5360 iucod.
2985 5284 3042 5337 9.
3113 5284 3134 5314 ³
3166 5273 3293 5360 τοις.
3339 5273 3404 5360 .ίῖ
3431 5273 3684 5360 διηβέτῇῖξς

485 5364 506 5394 ο
540 5350 902 5430 Συνέτρέχέες
928 5355 1109 5422 αὐτῷ.
1175 5350 1340 5410 Hebr.
1564 5357 1892 5425 interpretes
1930 5350 2042 5413 reié

2175 5377 2270 5415 nes
2323 5350 2608 5430 perperam
2657 5374 2686 5412 a
2721 5358 2840 5412 rad.
2870 5364 2976 5440 V11
3007 5369 3214 5407 currere
3239 5351 3550 5408 derivarunt,
3587 5350 3684 5393 cum

487 5481 668 5524 tamen
697 5470 882 5540 potius
909 5467 974 5520 ad
1013 5465 1240 5519 verbum
1269 5472 1406 5549 ang-1,
1438 5471 1708 5530 acceptum
1739 5463 2151 5532 Itabuit,referri
2183 5466 2397 5520 debeat.
2422 5463 2630 5520 Sensus
2658 5458 3127 5528 est,delectaberis
3149 5475 3230 5514 eo.
3295 5459 3314 5488 "
3337 5449 3556 5521 Μοιχοῦι
3581 5444 3682 5496 30¢-

489 5576 646 5631 lectio
675 5575 900 5645 μοιχῶν.

490 5638 697 5727 simqu
740 5638 888 5737 ftis.
927 5651 1253 5737 sequuntt‘iar,
1294 5638 1599 5737 deszvapud
1621 5638 1813 5737 PCord.
1852 5655 1914 5726 Ρ.
1966 5640 2071 5695 974

2205 5642 2246 5671 ιο
2292 5641 2690 5707 Ἐνέπλησας.
2746 5639 2869 5693 cod.
2920 5639 2956 5692 2
3003 5638 3347 5706 ἐπλήρωσας.
3450 5638 3486 5661 "
3526 5638 3676 5705 Αιιξπ·

2175 5711 2327 5737 ηιμ..
2359 5712 2421 5737 ...ι
2460 5720 2665 5737 nam...
2703 5708 2852 5737 υηι...
2911 5708 3114 5737 “man.
3152 5707 3333 5737 eum...
3393 5698 3561 5737 νονείη-
3586 5685 3676 5737 ενό-

1317 5714 1358 5742 ¹¹
1402 5707 1716 5774 Ὑπέλαϐες
1742 5740 1810 5750 —
1840 5709 2065 5777 ὅμοιος.

2175 5711 2330 5773 opius
2357 5712 2421 5764 ad
2460 5720 2666 5764 textum
2703 5708 2873 5762 Hebr.
2910 5708 3118 5763 accedit
3152 5707 3355 5776 Symtu.
3393 5707 3562 5777 γένεια
3586 5709 3606 5742 ε

489 5717 616 5781 λεῖς
655 5715 775 5768 καί.
800 5715 922 5768 Des.
947 5711 1147 5766 inrcod.
1181 5712 1238 5765 2.

496 5778 662 5854 μισας
687 5785 905 5854 ἔσεσθαί
934 5782 1102 5854 μεώς
1134 5783 1212 5854 σέ.
1248 5783 1412 5854 Aqu..
1439 5779 1706 5854 'l‘lneodot.
1735 5791 1793 5854 et
1822 5784 1953 5854 edit.
1996 5781 2076 5854 ΠΙ

2175 5782 2398 5854 εέλαϐεςί
2421 5782 2678 5854 ἐσόμενος
2708 5780 2904 5854 ἔσομαι
2932 5778 3119 5854 ὅμοιός
3149 5794 3250 5854 σοι..

1732 5852 1773 5883 ³⁵
1818 5852 1956 5919 Τήν.
1983 5853 2136 5911 abest
2160 5871 2189 5908 a
2216 5853 2339 5908 cod.
2381 5853 2430 5919 1,
2464 5853 2518 5905 2.

493 5849 546 5921 ἰ.
569 5855 750 5911 iudd.
784 5853 901 5923 μέν.
935 5849 946 5854 ⁷
981 5853 1024 5885 ³⁸
1061 5852 1182 5909 cod.
1229 5854 1277 5922 1,
1307 5849 1342 5905 ‘2
1369 5850 1651 5920 ἀνέμενον.

1003 5574 1024 5604 ⁸
1094 5570 1218 5624 cod.
1275 5569 1309 5622 2
1363 5567 1650 5635 δολιότητα
1713 5584 1836 5636 quae
1875 5579 1958 5623 est
1999 5586 2107 5624 rec.
2142 5569 2306 5624 lectio
2356 5571 2410 5623 h.
2446 5571 2482 5623 Ι.

2586 5569 2608 5600 ⁸
2641 5568 2879 5629 Πολλὰ,
2933 5585 2986 5622 κ.
3029 5567 3079 5621 λ.
3115 5567 3240 5622 lizrc
3269 5575 3322 5618 et
3345 5555 3554 5634 quarm!
3581 5562 3680 5634 ll”?

2205 5642 2246 5671 ιο
2292 5641 2690 5707 Ἐνέπλησας.
2746 5626 2875 5693 cod.
2920 5639 2956 5692 2
3003 5626 3374 5706 ἐπλήρωσας.’
3450 5626 3678 5707 "Aufr?

3338 5756 3376 5807 ιι
3414 5766 3548 5840 ἐὶ-ὼ,
3575 5756 3670 5814 cod.

2619 5852 2661 5883 ’⁵
2703 5850 2824 5905 cod.
2860 5850 2909 5918 l,
2946 5849 2981 5904 2
3015 5851 3108 5902 καὶ
3148 5849 3428 5910 ἐτόπασας.
