3902 6498
475 270 610 334 1239

1468 272 1961 333 THEODORETI
1994 272 2339 337 EPISCOPI
2366 275 2751 345 ICYRENSIS

3584 293 3694 359 12m

468 385 750 455 ingressus
796 394 942 441 esset
969 386 1035 442 ad
1067 400 1194 442 eum
1220 385 1434 442 Nathan
1488 390 1774 458 propheta,
1824 386 2045 458 quando

2169 389 2409 445 ;ἰσελθετν
2439 394 2483 425 ³⁷
2513 394 2650 466 πρὸς
2675 397 2836 451 αὐτὸν
2863 397 3052 454 Νάθαν
3078 399 3175 455 τὸν
3208 401 3511 472 προφήτην,
3562 406 3697 475 ἡνίκα

468 477 783 533 intravitad
819 476 1088 534 Bersabee
1120 494 1345 534 uxorem
1368 480 1533 536 Uriaa.
1572 501 1590 532 ι
1624 480 1913 549 Inscriptio
1927 479 2056 549 qui-

466 569 590 624 dem
638 581 1022 639 argumentum
1069 572 1264 641 psalmi
1298 570 1592 627 manifesto
1629 586 1731 626 nos
1760 571 1968 635 docuit,
2000 579 2055 625 et

471 665 588 735 ipsa
618 666 813 735 psalmi
844 666 1007 722 verba
1042 666 1320 723 slflieiunt
1349 669 1417 721 ad
1453 666 1737 721 sententiae
1764 662 2053 734 profundi-

470 766 637 812 tatem
663 758 1082 814 ostendendam.
1109 758 1317 813 Tamen
1351 759 1637 813 sciendum
1676 766 1761 813 est
1782 758 2053 828 psalmum

428 844 784 966 afuturorum
838 852 1003 906 etiam
1036 851 1443 921 praedictionem
1478 850 1781 906 continere.
1818 849 1975 906 Unde
2002 860 2058 905 et

430 960 438 966 .
474 943 527 966 Σ..
577 943 723 966 Ω.--...
760 943 1053 966 2---..-.2-1-.-
1097 952 1174 966 -..ι
1243 941 1382 966 ι.-..ι-³
1437 941 1670 966 λ--1-..-ι
1714 945 2050 966 -..Α-Ι--ι2-..-

394 941 529 995 --"in
568 943 726 1011 ﬁnem
758 943 1057 1013 inscriptus
1093 952 1197 998 est.
1240 941 1385 1011 quod
1433 941 1676 998 declarat
1714 945 2054 1015 praphetiant

473 1038 683 1091 exitum
726 1051 849 1090 esse
887 1035 1224 1089 habituram.
1256 1034 1459 1089 Verum
1499 1051 1661 1090 nemo
1713 1038 1952 1107 ambigat
1985 1054 2055 1093 an

480 1145 706 1197 magnus
737 1127 905 1182 David
946 1138 1189 1197 tempore
1229 1128 1564 1197 paenitentia:
1602 1130 1899 1200 prophetia:
1928 1147 2059 1200 gra-

478 1232 550 1274 tia
573 1221 808 1274 donatus
841 1219 1038 1274 fuerit:
1061 1219 1509 1289 quandoquidem
1542 1221 1647 1276 hoc
1674 1238 1739 1276 ex
1766 1223 1892 1279 aliis
1920 1240 2058 1294 quo-

475 1330 582 1382 que
616 1315 842 1383 psalmis
870 1315 1005 1369 disci
1044 1322 1243 1384 potest,
1278 1316 1330 1369 in
1362 1315 1563 1384 quibus
1591 1317 1902 1372 confitentis
1935 1334 2059 1388 per-

476 1426 669 1465 sonam
700 1411 831 1481 egit.
858 1412 914 1465 ln
940 1419 1095 1465 sexto
1120 1412 1268 1465 enim
1303 1413 1517 1482 psalmo
1549 1414 1616 1467 de
1639 1413 1822 1469 futuro
1849 1415 2059 1485 judicio

475 1503 804 1558 vaticinatus
854 1513 957 1557 est.
1018 1524 1036 1555 t
1083 1501 1203 1558 Non
1245 1513 1348 1567 est,
1400 1506 1598 1576 inquit,
1642 1506 1694 1559 in
1728 1518 1927 1572 morte,
1963 1512 2056 1579 qui

477 1610 689 1649 memor
720 1599 788 1650 sit
825 1597 937 1651 tui:
975 1597 1029 1650 itt
1078 1596 1293 1650 inferno
1330 1608 1512 1652 autem
1555 1600 1680 1668 quis
1710 1601 2060 1656 confitebitur

478 1689 624 1744 tibi?
659 1708 678 1741 ι
721 1689 787 1743 Ει
820 1690 873 1743 ἰη
930 1690 1210 1744 tricesimo
1243 1690 1416 1759 primo
1461 1693 1671 1761 psalmo
1708 1694 1895 1753 beatos
1919 1710 2056 1764 pra?-

478 1782 627 1836 dicat
676 1797 769 1835 eos
796 1784 887 1851 qui
920 1782 1127 1852 absque
1179 1782 1367 1838 lahore
1400 1784 1779 1839 remissionem
1807 1797 2060 1855 peccato-

479 1892 600 1930 rum
648 1885 1002 1945 acceperunt,
1036 1877 1178 1946 quod
1227 1878 1342 1931 sola
1378 1878 1722 1948 baptismatis
1753 1883 1924 1950 gratia
1954 1883 2061 1936 lar-

479 1970 581 2043 giri
620 1979 815 2038 potest.
848 1969 964 2024 Jam
997 1985 1129 2023 vero
1153 1971 1207 2024 in
1239 1971 1343 2027 hoc
1375 1973 1588 2042 psalmo
1619 1975 1796 2043 palam
1834 1991 1935 2029 nos
1962 1976 2061 2029 do-

479 2040 593 2116 cu‘it
619 2077 677 2116 se
724 2063 965 2131 Spiritus
993 2063 1166 2128 gratia
1194 2062 1317 2131 [non
1356 2040 1529 2120 fuisse
1561 2040 1856 2136 privatum.
1896 2089 1914 2121 ι
1940 2072 2065 2140 Spi-

481 2154 647 2207 ritum
697 2154 844 2207 enim
898 2163 1081 2215 tuum,
1134 2153 1333 2223 inquit,
1380 2154 1585 2211 bonum
1660 2174 1727 2211 tte
1782 2160 2060 2215 auferasa

481 2263 590 2301 me.
629 2266 647 2298 ι
717 2244 837 2300 Non
871 2246 1019 2301 enim
1059 2246 1295 2319 Spiritus
1323 2249 1551 2319 gratiam
1581 2250 1682 2305 sibi
1716 2253 1940 2320 praeberi
1972 2269 2064 2321 pe—

480 2340 588 2403 tiit,
607 2340 701 2393 sed
725 2354 791 2393 ne
812 2339 881 2393 ab
900 2338 1017 2408 ipso
1039 2338 1342 2404 auferatur,
1370 2341 1715 2411 supplicavit.
1734 2345 1895 2415 933
1916 2350 1929 2367 ‘
1952 2348 2065 2403 lloc

481 2433 648 2502 igitur
676 2432 831 2487 radio
865 2432 1231 2498 illuminatus,
1265 2442 1319 2487 et
1354 2436 1689 2505 propheticis
1721 2439 1897 2492 oculis
1930 2455 2065 2508 pra:-

480 2528 672 2581 videus
721 2524 840 2581 fore
899 2536 959 2581 ut
1010 2528 1245 2597 populus
1285 2544 1447 2598 quem
1487 2531 1710 2601 regebat
1756 2531 1809 2585 in
1847 2544 2067 2602 peccata

482 2620 771 2685 incideret,
811 2626 865 2673 et
886 2634 986 2691 pro
1043 2620 1259 2674 illorunt
1296 2622 1610 2691 expiatione
1659 2624 1711 2677 in
1740 2628 2066 2681 servitutem

482 2714 867 2779 abduceretur,
924 2712 1368 2785 Babylonemque
1398 2716 1662 2771 incoleret
1692 2758 1706 2781 ,
1738 2720 2069 2790 conscripsit

481 2808 632 2863 hunc
682 2807 979 2877 psalmum,
1021 2820 1076 2863 et
1112 2809 1329 2877 propria
1364 2810 1592 2865 vulnera
1632 2827 1854 2880 curans,
1890 2823 1945 2869 et
1975 2831 2069 2869 ac-
2128 2806 2131 2809 ’

481 2901 893 2957 commodatum
941 2899 1244 2955 remedium
1303 2901 1505 2969 papulo
1562 2919 1911 2975 praeparans,
1959 2908 2070 2961 imo

481 2994 742 3048 omnibus
775 2992 957 3059 nobis,
1017 3002 1292 3063 quotquot
1343 2995 1615 3050 Vulnerati
1668 2999 1953 3055 curatione
1987 3000 2071 3054 in-

481 3088 754 3159 digemus.

2154 483 2375 555 εἰσῆλθε
2422 487 2561 559 πρὸς
2598 489 2884 561 Βηρσαϐεὲ
2913 494 2959 524 ³⁸
2995 493 3095 563 τὴν
3148 490 3247 546 τοῦ
3308 494 3499 563 Οὐρίου
3526 498 3586 551 ⁸³.
3611 503 3698 554 Σα-

2157 577 2272 647 φῶς
2306 578 2353 611 ⁸⁸
2380 579 2482 650 μὲν
2516 581 2559 613 ⁵⁸
2588 584 2738 653 ἡμᾶς
2763 583 3003 649 ἐδίδαξεν
3028 588 3061 653 ἡ
3108 586 3403 657 ἐπιγραφὴ
3454 589 3542 642 τοῦ
3583 592 3700 656 ψαλ-

2158 671 2264 741 μοῦ
2293 671 2394 744 τὴν
2423 674 2685 729 ὑπόθεσιν
2709 694 2723 707 ·
2751 676 2845 730 καὶ
2891 677 3033 731 αὐτὰ
3081 677 3140 732 δὲ
3183 677 3280 732 τοῦ
3309 677 3519 750 ψαλμοῦ
3542 685 3600 736 τὰ
3628 689 3704 758 pq.

2160 781 2306 834 ματα
2340 766 2503 821 ἱκανὰ
2531 768 2862 840 διδάξαιτῆς
2889 769 3135 833 διανοίας
3172 769 3237 824 τὸ
3286 770 3469 840 βάθος.
3509 775 3551 805 ⁸⁸
3576 778 3702 831 Εἱδέ-

2157 872 2246 909 ναι
2302 856 2488 926 μέντοι
2519 860 2813 929 προσήκει,
2842 860 2918 925 ὡς
2944 861 3042 916 καὶ
3090 862 3402 932 μελλόντων
3443 862 3549 934 ἔχει
3593 887 3702 939 προ-

2157 949 2454 1019 αγόρευσιν
2468 951 2514 982 ⁸³
2542 954 2569 1005 6
2593 952 2829 1023 ψαλμός.
2866 954 2959 1007 Διὸ
2984 954 3079 1007 καὶ
3114 956 3208 1021 εις
3248 956 3316 1007 τὸ
3350 958 3517 1023 τέλος
3546 961 3703 1028 ὲπιγέο

2158 1058 2424 1112 γραπται,
2454 1042 2549 1096 τοῦ
2584 1044 2744 1113 λόγου
2773 1045 3084 1117 δηλοῦντος,
3118 1046 3198 1109 ὼς
3235 1045 3351 1112 ἕξει
3374 1047 3524 1113 τέλος
3550 1053 3706 1123 ἡπροο

2159 1136 2381 1207 φητεία.
2428 1136 2588 1191 Ἀλλά
2653 1138 2846 1209 μηδεὶς
2894 1139 3316 1209 άμφιὸαλλέτω,
3388 1141 3436 1193 εί
3480 1146 3608 1197 κατὰ
3634 1148 3707 1199 τὸν

2158 1229 2260 1300 τῆς
2293 1231 2585 1300 μετανοίας
2622 1232 2814 1301 καιρὸν
2874 1233 3230 1304 προφητικῆς
3277 1232 3476 1303 ἠξίωτο
3522 1237 3706 1307 χάριτος

2160 1323 2189 1375 6
2220 1321 2393 1391 μέγας
2427 1322 2590 1376 Δαδίδ
2617 1323 2662 1354 ⁵⁸
2679 1342 2691 1353 ·
2720 1323 2883 1376 τοῦτο
2909 1324 3017 1395 γάρ
3042 1326 3138 1379 καὶ
3158 1324 3251 1378 διὰ
3277 1324 3389 1377 τῶν
3412 1326 3577 1379 ἄλλων
3596 1330 3707 1397 ψαλ-

2164 1412 2303 1482 μῶν,
2329 1413 2395 1466 δι’
2424 1406 2635 1486 ὦνχτὴν
2681 1416 3073 1487 ἐξομολόγησιν
3118 1417 3447 1488 ἐποιήσατο,
3497 1435 3710 1491 καταμα-

2162 1505 2278 1559 θεῖν
2310 1507 2557 1562 δυνατόν.
2591 1508 2704 1562 Καὶ
2737 1510 2847 1580 γὰρ
2877 1512 2935 1565 ὲν
2967 1510 3045 1581 τῷ
3093 1509 3246 1579 ἕκτῳ
3292 1510 3493 1581 ψαλμῷ
3539 1515 3652 1583 περὶ
3674 1516 3711 1547 ⁸⁸

2160 1599 2267 1670 τῆς
2316 1600 2620 1671 μελλούσης
2676 1602 3055 1673 προηγόρευσε
3118 1602 3387 1673 κρίσεως.
3422 1621 3439 1653 ι
3473 1603 3578 1658 Οὐκ
3622 1605 3712 1661 ἔστι

2162 1692 2293 1764 γὰρ,
2328 1694 2516 1762 φησὶν.
2552 1694 2610 1745 ἐν
2639 1692 2717 1763 τῷ
2745 1692 2961 1764 θανάτῳ
2994 1696 3022 1747 ὁ
3052 1691 3422 1763 μνημονεύων
3458 1711 3568 1758 σου,
3598 1698 3647 1749 ἐν
3669 1700 3714 1751 δὲ

2163 1784 2241 1853 τῷ
2270 1783 2375 1855 ᾅδῃ
2403 1783 2488 1847 τίς
2545 1783 2945 1854 όμολογήσεταί
2977 1782 3023 1815 ⁸⁸
3055 1800 3177 1849 σοι;
3220 1802 3240 1835 ι
3274 1782 3390 1835 Kal.
3415 1785 3473 1835 ὲν
3493 1785 3564 1854 τῷ
3586 1804 3713 1857 τρια.

2162 1880 2342 1947 κοστῷ
2374 1875 2580 1947 πρώτῳ
2609 1874 2812 1946 ψαλμῷ
2838 1876 2880 1907 ⁸⁷
2921 1876 3225 1947 μακαρίζει
3257 1878 3386 1940 τοὺς
3426 1878 3543 1947 δίχα
3568 1881 3714 1934 πόνων

2163 1970 2458 2039 εἰληφότας
2484 1969 2594 2023 τῶν
2624 1969 3041 2040 ἁμαρτημάτων
3066 1971 3165 2041 τὴν
3203 1970 3427 2039 ἄφεσιν,
3452 1972 3582 2042 ὅπερ
3605 1974 3713 2044 μόνη

2162 2064 2454 2135 δωρεῖσθαι
2506 2062 2752 2131 πέφυκεν
2796 2064 2829 2133 ἡ
2866 2062 2959 2116 τοῦ
3001 2062 3397 2133 βαπτίσματος
3437 2062 3603 2133 χάρις.
3630 2067 3714 2117 Καὶ

2169 2158 2354 2229 μέντοι
2383 2157 2479 2209 καὶ
2502 2158 2559 2208 ἐν
2578 2155 2657 2226 τῷ
2684 2154 3039 2227 προκειμένῳ
3055 2153 3263 2225 ψαλμῷ
3284 2154 3577 2226 διαρρήδην
3595 2158 3715 2226 ἡμᾶς

2166 2250 2429 2316 ἐδίδαξεν,
2470 2249 2546 2312 ὡς
2576 2247 2677 2301 οὐκ
2707 2247 2968 2319 ἐστέρητο
3000 2246 3101 2317 τῆς
3152 2245 3251 2300 τοῦ
3307 2244 3611 2316 Πνεύματος
3634 2250 3712 2318 χά-

2170 2360 2336 2415 ριτος.
2384 2362 2403 2393 ι
2441 2341 2515 2395 Τὸ
2546 2338 2771 2409 Πνεῦμά
2804 2355 2900 2391 σου
2950 2338 3078 2409 γὰρ,
3114 2340 3309 2409 φησὶν,
3343 2338 3404 2391 τὸ
3448 2338 3632 2400 ἀγαθὸν
3652 2342 3710 2411 μὴ

2166 2435 2465 2508 ἀντανέλῃς
2500 2434 2595 2487 ἀπ’
2620 2430 2779 2501 ἐμοῦ.
2824 2450 2843 2481 ι
2874 2430 2948 2484 Οὐ
2979 2431 3087 2500 γὰρ
3134 2429 3346 2501 ᾔτησεν
3397 2430 3543 2501 αύτῷ
3567 2450 3709 2502 παρι-

2170 2532 2428 2603 σχεθῆναι
2454 2528 2554 2598 τὴν
2594 2526 2757 2597 χάριν
2782 2524 2829 2556 ⁸⁸
2857 2522 2948 2577 τού
2992 2522 3341 2590 Πνεύματος,
3382 2522 3515 2576 ἀλλὰ
3559 2522 3623 2593 μὴ
3648 2524 3716 2593 λη-

2169 2625 2373 2696 φθῆναι
2402 2622 2536 2694 παρ’
2567 2620 2736 2675 αὐτοῦ
2792 2620 3003 2691 ταύτην
3041 2619 3349 2673 ἱκέτευσεν.
3390 2618 3521 2671 Ὑπὸ
3545 2618 3585 2650 ⁸⁹
3608 2620 3713 2673 ταύ-

2168 2737 2269 2789 της
2296 2717 2474 2772 τοίνυν
2500 2713 2875 2785 φωτιζόμενος
2899 2714 2998 2784 τῆς
3014 2713 3257 2777 ἀκτῖνος,
3285 2714 3384 2767 καὶ
3400 2713 3714 2783 προφητικοῖς

2172 2811 2424 2884 προορῶν
2454 2808 2777 2879 ὀφθαλμοῖς,
2810 2806 2887 2869 ὼς
2921 2808 3015 2860 καὶ
3043 2809 3071 2860 6
3092 2806 3217 2871 λαὸς
3271 2806 3303 2859 6
3338 2806 3432 2861 ὑπ’
3465 2804 3614 2859 αὐτοῦ
3638 2804 3715 2873 βα·

2172 2907 2521 2976 σιλευόμενος
2567 2904 2954 2971 περιπεσεῖται
3007 2901 3407 2973 παρανομίαις,
3465 2900 3556 2953 καὶ
3585 2899 3718 2950 τίνων

2173 3002 2312 3073 ὑπὲρ
2342 2999 2549 3053 τούτων
2580 2996 2813 3060 εὐθύνας
2838 2991 3591 3067 ὲξανδραποδισθήσεται,καὶ
3615 2990 3717 3061 μέτο

2094 3100 2137 3156 C
2169 3112 2319 3159 οικος
2379 3096 2435 3145 ὲν
2475 3087 2759 3144 Βαϐυλῶνι
2810 3089 3129 3157 γενήσεται,
3171 3085 3483 3157 συνέγραψε
3518 3083 3600 3136 τὸν
3636 3099 3719 3133 πα-

484 3183 650 3252 ρόντα
676 3180 912 3251 ψαλμὸν,
954 3181 1145 3235 καὶτὰ
1209 3184 1385 3235 οἰκεῖα
1439 3181 1737 3253 τραύματα
1782 3184 2121 3259 θεραπεύων,
2160 3190 2255 3245 καὶ
2286 3185 2362 3256 τῷ
2404 3180 2521 3252 λαῷ
2563 3176 2998 3242 κατασκευάζων
3045 3176 3396 3248 κατάλληλον
3442 3174 3716 3244 φάρμακον,

481 3276 579 3332 καὶ
613 3276 711 3346 μὲν
734 3276 798 3344 δὴ
832 3276 926 3328 καὶ
957 3276 1127 3329 πᾶσιν
1145 3277 1301 3347 ἡμῖν,
1329 3277 1445 3329 ὅσοι
1473 3278 1815 3348 τραυματίαι
1838 3284 2119 3354 γινόμενοι
2143 3281 2444 3357 θεραπείας
2472 3274 2729 3346 δεόμεθα.

558 3368 724 3424 Vens.
745 3370 798 3423 5.
835 3387 853 3419 ι
893 3368 1152 3423 Miserere
1195 3370 1323 3433 mei,
1352 3385 1385 3421 ο
1418 3368 1583 3433 Deus,
1618 3373 1919 3427 secundum
1950 3390 2069 3429 ma-

482 3478 645 3535 gnam
665 3460 1099 3516 misericordiam
1132 3470 1279 3513 tuam
1317 3470 1408 3514 :et
1434 3463 1735 3516 secundum
1760 3464 2068 3522 multitudi-

485 3572 608 3611 nem
630 3555 1041 3609 miserationum
1060 3562 1278 3608 tuarum
1302 3555 1420 3609 dele
1444 3555 1788 3625 iniquitatem
1811 3575 2011 3615 meam.
2043 3582 2061 3613 ι

484 3652 551 3706 Ει
593 3652 781 3707 divino
828 3650 1037 3712 Davidi,
1066 3659 1119 3705 et
1148 3652 1366 3720 captivo
1398 3652 1619 3723 populo,
1658 3668 1713 3708 et
1742 3655 1827 3709 his
1855 3657 1949 3726 qui
1982 3658 2067 3711 in-

487 3755 571 3797 ter
609 3757 709 3797 nos
744 3741 885 3796 male
941 3739 1120 3796 affecti
1149 3752 1299 3805 sunt,
1339 3746 1502 3796 verba
1534 3746 1891 3801 conveniunt.
1926 3747 2065 3802 Nam

485 3852 681 3907 magna
726 3835 953 3890 vulnera
982 3851 1137 3905 teque
1171 3837 1385 3907 magnis
1416 3838 1675 3895 remediis
1709 3839 1975 3912 indigent,
2016 3850 2071 3896 et

485 3930 577 3999 qui
607 3931 659 3983 in
691 3943 909 3999 gravem
934 3930 1186 3984 morbum
1215 3930 1425 3995 incidit,
1457 3931 1647 4000 majori
1684 3932 1889 4004 indiget
1914 3949 2067 3999 cura,

486 4033 539 4075 et
568 4022 660 4092 qui
706 4038 901 4092 magna
924 4033 1144 4091 peccata
1182 4023 1481 4087 comtnisit,
1513 4040 1707 4094 magna
1738 4024 2072 4097 benignitate

487 4125 626 4186 eget.
690 4115 981 4185 Propterea
1041 4132 1273 4187 magnus
1336 4116 1503 4171 David
1546 4119 1802 4173 obsecrat
1850 4128 1911 4173 ut
1958 4129 2070 4175 tota

486 4205 865 4259 misericordia
916 4206 971 4259 itt
1012 4205 1189 4275 ipsum
1229 4205 1563 4272 effundatur,
1608 4219 1869 4279 totusque
1906 4212 2072 4267 mise-

488 4298 764 4352 rationum
827 4298 950 4352 fons
1003 4298 1210 4368 peccati
1268 4301 1465 4355 vulttus
1521 4302 1833 4373 perfundat.
1886 4303 2073 4375 Neque

488 4390 635 4441 enim
694 4388 854 4442 aliter
913 4390 1026 4442 lieri
1076 4399 1291 4459 poterat
1322 4400 1382 4445 ut
1417 4393 1625 4461 peccati
1661 4395 1888 4465 vestigia
1920 4396 2069 4449 dele-

489 4489 700 4535 rentur.
746 4480 940 4535 lllerito
976 4491 1155 4536 autem
1198 4483 1532 4553 iniquitatem
1560 4497 1719 4541 vocat
1744 4496 2024 4556 peccatum
2054 4507 2068 4541 :

492 4571 763 4642 duplicem
796 4572 942 4629 enim
972 4573 1136 4629 habet
1164 4574 1302 4645 legis
1333 4579 1847 4646 transgressionem.

2244 3382 2315 3445 γ’.
2337 3394 2355 3425 ι
2404 3368 2662 3440 Ἐλέησόν
2693 3367 2827 3437 με,ό
2856 3363 3169 3431 Θεὸς,κατὰ
3198 3364 3259 3418 τὸ
3294 3364 3441 3433 μέγα
3464 3360 3602 3425 ἔλεός
3622 3377 3715 3419 σου,

2175 3469 2270 3524 καὶ
2306 3466 2447 3521 κατὰ
2478 3463 2540 3517 τὸ
2561 3461 2768 3532 πλῆθος
2800 3459 2910 3512 τῶν
2938 3457 3238 3529 οἰκτιρμῶν
3270 3475 3368 3511 σου
3398 3455 3657 3525 ὲξάλιιψον
3672 3454 3721 3506 τὸ

2175 3561 2439 3633 άνόμημά
2484 3574 2610 3629 μου.
2643 3575 2662 3608 ι
2720 3553 2830 3608 Καὶ
2854 3554 2901 3586 ⁸ο
2932 3551 3012 3623 τῷ
3062 3551 3333 3622 θειοτάτῳ
3362 3551 3404 3589 ³¹
3437 3548 3610 3615 Δαδὶδ,
3646 3551 3721 3601 καὶ

2175 3655 2254 3726 τῷ
2289 3651 2619 3724 δορυαλὼτῳ
2646 3645 2785 3717 λαῷ,
2818 3646 2914 3698 καὶ
2947 3646 3060 3709 τοῖς
3101 3646 3161 3698 ὲν
3221 3644 3359 3715 ἡμῖν
3397 3643 3721 3711 διακειμένοις

2177 3744 2385 3810 κακῶς,
2406 3743 2669 3815 ἁρμόττει
2692 3741 2763 3795 τά
2787 3737 3127 3812 προκείμενα
3154 3736 3320 3808 ῥητά.
3350 3734 3433 3789 Τά
3464 3734 3565 3805 γάρ
3588 3733 3723 3805 μεγά-

2177 3842 2245 3896 λα
2299 3840 2409 3895 τῶν
2448 3838 2785 3912 τραυμάτων
2836 3836 3140 3908 ἱσομέτρων
3190 3834 3368 3887 δεῖται
3428 3831 3720 3901 φαρμάκων,

2178 3934 2275 3987 καὶ
2304 3934 2333 3986 6
2368 3933 2412 3965 ⁸³
2438 3932 2649 4003 χαλεπῇ
2691 3929 2833 4001 νόσῳ
2884 3926 3224 3999 περιπεσὼν,
3276 3925 3520 3988 πλείονος
3562 3920 3721 3993 χρῄζει

2180 4026 2532 4097 κηδεμονίας,
2567 4023 2661 4077 καὶ
2685 4021 2732 4055 ⁵³
2765 4023 2793 4075 6
2825 4020 3038 4091 μεγάλα
3080 4017 3485 4091 πλημμελήσας
3513 4015 3721 4087 μεγάλης

2181 4113 2595 4185 φιλανθρωπίας
2624 4113 2817 4166 δεῖται.
2856 4105 2932 4165 Ob
2961 4111 3026 4181 δὴ
3049 4110 3233 4181 χάριν,
3264 4110 3360 4163 καὶ
3380 4110 3409 4161 6
3442 4108 3605 4178 μέγας
3626 4106 3719 4157 ἱκεο

2179 4207 2327 4260 τεύει
2360 4205 2524 4259 Δαὸὶδ
2561 4205 2681 4257 ὅλον
2710 4203 2792 4266 είς
2830 4202 2996 4256 αὐτὸν
3046 4202 3347 4272 ἐκχυθῆναι
3379 4201 3425 4233 ⁸⁸
3454 4199 3542 4252 τὸν
3577 4198 3718 4259 ἔλεον,

2182 4301 2363 4352 πᾶσαν
2394 4298 2439 4329 ³⁵
2489 4296 2598 4350 τῶν
2658 4294 2962 4365 οἰκτιρμῶν
3021 4292 3122 4363 τὴν
3190 4292 3377 4363 πηγὴν
3442 4286 3720 4353 κατακενῶ-

2183 4408 2274 4445 σαι
2306 4392 2354 4425 ⁸⁸
2377 4391 2479 4460 τῆς
2513 4390 2793 4461 ἁμαρτίας
2830 4389 2890 4441 τὸ
2918 4388 3097 4451 ἕλκος.
3130 4386 3269 4440 Οὔτε
3308 4386 3419 4458 γάρ
3449 4383 3610 4445 ἄλλως
3630 4376 3719 4433 οἷόν

2179 4500 2239 4535 τε
2269 4478 2338 4553 ἦν
2370 4480 2755 4551 ἐξαλειφθῆναι
2786 4480 2884 4549 τῆς
2917 4478 3196 4548 ἁμαρτίας
3244 4476 3313 4530 τά
3349 4478 3488 4547 ἴχνη.
3520 4472 3721 4531 Εἰκότως

2180 4574 2239 4627 δὲ
2296 4574 2577 4643 ἁνόμημα
2634 4574 2792 4627 καλεῖ
2824 4574 2886 4626 τὸ
2945 4572 3357 4644 πλημμέλημα*
3392 4567 3579 4637 διπλῆν
3630 4566 3719 4632 γὰρ

2111 4672 2154 4727 D
2183 4667 2297 4736 ἔχει
2329 4668 2373 4699 ⁸⁷
2407 4666 2501 4719 τοῦ
2532 4665 2702 4737 νόμου
2734 4666 3067 4739 παράϐασιν.

1658 4839 1892 4896 VARI/li
1935 4840 2317 4897 LECTIONES
2346 4840 2435 4896 ET
2465 4839 2705 4896 ΝΟΤᾹΖ.

570 5002 973 5085 ξίεεὶσεέθιξγ.
1002 5003 1337 5085 βεο.“ιοοιξο
1355 5006 1407 5060 h.
1524 5020 1609 5085 est
1638 5010 1835 5085 ἐλθεῖν.
1914 5010 1957 5041 ³⁸
1982 5014 2063 5085 {In

2169 5008 2552 5085 16€é-.Bel_iqui
2582 5009 2929 5085 interpretes,
2971 5006 3273 5085 Bneaaqsé:
3310 4997 3713 5085 Αιίίοηθσασέθ,

726 5074 839 5153 τοὲἶ
870 5076 1107 5153 ρῠρίρυ.
1131 5074 1259 5153 Des.
1290 5078 1342 5130 in
1366 5078 1487 5135 eod.
1522 5082 1639 5153 l__et
1672 5081 1725 5133 in
1759 5088 1909 5153 textu
1940 5070 2063 5133 τῶν

2169 5080 2288 5153 πρά,
2326 5070 2500 5153 νοιὶςῖ.
2536 5090 2590 5153 et
2610 5070 2764 5153 Alei.
2778 5070 2924 5153 eod.
2956 5070 3151 5153 Aug?
3174 5076 3338 5153 habet
3382 5076 3478 5144 τὴν
3512 5070 3715 5153 tu???“

493 5143 719 5221 ρύρίου.
795 5143 841 5221 ’ξ
868 5138 1513 5221 ξαξρῶςέ-Αφάρμακον.
1550 5149 1756 5204 Horum
1810 5152 2063 5221 epitomet

2174 5151 2227 5205 d.
2260 5151 2400 5219 apud
2438 5150 2608 5206 Cord.
2645 5166 2697 5220 p.
2735 5149 2862 5221 980.
2889 5138 3073 5221 Prima
3104 5149 3267 5221 verba
3298 5138 3469 5221 usque
3492 5138 3716 5221 ρει-βάθος

493 5216 612 5269 des.
653 5216 707 5268 in
738 5214 861 5269 eod.
888 5217 942 5269 5.
1019 5217 1060 5247 δ’
1091 5214 1237 5271 Mer.
1264 5214 1436 5271 Abest
1468 5236 1497 5273 τι
1527 5221 1649 5274 cod.
1684 5221 1734 5281 1,
1757 5221 1811 5277 2.

1890 5222 1932 5252 “
1964 5221 2177 5285 Βάθος.
2210 5228 2335 5276 οοιί.
2370 5222 2423 5284 l,
2456 5222 2493 5275 2
2524 5237 2586 5276 ac
2613 5220 2777 5275 Cord.

2805 5234 2859 5288 p.
2890 5218 3027 5281 980,
3065 5218 3259 5281 πάθος.
3338 5212 3525 5288 δίοοά.
3557 5212 3718 5288 5-προ-

494 5284 841 5362 αγορεύσεις.
888 5288 962 5362 __“
995 5288 1065 5362 7'70
1094 5287 1513 5362 péfanab’id.
1551 5291 1676 5345 Des.
1709 5280 1761 5344 in
1784 5292 1910 5346 cod.
1947 5292 1999 5345 5.

2169 5290 2315 5358 Περὶ.
2347 5280 2468 5345 end.
2509 5292 2543 5345 5
2573 5306 2761 5362 prtem.
2804 5280 2893 5342 τά.
2974 5289 3020 5320 ⁸⁸
3051 5280 3357 5362 οοόιιζιτεε
3394 5280 3718 5362 ᾼιξεεξξξμο·

493 5351 823 5430 λιάγ-ἧσεταιζ
884 5351 1217 5430 "_‘l’a.11tt§3.
1250 5351 1419 5413 Abest
1454 5376 1481 5413 a
1514 5362 1638 5416 cod.
1674 5364 1691 5414 l
1735 5372 1788 5415 et
1816 5362 1870 5415 5.
1949 5362 1993 5394 “
2016 5364 2063 5417 X

2169 5351 2309 5415 rfin
2358 5363 2478 5415 cod.
2518 5351 2831 5430 2'sequilur
2865 5369 2985 5428 post
3017 5358 3353 5430 πνεύματος.
3398 5351 3639 5430 ,δ”ᾞτὸ
3663 5376 3717 5388 —-

493 5422 766 5502 δεόμεθα.
796 5427 918 5502 Des.
948 5428 1001 5481 in
1037 5422 1160 5483 cod.
1189 5430 1243 5484 5.
1320 5432 1367 5461 ⁸ο
1398 5432 1931 5501 Καὶ-φαρμάκων.
1966 5434 2063 5487 Des

2169 5450 2179 5484 ι
2206 5430 2328 5485 cod.
2357 5432 2410 5485 5.
2441 5432 2597 5502 Apud
2659 5422 2823 5502 Cord.
2863 5422 2975 5502 fere
3002 5430 3138 5502 nihil
3164 5422 3201 5502 ο
3225 5426 3490 5502 The_od_or.
3516 5424 3573 5502 ad
3598 5422 3717 5502 hll_n_c

496 5500 765 5563 psalmum
800 5498 1024 5552 allatum
1057 5509 1163 5554 est.

1242 5503 1282 5532 "
1308 5502 1430 5573 cod.
1454 5502 1488 5555 2
1520 5504 1669 5572 θείῳ.
1747 5503 1792 5534 ⁵²
1821 5503 1929 5556 Kal.
1970 5506 2023 5556 ὀ.
2052 5504 2177 5557 cod.
2209 5503 2244 5557 5
2272 5504 2300 5554 6
2331 5502 2459 5573 γάρ.

2537 5504 2585 5535 ⁵³
2611 5501 3137 5557 Καὶ-δεῖταιῶοδ,
3166 5500 3218 5553 ἱιι
3249 5499 3371 5554 cod.
3396 5498 3447 5552 3.
3516 5494 3558 5526 ⁵⁸
3584 5489 3709 5545 codd.

442 5576 445 5579 '
494 5570 775 5645 tres-Aug.
804 5570 1117 5645 éxzefijvat.
1196 5569 1482 5645 Μξηᾶσιιιν·
1512 5604 1581 5614 -—-
1617 5564 1982 5645 inviam-qr.
2011 5590 2063 5630 et

2169 5574 2204 5625 2
2233 5564 2381 5642 πάσῃ
2409 5564 2488 5612 ’-
2517 5576 2584 5645 τῇ
2613 5576 2785 5643 πηγῇ.
2866 5572 2913 5603 ⁸⁸
2945 5567 3390 5645 Κατακενῶσαι.
3423 5565 3532 5621 cod.
3558 5564 3708 5645 [κατ-

497 5638 745 5716 ξίυνάσαι.
796 5641 916 5716 cod.
949 5638 1382 5716 καθευρῆσαι,
1415 5659 1514 5714 pro
1540 5638 1982 5713 καθευδῆσαἰ,⁷ιιι
2017 5645 2063 5699 vi

2169 5660 2251 5699 ur.
2291 5638 2413 5700 cod.
2471 5645 2505 5699 5
2546 5638 2926 5716 ἕαταιονῆσαι,
2970 5642 3200 5699 forsitan
3268 5654 3367 5710 pro
3404 5638 3707 5700 κατανοῆσαι·

445 5772 449 5777 ἡ
496 5704 543 5741 ’ν
576 5710 754 5781 Ἔχει.
804 5710 924 5767 cod.
962 5711 997 5766 5
1036 5707 1170 5784 εἶχε.
