3902 6484
125 337 259 405 1141

1532 355 1613 418 IN
1659 356 1877 423 PSAL.
1920 360 1986 421 L.

3250 357 3385 423 1242

190 458 256 510 ἃ.
297 474 314 506 ι
364 455 685 512 Ἑπιπλεῖον
714 458 915 514 πλῦνόν
943 479 1011 535 με
1033 463 1144 519 ἀπὸ
1163 466 1264 538 τῆς
1294 467 1527 538 ἀνομίας
1566 487 1680 540 μου1

1867 456 2032 529 νειιε.
2065 473 2120 529 ι.
2153 492 2171 525 ι
2192 474 2443 544 Amplius
2464 472 2625 528 ablue
2654 472 2994 539 iniquitatem
3026 487 3224 537 meam,
3261 485 3312 529 et
3350 491 3382 531 a

129 553 219 603 καὶ
249 548 357 601 ἀπὸ
375 548 478 619 τῆς
512 550 790 620 ἁμαρτίας
818 571 922 624 μου
966 555 1268 629 καθάρισόν
1291 577 1361 628 με
1382 560 1450 617 ⁸⁸.
1487 579 1507 613 ι
1549 562 1693 635 Ἤδη

131 642 233 713 γὰρ
249 641 580 710 ³⁹,φησὶ,διά
602 642 789 697 Νάθαν
808 646 904 699 τοῦ
928 650 1209 720 προφήτου
1231 650 1331 723 τὴν
1354 652 1548 721 ἄφεσιν
1572 653 1697 707 ἐδω-

132 750 266 797 ιας’
290 734 385 787 καὶ
423 734 711 805 συμφορὰς
739 736 796 789 δέ
844 754 936 807 μοι
986 743 1356 808 παντοδαπὰς,
1393 741 1504 799 οἷόν
1541 763 1696 812 τινας

132 826 404 896 καυτῆρας
426 826 520 879 καὶ
539 829 734 896 τομὰς,
762 833 1171 903 προσενήνοχας
1192 852 1205 866 ·
1234 835 1351 889 ἀλλ’
1388 836 1470 890 ἔτι
1498 837 1694 908 δέομαι

135 918 425 990 ῥυμμάτων
458 918 525 977 ⁸⁸.
561 919 764 990 πολλὴν
813 924 915 993 τῆς
970 925 1250 996 ἁμαρτίας
1312 928 1694 997 εἰσδεξάμενος

133 1010 436 1079 δυσοσμίαν.
465 1011 576 1065 Καὶ
603 1007 762 1076 αὖθίς
786 1032 855 1084 με
894 1015 1076 1071 τοίνυν
1110 1018 1394 1089 ἀπόνιψον,
1420 1020 1690 1087 Δέσποτα,

136 1105 214 1155 ἵνα
273 1102 440 1154 πάντα
499 1105 600 1173 τῆς
666 1105 944 1175 ἁμαρτίας
1011 1110 1288 1182 ἀποξύσῃς
1347 1113 1438 1166 τὸν
1496 1112 1688 1184 ῥύπον.

138 1195 199 1269 [⁸⁸
217 1195 364 1248 Κατά
386 1194 507 1267 ’γὰρ
534 1198 629 1249 τὸν
650 1200 938 1272 προφήτην
964 1201 1225 1257 ἐκπλυνεῖ
1250 1204 1455 1276 Κύριος
1480 1206 1569 1259 τὸν
1599 1205 1693 1277 ρύ-

137 1306 230 1341 πον
263 1288 368 1341 τῶν
406 1287 538 1341 υἱῶν
572 1290 668 1342 καὶ
723 1292 832 1345 τῶν
872 1292 1189 1367 θυγατέρων
1229 1295 1368 1351 Σιὼν
1416 1301 1691 1370 πνεύματι

136 1382 351 1452 κρίσεως
374 1383 468 1433 καὶ
492 1381 767 1453 πνεύματι
790 1384 1090 1459 καύσεως.]

198 1481 254 1527 ε’.
288 1492 306 1525 ι
342 1474 465 1528 Ὅτι
501 1477 604 1547 τὴν
636 1478 870 1548 ἀνομίαν
918 1496 1022 1548 μου
1063 1478 1174 1548 ἐγὼ
1208 1480 1483 1549 γινώσκω,
1530 1484 1685 1555 καὶὴ

136 1565 355 1636 ἁμαρτία
419 1584 523 1636 μου
570 1566 803 1621 ἐνώπιόν
858 1570 960 1639 μού
990 1572 1107 1624 ἐστι
1148 1572 1461 1638 διαπαντός.
1497 1594 1516 1625 ι
1553 1575 1688 1629 Οὐδὲ

130 1658 225 1728 γὰρ
255 1657 296 1687 ⁸³
324 1656 467 1726 μετᾶ
494 1658 595 1728 τὴν
632 1659 741 1712 ἀπὸ
771 1659 817 1692 ⁸⁸
848 1659 943 1715 σοὖ
995 1662 1298 1735 γενομένην
1343 1664 1562 1733 ἄφεσιν,
1593 1665 1686 1733 λήο

130 1752 219 1820 θην
263 1749 533 1822 ἐδεξάμην
550 1752 655 1821 τῆς
671 1754 967 1825 ἁμαρτίας,
982 1755 1122 1809 ἀλλά
1143 1757 1409 1827 διηνεκῶς
1439 1759 1483 1791 ⁸⁸
1508 1758 1622 1829 όρῶ
1638 1759 1686 1791 ⁸⁸

1800 575 2027 641 peccato
2055 580 2176 622 meo
2216 566 2424 621 munda
2464 580 2573 620 me.
2604 583 2623 616 ι
2681 562 2801 619 Jam
2843 562 3012 629 enim,
3056 563 3253 633 inquit,
3287 580 3384 634 per

1799 658 2116 728 prophetam
2169 657 2385 713 Nathan
2429 656 2645 714 veniam
2699 655 2833 709 mihi
2863 652 3084 718 dedisti,
3136 653 3302 726 934
3328 662 3385 710 et

1800 751 1980 806 omnis
1995 750 2211 822 generis
2232 750 2599 814 calamitates,
2622 748 2775 803 velut
2794 744 3042 817 quaedam
3074 746 3313 801 cauteria
3328 756 3384 802 et

1798 843 2119 908 incisiones,
2148 842 2444 898 adhibuisti
2475 860 2488 896 :
2527 855 2715 895 verum
2747 839 2929 895 adhuc
2957 836 3380 908 purgationibus

1799 932 2040 1005 indigeo,
2067 948 2192 988 cum
2231 933 2527 1003 plurimum
2556 933 2763 1001 peccati
2790 932 3015 985 fetorem
3038 927 3375 983 admiserim.

1799 1022 2010 1080 Rursus
2039 1024 2203 1095 igitur
2232 1024 2350 1077 lava
2384 1039 2492 1087 me,
2525 1039 2557 1077 ο
2587 1021 2833 1085 Domine,
2868 1030 2928 1074 ut
2954 1036 3144 1074 omnes
3172 1019 3375 1090 peccati

1798 1115 1984 1171 sordes
2002 1116 2302 1188 abstergas.
2348 1115 2518 1188 [Nam
2550 1114 2706 1184 juxta
2746 1112 3066 1182 prophetam
3106 1129 3125 1161 ι
3164 1111 3377 1165 abster-

1796 1217 1883 1278 get
1909 1206 2173 1263 Dominus
2196 1209 2387 1262 sordes
2416 1208 2653 1261 filiorum
2681 1206 3028 1273 ﬁliarumque
3053 1202 3241 1258 Sionis
3262 1202 3377 1273 Spi—

1795 1301 1902 1355 ritu
1932 1299 2124 1370 judieii
2161 1308 2216 1355 et
2261 1299 2454 1369 spiritu
2497 1297 2805 1353 adustionis
2853 1298 2899 1351 ⁸.
2940 1294 2984 1366 ι]

1866 1477 2031 1534 Vens.
2061 1478 2113 1533 5.
2142 1497 2161 1530 ι
2198 1477 2471 1545 Quoniam
2504 1476 2846 1546 iniquitatem
2872 1491 3046 1531 meam
3068 1491 3170 1547 ego
3199 1489 3372 1543 agno-

1794 1587 1908 1637 SCD,
1960 1581 2015 1626 et
2060 1579 2350 1641 peccatum
2388 1585 2570 1624 meum
2623 1584 2808 1622 coram
2850 1583 2936 1622 me
2967 1578 3307 1637 estsemper.
3346 1587 3365 1617 ι

1795 1662 1911 1716 Non
1966 1662 2113 1717 enim
2165 1671 2288 1731 post
2322 1662 2535 1716 veniam
2577 1663 2675 1716 abs
2718 1669 2771 1715 te
2807 1675 3124 1715 concessam
3156 1660 3369 1729 peccati

1793 1754 1992 1809 oblitus
2022 1769 2143 1808 sum
2173 1772 2187 1808 :
2224 1769 2415 1809 verum
2444 1768 2659 1823 semper
2697 1752 2965 1806 malorum
3001 1767 3246 1806 meorum
3281 1752 3369 1804 in-

125 1846 219 1898 τῶν
269 1844 418 1912 ὲμῶν
460 1845 648 1899 κακῶν
698 1847 798 1909 τὰς
847 1847 1103 1910 εἰκόναςο
1139 1848 1367 1912 καὶτὰς
1394 1848 1680 1921 τολμηθεί-

1791 1858 1946 1901 tueor
1980 1845 2271 1917 imagines,
2303 1855 2359 1901 et
2383 1845 2451 1900 de
2480 1846 2710 1915 patratis
2745 1843 2985 1915 peccatis
3019 1851 3178 1897 norte
3218 1858 3370 1897 som-

127 1954 215 2000 σας
239 1937 607 2007 παρανομίας,
640 1939 735 1991 καὶ
759 1937 976 2010 νύκτωρ
992 1939 1328 2011 ὀνειροπολῶ
1353 1942 1418 2007 ⁸⁷,
1443 1942 1540 1996 καὶ
1563 1942 1683 2013 μεθ’

121 2030 323 2099 ἡμέραν
354 2030 727 2099 φαντάζομαι.
765 2032 938 2086 Τοῦτο
970 2032 1027 2087 δὲ
1061 2034 1108 2067 ⁸⁸
1141 2036 1318 2088 ποιεῖν
1342 2036 1468 2100 τοὺς
1497 2037 1682 2108 ἀμαρ-

118 2122 363 2184 τάνοντας
419 2122 519 2175 καὶ
564 2122 729 2187 αὐτὸς
780 2125 807 2176 ό
854 2124 986 2187 Θεὸς
1037 2125 1127 2178 διὰ
1168 2126 1392 2179 Ἡσαΐου
1445 2126 1680 2182 κελεύει.

126 2215 255 2283 Ἐγὼ
280 2216 395 2285 γάρ
424 2218 565 2286 εἰμι,
598 2217 784 2286 φησὶν,
808 2218 836 2269 ὁ
856 2217 1158 2286 ἐξαλείφων
1180 2221 1281 2283 τὰς
1302 2220 1536 2290 ἀνομίας
1564 2238 1679 2286 σου,

115 2303 197 2355 καὶ
232 2302 290 2354 οὐ
342 2302 420 2373 μὴ
464 2304 690 2374 μνησθῶ
718 2304 829 2358 τῶν
875 2307 1102 2361 ἀδικιῶν
1126 2309 1171 2340 ⁸⁸
1204 2324 1322 2363 σου.
1352 2309 1423 2363 Σὺ
1455 2309 1513 2362 δὲ
1546 2310 1683 2380 μνή-

116 2394 281 2463 σθητι,
309 2394 409 2447 καὶ
434 2395 725 2466 κριθῶμεν
742 2413 756 2425 ⁵
790 2398 919 2467 λέγε
941 2400 1007 2452 σὺ
1023 2399 1125 2465 τὰς
1146 2402 1379 2472 ἀνομίας
1409 2419 1502 2455 σου
1533 2402 1684 2473 πρῶ-

116 2505 210 2551 τος,
238 2488 327 2542 ῖνα
357 2488 681 2562 δικαιωθῇς.
720 2511 738 2542 ι
771 2492 961 2564 Τούτῳ
1004 2494 1101 2547 καὶ
1157 2496 1323 2559 αὐτὸς
1355 2497 1401 2527 ’⁷⁸
1433 2499 1461 2550 ό
1497 2497 1682 2567 μακά-

120 2600 215 2651 ριος
240 2583 484 2637 ’ίΔαὸὶδ
528 2583 800 2655 σύμφωνα
858 2588 1139 2658 γέγραφεν
1179 2590 1236 2642 έν
1278 2589 1357 2661 τῷ
1404 2590 1681 2662 τριακοσῷ

120 2674 301 2745 πρώτῳ
324 2676 534 2747 ψαλμῷ
562 2678 639 2709 ⁷³·
678 2673 847 2733 Εἶπον
875 2680 944 2744 ⁷³,
988 2681 1369 2753 Ἐξαγορεύσω
1388 2683 1511 2736 κατ’
1540 2682 1679 2754 ἐμοῦ

120 2768 197 2837 τὴν
252 2769 490 2839 ἀνομίαν
523 2787 623 2840 μου
659 2769 738 2841 τῷ
763 2771 977 2844 Κυρίῳ,
1009 2773 1102 2829 καί
1155 2791 1221 2828 συ
1260 2774 1481 2844 ἀφεῖλες
1511 2775 1679 2848 "1‘le

123 2858 360 2911 ἀσέϐειαν
394 2861 496 2930 τῆς
532 2860 760 2931 καρδίας
787 2862 834 2893 ⁷⁵
867 2879 993 2933 μου.
1037 2882 1056 2914 ι

180 2952 242 3019 ς’.
282 2973 301 3006 ι
332 2954 426 3007 Σοὶ
461 2955 608 3026 μόνῳ
635 2956 906 3027 ἥμαρτον,
940 2957 1037 3012 καὶ
1068 2957 1130 3011 τὸ
1176 2958 1415 3029 πονηρὸν
1445 2958 1680 3014 ἐνώπιόν

124 3065 199 3099 σου
228 3048 485 3120 ἐποίησα.
520 3067 539 3100 ι
585 3049 806 3104 Πολλῶν
836 3052 906 3114 ⁷⁸,
938 3052 1097 3121 φησὶ.
1127 3053 1221 3106 καὶ
1246 3052 1503 3123 μεγάλων
1528 3054 1680 3126 παρὰ

125 3141 202 3194 σοῦ
228 3141 271 3173 "
298 3142 523 3213 δωρεῶν
551 3143 889 3209 ἀπολαύσας,
923 3147 1036 3209 τοῖς
1065 3145 1333 3209 ἐναντίοις
1352 3146 1679 3217 ἠμειψάμην

1790 1938 1904 2001 nio,
1951 1953 2125 2008 eaque
2172 1937 2408 1993 interdiu
2447 1946 2627 1991 mente
2658 1935 2901 1990 revolvo.
2939 1933 3054 1988 Hoc
3093 1945 3274 1989 autem
3308 1941 3371 1987 ut

1789 2027 1992 2083 faciant
2057 2037 2397 2099 peccatores,
2451 2026 2596 2083 Deus
2656 2026 2770 2096 ipse
2800 2041 2893 2094 per
2922 2025 3118 2079 Isaiam
3168 2024 3365 2091 jubet:

1795 2141 1814 2174 ι
1854 2120 1966 2191 Ego
1994 2121 2167 2186 enim,
2194 2123 2289 2186 ait,
2325 2137 2445 2177 sum
2478 2120 2573 2191 qui
2600 2120 2757 2175 deleo
2793 2119 3106 2189 iniquitates
3137 2125 3282 2181 tuas,
3313 2124 3369 2170 et

1787 2224 2143 2287 peccatorum
2185 2227 2404 2269 tuorum
2437 2230 2545 2269 non
2567 2212 2899 2269 recordabar
2930 2227 2945 2265 :
2982 2220 3040 2265 tu
3066 2220 3249 2266 autem
3279 2225 3367 2265 re-

1786 2307 2036 2372 cordare,
2061 2314 2115 2360 et
2136 2305 2449 2375 iudicemur
2474 2322 2487 2358 :
2514 2303 2678 2359 dictu
2704 2304 2855 2375 prior
2882 2302 3201 2374 iniquitates
3218 2310 3365 2365 tuas,

1787 2405 1848 2451 ut
1892 2397 2210 2467 justiﬁceris
2248 2394 2297 2451 ιι.
2340 2415 2360 2449 ι
2410 2395 2785 2451 Consonantia
2830 2396 2917 2452 his
2973 2395 3154 2450 verbis
3199 2395 3363 2448 etiam

1787 2489 1903 2559 ipse
1926 2490 2121 2545 beatus
2144 2492 2161 2512 θ
2183 2489 2353 2543 David
2394 2488 2687 2560 scripsitin
2719 2488 2936 2559 psalmo
2953 2503 3121 2543 xui:
3168 2506 3186 2539 ι
3219 2486 3362 2552 Dixi,

1786 2582 2099 2637 Conﬁtebor
2133 2581 2397 2637 adversus
2427 2596 2513 2635 me
2538 2581 2868 2651 injustitiam
2900 2595 3078 2635 meam
3107 2578 3361 2642 Domino,

1785 2685 1838 2731 et
1873 2684 1927 2731 tu
1958 2674 2230 2731 abstulisti
2262 2673 2593 2744 impietatem
2620 2673 2801 2729 cordis
2831 2673 2937 2729 mei
2972 2674 3015 2727 ί.
3049 2692 3068 2724 ι

1857 2952 2019 3008 Vens.
2058 2950 2113 3005 6.
2151 2969 2170 3002 ι
2200 2947 2321 3005 Tibi
2352 2949 2453 3006 soli
2492 2951 2736 3021 peccavi,
2769 2958 2826 3007 et
2854 2951 3058 3005 malum
3090 2965 3274 3005 coram
3309 2958 3362 3005 te

1786 3046 1911 3102 feci.
1952 3066 1970 3098 ι
2012 3044 2284 3109 Maximis,
2328 3045 2523 3116 inquit,
2571 3061 2602 3099 a
2635 3054 2689 3101 te
2733 3046 3052 3100 muneribus
3087 3044 3250 3116 935
3280 3045 3363 3099 af-

1787 3140 1984 3206 fectus,
2036 3141 2200 3195 rebus
2242 3140 2537 3195 contrariis
2566 3139 2711 3194 dona
2742 3140 3120 3210 compensavi,
3148 3155 3208 3193 ea
3241 3154 3363 3209 quae

122 3233 177 3285 τὰ
202 3233 347 3302 δῶρα
366 3250 380 3264 ·
408 3235 478 3287 τά
507 3234 856 3306 ἀπειρημένα
884 3236 962 3306 τῷ
985 3237 1136 3308 νόμῳ
1157 3237 1354 3308 δρᾶσαι
1376 3238 1678 3309 τολμήσας.

1791 3238 1898 3308 lege
1925 3236 2198 3305 prohibita
2232 3244 2388 3289 erant
2440 3234 2786 3290 committere
2833 3250 3027 3290 ausus.
3060 3233 3178 3288 Non
3210 3235 3357 3288 enim

122 3324 183 3377 (hi
206 3324 312 3393 γὰρ
342 3324 502 3378 τοῦτό
538 3343 725 3395 φησιν,
757 3327 839 3380 ὅτι
870 3327 972 3381 Τὸν
1022 3328 1229 3399 Οὐρίαν
1277 3328 1376 3381 οὐκ
1403 3328 1449 3360 ’⁸
1487 3327 1682 3399 ήδίκη-

121 3431 208 3469 σασ
232 3416 463 3485 ἠδίκησε
503 3417 601 3488 μὲν
627 3418 737 3490 γὰρ
764 3420 1033 3486 κάκεῖνον,
1066 3420 1163 3474 καὶ
1195 3420 1294 3492 τὴν
1323 3421 1533 3475 ἐκείνου
1578 3438 1679 3488 γυ-

119 3512 259 3562 ναῖκα
283 3525 297 3538 ο
324 3512 361 3577 ἠ
390 3509 447 3562 δὲ
474 3510 705 3581 μεγίστη
725 3512 1040 3583 παρανομία
1063 3515 1144 3577 εἰς
1170 3513 1335 3566 αὑτὸν
1348 3514 1681 3586 τετόλμηται

118 3602 195 3655 τὸν
226 3602 384 3667 Θεὸν,
420 3602 516 3657 τὸν
544 3603 928 3675 ἐκλεξάμενον,
966 3606 1058 3660 τὸν
1075 3607 1199 3660 ἀντὶ
1227 3606 1551 3679 προϐατέως
1579 3608 1678 3677 βα-

122 3694 250 3747 σιλέα
268 3697 636 3766 πεποιηκότα,
680 3697 776 3751 καὶ⁹
816 3697 1102 3769 κρείττονα
1147 3699 1257 3752 τῶν
1308 3699 1522 3772 ἐχθρῶν
1543 3701 1681 3752 ἀπο-

124 3787 367 3856 φήναντα,
386 3788 482 3840 καί
503 3787 865 3852 παντοδαποῖς
890 3787 1114 3857 ἀγαθοῖς
1142 3788 1535 3843 ὲπικλύσαντα.
1565 3790 1681 3843 Κα-

122 3880 209 3942 λῶς
230 3879 286 3933 δὲ
318 3878 680 3951 προστέθεικε
700 3895 714 3910 ’
760 3898 779 3932 ι
812 3881 924 3933 Καὶ
950 3881 1011 3934 τὸ
1043 3881 1282 3953 πονηρὸν
1320 3880 1553 3935 ἐνώπιόν
1581 3898 1677 3933 σου

120 3973 354 4042 ἐποίησα.
394 3991 415 4024 ι
453 3969 659 4026 Τούτου
704 3973 816 4044 γὰρ
854 3975 888 4045 ή
936 3976 1151 4045 ἱστορία
1206 3974 1504 4045 μέμνηται.
1539 3973 1677 4042 Ὠερ-

122 4066 176 4136 θη
208 4068 251 4100 ’⁸
280 4065 417 4136 γὰρ,
447 4065 603 4137 φησὶ,
640 4065 702 4120 τὸ
738 4066 962 4136 γεγονὸς
1013 4068 1250 4139 πονηρὸν
1298 4066 1531 4121 ἐνώπιον
1575 4068 1680 4120 Κυ-

122 4160 237 4230 ρίου.
286 4160 383 4212 Ἐκ
415 4157 599 4229 μέντοι
630 4157 725 4211 τοῦ
769 4158 1110 4230 δορυαλώτου
1160 4156 1290 4212 λαοῦ
1313 4159 1474 4212 τοῦτο
1520 4157 1678 4227 λεγό-

123 4268 283 4319 μενον,
314 4250 463 4303 οὕτω
510 4250 763 4321 νοητέον·
808 4269 827 4303 ι
861 4250 954 4304 Σοὶ
991 4250 1138 4322 μόνῳ
1167 4251 1438 4321 ἥμαρτον,
1487 4269 1506 4301 ι
1541 4250 1678 4322 Περὶ

119 4344 198 4406 τὰς
225 4345 347 4407 σάς,
372 4342 533 4413 φησὶ,
548 4342 761 4414 δωρεὰς
780 4343 1046 4414 ἐγενόμην
1083 4343 1405 4413 ἀχάριστος,
1428 4342 1522 4395 καὶ
1547 4341 1678 4405 τοὺς

118 4434 351 4498 τεθέντας
378 4451 472 4505 μοι
502 4434 868 4507 παραϐέϐηκα
903 4436 1101 4505 νόμους
1126 4450 1140 4466 ’
1173 4435 1269 4488 καὶ
1316 4433 1676 4488 παντοδαπῶν

118 4527 317 4595 ἀγαθῶν
339 4528 679 4594 ἀπολαύσας,
701 4527 974 4599 ἀγνώμων
990 4528 1119 4599 περὶ
1140 4527 1308 4582 ταῦτα
1329 4528 1638 4597 γεγένημαι
1655 4542 1671 4558 ο

117 4622 221 4680 τοὺς
239 4620 297 4673 δὲ
332 4619 714 4684 Βαϐυλωνίους
742 4620 866 4673 οὐδὲ
896 4619 1185 4691 ἀδικήσας,
1225 4620 1438 4691 μεγάλα
1460 4619 1507 4651 ⁸⁸
1536 4620 1671 4690 παρ’

116 4713 321 4765 ἐκείνων
347 4711 638 4784 ἠδίκημαι.
672 4733 690 4765 ι
726 4714 915 4778 Ὅπως
943 4713 1010 4767 ἂν
1036 4713 1333 4784 δικαιωθῇς
1353 4714 1411 4766 ὲν
1442 4714 1557 4777 τοῖς
1579 4713 1673 4766 λό-

115 4820 216 4871 γοις
243 4820 360 4868 σου,
396 4803 493 4856 καὶ
510 4809 742 4881 νικήσῃς
757 4808 800 4840 ⁸¹
833 4809 893 4861 ὲν
914 4806 993 4877 τῷ
1018 4805 1297 4879 κρίνεσθαί
1320 4823 1432 4859 σε.»
1464 4806 1669 4878 Ἐμαυ-

172 4964 195 5002 ⁸
220 4960 322 5016 lsa.
349 4979 425 5029 tv,
458 4964 514 5018 4.
589 4964 617 5006 ιι
637 4966 747 5020 Isa.
775 4982 909 5034 xui,
930 4964 1023 5033 25,
1053 4964 1144 5021 26.

1228 4968 1245 5008 i
1281 4967 1426 5025 Psal.
1460 4983 1615 5033 χχιιι,
1656 4968 1712 5024 5.

1782 3328 1914 3382 dicit
1935 3331 2002 3382 se'
2021 3326 2393 3396 nnllajinjuria
2418 3325 2606 3381 Uriam
2630 3325 2923 3380 offendisse
2945 3324 3193 3395 (omnino
3216 3325 3360 3379 enim

1781 3429 1837 3475 et
1869 3420 2045 3485 illum,
2077 3428 2132 3475 et
2153 3420 2273 3488 ejus
2306 3433 2533 3474 uxorem
2567 3416 2912 3488 offenderat),
2942 3414 3038 3472 sed
3061 3415 3361 3470 maximum

1782 3513 1836 3567 in
1873 3514 2050 3583 ipsum
2101 3511 2268 3567 Deum
2316 3513 2523 3568 crimen
2562 3511 2873 3580 admisisse,
2905 3509 2998 3580 qui
3029 3525 3154 3565 eum
3182 3510 3363 3580 elege-

1780 3616 1883 3672 rat,
1925 3605 2016 3674 qui
2057 3621 2157 3673 pro
2208 3614 2428 3675 pastore
2456 3620 2637 3675 regem
2673 3602 2901 3669 fecerat,
2954 3602 3206 3658 hostibus
3234 3618 3362 3657 eum

1781 3699 2118 3769 superiorem
2157 3698 2491 3763 reddiderat,
2517 3707 2570 3753 et
2604 3696 2786 3751 omnis
2817 3695 3035 3765 generis
3078 3695 3239 3751 bonis
3266 3711 3364 3749 au-

1781 3801 1952 3844 xerat.
2003 3789 2267 3845 Praeclare
2318 3798 2497 3843 autem
2539 3788 2838 3857 apposuit:
2880 3805 2898 3837 c
2937 3786 3003 3840 Et
3032 3785 3237 3839 malum
3269 3800 3364 3840 eo-

1780 3897 1897 3935 ram
1927 3890 1977 3934 te
2017 3880 2141 3935 feci.
2187 3900 2205 3931 ι
2258 3878 2431 3950 Hujus
2462 3879 2608 3933 enim
2647 3877 2878 3932 historia
2915 3891 3134 3946 quoque
3166 3875 3363 3929 memi-

1782 3973 1881 4028 nit.
1933 3970 2133 4027 Malum
2178 3972 2360 4035 enim,
2421 3967 2702 4034 dicituri,
2762 3970 2945 4022 visum
2997 3968 3161 4023 estid
3213 3968 3360 4037 quod

1780 4068 1983 4123 factum
2029 4075 2172 4131 erat,
2218 4082 2406 4121 coram
2454 4065 2701 4121 Domino.
2731 4066 2801 4119 At
2829 4065 2875 4119 si
2904 4079 2970 4118 ex
3003 4078 3235 4133 persona
3270 4078 3362 4118 ca-

1778 4162 1911 4233 ptivi
1966 4160 2152 4232 populi
2198 4161 2315 4215 haec
2367 4159 2648 4224 dicuntur,
2697 4157 2778 4213 sic
2811 4157 3222 4227 intelligendum
3254 4165 3359 4219 est,

1785 4273 1803 4306 ι
1838 4253 1958 4308 Tibi
1990 4254 2094 4308 soli
2128 4251 2385 4323 peccavi:
2427 4270 2445 4303 ›
2480 4249 2589 4306 Pro
2616 4250 2725 4306 tuis
2755 4247 3149 4326 donis,inquit,
3178 4247 3361 4317 ingra-

1778 4358 1869 4403 tus
1900 4345 1999 4413 fui,
2039 4346 2186 4417 leges
2212 4345 2346 4399 mihi
2379 4344 2585 4415 positas
2617 4352 2998 4413 transgressus
3023 4356 3168 4404 sum,
3203 4356 3359 4395 cum-

1778 4456 1886 4512 que
1905 4441 2092 4495 omnia
2126 4443 2392 4495 bonorum
2422 4453 2618 4509 genera
2652 4445 2983 4492 consecutus
3005 4435 3129 4499 sim,
3159 4435 3357 4488 horum

1779 4533 2069 4588 immemor
2091 4532 2267 4589 factus
2295 4547 2452 4586 sum:
2483 4529 2812 4601 Babylonios
2840 4536 3022 4583 autem
3050 4542 3173 4582 cum
3198 4526 3360 4596 plane

1778 4626 2123 4691 oﬂ'enderim,
2156 4625 2224 4679 ab
2258 4624 2367 4679 illis
2396 4638 2733 4694 magnOpere
2762 4621 3008 4676 oﬂ'ensus
3044 4635 3165 4675 sum
3192 4636 3205 4671 :
3238 4638 3255 4670 ι
3290 4617 3361 4674 Ut

1776 4719 2093 4790 justiﬁceris
2122 4719 2176 4772 in
2209 4717 2558 4773 sermonibus
2591 4717 2719 4783 tuis,
2754 4725 2809 4769 et
2834 4714 3028 4769 vincas
3051 4729 3174 4768 cum
3206 4712 3360 4781 judi-

1781 4811 1947 4868 caris.
1994 4829 2017 4867 ι
2066 4811 2181 4880 Ego
2228 4811 2368 4881 ipse,
2413 4811 2512 4877 ait,
2566 4823 2817 4865 ineorum
2872 4808 3141 4862 malorum
3191 4819 3359 4861 causa

1776 4968 1791 5019 ἱ
1834 4965 1877 5022 ll
1914 4965 2053 5039 Reg.
2084 4982 2148 5034 ιι,
2174 4965 2269 5023 27.

1159 5130 1398 5187 VARUE
1455 5131 1842 5189 LECTIONES
1872 5131 1966 5187 ET
1996 5130 2235 5189 NOTAE.

182 5241 235 5332 ’ξ
378 5244 554 5332 Abest
571 5261 601 5300 a
628 5246 819 5332 codzl.
896 5247 1111 5332 “fde.
1140 5247 1330 5332 ος)ρζιό
1359 5264 1546 5332 praem.
1566 5250 1680 5332 ,μέν

1791 5250 1835 5332 ⁵⁸η
1858 5252 1980 5304 cod.
2012 5250 2050 5332 1.
2079 5250 2360 5332 ῥυμάτων.
2389 5246 2577 5332 com“?
2647 5244 2990 5332 καθάρσερις.
3020 5328 3043 5332 _
3059 5243 3111 5332 ς’
3143 5243 3356 5332 cod."

114 5313 360 5384 ἁποξύσῃ.

62 5386 67 5395 ’
113 5386 431 5465 épollinario
467 5387 803 5465 tribuunt-ur:
834 5386 900 5465 A"

114 5459 151 5530 ἐν
191 5459 598 5530 ὀιςειροπολῶ
625 5460 747 5530 cod.
767 5460 800 5513 2
824 5459 956 5530 δρῶ.
1034 5460 1079 5492 ⁸⁸
1112 5459 1205 5514 Δέ.
1234 5459 1401 5516 Abest
1424 5476 1455 5514 a
1488 5459 1609 5515 cod.
1642 5462 1692 5516 5.

116 5529 161 5581 in
195 5528 309 5581 cod.
340 5528 398 5582 ‘5.

441 5314 976 5420 ‘I.§.ﬁ2‘1;.:”.s“lil":

503 5529 545 5557 “
580 5527 904 5598 Μακάριος.
948 5531 1073 5585 cod.
1118 5530 1153 5583 2
1200 5530 1363 5595 θεῖος.

963 5389 1118 5443 ’Aud.
1146 5386 1444 5445 codd.'tres
1472 5391 1610 5459 Aug.
1640 5390 1680 5443 ι’)¹

1842 5392 1887 5423 ⁸⁸
1918 5390 2233 5459 Διηνεκῶς.
2268 5390 2391 5445 cod.
2429 5390 2462 5442 5
2494 5386 2831 5459 διάῌπαντός.

1441 5532 1487 5563 ¹¹¹
1530 5532 1726 5585 Ἐν-
1769 5530 2010 5601 ψαλμῷ.
2045 5534 2164 5587 Des.
2214 5533 2266 5585 in
2308 5531 2430 5584 cod.
2467 5525 2524 5583 5.
2598 5529 2644 5559 ⁷³
2671 5527 2979 5601 cdddz‘trfs
3003 5525 3157 5601 Aug.

1067 5318 1114 5350 ⁸⁸
1142 5319 1296 5373 Οὐδὲ
1316 5312 1445 5389 γὰρ,
1473 5337 1528 5373 κ.
1566 5312 1615 5374 λ.
1656 5320 1680 5373 ι

1811 5320 1921 5375 fere
1954 5312 2305 5375 cadent'sunt
2332 5335 2457 5374 cum
2488 5317 2596 5389 illis
2618 5331 2740 5385 qua:
2764 5312 3102 5389 apud‘Cord.
3136 5314 3351 5389 p.995,

2908 5385 2953 5416 °°
2983 5384 3103 5439 cod.
3128 5387 3165 5439 2
3188 5384 3351 5452 ὀρῶν.

1795 5462 1840 5494 ⁶⁹
1887 5454 2164 5516 Ἀδιᾶιιῶνκ
2191 5454 2315 5515 cod.
2356 5462 2372 5513 ι
2409 5457 2667 5528 ἀνομιῶν.
2760 5456 2808 5487 ⁷ο
2844 5454 2955 5508 Kal
2990 5455 3192 5520 αὐτός.
3226 5454 3351 5509 Des.

1795 5530 2008 5574 ωιληῶ-
2045 5534 2146 5574 np:
2214 5533 2266 5574 in
2308 5531 2429 5574 md-
2467 5530 2520 5574 5-
2598 5529 2644 5559 ⁷³
2671 5527 2832 5574 co’drl.
2869 5533 2979 5574 tres
3019 5525 3157 5574 Aug.
3199 5516 3349 5574 εἶπα.

3199 5541 3349 5578 ειπα.

113 5598 276 5653 "eod.
305 5599 424 5675 [et
521 5592 767 5675 ἀφῆκας
792 5592 952 5675 Cotti.
978 5618 1032 5670 p.
1061 5601 1186 5675 802,
1211 5618 1273 5675 _n.
1450 5603 1493 5633 ⁷³
1522 5603 1680 5675 Καρό

1791 5592 1915 5675 Lat:
1940 5592 2234 5675 ἁμαρτίας.
2265 5601 2382 5655 Vid.
2412 5602 2459 5675 l._
2500 5615 2548 5675 c.
2586 5615 2641 5675 ιι.
2673 5599 2789 5675 6.-Δ
2813 5596 2879 5675 j:
2893 5592 3350 5675 ηρλλῶῑςτήδιι

117 5686 296 5738 ximat.
330 5667 457 5725 Des.
486 5668 541 5722 in
565 5671 687 5725 cod.
720 5672 774 5726 5.
849 5674 893 5705 ⁷⁷
926 5667 1093 5740 Παρὰ
1120 5672 1259 5729 σοῦ.
1284 5673 1453 5728 Abest.
1488 5685 1517 5726 a
1539 5667 1661 5727 cod.
1690 5667 1766 5727 2(
1821 5674 1869 5704 ⁷⁸
1902 5667 2268 5727 οὔπωἈδωι.
2301 5688 2333 5728 a
2361 5671 2482 5727 cod.
2516 5672 2564 5733 l,
2591 5671 2642 5722 ‘2.

117 5741 251 5813 Alias
272 5740 533 5796 lectiones
564 5756 852 5813 expressas
896 5744 1135 5797 vidimus
1176 5758 1364 5812 supra,
1397 5759 1449 5812 p.
1481 5742 1608 5796 425.
1709 5744 1757 5775 ⁸⁸
1797 5747 1919 5798 cod.
1947 5745 1982 5796 ἓ
2024 5742 2295 5813 μεγάλως.
2397 5742 2439 5774 ⁸¹
2477 5739 2600 5798 cod.
2638 5761 2642 5771 λ

116 5741 243 5792 Alias
272 5740 533 5796 lectiones
564 5756 852 5812 expressas
896 5744 1135 5797 vidimus
1176 5758 1364 5812 supra,
1397 5759 1449 5812 p.
1481 5742 1608 5796 425.

2744 5667 3004 5734 ""950611
3024 5694 3090 5721 —-,
3113 5665 3351 5732 Κύριον.

2397 5742 2439 5774 ⁸¹
2477 5739 2600 5798 cod.
2638 5740 2663 5795 1
2704 5737 2978 5810 νικήσαις.
3009 5734 3173 5792 Hebr.
3214 5744 3355 5797 nam

113 5812 307 5884 rem,
340 5826 465 5881 qua:
507 5828 537 5867 a
573 5810 711 5883 Syro
750 5814 955 5871 rectius
996 5814 1069 5872 ita
1103 5810 1354 5885 expr.,et
1385 5810 1614 5870 mundus
1640 5814 1713 5871 sis
1749 5815 1800 5869 in
1821 5810 2040 5884 judiciis
2067 5810 2192 5870 tuis.
