3902 6486
111 321 238 388 1249

1507 322 1588 382 ΙΝ
1645 322 1850 385 PSAL.
1881 326 1945 384 L.

3233 328 3369 396 1250

183 434 249 486 ιδ’.
294 449 311 482 ι
351 431 580 496 Ἀπόδος
636 450 725 503 μοι
768 434 868 500 τὴν
911 431 1233 501 ἀγαλλίασιν
1271 431 1365 486 τοῦ
1402 434 1673 504 σωτηρίου
1705 443 1730 495 Α

1852 434 2016 490 Vens.
2053 432 2137 487 14.
2177 453 2193 483 ι
2236 431 2421 488 Redde
2445 433 2604 505 95.1
2645 433 2778 487 mihi
2826 434 3067 492 laetitiam
3105 438 3368 494 salutaris

111 545 219 588 σου,
241 527 332 578 καὶ
359 526 638 596 Πνεύματι
673 525 987 596 ἡγεμονικῷ
1005 527 1049 556 ⁶¹
1081 525 1338 596 στήριξόν
1372 543 1459 596 με.
1493 545 1511 578 ι
1552 527 1617 578 '0
1635 527 1679 557 ”

113 623 184 688 pi;
232 618 546 683 ἀπώλεσεν,
607 619 750 688 ἔχειν
801 618 1123 689 ⁴ἠντιϐόλινισε
1141 619 1208 683 ⁸⁸,
1257 618 1530 684 τουτέστι,
1584 619 1683 688 τὴν

111 715 258 783 χάριν
284 711 376 764 τοῦ
406 712 741 783 Πνεύματος.
773 713 839 765 Ὃ
868 711 926 764 δὲ
954 711 1353 783 ἀποϐέϐληκεν,
1389 709 1683 764 ἀπολαϐεῖν

113 804 335 857 ἱκετεύει
373 821 386 835 ’
441 804 660 859 τοῦτο⁶⁸
704 803 761 858 δὲ
812 799 884 875 ἦν
930 805 965 875 ἡ
1019 805 1078 858 ὲν
1125 803 1306 875 Θεῷθθ
1353 801 1680 874 εὐφροσύνη.

113 900 324 968 Πὰσης,
375 899 542 967 φησὶ,
593 896 864 968 θυμηδίας
906 897 1220 968 ἀπήλαυον,
1273 895 1436 966 ἡνίκα
1486 895 1685 966 πολλὴν

113 984 248 1058 εἶχον
276 988 408 1058 πρὸς
446 988 526 1051 σὲ,
558 987 826 1053 Δέσποτα,
860 987 1176 1059 παρρησίαν
1200 1003 1213 1016 ⁸
1266 985 1360 1039 νῦν
1391 985 1448 1038 δὲ
1481 985 1684 1056 ταύτης

113 1080 552 1149 γεγυμνωμένος,
589 1083 684 1134 καὶ
715 1081 816 1150 τῆς
851 1080 1118 1150 εὐθυμίας
1155 1081 1474 1151 ἐστέρημαι.
1524 1078 1682 1146 Ἐγύ-

116 1192 290 1245 μνωσε
323 1175 380 1228 δέ
430 1192 500 1242 με
543 1177 642 1246 τῆς
671 1176 986 1248 παρρησίας
1015 1176 1049 1246 ἡ
1093 1174 1309 1228 δουλεία
1337 1173 1438 1242 τῆς
1466 1172 1683 1244 ἡδονῆς.

114 1268 201 1322 Διὸ
251 1267 478 1321 ἱκετεύω
523 1268 623 1338 τὴν
667 1267 944 1340 προτέραν
993 1267 1293 1338 ἡγεμονίαν
1330 1264 1623 1320 ἀπολαϐεῖν
1641 1265 1686 1296 ⁸⁷

119 1379 214 1430 μου
245 1361 336 1413 τὸν
368 1359 517 1425 νοῦν,
554 1360 650 1414 καὶ
686 1360 778 1414 τὸν
811 1360 916 1414 ὑπὸ
959 1358 1069 1412 τῶν
1106 1358 1296 1412 παθῶν
1324 1357 1685 1422 δουλωθέντα,

117 1454 209 1523 τὴν
251 1453 391 1506 κατά
421 1453 627 1506 τούτων
660 1449 816 1516 αὖθις
852 1452 1148 1506 ἀπολαϐεῖν
1196 1450 1467 1517 ἐξουσίαν.
1521 1449 1689 1503 Πάλιν

121 1548 218 1617 γὰρ
248 1544 483 1600 ἐνταῦθα
521 1545 758 1615 πνεῦμα
783 1544 1148 1616 ἡγεμονικὸν
1185 1545 1276 1598 τὸν
1316 1544 1689 1616 αὐτοκράτορα

123 1639 365 1708 λογισμὸν
402 1638 629 1691 ἐκάλεσε
648 1637 714 1692 ⁸⁸.

185 1731 260 1784 ιε’.
307 1752 322 1781 ι
350 1731 560 1795 Διδάξω
590 1730 822 1800 ἀνόμους
851 1730 952 1793 τὰς
987 1728 1142 1793 ὁδούς
1180 1745 1295 1793 σου,
1342 1727 1438 1781 καὶ
1471 1726 1689 1791 ἀσεϐεῖς

127 1824 203 1874 ἐπὶ
235 1824 294 1874 σὲ
335 1821 780 1893 ἐπιστρέφουσιν.
829 1841 848 1874 ι
906 1822 1020 1890 Τῆς
1056 1821 1158 1890 σῆς
1191 1820 1353 1874 πάλιν
1391 1817 1684 1874 ἀπολαύων

128 1913 523 1984 ςιλανθρωπίας
552 1912 856 1983 ἀρχέτυπον
887 1910 1084 1981 ἔσομαι
1119 1911 1410 1981 μετανοίας
1453 1912 1565 1974 τοῖς
1592 1909 1684 1962 τὸν

123 2006 427 2075 παράνομον
451 2003 565 2074 βίον
594 2002 994 2074 ἀσπαζομένοις
1014 2020 1028 2033 ο
1075 2002 1270 2072 ἔσομαι
1297 2002 1354 2055 δὲ
1388 2003 1482 2056 καὶ
1506 2002 1684 2074 κήρυξ

123 2095 205 2163 τῆς
239 2097 336 2165 σῆς
385 2095 741 2166 ἀγαθότητος,
795 2096 890 2149 καὶ
928 2095 1224 2167 προτρέψω
1267 2095 1546 2159 δυσσεϐεῖς
1589 2097 1685 2150 ἀν-

126 2190 379 2259 θρώπους,
428 2191 526 2243 καὶ
553 2188 920 2259 παρανόμους,
968 2191 1035 2260 τῇ
1069 2191 1135 2261 σῇ
1167 2188 1539 2260 προσδραμεῖν
1570 2189 1683 2242 ἱκε-

127 2299 244 2335 seu.
1417 2305 1424 2308 “

180 2380 271 2438 ις’.
317 2391 337 2426 ι
384 2372 578 2426 Ῥῦσαί
612 2389 678 2444 με
708 2371 766 2438 ἐξ
799 2373 1067 2444 αἱμάτων,
1113 2374 1142 2426 6
1173 2371 1303 2437 Θεὸς
1318 2374 1362 2405 ⁶⁹
1383 2376 1481 2445 τῆς
1511 2392 1686 2446 σωτη-

129 2466 226 2534 μίας
258 2482 385 2533 μου.
433 2483 450 2516 ι
508 2463 753 2534 Συνεχῶς
781 2464 838 2517 ὲν
866 2467 933 2536 τῇ
975 2466 1167 2538 μνήμῃ
1208 2467 1557 2537 περιστρέφει
1593 2468 1686 2522 τὸν

125 2555 198 2607 τοῦ
230 2556 436 2624 υύρίου
485 2555 666 2624 φόνον.
711 2555 883 2610 Τοῦτο
898 2557 944 2589 ⁷⁸
986 2558 1090 2610 κάν
1129 2555 1206 2628 τῷ
1239 2559 1508 2630 προοιμίῳ
1536 2559 1686 2632 δεδήο

125 2647 292 2709 λιυκεν,
319 2667 337 2698 ι
363 2649 495 2717 ὃτιή
526 2647 766 2719 ἁμαρτία
791 2666 893 2718 μου
925 2647 1154 2702 ἐνώπιόν
1177 2649 1278 2720 μού
1301 2653 1416 2704 ἐστι
1438 2653 1524 2704 διὰ
1548 2669 1686 2706 παν-

122 2741 214 2802 τός.
243 2758 364 2791 ι-ι
419 2739 892 2807 Ἀγαλλιάσεται⁷³
914 2743 948 2812 ὴ
971 2740 1194 2810 γλῶσσά
1223 2759 1326 2811 μου
1357 2743 1452 2814 τὴν
1481 2743 1685 2797 δικαιοο

127 2835 264 2901 arma
299 2849 420 2884 σου.
456 2851 474 2882 ι
517 2830 686 2884 Τοῦτο
703 2833 745 2863 ⁷³
774 2835 802 2886 6
832 2832 1128 2904 Σύμμαχος
1150 2833 1320 2898 οὕτως
1342 2835 1681 2906 ἡρμήνευσεο

125 2925 474 2990 Διαλαλήσει
510 2925 550 2992 ἡ
587 2924 842 2994 γλῶσσά
876 2944 996 2996 μου
1045 2926 1159 2994 τὴν
1202 2926 1684 2996 ἐλεημοσύνην-⁷³

122 3037 234 3072 σου.
272 3019 351 3070 Οὐ
387 3018 500 3087 γὰρ
534 3019 738 3088 σιγήσω
767 3017 870 3087 τῆς
900 3017 1151 3086 ἀφέσεως
1192 3018 1528 3086 ἀπολαύσας,
1568 3020 1682 3074 ἀλλ’

122 3109 285 3177 ὑμνῶν
337 3125 406 3161 σε
445 3107 758 3172 διατελέσω,
801 3107 1022 3172 καὶτὰς
1049 3108 1148 3172 σάς
1189 3108 1542 3181 διηγούμενος
1590 3112 1687 3182 χά·
1711 3136 1756 3196 c

121 3219 277 3270 ριτας.

179 3294 260 3356 ιζ’.
325 3309 345 3342 ι
399 3291 543 3344 Td”
573 3291 728 3369 χείλη
781 3307 882 3359 μου
934 3291 1248 3358 ἁνοίξειςτδ,
1285 3292 1478 3365 Κύριε,
1508 3293 1689 3347 καὶτὸ

117 3386 278 3452 στόμα
327 3401 435 3454 μου
474 3383 831 3452 ἀναγγελεῖ⁷⁶
864 3383 963 3453 τὴν
1001 3383 1204 3438 αίνεσίν
1248 3403 1361 3438 σου.
1407 3405 1426 3437 ι
1486 3387 1550 3439 Ἡ
1579 3387 1688 3459 γάρ

115 3477 348 3547 ἁμαρτία
384 3477 596 3544 πέφυκε
642 3477 742 3547 τὴν
781 3475 1032 3543 γλῶσσαν
1081 3477 1319 3548 δεσμεῖν,
1355 3481 1688 3551 ἐμφράττειν

111 3567 162 3618 τὺ
207 3566 481 3635 στόματ’,
527 3563 798 3634 ἀγχειντδ,
851 3567 1063 3636 σιωπᾷν
1103 3567 1458 3634 ἀναγκάζειν.
1517 3569 1691 3621 Ἀντι-

115 3658 248 3710 ϐολεῖ
271 3659 463 3711 τοίνυν
495 3661 524 3711 6
552 3659 860 3729 προφήτης,
891 3658 983 3712 διὰ
1010 3661 1108 3730 τῆς
1136 3661 1382 3730 ἀφέσεως
1416 3663 1515 3733 τῆς
1549 3681 1686 3734 προ-

122 3749 264 3817 τέρας
316 3748 640 3819 παρρησίας
686 3748 1029 3819 μεταλαχεῖν,
1075 3750 1172 3803 καὶ
1205 3750 1302 3821 τὴν
1329 3749 1580 3818 γλῶτταν
1607 3752 1688 3815 είς

123 3841 382 3911 ὑμνῳδίαν
411 3841 652 3910 κινῆσαι.

175 3939 262 4004 ιη’.
306 3953 324 3984 ι
356 3933 486 3985 Ὀτι
512 3933 558 3984 εί
585 3931 854 4003 ἠθέλησας
883 3932 1092 3996 θυσίαν,
1128 3933 1304 3988 ἔδωκα
1332 3933 1397 3988 ἀν
1417 3951 1429 3963 ·
1466 3933 1690 3989 ὁλοκαυ-

115 4021 332 4092 adipata.
363 4025 468 4076 οὐκ
499 4023 831 4093 εὑδοκήσεις.
867 4042 884 4075 ι
936 4023 1216 4094 Συνᾴδει⁷⁹
1252 4024 1544 4080 καὶταῦτα
1575 4029 1690 4088 τοῖς

119 4115 164 4166 ὲν
188 4115 266 4186 τῷ
292 4114 728 4186 προτεταγμένῳ
754 4116 874 4186 είρη
885 4115 1062 4184 μένοις
1084 4115 1305 4187 ψαλμῷ.
1346 4118 1690 4190 Ἀκηκόαμεν

116 4205 212 4276 γὰρ
246 4207 367 4259 ἐκεῖ
398 4203 498 4258 τοῦ
529 4203 665 4258 Θεοῦ
694 4205 804 4258 τῶν
832 4207 966 4259 ὅλων
993 4206 1240 4276 λέγοντος
1261 4225 1275 4241 ο
1316 4228 1333 4261 ι
1365 4211 1439 4264 Οὐ
1466 4211 1686 4283 δέξομαι

116 4299 170 4350 ὲκ
189 4297 285 4350 τοῦ
311 4297 472 4350 οἴκου
505 4314 598 4349 σου
634 4297 887 4368 μόσχους,
923 4299 1044 4352 οὐδὲ
1075 4300 1138 4352 ὲκ
1166 4301 1274 4354 τῶν
1303 4304 1570 4373 ποιμνίων
1593 4322 1687 4358 σου

116 4390 342 4456 τράγους
365 4389 435 4440 ⁸⁸.
468 4407 486 4440 ι
530 4389 820 4460 Τοιγάρτοι
844 4389 1003 4443 τοῦτο
1033 4391 1183 4462 παρά
1218 4394 1316 4463 τῆς
1345 4394 1496 4458 θείας
1523 4397 1686 4449 ἀκού-

1788 527 1901 592 tui,
1949 535 2005 581 et
2034 523 2238 594 Spirilu
2269 526 2552 595 principali
2579 524 2843 579 conﬁrma
2871 541 2976 581 me.
3015 546 3034 580 ι
3066 527 3224 594 Quod
3258 547 3366 586 non

1785 621 1988 687 amisit,
2033 631 2090 675 ut
2141 621 2374 675 retineat
2422 620 2771 690 supplicavit,
2823 622 2930 676 hoc
2962 631 3080 688 est,
3130 621 3369 694 Spiritus

1785 714 1959 769 sancti
1992 711 2250 784 gratiam.
2284 712 2442 780 Quod
2481 723 2664 768 autem
2711 713 2978 784 projecit,
3027 719 3279 770 obsecrat
3310 727 3372 772 ut

1784 816 2070 876 recuperet
2101 824 2115 860 :
2153 806 2260 860 hoc
2291 820 2421 860 vero
2466 814 2586 860 erat
2612 805 2870 876 gaudium
2918 806 2973 860 in
3015 806 3148 861 Deo.
3181 807 3368 874 Omni,

1785 897 2170 968 inquit,animi
2192 897 2468 968 voluptate
2483 897 2823 967 perfruebar,
2839 914 2962 953 cum
2987 899 3215 954 multam
3243 901 3296 954 in
3315 908 3370 956 te

1788 991 2040 1048 ﬁduciam
2083 992 2339 1046 haberem
2373 1008 2386 1044 :
2424 1007 2571 1045 nunc
2599 1001 2782 1045 autem
2816 992 2919 1047 hac
2949 994 3221 1062 privatus,
3271 994 3367 1048 Ire-

1787 1085 1903 1139 titia
1937 1084 2103 1139 etiam
2142 1084 2370 1138 orbatus
2400 1099 2548 1148 sum,
2597 1083 2800 1138 ﬁducia
2834 1099 2966 1137 vero
3007 1099 3095 1138 me
3142 1085 3372 1142 nudavit

1786 1178 2027 1233 servitus
2059 1175 2377 1245 voluptatis.
2417 1174 2629 1230 Idcirco
2658 1176 2907 1246 supplico
2959 1185 3018 1231 ut
3058 1194 3213 1235 mens
3247 1196 3368 1236 mea

1786 1271 2082 1340 pristinum
2133 1269 2502 1340 principatum
2543 1271 2791 1342 recipiat,
2842 1282 2896 1326 et
2929 1288 3050 1341 quae
3083 1276 3372 1344 perturba-

1787 1361 2031 1416 tionibus
2072 1361 2124 1414 in
2167 1361 2490 1415 servitutem
2536 1362 2759 1416 redacta
2803 1372 2906 1426 est,
2956 1366 3150 1419 rur‘sus
3178 1378 3368 1420 contra

1790 1455 1889 1509 has
1921 1464 2247 1525 potestatem
2300 1464 2607 1520 recuperet.
2653 1453 2789 1508 Nam
2844 1450 2945 1509 hoc
2995 1454 3049 1508 in
3093 1456 3214 1509 loco
3265 1457 3366 1513 ite-

1787 1563 1909 1601 rum
1963 1549 2212 1617 spiritum
2275 1547 2624 1617 principalem
2681 1548 2948 1604 rationem
3005 1549 3367 1619 imperantem

1789 1642 2146 1711 nuncupavit.

1861 1731 2029 1787 Vens.
2060 1733 2146 1788 l5.
2179 1753 2196 1784 ι
2237 1734 2454 1790 Docebo
2481 1735 2700 1806 iniquos
2725 1735 2841 1790 vias
2869 1744 3011 1799 tuas,
3037 1749 3092 1791 et
3118 1736 3269 1806 impii
3299 1737 3366 1792 ad

1791 1839 1843 1882 te
1873 1837 2288 1882 convertentur.
2323 1846 2341 1878 ›
2380 1825 2597 1883 Rursus
2629 1836 2782 1882 tuam
2814 1828 3201 1897 benignitatem
3223 1846 3371 1885 asse-

1791 1927 1975 1984 cutus,
2017 1918 2260 1987 iniquam
2289 1918 2454 1972 vitam
2486 1918 2942 1987 amplectenlibus
2964 1920 3241 1990 exemplar
3268 1934 3367 1974 ero

1790 2010 2164 2080 poenitentiar
2195 2024 2292 2064 ero
2328 2019 2384 2065 et
2412 2010 2674 2065 bonitatis
2709 2020 2818 2065 tuae
2854 2025 3052 2080 praeco,
3085 2023 3139 2066 et
3165 2012 3368 2081 impios

1791 2114 1953 2173 atque
1984 2103 2204 2174 iniquos
2240 2102 2491 2158 homines
2529 2102 3021 2158 commonefaciam
3061 2113 3122 2159 ut
3161 2105 3369 2175 suppli-

1790 2212 1883 2252 ces
1911 2197 1978 2252 ad
2014 2207 2066 2252 te
2097 2195 2438 2266 confugiant.

1866 2370 2027 2426 Vens.
2065 2369 2150 2426 l6.
2187 2387 2205 2421 ι
2252 2369 2445 2425 Libera
2482 2387 2570 2427 me
2599 2387 2629 2425 a
2673 2372 3058 2442 sanguinibus,
3103 2387 3136 2427 o
3182 2372 3365 2438 Deus.

1794 2461 1936 2517 Deus
1965 2461 2158 2516 salutis
2186 2476 2341 2515 meae.
2385 2480 2403 2513 ι
2435 2460 2707 2517 Continue
2746 2462 2892 2518 Uria:
2936 2463 3134 2518 caedem
3170 2465 3224 2519 in
3255 2481 3370 2519 me-

1792 2553 2022 2607 moriam
2056 2555 2074 2574 ‘
2098 2560 2338 2607 revocat.
2372 2549 2487 2608 Hoc
2509 2553 2672 2608 etiam
2705 2554 2759 2607 in
2797 2555 3021 2609 exordio
3045 2556 3368 2621 declaravit,

1791 2645 1979 2700 dicens
2007 2663 2020 2699 :
2056 2663 2074 2695 ι
2120 2644 2390 2712 Quoniam
2419 2654 2704 2714 peccatum
2735 2661 2915 2700 meum
2951 2656 3144 2702 contra
3174 2663 3260 2703 me
3284 2658 3372 2704 est

1792 2753 2168 2808 semperJ—u
2195 2737 2502 2792 Exsultabit
2530 2737 2708 2808 lingua
2743 2753 2861 2792 mea
2881 2738 2950 2794 de
2977 2740 3189 2809 justitia
3217 2748 3363 2795 tua.»

1792 2831 1908 2885 Hoc
1951 2830 2316 2902 Symmachus
2361 2831 2443 2885 sic
2493 2831 2883 2900 interpretatus
2929 2844 3059 2887 est:
3097 2832 3367 2904 Loquetur

1790 2922 1976 2992 lingua
2025 2939 2140 2976 mea
2169 2921 2592 2975 misericordiam
2629 2935 2796 2976 tuam.
2837 2921 2956 2978 Non
2986 2925 3131 2979 enim
3171 2925 3364 2992 silebo,

1792 3017 2008 3070 veniam
2045 3024 2402 3080 consecutus,
2431 3014 2525 3070 sed
2551 3015 2772 3072 assidue
2799 3024 2850 3071 te
2874 3016 3131 3084 laudabo,
3162 3027 3371 3088 tuaque

1793 3107 2057 3164 beneﬁcia
2092 3107 2349 3162 narrabo.

1861 3288 2030 3346 Vens.
2061 3289 2148 3343 l7.
2187 3308 2205 3340 ι
2230 3289 2476 3354 Domine,
2507 3289 2669 3362 942
2711 3291 2853 3346 labia
2888 3307 3008 3347 mea
3039 3292 3274 3362 aperies,
3312 3305 3366 3348 et

1789 3397 1853 3436 os
1887 3396 2070 3436 meum
2121 3381 2472 3436 annuntiabit
2516 3382 2733 3436 laudem
2776 3391 2947 3438 tuam.
2997 3403 3015 3435 ι
3072 3384 3367 3440 Peccatum

1790 3475 1936 3528 enim
1985 3473 2230 3541 linguam
2282 3473 2452 3543 ligare
2502 3473 2670 3538 solet,
2711 3484 2766 3529 et
2797 3491 2858 3530 os
2889 3476 3154 3545 oppilare,
3187 3486 3367 3532 stran-

1790 3566 1996 3636 gulare,
2050 3573 2104 3618 et
2145 3579 2340 3634 cogere
2388 3574 2447 3619 ut
2496 3567 2852 3623 conticescat.
2901 3566 3166 3624 Obsecrat
3201 3571 3369 3640 igitur

1791 3655 2055 3726 prOpheta
2110 3662 2172 3708 ut
2216 3670 2316 3724 per
2363 3657 2746 3712 remissionem
2795 3657 3080 3727 pristinam
3110 3659 3368 3714 ﬁduciam

1789 3755 2181 3817 consequatur,
2210 3757 2378 3817 utque
2419 3748 2659 3818 linguam
2703 3750 2758 3804 in
2785 3749 2974 3806 laudes
3018 3761 3258 3807 moveat.

1862 3940 2030 3996 Vens.
2066 3939 2155 3994 18.
2203 3958 2223 3991 ι
2273 3940 2547 4006 Quoniam
2592 3940 2637 3996 si
2680 3941 2954 3996 voluisses
3001 3941 3364 4004 sacriﬁcium,

1789 4035 2063 4090 dedissem
2113 4035 2348 4103 utique:
2380 4033 2719 4088 holocaustis
2760 4049 2869 4087 non
2915 4034 3297 4089 delectaberis.
3340 4053 3357 4084 ι

1789 4123 2135 4180 Conveniunt
2173 4124 2338 4179 etiam
2392 4123 2508 4178 haec
2567 4139 2692 4178 cum
2734 4124 2842 4178 illis
2889 4140 3012 4194 quae
3070 4125 3122 4178 iu
3160 4140 3364 4194 praece—

1788 4219 1938 4274 denti
1961 4218 2174 4289 psalmo
2193 4217 2337 4272 dicta
2365 4217 2537 4272 fuere.
2569 4216 2646 4271 lbi
2678 4219 2827 4273 enim
2855 4218 3167 4274 audivimus
3193 4218 3362 4273 Deum

1789 4312 2032 4367 omnium
2069 4312 2337 4366 dicentem
2372 4328 2386 4364 :
2426 4329 2445 4361 ι
2484 4309 2602 4365 Non
2636 4313 2905 4382 accipiam
2950 4312 3018 4368 de
3063 4313 3228 4367 domo
3271 4324 3362 4366 tua

1791 4403 2018 4469 vitulos,
2065 4419 2244 4474 neque
2288 4404 2356 4458 de
2401 4404 2654 4475 gregibus
2698 4406 2806 4460 tuis
2853 4406 3038 4460 hircos
3060 4416 3110 4461 ει.
3151 4425 3170 4453 ι
3225 4404 3364 4461 Cum

118 4495 206 4542 σας
237 4480 428 4548 φωνῆς
459 4482 489 4532 ὁ
515 4479 790 4543 θειότατος
803 4481 845 4513 ⁸*
872 4481 1057 4547 Δαϐιδ,
1085 4484 1310 4546 εἰκότως
1337 4486 1443 4557 ἔφη
1464 4505 1476 4517 ·
1520 4506 1538 4539 ι
1563 4487 1686 4544 Ὅτι
1718 4495 1730 4550 1

1796 4495 1957 4565 igitur
1991 4494 2095 4548 hoc
2128 4493 2348 4548 divinus
2384 4491 2552 4548 David
2595 4508 2628 4548 a
2664 4495 2848 4548 divina
2878 4509 3010 4549 voce
3041 4494 3360 4555 audivisset.

117 4572 157 4622 εἰ
197 4570 479 4641 ἠθέλησας
513 4570 722 4636 θυσίαν,
771 4571 943 4626 ἔδωκα
968 4574 1034 4629 ἀν
1057 4591 1070 4603 ·
1117 4575 1542 4647 ὁλοκαυτώματα
1583 4581 1684 4636 οὑκ

1789 4587 1989 4643 merito
2014 4583 2194 4638 dixit:
2233 4602 2252 4634 ι
2285 4583 2558 4650 Quoniam
2602 4585 2648 4638 si
2693 4586 2959 4641 voluisses
3003 4586 3356 4650 sacriﬁcium,

117 4664 448 4735 εὐδοκήσεις.
485 4683 502 4716 ι
559 4665 630 4716 Σὺ
659 4665 788 4735 γὰρ,
821 4667 1010 4737 φησὶν,
1041 4668 1272 4739 εἴρηκας
1315 4672 1391 4742 μὴ
1422 4671 1692 4746 θυμήρεις

1796 4681 2066 4736 dedissem
2107 4677 2315 4746 utique,
2369 4676 2710 4731 holocaustis
2761 4693 2871 4732 non
2917 4678 3295 4733 delectaberis.
3333 4698 3354 4730 ι
3420 4664 3424 4717 ἶ

117 4751 250 4808 εἷναί
282 4775 367 4809 σοι
395 4757 495 4819 τὰς
540 4757 648 4810 τῶν
691 4757 904 4826 ἀλόγων
947 4759 1137 4824 θυσίας
1158 4778 1172 4792 ·
1222 4757 1284 4817 οὗ
1309 4763 1373 4834 δὴ
1401 4765 1560 4836 χάριν
1590 4769 1692 4840 τὴν

1796 4769 1872 4824 Τυ
1907 4768 2076 4834 enim,
2113 4767 2316 4836 inquit,
2359 4766 2546 4822 dixisti
2584 4767 2876 4823 brutorum
2917 4770 3235 4824 animalium
3268 4785 3362 4825 sa-

118 4848 456 4916 ὰρέσκουσᾶν
489 4865 573 4900 σοι
609 4849 918 4920 ἱερουργίαν
949 4852 1242 4921 προσοίσω.

177 5052 208 5092 ιι
248 5040 393 5097 Psal.
427 5058 579 5104 χιιι,
615 5042 701 5096 10.

1789 4859 1994 4916 criﬁcia
2044 4873 2156 4912 non
2199 4858 2416 4927 placere
2451 4857 2547 4912 tibi
2584 4875 2598 4911 :
2639 4857 2845 4915 idcirco
2885 4860 3220 4916 sacriﬁcium
3266 4861 3364 4916 tibi

1789 4961 2007 5023 gratum
2048 4947 2295 5004 afferam.

1212 5157 1448 5216 VARIA'}
1487 5157 1870 5218 LECTIGNES
1944 5161 2029 5216 ET
2057 5163 2294 5221 NOTAE.

184 5337 560 5416 ῗζηζεύματι
583 5335 940 5416 negaras»
977 5336 1323 5416 Hebr-ﬁs";
1361 5347 1500 5416 ιπττο.
1560 5340 1607 5372 ⁸³
1634 5341 1725 5416 "0_-_

1796 5342 1859 5416 _>d.
1979 5343 2035 5396 ἃ.
2111 5344 2156 5416 ‘f
2187 5343 2318 5416 cod.
2339 5346 2372 5400 5
2394 5346 2682 5416 ἠντιϐόλει.
2758 5351 2803 5382 ⁸³
2831 5343 3035 5409 Τοῦτο.
3066 5357 3184 5410 cod.
3215 5355 3250 5410 Ξ
3277 5357 3358 5414 τό.

117 5408 159 5439 ⁸⁸
193 5407 295 5460 Ἐν
318 5407 464 5472 Θεῷ.
495 5407 616 5462 cod.
649 5409 672 5462 1
712 5407 911 5468 ἔνθεος.

988 5407 1252 5482 "_cod._2
1273 5408 1607 5482 ἀπολαύειν.
1685 5414 1731 5445 ⁸⁸
1767 5413 2068 5467 Έκὰλεσε.
2127 5413 2187 5469 In
2223 5415 2345 5470 cod.
2377 5407 2429 5482 1,
2457 5417 2492 5470 2

113 5491 240 5558 ξορα
274 5476 575 5558 λογισμόνὲ.
624 5479 681 5558 ξ’
727 5479 978 5558 Ὀμᾷεός.
1025 5478 1082 5532 In
1108 5477 1235 5558 cod.
1265 5478 1698 5558 l,_2_re_petitur.

1941 5429 2068 5494 εσσε.
2128 5420 2427 5496 ln_co_d.nl,
2457 5420 2759 5496 2__p0nitur
2798 5434 2922 5496 ante
2950 5423 3040 5476 τὸν
3085 5426 3358 5496 αὐτοκρά-

1783 5483 1829 5515 ⁷⁰
1853 5483 2066 5565 Τοῦτο.⁸
2109 5486 2229 5565 cod.
2282 5487 2394 5565 με
2419 5483 2624 5565 addunt
2645 5491 2786 5565 γᾴρ.
2861 5495 2903 5565 7¹
2939 5496 3062 5549 cod.
3111 5500 3133 5548 1
3190 5483 3360 5565 ἀγαλ-

117 5545 403 5631 λιασοιτοε.
440 5545 496 5631 ί⁷ξ
533 5545 740 5628 Τοῦτο.
771 5549 939 5629 Abest
969 5565 997 5603 a
1023 5549 1144 5604 cod.
1173 5549 1252 5629 5._
1303 5545 1730 5631 ’1’Eienpom}:

1796 5572 1859 5631 νὴ.
1887 5555 2003 5608 cod.
2033 5556 2079 5631 _1_
2114 5556 2486 5631 δικαιοσύνην1
2559 5558 2605 5590 ⁷⁸
2644 5545 2822 5614 Tal;—
2847 5545 3133 5631 aro—15¢:

116 5615 227 5694 bus
264 5616 429 5694 codd.
463 5620 624 5694 Aug;
660 5620 842 5694 it_a__ut
872 5619 924 5671 in
979 5631 1138 5694 textu
1184 5618 1294 5671 τῶν
1322 5619 1377 5671 0'
1407 5615 1728 5694 ponfpost“

1796 5625 1948 5694 .ύριε.

2033 5626 2080 5705 ξδ
2110 5627 2230 5706 cod.
2270 5627 2306 5706 ρ
2342 5627 2653 5706 ἀνοίξαις..-
2679 5632 2722 5661 ⁷⁸
2761 5636 2883 5706 cod.
2934 5636 2962 5706 ᾇ
3004 5626 3355 5706 ἓὰναγγείλαι.

120 5685 159 5714 ⁷⁷
185 5690 402 5756 Στόμα.
441 5685 571 5765 eqd;
593 5689 627 5741 5
648 5689 796 5741 addit
823 5706 945 5758 μου.
1023 5691 1070 5721 ⁷⁸
1097 5691 1330 5765 "Argyr
1459 5685 1730 5765 (irai-xer

1796 5685 1997 5765 (Des.
2032 5695 2083 5748 in
2116 5700 2235 5750 cod.
2269 5697 2322 5751 3.
2365 5697 2410 5727 ⁷⁰
2457 5685 2736 5765 Σωῖᾁδει,
2768 5685 2899 5761 ᾆςῖλ.
2933 5685 2992 5760 in
3166 5685 3354 5764 ’δ

117 5770 408 5816 comment.
446 5757 511 5812 ad
550 5761 694 5812 hunc
723 5767 774 5812 et
804 5757 918 5828 seq.
964 5775 1109 5815 vers.

1207 5760 1252 5792 ⁸ο
1286 5758 1719 5830 Τράγουςζςυιι.
1758 5765 1810 5831 1,
1845 5764 1878 5817 2
1906 5765 2233 5836 χιμάρρους.
2309 5769 2352 5799 ⁵¹
2379 5770 2501 5824 cod.
2541 5758 2760 5836 ε’θεῖος.
