3902 6492
515 324 650 385 1⁸259

1498 318 2003 380 ΤΗΕΟΒΟΒΕΤΙ
2071 318 2411 378 EPISCOI’I
2447 318 2812 378 CYRENSIS

3604 326 3712 393 1260

510 448 564 490 et
597 433 875 489 custodies
903 448 999 489 eos
1026 434 1116 503 qui
1146 449 1245 502 pro
1276 434 1496 486 nomine
1532 442 1623 487 tuo
1672 430 1930 501 certant.]
1968 429 2082 483 Hoc

2192 428 2502 500 τετυχηκὼς
2524 430 2591 493 ⁸⁸,
2619 430 2705 483 ἀεί
2735 448 2793 483 σε
2826 430 3053 501 ὑμνήσω
3081 432 3150 497 ⁸⁷,
3183 432 3445 500 Δέσποτα,
3463 434 3520 489 τὸ
3538 438 3720 513 ἁξιέρσ.

510 530 830 584 henelicium
858 539 1206 592 consecutus,
1237 544 1451 599 semper
1480 539 1529 581 te
1547 526 1800 589 cantabo,
1834 524 2082 591 Domine,

508 639 902 695 usquequaque
926 624 1245 677 desiderans
1268 635 1321 677 et
1341 630 1665 691 exspectans
1683 634 1879 675 nomen
1907 627 2081 681 tuum,

481 712 650 786 lqnod
681 725 763 770 est
801 717 1036 770 amabile
1078 715 1163 770 his
1203 716 1295 783 qui
1336 724 1387 769 te
1425 714 1590 784 950
1617 721 1840 776 norunt,
1875 721 1930 766 et
1956 711 2084 764 hinc

508 808 796 863 utilitatem
842 810 1165 878 percipiant.
1211 806 1422 862 Bonum
1452 809 1469 827 '
1492 807 1636 861 enim
1686 814 1792 870 est,
1828 814 1882 859 et
1912 804 2086 857 maxi-

508 914 595 953 me
621 901 859 969 0ptabile
900 901 993 954 Dei
1042 915 1261 965 nomen,
1296 914 1402 953 non
1449 897 1708 951 omnibus
1743 894 2081 957 hominibus,

506 994 599 1048 sed
630 994 698 1049 iis
725 994 818 1063 qui
848 994 1028 1048 divina
1061 992 1374 1069 cognitione
1400 990 1586 1046 donati
1619 996 1771 1047 sunt.

928 1125 1201 1180 INTERP.
1234 1124 1485 1180 PSALMI
1515 1123 1622 1180 LII.

576 1266 741 1321 Vens.
768 1266 819 1319 1.
859 1283 876 1316 ι
910 1263 965 1315 ln
1002 1263 1187 1317 ﬁnem.
1222 1263 1327 1315 Pro
1356 1259 1606 1335 lliacleth,
1651 1259 1957 1314 intellectus
1980 1256 2085 1312 Da-

506 1359 636 1414 vidi.
664 1378 682 1411 ι
720 1356 833 1411 Pro
882 1355 1113 1410 Maeleth
1152 1354 1456 1408 Theodotio
1489 1352 1670 1418 vertit,
1722 1369 1815 1421 pro
1864 1350 2081 1412 chorea,

506 1453 866 1524 Symmachus
889 1466 1044 1512 vero,
1078 1466 1167 1520 per
1198 1452 1442 1509 chorum,
1471 1446 1663 1516 Aquila
1702 1454 1904 1510 autem,
1930 1460 2086 1512 super

506 1546 713 1599 chorea.
764 1544 1021 1598 Eamdem
1066 1542 1232 1597 habet
1278 1541 1368 1594 hic
1416 1540 1658 1609 psalmus
1708 1537 2036 1593 sententiam
2067 1576 2083 1600 ,

505 1653 669 1708 quam
715 1646 768 1690 et
816 1635 1161 1706 prmcedens,
1204 1643 1259 1688 et
1304 1633 1492 1687 itidem
1546 1630 1796 1701 psalmus
1839 1628 2086 1685 decimus

507 1732 723 1786 tertius.
782 1729 961 1785 Umtm
1006 1737 1091 1782 est
1142 1728 1289 1782 enim
1345 1727 1633 1794 utriusque
1679 1730 2082 1793 argumentum.

2194 538 2316 574 στον
2345 520 2516 591 ὄνομα
2550 521 2595 552 ⁵⁸
2626 524 2736 584 τοῖς
2771 522 3160 592 ἐπισταμένοις
3210 539 3270 575 σε
3305 525 3477 578 ποθῶν
3512 529 3606 590 ἀεὶ,
3646 538 3723 587 καὶ

2191 610 2539 681 προσμένων,
2577 611 2672 662 καὶ¹
2713 609 2812 680 τὴν
2847 609 3095 662 ἐντεῦθεν
3134 609 3404 677 ὠφέλειαν
3444 616 3720 688 καρπούμε.

2191 718 2281 764 νος
2314 700 2380 753 ⁶⁹.
2430 700 2683 771 Χρηστὸν
2728 701 2835 770 γὰρ
2870 700 2965 754 καὶ
3015 700 3350 770 τριπόθητον
3385 702 3474 755 τοῦ
3516 705 3633 761 Θεοῦ
3673 712 3722 763 τὸ

2189 792 2381 863 ὄνομα,
2407 791 2470 845 οὐ
2521 793 2685 845 πᾶσιν
2719 791 3050 864 ἀνθρώποις,
3082 791 3226 847 ἀλλὰ
3255 796 3369 856 τοῖς
3400 794 3492 864 τῆς
3528 796 3723 866 θεογνω-

2193 883 2316 946 σίας
2344 882 2696 954 ἠξιωμένοις.

2499 1110 2767 1165 ΕΡΜΗΝ.
2808 1110 2947 1163 ΤΟΥ
2984 1109 3089 1162 NB'
3131 1106 3453 1163 ΨΑΛΜΟΥ.

2262 1258 2331 1304 α’.
2376 1269 2394 1302 ι
2446 1250 2537 1313 Εἰς
2562 1249 2620 1302 τὸ
2646 1248 2820 1311 τέλος,
2863 1246 3035 1318 ’Υπὲρ
3058 1246 3279 1301 Μαελὲθ
3306 1248 3376 1311 ’³,
3409 1248 3647 1313 συνέσεως
3666 1251 3723 1324 τῷ

2192 1342 2372 1398 Δαϐίδ.
2416 1361 2434 1391 ι
2484 1341 2558 1394 Τὸ
2590 1339 2743 1409 ὑπὲρ
2788 1339 3026 1395 Μαελὲθ
3064 1341 3095 1392 ὁ
3123 1338 3420 1392 Θεοδοτίων
3460 1341 3598 1406 ὑπὲρ
3639 1343 3721 1410 τῆς

2190 1435 2429 1503 χορείας
2469 1435 2816 1504 ἡρμήνευσεν
2840 1434 2910 1498 ⁷³,
2942 1434 2970 1485 6
2999 1432 3055 1485 δὲ
3087 1431 3409 1501 Σύμμαχος.
3430 1431 3521 1486 διὰ
3548 1436 3721 1502 χοροῦ·

2190 1527 2218 1578 6
2245 1527 2302 1579 δὲ
2355 1526 2606 1589 Ἀκύλας,
2639 1527 2737 1580 ἐπὶ
2775 1526 2978 1594 χορείᾳ
3009 1526 3078 1579 ⁷⁸,
3112 1524 3226 1596 Τὴν
3254 1527 3424 1596 αὐτὴν
3457 1529 3619 1596 μέντοι
3637 1529 3724 1583 διά-

2190 1635 2338 1670 νοιαν
2366 1618 2395 1671 6
2425 1616 2637 1688 ψαλμὸς
2664 1612 2816 1682 οὗτος
2848 1617 2961 1687 ἔχει
2985 1615 3063 1686 τῷ
3087 1616 3509 1687 προτεταγμένῳ
3527 1632 3539 1645 ·
3563 1619 3725 1687 ὁμοίως

2190 1711 2247 1765 δὲ
2277 1712 2372 1765 καὶ
2402 1714 2430 1765 6
2452 1711 2500 1744 ⁷⁸
2534 1710 2621 1779 ιγ’.
2652 1711 2762 1765 Καὶ
2794 1710 2903 1781 γὰρ
2928 1711 2961 1779 ἡ
3000 1708 3260 1771 ὑπόθεσις
3287 1710 3594 1779 ἀμφοτέρων
3630 1712 3721 1782 μία.

507 1821 779 1877 Damnant
801 1822 947 1876 etiim
981 1820 1350 1890 blasphemias
1372 1815 1765 1872 Sennacheribi
1789 1823 1843 1870 et
1872 1814 2083 1884 Rapsa-

2192 1804 2303 1874 Τῆς
2323 1804 2432 1877 γὰρ
2461 1804 2557 1858 τοῦ
2589 1804 2968 1875 Σενναχηρεὶμ
2997 1802 3092 1858 καὶ
3113 1801 3212 1856 τοῦ
3247 1801 3514 1872 Ῥαψάκου
3533 1802 3724 1876 placet)-

506 1916 608 1982 cis,
639 1916 942 1985 praedicunt
970 1923 1151 1968 autem
1185 1922 1417 1981 stragem
1447 1909 1761 1980 impiorum.
1791 1908 2085 1976 Propterea

506 2009 918 2076 inscriptionem
951 2006 1113 2060 habet
1155 2005 1376 2067 chorew,
1419 2018 1583 2074 quam
1619 2002 1828 2057 ducunt
1855 2001 1955 2062 illi,
1992 2000 2086 2070 qui

506 2102 733 2157 salutem
764 2100 1216 2168 consecutijsunt,
1249 2109 1299 2153 et
1332 2097 1502 2153 Deum
1525 2096 1857 2151 collaudant.
1898 2093 1961 2149 Et
1990 2094 2087 2149 ad—

502 2190 807 2266 iunguntur
857 2192 1200 2263 inscriptioni
1258 2191 1372 2245 haec
1422 2190 1623 2255 verba,
1678 2189 1735 2242 in
1780 2189 1969 2258 ﬁnem,
2021 2201 2086 2242 eo

506 2289 650 2359 quod
685 2297 807 2357 post
842 2285 1064 2355 aliquod
1108 2294 1323 2354 tempus
1358 2283 1639 2353 prophetia
1679 2283 1842 2337 linem
1892 2282 2084 2337 sortita

505 2395 608 2437 est.
643 2379 823 2453 [Hunc
855 2394 1077 2434 sensum
1124 2377 1195 2431 ob
1227 2377 1644 2445 inscriptionem
1678 2374 1842 2431 habet
1870 2390 2088 2445 quoque

506 2474 596 2529 hic
635 2474 900 2544 psalmus.
932 2472 1135 2526 Audite
1183 2471 1368 2540 itaque
1406 2469 1535 2541 quid
1565 2468 1712 2524 dicat
1743 2466 2017 2537 Propheta
2044 2466 2083 2537 :]

578 2720 743 2776 Vens.
775 2719 830 2774 2.
873 2739 890 2771 ι
929 2718 1076 2774 Dixit
1100 2718 1365 2787 insipiens
1396 2717 1448 2770 in
1475 2715 1637 2770 corde
1666 2730 1765 2769 suo
1806 2734 1819 2769 :
1858 2712 1974 2768 Non
2004 2720 2088 2767 est

513 2813 679 2869 Deus.
716 2832 734 2864 ι
774 2812 891 2865 Νοη
924 2811 1068 2867 enim
1101 2812 1279 2866 solum
1311 2820 1502 2865 contra
1548 2825 1662 2874 eos,
1698 2808 1793 2878 qui
1819 2816 2087 2862 vocantur

505 2904 601 2971 dii,
632 2919 820 2959 verum
874 2904 1036 2959 etiam
1067 2911 1256 2957 contra
1306 2902 1481 2965 illum,
1514 2902 1608 2970 qui
1656 2916 1781 2955 vere
1810 2899 1952 2954 Deus
1979 2909 2086 2963 est,

506 2998 747 3068 linguam
795 2995 978 3059 solvit,
1023 2994 1258 3049 dicens:
1297 3011 1317 3045 ι
1371 2990 1629 3062 Nunquid
1674 3000 1965 3060 potuerunt
2013 2990 2087 3044 dii

507 3092 749 3159 gentium
772 3088 1007 3143 liberare
1039 3102 1193 3142 suam
1248 3087 1526 3157 regionem
1584 3086 1651 3141 de
1705 3100 1870 3139 manu
1928 3084 2089 3139 mea?

509 3183 597 3253 |de
633 3183 741 3237 illis
787 3181 931 3237 enim
978 3180 1336 3235 manifestum
1362 3187 1471 3243 est,
1509 3193 1603 3232 eos
1640 3194 1747 3233 non
1796 3177 2085 3249 potuisse:

505 3276 666 3347 951
720 3274 995 3345 quomodo
1046 3273 1192 3328 enim
1244 3271 1555 3342 potuissent
1598 3272 1675 3326 illi
1716 3272 1809 3342 qui
1855 3271 2086 3326 nihilum

506 3378 661 3422 erant
680 3366 725 3438 ?]
774 3374 840 3421 ut
866 3365 1198 3422 liberaturus
1221 3366 1293 3421 sit
1322 3364 1587 3420 Dominus
1617 3362 2090 3435 Hierosolymam?

510 3459 689 3532 Uide,
712 3474 746 3514 o
768 3458 953 3528 impie,
989 3458 1056 3513 ad
1082 3458 1358 3528 quodnam
1384 3457 1662 3527 fastigium
1696 3456 1882 3527 lingua
1913 3466 2000 3511 tua
2029 3472 2088 3512 se

506 3548 766 3605 extulerit
794 3550 808 3603 !
838 3547 1066 3604 DilIicile
1100 3548 1198 3602 tibi
1226 3549 1332 3603 erit
1361 3558 1553 3603 contra
1587 3548 1843 3604 stimulos
1861 3548 2088 3603 recalci-

510 3641 699 3715 trare.]
724 3662 741 3694 ‹
764 3640 867 3697 Ubi
899 3650 985 3698 est
1014 3642 1149 3697 deus
1178 3641 1413 3717 Emath?
1439 3651 1494 3696 et
1526 3643 1616 3697 ubi
1644 3642 1780 3697 deus
1808 3644 2090 3713 Arphath?

506 3740 561 3786 et
580 3730 675 3785 ubi
698 3729 833 3785 deus
850 3729 1089 3786 civitatis
1113 3729 1398 3800 Sepharim
1419 3732 1505 3785 7'?
1532 3751 1551 3784 ι
1583 3731 1675 3804 [Ει
1698 3733 1751 3787 hi
1768 3734 1988 3803 quidem
2020 3736 2088 3790 ab

508 3821 759 3892 insipidis
799 3822 907 3877 illis
943 3822 1122 3878 vocati
1151 3822 1224 3876 dii
1268 3837 1461 3892 parum
1502 3825 1742 3896 praasidii
1789 3828 2089 3883 attulerunt

507 3915 740 3971 scelesto
772 3913 897 3987 illi.]
940 3933 961 3967 ι
1008 3914 1263 3984 Correpti
1304 3926 1451 3984 sunt,
1487 3927 1542 3973 et
1573 3918 1968 3975 abominabiles
2003 3919 2087 3976 fa-

506 4005 581 4059 cti
612 4014 742 4061 sunt
777 4005 831 4060 in
866 4004 1269 4077 iniquitatibus.
1312 4028 1331 4061 ›
1363 4007 1566 4076 Causa,
1603 4010 1803 4081 inquit,
1841 4012 2090 4080 impieta-

506 4094 581 4150 tis
628 4094 732 4150 l‘uit
759 4095 949 4166 iniqua
1001 4098 1134 4152 vita.
1176 4097 1454 4168 lntrepide
1495 4100 1642 4156 enim
1684 4103 1830 4171 quod
1884 4102 2088 4159 libebat

506 4194 808 4255 pati-antes,
843 4188 1039 4242 nolunt
1062 4188 1118 4242 in
1170 4190 1414 4243 animum
1450 4192 1729 4258 inducere,
1772 4194 1938 4249 Deum
1966 4210 2087 4249 om-

508 4279 599 4332 nia
626 4279 921 4349 inspicere,
974 4281 1069 4336 sed
1113 4282 1332 4337 sibimet
1374 4296 1765 4352 persuaserunt
1811 4289 2085 4344 neminem

508 4373 699 4427 mundi
731 4373 1119 4444 gubernaculis
1151 4392 1408 4445 pra‘esse.
1450 4397 1467 4430 ι
1505 4377 1622 4433 Νοη
1677 4390 1761 4435 est
1787 4382 1878 4452 qui
1923 4382 2089 4439 faciat

2192 1897 2322 1968 μίας
2392 1896 2796 1969 κατηγοροῦσιν
2842 1897 3149 1967 ἀμφότεροι
3175 1934 3191 1958 ,
3261 1893 3653 1964 προθεσπίζουσι
3686 1897 3721 1927 ⁷⁸

2188 1989 2245 2043 δὲ
2274 1989 2369 2043 καὶ
2397 1988 2489 2042 τὸν
2537 1988 2904 2059 γεγενημένον
2933 1986 3043 2041 τῶν
3081 1983 3368 2039 δυσσεϐὦν
3412 1982 3625 2054 ὄλεθρον.
3663 1977 3720 2037 03

2187 2080 2253 2151 δὴ
2304 2080 2485 2151 χάριν,
2538 2080 2634 2132 καί
2682 2078 2922 2149 χορείας
2973 2076 3214 2147 ἔσχηκεν
3263 2075 3559 2145 ἐπιγραφὴν
3591 2074 3721 2144 ’⁸,ἠν

2186 2173 2514 2244 ἐποιήσαντο
2552 2171 2773 2234 πάντως
2801 2171 2853 2223 οἱ
2879 2169 2979 2239 τῆς
3010 2168 3291 2238 σωτηρίας
3318 2167 3647 2236 τετυχηκότες
3666 2167 3718 2226 ⁷⁸.

2188 2266 2285 2319 καὶ
2337 2267 2429 2317 τὸν
2479 2262 2613 2317 Θεὸν
2676 2260 3066 2332 ἀνυμνοῦντες.
3157 2260 3267 2311 Καὶ
3326 2260 3412 2323 είς
3470 2258 3530 2311 τὸ
3582 2256 3715 2322 τέλος

2188 2355 2244 2409 δὲ
2280 2356 2602 2427 πρόσκειται
2629 2353 2718 2407 διά
2760 2353 2821 2407 τὸ
2846 2352 3023 2423 χρόνῳ
3052 2350 3097 2383 ⁷⁷
3126 2350 3358 2420 ὕστερον
3382 2349 3621 2419 εἰληφέναι
3638 2351 3713 2421 τὴν

2190 2450 2527 2520 προφητείαν
2550 2449 2611 2501 τὸ
2632 2447 2807 2510 τέλος.
2845 2446 2915 2519 [⁷⁸
2943 2443 3162 2516 Ταύτην
3194 2444 3309 2515 ἔχει
3339 2443 3435 2512 τὴν
3459 2443 3628 2496 ἔννοιαν
3646 2445 3713 2499 διὰ

2188 2544 2285 2611 τῆς
2325 2540 2637 2609 ἐπιγραφῆς
2671 2538 2769 2591 καὶ
2812 2539 2840 2590 6
2876 2535 3066 2607 παρὼν
3092 2534 3332 2605 ψαλμός.
3365 2533 3469 2586 Καὶ
3500 2533 3713 2587 ἀκούσατε

2187 2632 2241 2684 τί
2261 2649 2424 2702 φησιν
2451 2632 2479 2685 6
2500 2632 2791 2703 Προφήτης
2813 2628 2854 2701 ⁸]

2261 2724 2327 2795 β’.
2374 2744 2392 2776 ι
2438 2720 2606 2778 Εἶπεν
2654 2726 2844 2794 ἄφρων
2892 2722 2950 2775 έν
2999 2721 3202 2792 καρδίᾳ
3246 2718 3446 2786 αὐτοῦ,
3493 2720 3591 2772 Οὐκ
3630 2719 3714 2772 ἐστι

2189 2816 2340 2881 Θεὸς.
2382 2836 2401 2869 ι
2438 2817 2512 2871 Οὐ
2559 2816 2667 2888 γὰρ
2702 2818 2862 2887 μόνον
2892 2815 3035 2868 κατά
3080 2814 3192 2869 τῶν
3221 2813 3554 2885 καλουμένων
3590 2811 3711 2877 θεῶν,

2190 2911 2322 2964 ἀλλὰ
2358 2911 2617 2965 καὶκατὰ
2664 2911 2759 2964 τοῦ
2800 2908 3017 2980 ἀληθῶς
3046 2909 3204 2974 δντος
3244 2909 3345 2980 τὴν
3388 2906 3609 2975 γλῶτταν
3631 2908 3717 2959 txi-

2190 3020 2320 3075 νησε
2358 3004 2554 3072 λέγων,
2592 3023 2611 3056 t
2646 3004 2739 3075 Μὴ
2777 3003 3121 3076 ἠδυνήθησαν
3158 3003 3210 3035 ⁷⁹
3255 3002 3304 3055 οἱ
3335 3001 3443 3054 Θεοὶ
3470 3001 3563 3054 τῶν
3586 3000 3715 3054 ἐθνῶν

2196 3099 2462 3169 ῥύσασθαι
2479 3098 2579 3168 τὴν
2596 3097 2807 3152 ἑαυτῶν
2824 3096 3010 3168 χώραν
3031 3098 3094 3149 ὲκ
3111 3096 3298 3167 χειρός
3317 3112 3416 3165 μου
3438 3111 3452 3158 ;
3478 3113 3493 3145 ι
3517 3092 3576 3166 [⁸ο
3608 3096 3714 3145 ἐκεῖ·

2194 3205 2272 3241 νοι
2326 3189 2423 3259 μὲν
2450 3188 2608 3257 δῆλον
2655 3189 2738 3241 ὅτι
2781 3187 2881 3241 οὐκ
2911 3187 3211 3256 ἠδύναντοο
3261 3185 3378 3249 πῶς
3405 3184 3507 3256 γὰρ
3546 3183 3601 3239 ἂν
3620 3184 3714 3255 ἡδύ-

2199 3292 2360 3327 ναντο
2393 3275 2548 3329 αὐτοὶ
2573 3275 2740 3347 μηδὲν
2766 3275 3105 3346 ὑπάρχοντες
3124 3274 3165 3347 ;]
3199 3275 3281 3329 ὅτι
3315 3274 3524 3345 ῥύσεται
3557 3274 3715 3343 Κύριος

2188 3368 2288 3438 τὴν
2313 3368 2700 3439 Ἰερουσαλήμς
2736 3367 2802 3441 [εί
2833 3369 3028 3429 Βλέπε.
3050 3369 3358 3439 παράνομε,
3384 3367 3511 3437 πρὸς
3536 3366 3714 3437 πηλίκον

2192 3458 2325 3528 ὕψος
2354 3459 2745 3529 ἀνεσιραίρισας
2770 3459 2870 3530 τὴν
2885 3458 2976 3511 τοῦ
2999 3457 3157 3527 λόγου
3189 3475 3285 3512 σου
3320 3456 3564 3527 γλῶτταν.
3581 3456 3715 3524 Σκλη-

2193 3553 2285 3624 ρόν
2311 3569 2393 3605 σοι
2415 3552 2550 3624 πρὸς
2569 3550 2769 3623 κέντρα
2795 3550 3116 3622 lam-(Cqu
3146 3552 3259 3605 Ποῦ
3283 3554 3310 3605 ὁ
3331 3552 3446 3615 Θεὸς
3465 3546 3715 3619 Ἐμάθ,κσὶ

2192 3647 2294 3698 ποῦ
2331 3647 2359 3699 6
2383 3645 2503 3708 θεὸς
2540 3647 2744 3716 Ἀρφάδ
2771 3645 2852 3712 ⁸³;
2885 3646 2980 3699 καὶ
3021 3645 3123 3698 ποῦ
3155 3649 3182 3701 6
3213 3648 3336 3711 Θεὸς
3364 3648 3458 3718 τῆς
3483 3645 3656 3705 πόλεως
3677 3642 3712 3673 ⁸⁸

2192 3739 2499 3809 Σεφαρείμ;
2527 3737 2593 3810 [⁸⁸
2616 3739 2875 3792 Κάκεῖνοι
2904 3739 3003 3809 μὲν
3034 3741 3083 3792 οἱ
3116 3741 3437 3809 καλούμενοι
3476 3736 3606 3808 παρὰ
3631 3733 3713 3786 τῶν

2191 3831 2439 3902 ἀφρόνων
2456 3830 2567 3885 Θεοὶ
2587 3830 2787 3902 μικρὰν
2800 3831 2925 3884 ὕστε
2932 3850 3023 3902 ρον
3037 3834 3113 3904 τῷ
3124 3834 3381 3905 ἀλάστορι
3396 3831 3710 3902 ἀπηνέγκαντο

2190 3920 2417 3993 ψῆφον.]
2461 3939 2480 3973 t
2525 3920 2908 3993 ΔιεφΘάρησαν
2937 3923 2983 3954 ⁸⁵
3016 3923 3112 3977 καὶ
3138 3924 3525 3995 ἐϐδελύχθησαν
3550 3924 3597 3975 ὲν
3616 3923 3709 3975 dvo-

2195 4016 2367 4086 μίαις.
2405 4034 2424 4066 ι
2467 4015 2669 4080 Αίτιος,
2697 4015 2855 4087 φησὶ,
2887 4014 2987 4085 τῆς
3029 4016 3286 4080 ἀσεϐείας
3319 4015 3364 4049 ⁸⁸
3388 4017 3415 4069 6
3450 4014 3708 4084 παράνομος

2195 4108 2329 4179 βίος.
2380 4107 2578 4172 Ἀδεῶς
2611 4108 2722 4179 γὰρ
2762 4110 2871 4161 πᾶν
2900 4110 3075 4163 ὁτιοῦν
3105 4110 3364 4181 δρῶντες,
3397 4112 3472 4172 είς
3508 4106 3613 4162 νοῦν
3634 4105 3703 4157 λα-

2195 4203 2311 4255 ϐεῖν
2339 4202 2438 4255 οὐκ
2484 4201 2729 4255 ἐθέλουσι
2774 4202 2863 4255 τὸν
2899 4202 3179 4273 ἐφορῶντα
3207 4203 3361 4267 Θεὸν,
3402 4200 3526 4258 ἀλλά
3554 4196 3702 4253 πεπεί-

2191 4310 2321 4347 κασι
2371 4294 2512 4362 σφᾶς
2557 4294 2775 4358 αὐτοὺς,
2817 4293 3021 4364 μηδένα
3050 4297 3160 4357 τοῖς
3191 4296 3294 4364 τῆς
3339 4294 3548 4354 κτίσεως
3572 4287 3703 4350 οῐαξιν

2194 4386 2505 4454 ἐφεστάναι.
2546 4404 2566 4438 ι
2605 4385 2719 4439 Οὐκ
2763 4385 2877 4438 ἐστι
2921 4387 3091 4440 ποιῶν
3141 4388 3363 4457 ἀγαθόν.
3412 4407 3428 4439 ι
3466 4387 3698 4441 Ἅπαντες.

508 4466 737 4519 bonum.
772 4484 792 4517 ι
834 4464 1057 4528 Omnes,
1113 4468 1309 4537 inquit,
1359 4471 1709 4541 Assyriorum
1761 4476 2085 4543 pravitatem

2196 4477 2350 4547 φησὶ,
2398 4476 2505 4529 τῶν
2561 4478 2861 4549 Ἀσσυρίων
2909 4479 3008 4549 τὴν
3061 4482 3328 4551 πονηρίαν
3364 4479 3405 4511 ⁸⁷
3444 4477 3699 4547 ἠγάπησαν.

508 4557 838 4612 dilexerunt.
876 4556 967 4630 [Et
994 4568 1264 4629 quotquot
1285 4562 1452 4616 cultui
1486 4579 1677 4619 eorum
1703 4565 2083 4633 addictisunt,

2195 4542 2269 4645 (εδδ
2296 4573 2406 4626 Καὶ
2437 4573 2551 4625 ὅσοι
2587 4572 2656 4626 τὰ
2685 4542 2908 4627 ἐκείνων
2947 4542 3363 4645 θρησκεύσωσιν,
3394 4542 3696 4642 ἀφρονοιῖιοιν⁹

508 4648 810 4718 desipiunt,
848 4648 902 4703 in
934 4663 1267 4719 quocunque
1291 4650 1412 4705 loco
1440 4652 1555 4707 sive
1583 4652 1908 4725 dignitatum
1940 4655 2088 4709 fasti-

509 4741 596 4809 gio
625 4740 909 4795 constituti
932 4742 1044 4795 sint
1080 4759 1093 4795 :
1129 4756 1237 4795 non
1273 4752 1611 4812 reputantes,
1642 4747 1785 4816 quod
1820 4746 1869 4818 :]

581 4887 609 4917 ν
638 4876 703 4931 ιν
737 4876 868 4950 Reg.
891 4895 1042 4945 xvm,
1072 4879 1161 4973 51’".
1238 4887 1286 4918 ν·
1312 4880 1449 4936 ibid.
1477 4882 1565 4938 54.

2194 4665 2252 4715 ὲν
2281 4657 2361 4726 οἷς
2394 4664 2460 4716 ἂν
2492 4657 2590 4717 ὧσι
2630 4665 2809 4717 τόπων
2858 4665 2888 4736 ἢ
2945 4665 3253 4736 ἀξιώμασιν
3302 4667 3333 4736 ἢ
3384 4661 3606 4736 βαθμῶν
3645 4654 3698 4724 μὴ

2194 4754 2644 4826 ὲπιλογιζόμενοι,
2677 4756 2791 4811 ὅτι]

1616 4998 1851 5055 νΑῐὶΙίΕ
1899 5001 2289 5059 LECTIONES
2319 5003 2409 5059 ET
2430 5004 2665 5063 ΝΟΤᾸΞ.

592 5108 637 5194 se
662 5107 1035 5196 Τετυχηκώςο,
1064 5113 1249 5196 mihi
1283 5113 1434 5196 βξ]άῇ
1464 5116 1526 5168 οὐ
1563 5115 1736 5196 μόνοχ
1762 5118 1790 5168 ὁ
1827 5118 1990 5196 ᾼαεῆδ
2026 5120 2121 5196 καὶἶ
2148 5121 2176 5173 6
2210 5122 2356 5196 δσιος
2412 5122 2682 5190 Ἐζεκίας,
2718 5124 2854 5178 ἀλλά
2886 5125 2984 5180 καὶ
3016 5126 3255 5191 ἅπαντες
3281 5128 3331 5180 oi
3360 5126 3449 5196 τῆς
3475 5118 3694 5196 εὐσεϐείας

506 5181 927 5280 ἰροιςρξὶμριᾲιιοιι
942 5181 1330 5280 fuluam-gavit!
1355 5194 1411 5280 et
1436 5181 1657 5280 lsar‘tc'lt'us
1689 5185 2121 5280 Ezechiashsed
2151 5193 2311 5246 etiam
2336 5181 2534 5280 :omnEs
2567 5181 2781 5280 pie-tatis
2821 5197 3044 5275 alumni.

614 5255 814 5319 Ονομα
836 5281 903 5290 -
937 5254 1317 5322 προσμένων.
1351 5257 1472 5335 cod.
1567 5257 1738 5328 ὸνομά
1762 5276 1856 5311 σου
1898 5260 2236 5331 ποθήσαντες
2266 5265 2363 5317 καὶ
2397 5254 2796 5335 προσμένοντες
2822 5266 2999 5322 τοῦτο.

507 5343 555 5373 το
601 5342 771 5409 Ὑπὲρ
807 5343 1064 5399 Μαελέθ.
1120 5346 1284 5401 Hebr.
1326 5332 1617 5415 n‘mﬁ‘bv.

508 5422 757 5485 suspecta
792 5422 876 5468 est
906 5415 1087 5470 lectio.

508 5556 531 5625 l
574 5556 750 5625 ξμρριρ

510 5691 550 5766 1,
574 5710 627 5766 (Ξ
660 5703 744 5749 est
775 5691 1107 5766 διέφθειραν.

506 5762 555 5794 ⁸⁸
587 5762 629 5816 Ε
663 5766 786 5820 cod.
810 5766 837 5820 1
871 5762 1051 5837 suppl.

1676 5352 1770 5448 -1:
1809 5352 2401 5448 ’,είρμήτεπίσεςηροαα
2452 5356 2738 5448 meum

1312 5421 1535 5487 Ομοίως
1566 5421 1633 5473 δὲ
1675 5422 1773 5475 καὶ
1820 5426 1871 5476 ὁ.
1919 5424 2040 5479 cod.
2082 5426 2148 5490 1,

398 5531 402 5535 ,
508 5482 553 5564 ’_’
596 5482 907 5564 "Eo‘znxsr
934 5486 1291 5564 g'ftrpayﬁr.
1338 5482 1459 5564 cod.
1499 5482 1525 5544 1
1563 5491 1673 5564 ἔχει
1717 5492 1815 5564 τὴν
1855 5492 2115 5563 ἔμφασιν.

509 5556 553 5654 2'
574 5556 750 5635 suppl.
861 5556 907 5585 ’θ
938 5556 1405 5639 Ἦδυνήθησαν..
1437 5562 1493 5613 In
1547 5556 1667 5617 cod.
1705 5563 1739 5616 2
1771 5556 2010 5631 ’ροιῖίιὶιτ
2058 5580 2102 5634 pl

575 5622 617 5673 1ο
640 5623 763 5676 cod.
794 5625 847 5684 1,
875 5625 910 5677 2
936 5628 1167 5684 Ἀρφάθ.
1244 5630 1289 5659 ⁸³
1325 5628 1443 5684 Tm:
1470 5632 1722 5684 πόλεως.
1748 5634 1913 5684 Abest
1936 5651 1966 5684 a
1996 5636 2093 5684 cod

2226 5567 2417 5623 ἐθνῶν.
2524 5570 2568 5602 ⁸ο

2192 5678 2201 5684 .
2280 5639 2327 5669 ⁸⁸
2361 5639 2401 5684 Ε
2430 5641 2548 5684 and,

832 5666 847 5689 ,
875 5634 910 5677 2
937 5634 1167 5696 Ἀρφᾰθ.
1244 5634 1289 5659 ⁸³
1325 5634 1443 5698 Τῆς
1470 5634 1722 5699 πόλεως.
1748 5634 1913 5689 Abest
1936 5651 1966 5688 a
1996 5636 2093 5690 cod

832 5696 1107 5777 ἐφθειραν.
1214 5701 1261 5732 ⁸⁸
1291 5703 1618 5770 ’λὶσεῖείαᾼ
1655 5705 1777 5761 cod.
1820 5708 1846 5760 1
1879 5706 2102 5777 ἀνομίας

2192 5678 2201 5693 .
2280 5639 2327 5669 ⁸⁸
2361 5639 2401 5691 Ε
2430 5641 2551 5696 cod.
2583 5643 2607 5693 1
2634 5644 2815 5710 suppl.

2207 5709 2273 5775 ,⁸⁷
2310 5708 2435 5777 Τὴν
2462 5741 2531 5751 -
2573 5714 2815 5777 πονηρίι

3145 5198 3187 5229 ⁸⁷
3221 5198 3341 5253 cod.
3380 5194 3416 5250 1⁷
3434 5194 3688 5264 ὑμνήσουσι·

3098 5268 3141 5299 ⁸⁸
3169 5270 3287 5324 cod.
3313 5270 3336 5323 1
3372 5267 3691 5336 καρπούμενοει

2843 5360 2887 5390 ⁷¹
2918 5359 3039 5414 cod.
3069 5360 3104 5412 ἓ
3138 5361 3401 5431 ἐπιχόρια,
3423 5373 3526 5431 quae
3556 5361 3688 5431 tanien

2197 5425 2467 5499 2‘6p0t0;
2499 5427 2555 5480 δέ
2595 5420 2709 5482 ἐστι
2744 5435 2836 5483 καὶ
2865 5431 2962 5497 τῷ.
3073 5431 3118 5463 ⁷⁵
3147 5420 3265 5484 cod.
3296 5420 3344 5484 ’2
3387 5420 3688 5499 προθεσπίξεξ·

2212 5486 2409 5571 ’,ξ-ᾠά·
2430 5486 2479 5551 '2
2510 5500 2781 5571 τυκᾷντες-
2889 5486 2933 5533 ἡ
2962 5501 3084 5556 cod.
3126 5500 3160 5553 9..
3193 5504 3395 5571 χρόνον.
3429 5486 3451 5571 Ἀ
3484 5496 3522 5571 τξ
3542 5492 3576 5545 Ε
3599 5486 3685 5571 θοᾷ.

2682 5557 2804 5625 cod.
2843 5574 2864 5625 1
2919 5572 3099 5640 suppl.
3194 5557 3244 5603 ῗῖ
3284 5572 3325 5626 Ε
3366 5569 3470 5640 rod.
3501 5566 3521 5618 1
3553 5557 3683 5640 suppl.

2908 5643 2953 5674 ⁸⁵
2981 5632 3406 5711 Ᾰξεφθάρησαν.
3431 5632 3685 5711 Βραιιςςιίο

2207 5709 2273 5782 .,⁸⁷
2310 5708 2435 5779 Τὴν
2462 5741 2531 5751 -
2573 5698 2891 5779 narrantur.
2927 5713 3050 5769 cod.
3078 5698 3136 5780 1,
3176 5698 3210 5767 Ξ
3240 5698 3415 5785 praem.
3439 5709 3489 5763 τὸ
3518 5698 3680 5771 πλῆθος·
