3902 6486
8 11 357 430 [ηπ

1620 372 1701 431 IN
1736 371 1936 432 PSAL.
1970 373 2130 433 LIII.

3318 379 3451 444 1266

217 474 409 546 ὁμοίως
432 472 513 546 τῷ
540 475 704 530 Δαόὶδ
736 477 973 535 ἱκετείαν
1000 480 1080 551 τῷ
1108 480 1390 553 δυναμένῳ
1417 482 1492 547 ὡς
1515 481 1606 535 τὸν
1638 500 1780 553 ,προ-

1889 483 1986 549 illi,
2020 484 2113 554 qui
2136 497 2233 541 eos
2261 485 2408 541 sicut
2430 482 2759 556 Prophetam
2785 503 2817 543 e
2838 487 3095 546 manibus
3119 488 3451 560 injustorunt

220 570 385 639 φήτην
445 570 512 622 ἐκ
570 570 751 641 χειρὸς
804 570 915 625 τῶν
981 572 1309 628 ἀδικούντων
1373 573 1643 645 ῥύσασθαι
1700 574 1779 647 τῷ

219 658 347 731 Θεῷ.
364 657 385 731 ]

281 758 347 821 Υ.
390 769 410 803 ι
467 751 527 806 '0
552 750 684 816 Θεὸς
714 753 761 785 ³⁸
785 754 842 809 ἐν
862 754 942 828 τῷ
967 756 1193 827 ὀνόματί
1219 774 1313 811 σου
1346 757 1393 790 ⁸⁵
1426 758 1602 812 σῶσόν
1632 776 1724 829 με.
1755 779 1775 812 ι

221 846 397 915 ’Δρκεί
425 863 539 916 μοι,
586 848 769 919 φησιν,
816 852 898 913 είς
926 849 972 882 ⁸⁸
1000 850 1303 919 ἀσφάλειαν
1342 852 1377 923 ἡ
1406 852 1501 906 τοῦ
1534 853 1627 907 σοῦ
1661 854 1780 906 ὀνό-

226 954 380 1007 ματος
427 937 640 1010 κλῆσις.
687 939 845 994 Οὕτω
883 940 978 995 καὶ
1025 943 1079 995 οί
1119 942 1253 996 θεῖοι
1297 943 1587 998 ἀπόστολοι
1622 946 1670 977 ³⁸
1708 945 1780 999 τά

226 1027 424 1098 μεγάλα
453 1029 773 1101 εἰργάζοντο
800 1031 1075 1103 θαύματα.
1108 1052 1128 1085 ι
1158 1033 1250 1087 Ἐν
1278 1034 1355 1105 τῷ
1391 1035 1617 1107 ὀνόματι
1647 1036 1776 1107 γάρ,

225 1118 391 1187 φησὶν,
439 1116 613 1191 Ἰησοῦ
638 1120 878 1191 Χριστοῦ
907 1120 1118 1194 ἑγειραι
1140 1162 1156 1188 ,
1196 1123 1293 1177 καὶ
1322 1124 1637 1196 περιπάτει.
1664 1145 1683 1178 ι
1710 1154 1779 1167 -—-

229 1227 249 1262 ι
274 1208 377 1263 Καὶ
402 1208 465 1263 ἐν
498 1212 565 1282 τῇ
598 1210 824 1281 δυνάμει
851 1212 946 1266 σοῦ
965 1214 1008 1249 ³⁷
1034 1213 1219 1284 κρῖνόν
1254 1232 1344 1285 μοι
1379 1214 1448 1271 ³⁸.
1480 1236 1499 1268 ι
1538 1216 1777 1281 Δίκαιος,

225 1301 419 1373 mai”,
443 1302 539 1355 καὶ
566 1302 913 1375 δικαιοσύνης
947 1304 1214 1377 ὑπάρχεις
1254 1308 1405 1378 πηγή
1429 1322 1443 1336 '
1473 1309 1656 1379 κρῖνον
1688 1325 1779 1378 μοι

222 1394 383 1449 τοίνυν
424 1394 521 1449 καὶ
547 1398 661 1460 τοῖς
685 1396 1014 1468 πολεμοῦσιν
1040 1396 1088 1429 ’⁸ο
1112 1398 1337 1464 ἀδίκως.

283 1485 341 1539 δ’.
384 1503 405 1537 ι
474 1485 534 1539 '0
578 1486 731 1553 Θεὸς,
778 1489 1101 1546 εἰσάκουσον
1150 1490 1251 1561 τῆς
1294 1492 1604 1563 προσευχῆς
1653 1510 1778 1563 μου,

226 1574 281 1646 [⁵⁸
314 1576 401 1630 καὶ
426 1576 493 1629 ού
519 1576 677 1631 τοῦτο
718 1580 902 1650 μόνον,
945 1580 1085 1643 ἀλλά
1117 1581 1234 1655 καὶ]
1278 1583 1531 1638 ἐνώτισαι
1568 1584 1640 1639 τά
1679 1587 1781 1657 ῥήσ-

228 1686 357 1738 ματα
380 1668 473 1721 τοῦ
507 1671 778 1740 στόματός
808 1689 933 1742 μου.
968 1692 990 1724 ι
1029 1672 1190 1741 Δέξαι
1221 1676 1268 1706 δ’
1296 1693 1397 1745 μου
1420 1677 1516 1740 τὰς
1544 1678 1781 1742 ἱκετείας

226 1763 311 1815 σὺν
336 1762 591 1834 εὐμενείᾳ
626 1762 699 1835 [⁸³
732 1765 934 1838 πολλῇ·
969 1767 1114 1831 τινος
1138 1768 1326 1822 ἕνεκεν
1358 1766 1509 1825 εἶπεν
1529 1770 1568 1842 ο]

1881 573 2112 630 liberare
2146 575 2372 649 potest.)

1894 792 1903 801 .
1951 748 2117 806 Vens.
2150 750 2206 804 3.
2238 769 2256 802 ι
2288 749 2452 810 Deus.
2491 753 2545 807 in
2574 755 2796 810 nomine
2826 767 2920 811 tuo
2945 756 3159 812 salvum
3194 772 3280 813 me
3306 757 3445 814 iac.»

1881 838 2030 896 Satis
2077 842 2215 896 mihi
2261 854 2366 908 est,
2396 844 2495 910 ait,
2542 846 2609 899 ad
2662 838 3038 913 securitatem,
3084 849 3162 903 tui
3212 852 3452 906 nominis

1880 932 2218 1003 imploratio.
2270 933 2347 990 lta
2388 945 2443 991 et
2492 937 2664 991 divini
2711 939 2941 1007 apostoli
2979 955 3175 1011 magna
3218 940 3453 996 edebant

1879 1024 2169 1081 miracula.
2221 1044 2240 1079 ι
2277 1026 2338 1081 1η
2386 1028 2612 1084 nomine
2640 1030 2808 1095 enim,
2857 1030 3055 1100 inquit,
3086 1030 3216 1087 Jesu
3247 1032 3450 1087 Christi

1880 1133 2063 1189 surge,
2108 1128 2164 1175 et
2197 1119 2415 1175 ambula
2439 1133 2490 1175 ι.
2527 1140 2547 1174 ι
2576 1151 2647 1162 -
2677 1141 2697 1175 ι
2732 1122 2798 1177 Et
2828 1126 2883 1179 in
2920 1126 3115 1181 virtute
3150 1134 3239 1180 tua
3264 1125 3459 1195 judica

1880 1227 1989 1264 me.
2027 1230 2046 1263 ι
2100 1209 2315 1277 Justus,
2368 1214 2563 1283 inquit,
2613 1224 2669 1270 et
2703 1216 2935 1285 jnstitiae
2965 1217 3088 1273 fons
3117 1234 3225 1273 es:
3265 1218 3451 1289 indica

1879 1317 1966 1357 me
1996 1303 2181 1373 igitur,
2215 1313 2269 1359 et
2301 1320 2389 1359 me
2423 1306 2565 1362 bello
2601 1307 2808 1378 injuste
2838 1319 3103 1380 petentes.

1950 1481 2112 1538 Vens.
2157 1485 2210 1539 4.
2259 1501 2279 1535 ι
2321 1482 2485 1552 Deus,
2545 1486 2741 1541 exaudi
2788 1487 3090 1543 orationem
3134 1504 3333 1555 meam,
3376 1486 3453 1561 [et

1882 1590 1988 1630 non
2020 1576 2123 1631 hoc
2165 1586 2397 1643 tantum,
2428 1578 2523 1634 sed
2551 1576 2740 1648 etiam]
2791 1579 3015 1635 auribus
3046 1580 3262 1649 percipe
3284 1581 3457 1635 verba-

1880 1667 1994 1721 oris
2024 1668 2151 1722 mei.
2194 1686 2213 1720 ι
2260 1667 2489 1738 Suscipe
2524 1684 2711 1738 preces
2757 1684 2907 1726 meas
2947 1684 3074 1725 cum
3117 1670 3445 1726 benevolen-

1882 1760 1957 1814 tia
1989 1758 2185 1831 [multa
2223 1780 2237 1815 :
2272 1777 2380 1831 qua
2414 1762 2481 1816 de
2512 1777 2678 1817 causa
2713 1761 2870 1833 dixit]
2906 1780 2919 1817 :

282 1860 340 1905 ε’.
385 1826 411 1903 ι’
447 1826 579 1907 ’0τὶ
625 1826 901 1927 ἀλλότριοι
950 1826 1330 1930 ἐπανέστησαν
1375 1861 1463 1915 ἐπ’
1500 1826 1639 1933 ἐμέο
1684 1862 1779 1917 καὶ

1953 1852 2121 1909 Vens.
2164 1854 2218 1908 5.
2264 1871 2283 1905 ι
2320 1853 2587 1920 Quoniam
2619 1853 2782 1908 alieni
2816 1856 3229 1909 insurrexerunt
3261 1855 3454 1911 adver-

224 1947 287 2019 [δ’
308 1947 365 1999 ού
388 1945 547 2001 τοῦτο
576 1947 758 2017 μόνον,
790 1948 930 2004 ἀλλά
957 1949 1075 2023 καὶ]
1110 1951 1367 2022 κραταιοὶ
1389 1951 1658 2024 ἐζήτησαν
1682 1956 1781 2021 τὴν

222 2037 383 2108 ψυχήν
415 2054 539 2107 μου.
579 2057 597 2089 ι
634 2041 870 2111 Δέομαί,
899 2042 1034 2112 φησὶ
1078 2041 1179 2112 τῆς
1225 2044 1323 2113 σῆς
1364 2044 1706 2116 ἐπικουρίας,
1736 2039 1782 2100 ὧ

224 2129 478 2194 Δέσποτα,
499 2128 573 2201 [⁵⁵
600 2130 697 2183 καὶ
724 2131 1033 2205 άντιδολῆς]
1057 2133 1162 2186 ύπδ
1179 2133 1461 2206 δυσμενῶν
1486 2138 1779 2207 ἐλαυνόμε-

222 2239 317 2285 νος,
343 2220 572 2294 πλείστῃ
608 2222 872 2296 δυνάμειο
912 2223 981 2298 [⁵⁸
1015 2225 1130 2280 ἀλλ’
1162 2227 1311 2298 ὅμως
1336 2228 1652 2301 ἀνθρωπείᾳ
1687 2230 1781 2285 καὶ

220 2313 379 2383 ταύτῃ
430 2313 695 2386 πολυθεῒᾳ
737 2315 1150 2390 κεκρατημένῃ]
1203 2317 1643 2391 τεθαρρηκότων,
1687 2321 1783 2375 καὶ

220 2406 427 2476 θανάτῳ
473 2423 541 2476 με
594 2405 930 2479 παραδοῦναι
967 2408 1296 2465 ποθούντων.
1346 2410 1530 2465 Ταῦτα
1574 2411 1633 2466 δὲ
1661 2413 1782 2466 κατ’

223 2498 349 2567 ἐμοῦ
390 2497 689 2568 τολμῶσιν,
732 2499 923 2570 ἐπειδὴ
942 2498 1041 2564 τὴν
1078 2500 1176 2571 σὴν
1211 2502 1467 2573 πρόνοιαν
1502 2502 1779 2570 ἀγνοοῦσι,

222 2588 282 2660 [⁸⁷
326 2588 529 2659 μᾶλλον
584 2589 680 2643 καὶ
731 2590 903 2661 αὐτῆς
953 2592 1402 2665 καταφρονοῦσι.]
1453 2594 1626 2648 Τοῦτο
1674 2596 1783 2668 γάρ

222 2680 489 2753 ἐπήγαγεν
521 2679 691 2734 simini
719 2680 767 2713 ⁸⁸
795 2697 810 2713 ο
854 2700 871 2734 ι
909 2684 1016 2735 Καὶ
1048 2684 1109 2736 οὐ
1167 2684 1459 2755 προέθεντο
1506 2685 1600 2739 τὸν
1650 2685 1784 2741 Θεὸν

224 2771 439 2825 ἐνώπιον
468 2770 669 2827 αὐτῶν.
708 2791 728 2826 ι
772 2771 959 2829 Ταῦτα
994 2774 1051 2828 δέ
1077 2773 1250 2838 οὕτως
1274 2775 1557 2841 ἱκετεύσας
1585 2777 1652 2843 ⁸⁸,
1683 2778 1785 2848 τῆς

223 2863 313 2916 οὐκ
358 2865 441 2927 εἰς
476 2863 698 2936 μακρὰν
730 2866 999 2938 ἐσομένης
1032 2868 1354 2940 ἐπικουρίας
1397 2869 1498 2940 τὴν
1536 2869 1785 2942 πρόγνω-

226 2970 298 3008 σιν
325 2955 497 3027 ἐκϐοᾷ
520 2956 591 3011 ³⁸.

285 3055 358 3113 ς’,
391 3048 463 3113 ζ’.
509 3066 531 3101 ι
577 3048 712 3104 Ἰδοὺ
758 3050 868 3124 γάρ
906 3054 936 3105 ὁ
967 3051 1099 3118 Θεδς
1136 3052 1321 3127 βοηθεῖ
1350 3071 1460 3124 μοι,
1493 3054 1591 3110 καὶ
1620 3058 1649 3110 ὁ
1672 3055 1785 3110 Κύ-

1882 1958 1978 1998 sus
2009 1959 2115 2008 me,
2161 1952 2217 1998 et
2263 1941 2398 2015 [non
2449 1943 2553 1998 boc
2604 1953 2835 2007 tantum,
2890 1944 2987 2000 sed
3037 1945 3224 2018 etiam]
3280 1945 3450 2001 fortes

1880 2035 2252 2107 quaesiverunt
2276 2037 2513 2090 animam
2544 2052 2743 2090 meam.
2773 2056 2791 2087 ι
2827 2036 2947 2093 Τυο
2974 2038 3204 2105 auxilio,
3237 2040 3335 2103 ait,
3369 2039 3451 2094 in-

1879 2129 2057 2199 digeo,
2089 2144 2124 2184 ο
2160 2127 2412 2195 Domine,
2464 2129 2540 2201 [et
2578 2128 2856 2201 praesidio]
2885 2130 2954 2185 ab
2994 2130 3230 2187 inimicis
3262 2134 3447 2202 exagi-

1881 2230 2027 2278 tatus
2050 2222 2143 2292 qui
2168 2238 2377 2291 magnzn
2406 2238 2519 2279 sua:
2546 2223 2803 2292 potentia:
2836 2221 2982 2295 [quas
3006 2233 3185 2278 tamen
3212 2226 3445 2278 humana

1879 2322 1965 2368 est
2015 2322 2071 2367 et
2114 2314 2411 2369 multorum
2447 2314 2675 2369 deorum
2718 2315 2977 2385 opinione
3008 2314 3174 2386 956
3204 2316 3452 2371 contine—

1883 2404 1994 2479 tur]
2026 2406 2330 2470 conlidunt,
2366 2415 2420 2461 et
2459 2407 2595 2461 milii
2624 2414 2855 2460 mortem
2888 2406 3090 2462 inferre
3117 2408 3449 2465 desiderant.

1881 2498 2053 2553 Porro
2084 2498 2201 2554 haec
2230 2509 2417 2554 contra
2461 2515 2547 2553 me
2583 2499 2805 2559 audent.
2846 2499 3105 2569 quoniam
3142 2509 3287 2554 tuam
3324 2516 3453 2570 pro-

1879 2588 2176 2644 videntiam
2236 2591 2488 2660 ignorant
2528 2588 2664 2661 [imo
2708 2605 2927 2659 quoque
2971 2605 3092 2643 eam
3140 2589 3449 2661 spernunt].

1881 2679 1997 2737 Hoc
2038 2682 2185 2737 enim
2229 2682 2532 2752 subiunxit,
2565 2682 2752 2737 dicens
2785 2699 2800 2736 :
2841 2700 2861 2735 ι
2901 2680 2969 2736 Ει
3001 2697 3109 2737 non
3154 2689 3455 2753 posuerunt

1880 2774 2054 2830 Deum
2098 2774 2154 2829 in
2185 2785 2483 2846 conspectu
2520 2789 2645 2848 suo.
2687 2793 2708 2827 ι
2744 2774 2881 2830 Cum
2912 2782 3095 2830 autem
3136 2775 3209 2830 ita
3242 2775 3453 2846 suppli-

1881 2876 2085 2935 casset,
2132 2883 2290 2939 opem
2338 2869 2489 2925 brevi
2525 2869 2629 2925 sibi
2660 2868 2940 2925 ferendam
2983 2884 3320 2939 cognoscens
3359 2886 3453 2926 ex-

1881 2960 2081 3014 eiamat
2105 2979 2119 3014 :

1950 3050 2119 3109 Vsns.
2160 3052 2214 3119 6,
2258 3053 2311 3108 7.
2358 3071 2377 3104 ι
2416 3050 2556 3109 Ecce
2598 3054 2746 3109 enim
2791 3056 2936 3111 Deus
2982 3054 3205 3124 adjuvat
3246 3068 3355 3117 me,
3399 3061 3453 3107 et

228 3156 327 3209 μος
355 3140 706 3216 ﬁntme?
740 3144 839 3215 τῆς
879 3142 1060 3216 ψυχῆς
1098 3163 1200 3217 μου
1239 3146 1308 3201 “.
1353 3147 1702 3223 Ἀποστρέψῃ
1733 3150 1780 3183 ⁵²

1889 3143 2153 3202 Dominus
2173 3153 2257 3204 est
2284 3146 2583 3203 auxiliator
2608 3148 2805 3202 animae
2832 3163 2985 3204 meae.
3016 3152 3030 3167 ‘
3053 3147 3280 3202 Avertcs
3309 3146 3453 3200 mala

223 3233 283 3287 τά
321 3234 471 3288 κακά
513 3237 625 3300 τοῖς
673 3236 883 3308 ἐχθροῖς
913 3254 1038 3307 μου.
1088 3256 1108 3291 ι
1149 3237 1220 3312 [⁵⁸
1245 3238 1394 3294 Ἀντὶ
1434 3242 1550 3311 τοῦ,
1586 3243 1787 3300 λάκκον

222 3325 428 3397 ὤρυξαν
471 3328 569 3382 καὶ
613 3328 925 3400 ἁνὲσκαψαν
952 3330 1135 3397 αὐτὸν,
1172 3332 1268 3387 καὶ
1306 3334 1673 3405 ἐμπεσοῦνται
1704 3338 1785 3401 εἰς

224 3419 405 3491 βόθρον
432 3420 496 3475 ὃν
531 3422 881 3492 εἰργάσαντο.
934 3424 1045 3477 Καὶ
1076 3424 1265 3479 λοιπὸν
1288 3427 1382 3480 καὶ
1418 3426 1479 3480 τὸ
1524 3429 1787 3497 πανάγιον

224 3512 308 3565 τοῦ
333 3510 473 3566 Θεοῦ
502 3514 729 3582 Πνεῦμα
751 3514 1064 3585 ἐπεύχεται,
1083 3516 1142 3571 ἐν
1168 3518 1246 3589 τῷ
1272 3518 1506 3593 είπεϊν,]
1546 3538 1565 3572 ι
1594 3523 1703 3576 Καὶ
1729 3523 1787 3577 ἐν

221 3609 279 3678 τῇ
306 3607 540 3679 ἀληθείᾳ
574 3625 667 3660 σου
694 3608 1072 3679 ὲξολόθρευσον
1106 3610 1326 3675 αὐτούς.
1368 3632 1387 3664 ι

282 3713 350 3767 η.
399 3715 421 3749 ι
477 3697 773 3772 Ἑκουσίως
805 3697 953 3753 θύσω
986 3716 1093 3756 σοι.
1148 3720 1167 3753 ι
1220 3702 1360 3771 Ἐγὼ
1390 3703 1446 3758 δὲ
1486 3705 1554 3769 “,
1600 3708 1785 3777 φησὶν,

222 3788 318 3841 ύπὺ
342 3789 450 3861 τῆς
492 3790 593 3859 σῆς
620 3787 937 3860 δὲδίδαγμαι
962 3791 1207 3863 χάριτος,
1242 3793 1320 3859 ὡς
1350 3796 1450 3866 ἐμὲ
1498 3798 1596 3868 μὲν
1621 3800 1785 3866 ἀξιὼ-

226 3894 329 3942 σεις
365 3878 652 3950 προνοίας,
685 3882 800 3942 τοῖς
830 3880 888 3933 δέ
928 3881 1050 3934 κατ’
1086 3883 1223 3953 ἐμοῦ
1256 3885 1563 3956 τυρευθεῖσι
1596 3892 1787 3954 κακοῖς

223 3974 338 4036 τοὺς
384 3972 563 4026 ταῦτα
605 3973 1056 4043 τεκταινομένους
1086 3976 1420 4047 περιϐαλείς,
1454 3980 1550 4034 καὶ
1572 3981 1787 4035 δικαίαν

227 4065 339 4119 κατ’
364 4064 550 4118 αὐτῶν
580 4064 809 4132 ἐξοίσεις
834 4065 934 4137 τὴν
960 4066 1159 4137 ψῆφον.
1194 4069 1363 4124 Τοῦτο
1398 4070 1507 4142 γὰρ
1533 4073 1786 4144 σημαίνει

228 4156 299 4221 τὸ,
331 4176 350 4208 ι
378 4156 472 4210 Ἐν
497 4159 565 4228 τῇ
591 4156 820 4228 ἀληθείᾳ
850 4174 943 4211 σου
970 4159 1351 4230 ἐξολόθρευσον
1380 4162 1597 4229 αὐτοὺς,
1634 4166 1788 4219 ἐκουι

231 4248 347 4313 σίως
393 4246 545 4301 θύσω
577 4265 681 4303 σοι.
724 4268 744 4302 ι
784 4249 923 4318 Ἐγὼ
968 4249 1025 4303 δὲ
1075 4251 1281 4305 τούτων
1321 4253 1658 4319 ἀπολαύσας,
1692 4260 1788 4310 σὺν

227 4342 365 4413 πάσῃ
400 4342 686 4413 προθυμίᾳ
711 4342 811 4407 τὰς
841 4343 1110 4415 θυμήρεις
1154 4362 1237 4400 σοι
1274 4348 1550 4419 προσοίσω
1575 4351 1784 4417 θυσίας.

226 4436 327 4490 Καὶ
348 4436 621 4490 διδάσκων
647 4437 749 4507 τῆς
777 4438 1091 4510 ἱερουργίας
1115 4439 1176 4492 τὸ
1200 4435 1361 4504 εἶδος,
1400 4441 1681 4512 ἐπήγαγεν
1700 4459 1715 4474 ’

288 4633 314 4662 ι
344 4617 464 4675 Act.
494 4633 575 4683 ιιι,
593 4617 648 4671 6.

1888 3240 2127 3297 inimicis
2153 3239 2315 3297 meis.
2352 3260 2371 3294 ι
2400 3240 2536 3314 [Hoc
2562 3250 2663 3310 est,
2696 3241 2904 3298 foveam
2940 3250 3203 3312 pararunt
3232 3241 3452 3312 quidem

1884 3341 1943 3387 et
1986 3330 2291 3387 eﬂ’oderunt
2327 3347 2470 3397 eam,
2516 3333 2612 3389 sed
2647 3333 2888 3389 incident
2932 3335 2986 3388 in
3033 3334 3237 3389 fossam
3285 3348 3454 3403 quam

1884 3423 2152 3481 fecerant.
2194 3426 2267 3480 De
2299 3426 2511 3496 reliquo
2539 3436 2792 3482 sanctum
2832 3428 2995 3482 etiam
3034 3438 3287 3497 precatur
3327 3424 3454 3497 Spi-

1889 3518 2072 3581 ritum,
2118 3518 2247 3573 dum
2287 3517 2443 3589 dicit]
2476 3535 2492 3572 :
2529 3540 2546 3569 ι
2577 3517 2643 3573 Ει
2691 3520 2745 3575 in
2799 3520 3025 3574 veritate
3076 3527 3166 3573 tua
3200 3517 3461 3589 disperde

1886 3609 2031 3665 illos.
2074 3628 2091 3661 ι

1960 3702 2123 3756 Vens.
2174 3702 2229 3757 8.
2294 3720 2311 3753 ι
2356 3700 2675 3756 Voluntarie
2729 3700 3050 3756 sacriﬁcabo
3104 3700 3225 3755 tibi.
3264 3719 3283 3751 ι
3342 3700 3455 3769 Εαο

1887 3804 2089 3855 autem,
2139 3793 2333 3862 inquit,
2382 3808 2477 3862 per
2512 3801 2660 3846 tuam
2696 3793 2996 3847 bonitatem
3030 3792 3257 3847 edoctus
3303 3807 3453 3856 sum,

1888 3884 2005 3939 fore
2032 3892 2093 3939 ut
2115 3899 2201 3938 me
2230 3892 2325 3939 tuo
2350 3884 2557 3939 auxilio
2583 3884 2846 3954 digneris,
2876 3892 2931 3939 et
2960 3885 3119 3939 malis
3147 3895 3337 3939 contra
3368 3900 3459 3940 me

1888 3977 2221 4047 comparatis
2252 3977 2468 4031 illorum
2496 3986 2750 4031 auctores
2780 3975 3109 4038 circumdes,
3137 3975 3459 4045 justamqne

1888 4079 2077 4124 contra
2118 4069 2266 4138 ipsos
2309 4069 2635 4124 sententiam
2674 4067 3018 4137 pronunties.
3057 4066 3170 4121 lloe
3198 4066 3343 4121 enim
3377 4065 3454 4121 si-

1889 4161 2157 4227 gniﬁcat:
2211 4178 2230 4212 ι
2272 4159 2329 4213 1η
2374 4160 2603 4214 veritate
2642 4168 2733 4213 tua
2769 4158 3022 4228 disperde
3065 4158 3208 4221 illos,
3258 4158 3454 4212 volun-

1891 4254 2034 4308 tarie
2063 4252 2384 4308 sacriﬁcabo
2426 4250 2546 4306 tibi.
2592 4269 2609 4301 ι
2654 4250 2766 4320 Ego
2798 4265 2928 4305 vero
2959 4251 3073 4304 inec
3100 4257 3451 4313 consecutus,

1889 4346 2038 4401 omni
2086 4360 2209 4401 cum
2258 4346 2438 4400 studio
2466 4354 2616 4415 grata
2651 4344 2745 4398 tibi
2791 4342 3059 4399 sacriﬁcia
3102 4341 3350 4397 oﬁ‘eram.
3389 4339 3457 4395 Et

1889 4442 2090 4495 docens
2121 4437 2373 4494 sacriﬁcii
2404 4452 2596 4507 genus,
2637 4435 2878 4492 subdidit
2909 4454 2922 4490 :

1279 4774 1512 4829 VARIA‘]
1572 4773 1958 4830 LECTIONES
2017 4774 2104 4828 ET
2131 4772 2364 4829 ΝΟΤᾹΞ.

291 4887 343 4960 ’ᾗ
365 4888 530 4953 Θεός.
562 4886 736 4960 cod.j
777 4888 901 4942 add.
930 4887 1097 4955 λέγει.
1173 4890 1217 4923 ³³
1246 4895 1385 4944 Σου.
1412 4890 1535 4947 Des.
1563 4892 1618 4944 in
1649 4893 1771 4947 cod.

1929 4891 1973 4923 ³⁵
2006 4894 2127 4956 Είς.
2164 4891 2286 4946 cod.
2322 4890 2530 4960 ιπρός.

1570 4963 1615 4994 ³³
1637 4963 1759 5017 cod.

1891 4961 1927 5014 2
1965 4955 2278 5031 xptv'aicpe
2303 5000 2317 5025 ,
2357 4955 2531 5031 quam,
2556 4955 3456 5031 lectionemAbabentquidanrli-

225 4957 407 5011 addito
434 4959 574 5012 colo.
688 4958 732 4990 ³⁷
772 4960 911 5013 Σου.
949 4960 1115 5015 Abest
1172 4976 1203 5015 a
1237 4962 1361 5015 cod.
1409 4961 1462 5016 1.

2608 4889 2655 4921 ³⁸
2684 4888 2805 4943 cod.
2830 4886 2866 4940 2
2893 4888 2922 4938 ὁ
2943 4886 3083 4949 θεῖος
3114 4886 3459 4951 Ἀπόστολος,

225 5028 305 5102 bri
339 5037 573 5102 ve_tere_s.
648 5028 693 5102 ff
724 5027 961 5102 Δίκαιος
984 5030 1313 5102 φησίεςοίά.
1352 5031 1386 5102 1
1412 5030 1780 5102 καὶίδυνάμειι

1889 5033 1960 5102 άρ
1988 5026 2145 5102 (priet.
2180 5026 2283 5085 Ista
2312 5026 2494 5102 autem
2516 5029 2721 5102 δίκαιος
2748 5026 3041 5102 -Αάδίκως
3080 5027 3237 5102 aliter
3272 5042 3330 5102 se
3360 5027 3458 5102 lia-

226 5098 350 5172 bent
382 5097 551 5172 Cord.
579 5106 621 5153 t.
650 5097 715 5160 ll,
746 5113 799 5167 p.
837 5098 956 5172 55._
988 5095 1216 5172 “mod.
1305 5101 1599 5172 πολεμοῦσί
1637 5095 1725 5172 με.

1889 5095 2076 5172 ΕέόιΪ.
2125 5100 2147 5153 1
2198 5101 2377 5172 suppl.
2412 5098 2457 5130 δ’
2479 5099 2757 5172 Δέξαι-
2776 5097 3092 5172 superem.-
3118 5095 3243 5172 llaec
3266 5095 3457 5172 _Atha_-

226 5168 382 5246 {Iasio
417 5168 729 5246 tribuuntur
748 5164 895 5246 apud
916 5167 1083 5246 Cord_.
1114 5188 1183 5246 p._
1372 5170 1417 5246 δέ
1436 5164 1483 5227 Ε
1513 5164 1685 5246 οοιιξρ
1716 5172 1903 5246 suppl.
1970 5171 2091 5246 ff_E
2117 5171 2242 5246 cod.
2269 5164 2317 5223 ἰ’
2336 5170 2527 5246 ειη)ρῇ
2592 5169 2638 5200 ⁸⁸
2732 5164 2854 5221 cod.
2936 5166 3130 5246 suppl.‘
3192 5164 3237 5196 ⁸⁸
3264 5164 3316 5246 Ε.
3336 5167 3456 5219 cod.

232 5239 251 5310 ί
282 5236 463 5310 suppl.
538 5238 582 5269 "
616 5236 828 5310 βορά.Δ
856 5238 885 5310 l
918 5235 1132 5309 supplf
1172 5241 1217 5273 ‘3
1248 5240 1466 5295 Είπών.
1502 5242 1621 5296 end.
1656 5242 1679 5294 l
1716 5242 1780 5295 διε

1889 5242 1937 5295 iv
1956 5241 2094 5310 Δἐξῆς
2117 5240 2310 5310 λέγων.
2387 5235 2458 5271 δ”
2478 5239 2849 5310 Ἰνσςτιεςύσᾳς.Δ
2873 5235 3132 5310 ιηπεοάηλι
3166 5236 3413 5310 sequitur
3436 5255 3449 5288 :

238 5307 295 5361 '0
322 5304 500 5380 μέγας
517 5308 693 5380 ᾏΔαδίδ
710 5325 724 5339 ⁸
747 5307 843 5361 καὶ
870 5304 1129 5362 ὄσοίκατ⁹
1159 5311 1363 5363 ἐκεῖνον
1388 5312 1682 5378 ὑπέμειναν
1709 5312 1807 5365 καὶ
1838 5304 2167 5380 ὑπομένουσι
2192 5304 2454 5378 ’πόλεμον
2483 5308 2724 5380 δέξονται
2741 5306 2815 5370 ὡς
2834 5307 3040 5380 ἐκεῖνος
3068 5307 3097 5357 ὁ
3122 5305 3315 5373 μέγας.
3339 5304 3462 5358 Μα-

226 5376 355 5445 9m
393 5376 586 5441 David,
617 5388 665 5432 et
688 5386 941 5447 quotquot
979 5380 1049 5432 ad
1080 5381 1197 5450 ejus
1226 5376 1519 5449 exemplum
1542 5382 1924 5443 sustinuerunt,
1950 5376 2050 5434 ὐεί
2096 5380 2272 5433 adhuc
2296 5376 2561 5433 sustinent
2595 5376 2811 5441 bellum,
2864 5376 3118 5445 accipient
3161 5386 3462 5443 utmagnus

227 5447 332 5500 ille.
369 5446 427 5500 ln
457 5448 582 5502 cod.
613 5449 647 5503 2
670 5458 793 5512 post
822 5447 1105 5512 ἱκετεύσας
1144 5452 1390 5512 sequitur
1418 5451 1648 5512 δέχεται.
1724 5452 1770 5482 ⁵ο
1792 5450 2018 5512 Ἐκϐοᾷ.
2051 5452 2173 5504 cod.
2200 5451 2249 5503 ί.
2277 5450 2434 5512 (Colo
2459 5450 2523 5502 ad
2568 5447 2797 5512 prieeed.
2831 5460 3015 5499 vocem
3053 5444 3356 5512 prazmisso)
3380 5444 3462 5496 διὸ

230 5461 332 5528 me:
369 5461 427 5500 tn
457 5461 582 5502 cou.
613 5461 647 5503 2
670 5461 793 5516 post
822 5461 1105 5513 ικετευσας
1144 5461 1390 5521 seqvitur
1418 5461 1648 5520 δέχεται.
1724 5461 1770 5482 ⁰⁰

230 5515 355 5596 E02).
386 5517 511 5570 cod.
610 5517 854 5596 καί-βοᾷ.
901 5519 1223 5596 ,δί-Ψίιίχῆς
1240 5539 1384 5596 μορ.
1412 5520 1468 5573 In
1498 5522 1615 5596 cod.
1644 5522 1780 5596 [εει]

1893 5461 2018 5517 ὅοᾳ.
2051 5461 2173 5504 cod.
2200 5461 2249 5503 1.
2277 5461 2434 5512 (mlo
2459 5461 2523 5502 at]
2568 5461 2797 5514 premet].
2831 5461 3015 5499 vocem
3053 5461 3356 5512 praemisso;
3380 5461 3461 5496 οιο

1889 5538 1947 5575 ur
1959 5540 1984 5596 _:
2008 5520 2219 5596 ’Ἄλλως
2244 5518 2303 5571 δὲ
2325 5520 2471 5596 λέγει
2494 5536 2508 5547 '
2558 5516 2714 5596 ’Ῐᾷοὺ
2747 5518 2780 5569 ό
2810 5514 3297 5596 Θςὸςικαὶθηατὴρ

228 5584 427 5653 θεῒμοι
443 5601 462 5663 ζ
472 5588 576 5663 καί
590 5591 622 5641 ό
644 5584 870 5663 Κρῤιός
881 5588 1049 5655 ἡμῶν
1063 5584 1308 5663 ’[ἠὰὸῧς
1324 5591 1577 5663 Χριστὸς
1598 5595 1630 5645 ὀ
1646 5584 1987 5663 Υἱὸς-ἀὺτοῦ
2007 5593 2040 5643 ὀ
2053 5584 2789 5663 μονογενὴςᾴντιλήᾳττωρ
2808 5584 3142 5663 τῆξ-ψυχῆς
3150 5601 3290 5651 μου.
3308 5584 3463 5663 filius

232 5663 405 5708 autem
427 5654 599 5711 dicit:
622 5677 641 5707 ι
670 5654 801 5711 Ecce
830 5654 966 5709 Deus
995 5669 1041 5711 et
1074 5654 1237 5713 Pater
1270 5654 1347 5713 est
1366 5654 1603 5726 'adjutor
1628 5654 1793 5727 meus,
1822 5671 1872 5715 et
1908 5654 2167 5714 Dominus
2201 5654 2375 5713 noster
2402 5659 2560 5711 Jesus
2597 5658 2839 5727 Christus
2863 5654 2911 5707 F
2915 5655 3038 5707 ilius
3077 5654 3190 5723 ejus
3226 5655 3464 5724 unigeni-
3572 5674 3579 5683 ·

236 5734 315 5800 tu:
347 5733 425 5800 est
453 5727 740 5800 auxiliatur
764 5729 960 5781 animm
989 5746 1133 5781 mem.
1167 5748 1185 5780 ι
1264 5732 1309 5761 ⁵³
1358 5731 1755 5800 Ἀσίου-τρέψῃ.
1781 5726 1938 5786 Hanc
1966 5731 2252 5785 lectionem
2289 5729 2449 5785 habet
2482 5729 2567 5800 ed.
2608 5726 3078 5800 Gompl._pra:stat
3116 5733 3299 5780 autem
3346 5741 3458 5780 rec.

242 5794 400 5850 lectio
456 5796 805 5869 ἀποστρέψει,
844 5815 1005 5867 quam
1067 5799 1229 5855 etiam
1282 5800 1443 5855 habet
1471 5794 1591 5856 cod.
1632 5794 1679 5856 1⁷.
1704 5794 1776 5833 ”⁵

1907 5802 2024 5857 cod.
2060 5803 2080 5856 1
2116 5800 2292 5873 suppl.
2370 5800 2414 5830 δι
2447 5797 2539 5853 Δέ.
2575 5797 2695 5853 cod.
2727 5794 2911 5867 [γάρ.
