3902 6492
503 375 637 442 1237

1487 388 1979 451 THEODOHETI
2020 390 2365 453 EPISCOPI
2396 392 2771 454 CYRENSIS

3597 406 3709 474 1268

573 515 593 546 α
631 491 697 546 Et
746 490 1050 550 conﬁtebor
1094 497 1303 551 nomini
1356 507 1471 562 tuo,
1532 499 1779 566 Domine,
1811 503 2072 571 quoniam

2255 520 2274 552 ι
2322 498 2826 574 Ἐξομολογήσομαι
2877 502 2953 574 τῷ
2999 503 3225 575 ὀνόματί
3256 522 3369 572 σου,
3420 511 3604 585 Κύριε,
3646 522 3713 578 ὅτι

498 587 705 641 bonum
738 596 841 641 est:
875 585 1068 659 [Vsns.
1099 589 1179 662 9.]
1207 590 1481 657 Quoniam
1513 608 1578 646 ex
1604 594 1754 648 omni
1781 594 1944 665 957
1975 596 2076 650 tri-

497 676 778 732 l:ulatione
805 679 1061 749 eripuisti
1092 696 1201 745 me,
1228 691 1283 736 et
1310 681 1363 735 in
1395 682 1636 738 inimicis
1670 684 1809 739 meis
1842 685 2080 741 oblecta-

495 768 699 823 tionem
741 768 876 823 vidit
901 772 1099 828 oculus
1125 788 1299 828 meus.
1344 792 1362 823 ι
1399 774 1746 830 Sacriﬁcium
1782 776 1959 830 laudis
1990 776 2079 831 of-

495 858 668 916 feram
702 863 825 931 tibi,
860 874 951 919 tua
987 865 1248 920 beneﬁcia
1284 882 1571 921 θηδττιιιιε.
1621 870 1733 925 Hoc
1760 871 1906 925 enim
1940 872 2077 926 mihi

494 954 652 1019 utile,
688 966 739 1012 et
774 956 1055 1029 [omnibus
1084 976 1112 1013 a
1152 970 1201 1014 te
1229 959 1433 1027 adjutis
1463 960 1552 1033 ac]
1591 962 1689 1016 tibi
1717 973 1931 1033 gratum
1968 975 2073 1021 est.

492 1046 710 1105 Justum
751 1061 933 1108 autem
970 1062 1074 1115 cst,
1124 1062 1182 1106 ut
1213 1054 1315 1107 hoc
1347 1055 1569 1119 faciam,
1601 1057 1693 1126 qui
1719 1058 1787 1112 ab
1817 1058 2075 1114 omnibus

493 1142 898 1199 calamitatibus
932 1144 1193 1200 liberatus
1225 1146 1445 1211 fuerim,
1490 1147 1695 1216 quique
1722 1148 2073 1204 inimicorum

492 1233 774 1290 interitum
822 1236 1075 1291 viderim.
1115 1236 1429 1310 [Dominum
1468 1248 1649 1293 autem
1687 1240 2071 1296 universorum

492 1327 595 1382 hoc
612 1329 943 1384 sacriﬁcium
963 1331 1236 1402 respicere
1253 1340 1651 1388 commemorat
1665 1333 1829 1388 etiam
1849 1347 2071 1389 sanctus

487 1416 714 1474 Paulus.
744 1423 1083 1491 Argumenta
1115 1425 1261 1479 enim
1289 1440 1321 1480 a
1352 1424 1731 1480 misericordia
1774 1427 1867 1479 Dei
1898 1426 2070 1495 petito

489 1508 616 1564 illos
641 1511 735 1581 qui
772 1512 965 1582 gratiae
992 1512 1119 1569 facti
1149 1524 1278 1571 sunt
1316 1514 1633 1585 participes.
1669 1515 1947 1580 admonet,
1981 1515 2069 1569 di-

2184 594 2406 662 ἀγαθόν.
2439 592 2556 667 [θ’.]
2577 596 2700 648 Ὅτι
2725 596 2789 648 ἐκ
2819 595 3001 669 πάσης
3030 596 3264 667 θλίψεως
3288 601 3496 672 ἑρῤύεω
3521 625 3583 677 με
3602 626 3614 641 ο
3638 617 3715 668 καὶ

2181 688 2238 738 ὲν
2262 688 2377 749 τοῖς
2405 686 2623 759 ἐχθροῖς
2656 704 2756 757 μου
2792 688 3003 742 ἐπεῖδεν
3046 691 3075 742 6
3106 689 3385 762 ὀφθαλμός
3431 712 3542 765 μου.
3579 718 3597 753 ι
3623 702 3716 774 Τὴν

2179 776 2279 846 τῆς
2302 776 2565 841 αἰνέσεως
2593 794 2676 831 σοι
2708 778 2986 849 προσοίσω
3016 777 3235 848 θυσίαν,
3266 782 3367 845 τάς
3392 784 3486 849 σὰς
3515 787 3557 820 ⁸⁸
3586 791 3715 864 εὐερ-

2178 866 2369 934 γεσίας
2418 868 2653 936 διεξιών.
2709 870 2880 923 Τοῦτο
2928 871 3038 943 γὰρ
3086 872 3260 944 κάμοὶ
3318 874 3598 948 ὠφέλιμον,
3640 888 3717 939 καὶ

2179 954 2248 1027 [⁵⁸
2281 958 2417 1010 πᾶσι
2444 960 2559 1022 τοῖς
2593 958 2701 1012 ὑπὸ
2743 959 2836 1012 σοῦ
2879 960 3269 1033 βοηθουμένοις
3314 965 3428 1039 καὶ]
3463 970 3540 1021 σοὶ
3578 988 3715 1026 κατα-

2178 1048 2391 1121 θύμιον.
2427 1051 2649 1106 Δίκαιον
2686 1051 2745 1105 δὲ
2792 1053 2951 1108 τοῦτο
2992 1054 3039 1087 ⁸⁷
3083 1058 3285 1123 ποιεῖν,
3336 1058 3428 1110 καὶ
3462 1064 3715 1135 συμφορῶν

2177 1142 2562 1211 ἀπαλλαγέντα
2611 1145 2997 1213 παντοδαπῶν,
3046 1148 3145 1200 καὶ
3190 1150 3304 1201 τῶν
3347 1149 3606 1221 πολεμίων
3644 1157 3715 1209 τδν

2176 1235 2402 1307 ὄλεθρον
2439 1236 2796 1307 θεασάμενον.
2835 1237 2904 1311 [⁵⁸
2937 1239 3059 1293 Ὅτι
3092 1238 3153 1293 δὲ
3182 1240 3395 1311 ταύτην
3428 1238 3531 1295 οἶδε
3559 1243 3716 1301 θυσίαν

2176 1330 2206 1381 ὀ
2234 1328 2344 1382 τῶν
2372 1328 2510 1384 ὅλων
2555 1330 2855 1401 Δεσπότης,
2900 1332 2996 1384 καὶ
3037 1332 3065 1385 6
3103 1334 3380 1403 μακάριος
3419 1334 3614 1400 Παῦλος
3640 1341 3715 1406 μέ-

2180 1436 2378 1491 μνηται
2396 1437 2410 1450 ·
2440 1421 2890 1492 συμπαραλαϐὼν
2918 1423 3039 1494 μεθ’
3064 1423 3265 1478 ἑαυτοῦ
3287 1426 3414 1489 τοὺς
3441 1428 3716 1501 οίκτιρμοῦς

2175 1512 2270 1566 τοῦ
2301 1512 2436 1566 Θεοῦ
2480 1514 2575 1567 καὶ¹
2606 1514 2945 1585 παρακαλῶν
2978 1516 3106 1580 τοὺς
3131 1517 3439 1588 τροφίμους
3470 1520 3563 1589 τῆς
3590 1525 3715 1595 χάρι-

487 1617 662 1659 cens:
704 1623 722 1657 ι
764 1604 1045 1661 Adhortor
1092 1615 1277 1663 autem
1329 1623 1426 1663 vos
1477 1624 1573 1678 per
1609 1607 1706 1663 Dei
1754 1607 2070 1663 misericor-

2172 1621 2285 1671 τος,
2315 1604 2491 1674 λέγων
2525 1605 2698 1670 οὕτως
2724 1620 2738 1639 ⁶
2796 1627 2817 1659 ι
2876 1608 3192 1681 Παρακαλῶ
3237 1609 3296 1662 δὲ
3340 1610 3484 1680 ὑμᾶς
3524 1612 3603 1666 διὰ
3628 1615 3715 1668 τῶν

487 1695 655 1763 diam,
714 1706 775 1752 ut
829 1714 1059 1769 corpora
1111 1712 1291 1756 vestra
1345 1700 1585 1756 offeratis
1632 1716 1731 1755 ceu
1783 1700 2067 1756 victimam

2173 1697 2476 1768 οἰκτιρμῶν
2526 1698 2622 1752 τοῦ
2669 1698 2806 1752 Θεοῦ
2841 1703 3197 1772 παραστῆσαι
3229 1700 3302 1755 τὰ
3334 1701 3551 1773 σώματα
3589 1706 3714 1776 ὑμῶν

486 1789 704 1857 vivam,
742 1802 990 1846 sanctam
1016 1832 1032 1857 ,
1096 1793 1319 1864 Deoquc
1361 1802 1677 1863 acceptam:
1720 1811 1739 1843 ι
1778 1791 1844 1847 Et
1886 1792 2066 1863 qualis

2173 1793 2365 1848 θυσίαν
2390 1794 2595 1861 ζῶσαν,
2641 1795 2822 1864 ἁγίαν,
2859 1798 3158 1868 εὐάρεστον
3205 1796 3286 1868 τῷ
3314 1797 3452 1869 Θεῷ.
3493 1818 3512 1851 ›
3546 1801 3643 1854 Καὶ
3672 1804 3713 1856 τί

487 1882 561 1937 sit
593 1884 755 1953 hujus
784 1886 1040 1941 sacriﬁcii
1065 1884 1262 1951 forma,
1286 1886 1560 1957 explicant
1587 1901 1650 1941 ea
1682 1901 1804 1956 qum
1826 1901 2069 1959 sequun-

2172 1887 2234 1940 τὸ
2261 1882 2401 1950 εἶδος
2441 1886 2546 1957 τῆς
2593 1887 2785 1952 θυσίας
2814 1890 3157 1960 ήρμήνευσεν
3188 1892 3250 1944 ὲν
3269 1889 3349 1963 τῷ
3394 1893 3574 1958 εἰπεῖν,
3602 1914 3619 1947 ι
3643 1894 3711 1951 διὰ

489 1984 581 2030 tur
611 1993 627 2030 :
664 1998 681 2030 ι
722 1993 817 2048 per
846 1979 1053 2034 cultum
1082 1990 1324 2037 vestrum
1360 1979 1679 2035 rationalem
1698 1979 1749 2033 ιτ.
1791 1977 1839 2050 ι]

907 2094 1185 2150 INTERP.
1226 2092 1478 2150 PSALMI
1520 2094 1657 2169 LIV,

560 2183 727 2245 Vsus.
769 2188 821 2243 1.
870 2208 887 2241 ι
926 2188 985 2245 In
1018 2190 1177 2245 ﬁnem
1216 2209 1227 2243 :
1260 2190 1319 2244 In
1346 2190 1582 2262 hymnis,
1626 2190 1934 2247 intellectus
1966 2191 2072 2247 Da-

485 2277 621 2334 vidi.
666 2298 687 2333 ι
725 2281 1003 2337 Psalmum
1050 2283 1199 2338 hunc
1238 2283 1376 2338 dixit
1412 2284 1607 2339 beatus
1637 2284 1829 2350 David,
1880 2299 2004 2339 cum
2040 2300 2071 2339 a

490 2369 654 2428 Saule
709 2377 1147 2444 persecutionem
1196 2386 1495 2447 pateretur,
1552 2392 1790 2446 cumque
1835 2378 2073 2435 extorris

486 2475 657 2531 esset,
693 2477 747 2522 et
783 2467 837 2523 iu
885 2469 1187 2526 solitudine
1226 2470 1426 2541 degere
1459 2481 1766 2541 cogeretur.
1796 2469 2075 2526 Vaticina-

489 2567 581 2612 tur
626 2568 810 2615 autem
861 2563 1069 2631 pariter
1115 2560 1429 2617 Iudaeorum
1482 2572 1676 2617 contra
1731 2561 2070 2619 Salvatorem

490 2648 779 2723 Deumque
823 2665 1075 2711 nostrum
1120 2655 1367 2722 insidias,
1406 2665 1571 2725 atque
1609 2656 1663 2709 in
1705 2671 1766 2711 se
1804 2656 1925 2726 ipso
1963 2656 2073 2712 Do-

489 2743 625 2797 mini
675 2748 957 2802 cruciatus
1005 2746 1319 2802 adumbrat.
1366 2744 1501 2801 Nam
1548 2757 1603 2802 et
1644 2747 1764 2817 ipse
1805 2761 1837 2801 a
1882 2743 2069 2813 Saule,

488 2849 653 2904 quem
691 2836 974 2894 beneliciis
1008 2838 1286 2904 alI‘ecerat,
1332 2841 1619 2910 expulsus,
1667 2848 1721 2894 et
1760 2853 1793 2893 a
1838 2838 2071 2908 quihus-

488 2929 616 2981 dam
682 2928 1051 2988 familiaribus
1106 2932 1357 3003 proditus
1412 2945 1572 2999 erat,
1631 2942 1687 2988 et
1736 2932 2071 3004 propheticis

487 3020 669 3079 oculis
716 3021 1008 3080 Dominum
1048 3024 1383 3095 praevidehat
1414 3025 1520 3080 hoc
1570 3025 1712 3081 idem
1752 3039 2068 3096 passurum,

486 3124 543 3171 ct
586 3116 656 3171 ab
696 3115 765 3173 iis
792 3133 935 3188 quos
969 3119 1233 3175 beneﬁcio
1267 3119 1523 3175 alIecerat
1574 3118 1913 3189 prodendum
1947 3134 2072 3177 esse

2181 1996 2201 2029 ι
2224 1978 2323 2049 τῆς
2368 1977 2595 2049 λογικῆς
2619 1980 2774 2050 ὑμῶν
2801 1981 3079 2053 λατρείας,
3104 1980 3152 2054 ι]

2490 2095 2758 2150 ΕΡΜΗΝ.
2801 2096 2939 2150 ΤΟΥ
2976 2097 3082 2150 NA'
3114 2098 3443 2152 ΨΑΛΜΟΥ.

2244 2190 2314 2239 α’.
2360 2205 2380 2236 ι
2410 2183 2506 2255 Εἰς
2534 2186 2598 2240 τὸ
2627 2186 2797 2254 τέλος,
2844 2188 2933 2241 Ἑν
2975 2187 3187 2258 ὕμνοις,
3242 2189 3503 2253 συνέσεως
3536 2190 3603 2261 τῷ
3630 2194 3711 2245 Aa-

2173 2275 2276 2329 6ίδ.
2327 2294 2346 2328 ι
2392 2275 2594 2348 Εἵρηκε
2612 2277 2710 2348 μὲν
2753 2277 2844 2331 τὸν
2893 2277 3108 2348 ψαλμὸν
3158 2280 3187 2332 6
3248 2280 3587 2351 μακάριοςιπ
3625 2287 3707 2337 Aa.-

2172 2366 2259 2420 ὁὶδ
2287 2367 2392 2422 ὑπὸ
2419 2368 2514 2422 τοῦ
2549 2368 2721 2423 Σαοὺλ
2748 2370 3100 2441 διωκόμενος,
3129 2372 3232 2426 καὶ
3268 2374 3589 2444 μετανάστης
3620 2393 3693 2443 γε.

2171 2459 2416 2531 νόμενος,
2456 2461 2515 2513 ὲν
2547 2462 2739 2533 ἐρήμῳ
2766 2479 2825 2515 τε
2853 2462 3083 2531 διάγειν.
3113 2463 3577 2534 ἀναγκαζόμενος*
3599 2482 3701 2535 προσ

2173 2554 2420 2619 θεσπίζει
2449 2554 2507 2609 δὲ
2536 2556 2680 2610 κατὰ
2708 2557 2904 2611 ταυτὸν
2929 2558 3023 2611 καὶ
3050 2558 3154 2622 τὰς
3183 2560 3303 2612 τῶν
3332 2557 3578 2613 Ἰουδαίων
3597 2562 3706 2613 κατὰ

2169 2644 2266 2697 τοῦ
2300 2644 2552 2718 Σωτῆρος
2585 2647 2631 2677 ⁸ο
2665 2646 2983 2712 ἐπιϐουλὰς,
3013 2648 3106 2701 καὶ
3136 2648 3197 2701 ἐν
3251 2647 3430 2719 ὲαυτῷ
3461 2647 3501 2678 ⁸⁸
3530 2647 3707 2719 προδια-

2171 2737 2375 2809 γράφει
2410 2738 2458 2769 ³⁸
2498 2738 2569 2792 τὰ
2603 2739 2699 2793 τοῦ
2729 2741 3001 2794 Δεσπότου
3037 2741 3085 2773 ⁸³
3121 2739 3445 2810 παθήματα.
3492 2740 3637 2803 Αὐτός
3660 2756 3706 2792 τε

2171 2830 2283 2903 γὰρ
2308 2830 2415 2886 ὑπὸ
2443 2831 2538 2886 τοῦ
2568 2833 3021 2904 εὐεργετηθέντος
3054 2833 3232 2888 Σαοὺλ
3275 2833 3608 2904 ἐξηλαύνετο·
3635 2834 3707 2885 καὶ

2172 2925 2278 2979 ὑπό
2303 2941 2469 2979 τινων
2504 2926 2802 2998 γνωρίμων
2843 2926 3179 2998 προυδίδοτο,
3213 2926 3313 2979 καὶ
3351 2925 3442 2979 τὸν
3480 2923 3709 2993 Δεσπότην

2172 3015 2435 3090 προεώρα
2458 3020 2574 3083 τοῖς
2604 3017 2698 3071 τοῦ
2738 3018 3049 3089 πνεύματος
3077 3017 3383 3089 ὀφθαλμοῖς
3407 3016 3559 3071 ταυτὸ
3584 3013 3711 3069 τοῦτο

2171 3111 2519 3183 πεισόμενον,
2553 3112 2648 3165 κα)⁸
2677 3110 2783 3164 ὑπὸ
2814 3111 2923 3165 τῶν
2949 3108 3010 3166 εὗ
3043 3111 3404 3166 πεπονθότων
3430 3108 3708 3182 προδοθηὼ

485 3207 657 3280 958
684 3224 750 3264 ac
778 3210 929 3266 cruci
959 3210 1311 3283 aﬂigendum.
1344 3210 1555 3266 Idcirco
1581 3218 1637 3265 et
1663 3211 1720 3264 in
1749 3209 1907 3280 ﬁnem
1939 3210 2071 3266 titu-

2176 3205 2338 3277 μενόν
2364 3222 2427 3259 τε
2456 3205 2553 3261 καὶ
2584 3205 3128 3277 σταυρωθησόμενον.
3170 3206 3279 3261 Διά
3325 3222 3409 3259 τοι
3448 3203 3593 3257 τοῦτο
3633 3202 3706 3255 καὶ

488 3301 575 3358 lus
630 3303 1297 3374 legentem’transmittit,
1343 3319 1581 3374 eumque
1621 3303 2067 3370 commonefacit,

485 3404 547 3450 ut
580 3397 647 3450 ad
678 3411 744 3451 ea
772 3412 894 3466 quae
922 3396 1185 3452 dicuntur
1215 3395 1508 3467 prudenter
1556 3395 1820 3462 attendat,
1867 3395 2070 3453 latente

484 3486 708 3559 quidem
750 3488 1156 3544 vaticinationis
1185 3487 1479 3554 sententia,
1512 3495 1638 3557 post
1664 3495 1901 3543 tractum
1928 3496 2068 3544 tem-

484 3583 636 3651 poris
663 3590 847 3638 autem
887 3582 1094 3638 exitum
1145 3582 1424 3637 habitura.
1468 3581 1702 3650 Insuper
1732 3579 1876 3636 inter
1905 3580 2065 3653 hym-

483 3689 591 3730 nos
638 3673 732 3730 hic
781 3674 1034 3745 psalmus
1075 3673 1282 3729 relatus
1323 3682 1431 3737 est,
1483 3672 1777 3742 quamdam
1812 3672 2065 3728 umbram

482 3766 699 3823 habens
742 3765 1042 3823 Dominica:
1082 3766 1287 3823 crucis.
1336 3764 1553 3821 Iustum
1596 3765 1743 3820 enim
1792 3773 1879 3821 est
1936 3780 2063 3821 eum

481 3874 699 3929 semper
746 3858 1044 3924 celebrare,
1118 3858 1214 3929 qui
1272 3873 1374 3929 pro
1421 3856 1707 3912 hominum
1744 3858 1920 3912 salute
1951 3857 2065 3928 pati

481 3952 774 4008 sustinuit.
810 3956 882 4007 At
928 3964 1091 4009 nemo
1136 3949 1430 4006 verborum
1476 3949 1840 4006 humilitatem
1884 3959 2066 4007 atten-

478 4044 636 4110 deus,
670 4044 786 4099 haec
815 4046 835 4066 ‘
874 4042 1098 4114 indigna
1141 4042 1485 4097 humanitate
1531 4039 1835 4097 Salvatoris
1871 4040 2065 4098 existi-

479 4145 613 4193 met.
649 4136 975 4194 Consideret
1021 4144 1205 4192 autem
1254 4151 1383 4191 eum
1432 4136 1528 4205 qui
1580 4134 1694 4199 fel,“
1717 4143 1771 4190 et
1821 4148 2059 4202 acetum,

479 4238 536 4284 ct
565 4229 777 4297 clavos,
812 4239 869 4285 et
900 4229 1110 4300 spinas,
1144 4240 1200 4285 et
1225 4240 1410 4299 sputa,
1453 4238 1507 4282 et
1545 4227 1754 4298 alapas,
1791 4236 1847 4283 et
1878 4227 2062 4283 omnia

478 4321 775 4392 opprobria
802 4321 1084 4385 sustinuit,
1118 4330 1172 4376 et
1202 4322 1418 4377 tandem
1448 4327 1683 4374 mortem
1709 4318 1902 4386 subiit,
1934 4334 2060 4374 vero

478 4413 679 4470 borum
709 4413 971 4470 vilitatem
1005 4430 1113 4469 non
1150 4416 1453 4484 respuisse.
1487 4411 1694 4466 Debent
1718 4410 1864 4465 enim
1894 4410 2061 4467 verba

478 4508 647 4564 rebus
680 4508 993 4564 convenire.
1036 4507 1214 4578 Ipsius
1265 4516 1446 4563 autem
1486 4524 1592 4565 vox
1627 4518 1756 4565 est:
1796 4524 1816 4557 ‹
1857 4505 2059 4561 Discite

2169 3298 2258 3364 εις
2285 3296 2354 3351 τὸ
2382 3296 2560 3363 τέλος
2592 3298 2627 3366 ἡ
2649 3296 2933 3367 ἐπιγραφὴ
2975 3295 3343 3368 παραπέμπει
3372 3294 3459 3348 τὸν
3483 3292 3704 3362 ἐντυγχά-

2170 3405 2354 3454 νοντα,
2407 3388 2505 3442 καὶ⁵
2553 3388 2790 3453 συνετῶς
2842 3387 2891 3420 ⁸⁸
2938 3389 3231 3459 προσέχειν
3283 3390 3398 3451 τοῖς
3441 3386 3706 3457 λεγομένοις

2168 3483 2482 3555 παρεγγυᾷ,
2506 3482 2582 3546 ὼς
2610 3484 2706 3553 τῆς
2739 3482 3088 3554 προφητικῆς
3116 3482 3362 3547 διανοίας
3407 3478 3707 3551 κεκαλυμμέ-

2167 3593 2287 3647 νης,
2335 3574 2430 3628 καὶ
2460 3576 2598 3645 μετὰ
2638 3574 2832 3645 χρόνον
2870 3575 3170 3646 δεχομένης
3208 3575 3274 3628 τὸ
3311 3574 3481 3639 τέλος.
3521 3570 3705 3642 Πρδςδὲ

2167 3666 2399 3732 τούτοις,
2443 3665 2537 3719 καὶ
2586 3667 2699 3728 τοῖς
2743 3665 2936 3735 ὕμνοις
2982 3668 3011 3718 6
3044 3664 3263 3736 ψαλμὸς
3315 3665 3703 3735 ὲγκατείλεκτσι,

2169 3761 2539 3832 σκιαγραφίαν
2569 3762 2691 3816 τινὰ
2714 3761 2854 3832 ἔχων
2881 3763 2926 3794 ⁸⁸
2959 3761 3068 3816 τῶν
3105 3756 3455 3817 Δεσποτικῶν
3489 3760 3703 3831 παθημά-

2165 3872 2296 3909 των.
2354 3854 2573 3907 Δίκαιον
2630 3853 2741 3925 γὰρ
2789 3855 2879 3909 ἀεὶ
2932 3855 3123 3924 ὑμνεῖν
3176 3855 3272 3909 τὸν
3335 3854 3502 3910 ταῦτα
3543 3853 3701 3907 παθεῖν

2166 3947 2309 4019 ὑπὲρ
2335 3950 2433 4019 τῆς
2456 3947 2566 4000 τῶν
2600 3944 2908 4017 ἀνθρώπων
2942 3947 2989 3979 ⁸⁸
3022 3946 3353 4019 ἀνεχόμενον
3380 3948 3423 3980 ⁸⁷
3452 3944 3699 4015 σωτηρίας.

2164 4040 2327 4093 Ἀλλὰ
2354 4039 2541 4111 μηδεὶς
2559 4042 2624 4111 τῇ
2652 4039 3001 4111 ταπεινότητι
3021 4041 3128 4094 τῶν
3154 4042 3417 4112 ῥημάτων
3440 4039 3697 4111 προσέχων,

2163 4132 2361 4198 ἀνάξια
2393 4131 2566 4186 ταῦτα
2607 4131 2849 4203 ἡγείσθω
2876 4132 2977 4202 τῆς
3009 4132 3055 4165 ⁸⁸
3085 4132 3181 4185 τοῦ
3213 4130 3466 4204 Σωτῆρος
3502 4126 3698 4201 Χριστοῦ

2162 4225 2651 4297 ἐνανθρωπήσεως.
2682 4224 2963 4280 Σκοπείτω
2991 4225 3071 4293 δὲ,
3109 4226 3187 4290 ὡς
3224 4226 3411 4298 χολῆς,
3440 4224 3529 4278 καὶ
3555 4222 3696 4289 ὄξους.

2162 4322 2256 4375 καὶ
2293 4321 2462 4391 ἥλων,
2509 4319 2606 4374 καὶ
2654 4319 2929 4384 ἀκανθῶν,
2966 4320 3061 4373 καὶ
3099 4320 3505 4391 ὲμπτυσμάτων
3540 4332 3591 4368 τε
3624 4312 3697 4366 καὶ

2162 4412 2525 4483 ραπισμάτων
2565 4412 2630 4476 ⁸⁵,
2680 4410 2775 4464 καὶ
2819 4412 3002 4481 πάσης
3045 4411 3415 4483 ἀνασχόμενος
3454 4408 3499 4441 ⁷⁸
3536 4420 3696 4476 παροι-

2160 4504 2301 4568 νίας,
2338 4503 2433 4557 καὶ
2461 4502 2522 4556 τὸ
2550 4502 2859 4555 τελευταῖον
2890 4502 3326 4573 καταδεξάμενος
3364 4502 3593 4564 θάνατον,
3617 4496 3695 4549 οὐκ

477 4614 511 4654 a
546 4614 653 4666 me,
693 4600 824 4670 quia
855 4598 1001 4655 mitis
1045 4614 1191 4665 sum,
1232 4607 1289 4654 et
1322 4598 1547 4656 humilis
1585 4598 1773 4661 corde,
1809 4606 1863 4651 et
1902 4595 2054 4650 inve-
2088 4644 2089 4650 η

2172 4595 2227 4649 iv
2272 4596 2317 4629 "
2365 4596 2540 4664 λόγων
2577 4596 2943 4665 ταπεινότητα
2986 4596 3361 4667 παρῃτήσατο.
3417 4587 3693 4658 Κατάλληὶα

477 4692 643 4748 nietis
668 4691 913 4762 requiem
938 4708 1037 4763 pro
1060 4691 1355 4747 animabus
1380 4692 1580 4748 vestris
1602 4703 1651 4748 ο.
1684 4710 1703 4742 ι
1733 4689 1799 4744 Ει
1820 4704 2010 4745 rursus
2038 4705 2052 4743 :

488 4799 508 4833 α
543 4780 857 4837 Mandatum
910 4782 1119 4852 accepi,
1167 4780 1299 4852 quid
1350 4781 1552 4848 dicam,
1598 4781 1801 4852 quidve
1834 4780 2051 4849 loquar,

552 4920 581 4961 ιι
616 4919 777 4975 Rom.
801 4935 900 4986 xu,
934 4921 985 4975 1.
1064 4930 1087 4958 ε
1110 4919 1300 4975 Matth.
1332 4935 1408 4985 χι,
1439 4917 1532 4975 ‘29.

2164 4690 2275 4760 γὰρ
2322 4685 2464 4743 εἶναι
2512 4688 2583 4742 τὰ
2640 4690 2863 4761 ῥήματα
2910 4688 3176 4761 προσήκει
3223 4690 3336 4750 τοῖς
3391 4686 3688 4758 πράγμασιν.

2163 4782 2341 4837 Αὐτοῦ
2368 4782 2426 4836 δέ
2452 4782 2600 4836 ἐστιν
2628 4783 2661 4853 ἡ
2691 4783 2738 4814 ⁷⁸
2782 4782 2932 4853 φωνή
2954 4798 2969 4814 ο
3016 4802 3035 4833 α
3076 4781 3292 4836 Μὰθετε
3326 4781 3419 4834 ἀπ’
3459 4775 3601 4848 ἐμοῦ,
3627 4774 3688 4824 ὅτι

1574 5057 1803 5115 νΑιιιλΕ
1846 5056 2233 5116 LECTIONES
2260 5057 2353 5113 ΕΤ
2378 5055 2611 5113 NOTAE.

549 5175 599 5207 ⁸⁸
631 5173 769 5241 Σὰς.
794 5174 960 5230 Abest
990 5190 1018 5245 a
1050 5173 1171 5229 cod.
1207 5175 1259 5228 1.
1315 5174 1363 5207 ⁸⁸
1396 5173 1435 5226 Ε
1464 5174 1590 5245 cod.
1621 5174 1647 5228 1
1674 5174 1851 5245 suppl.
1914 5177 1963 5209 ⁸⁷
1992 5173 2089 5231 Τοί

2172 5196 2198 5229 ν.
2227 5173 2355 5229 cod.
2394 5175 2421 5229 1
2455 5187 2644 5245 ριξωω.
2679 5170 2768 5243 μέ.
2844 5171 2893 5245 ⁵⁸
2922 5169 3114 5245 Ecod.
3145 5170 3171 5224 1
3214 5167 3389 5245 suppl;
3448 5166 3490 5196 ⁸⁹
3520 5159 3684 5245 Magi.

470 5248 819 5380 533$.
857 5244 1261 5386 ἒιέἰέῖῗέὑτῷῗ

480 5387 527 5417 ⁸⁸
557 5387 678 5457 φά.
714 5386 750 5439 ἰ).
796 5386 1059 5456 συνεχῶς.
1153 5388 1199 5418 ⁸⁵
1230 5387 1353 5442 cod.
1382 5386 1418 5439 2
1467 5387 1744 5457 παρέχων.

1233 5245 1279 5277 ⁸⁸
1320 5243 1616 5313 Σωτῆρος.
1668 5243 1794 5301 cod.
1847 5245 1875 5300 1
1915 5246 2069 5301 addit
2100 5248 2195 5299 καὶ
2221 5245 2357 5299 Θεοῦ

1339 5316 1384 5347 ⁸⁸
1408 5314 1860 5385 προδιαγράφει.
1894 5318 2017 5372 cod.
2050 5316 2076 5369 1
2117 5332 2305 5387 praem.
2335 5316 2365 5368 6
2391 5314 2701 5385 προφήτης.
2794 5314 2839 5344 ⁸³
2870 5351 2875 5365 ι

1339 5426 1353 5439 .
1382 5386 1418 5439 2
1467 5387 1744 5457 παρέχων.
1853 5388 1897 5418 ⁸⁸
1946 5388 2306 5457 Ἀνθρώπων.
2360 5387 2485 5442 cod.
2524 5384 2561 5439 2
2606 5384 2875 5457 οὐρανῶν.

2643 5232 2809 5313 quam
2862 5241 3152 5313 lecuouem
3211 5232 3410 5313 Gai-ala
3436 5232 3681 5313 cypressit.

2794 5312 2839 5344 ⁸³
2870 5312 3198 5365 Δεσπότου.
3232 5311 3351 5364 cod.
3383 5308 3415 5360 9..
3450 5308 3678 5371 Σωτῆρος.

2975 5383 3017 5412 ⁸⁷
3050 5382 3172 5435 oud.
3210 5381 3259 5434 1.
3314 5375 3679 5445 ἀναδεχόμενον.

2397 5243 2556 5315 ἡμῶν
2575 5286 2591 5311 ν

481 5457 528 5531 ff
732 5466 786 5511 et
813 5448 1505 5531 ἀείιῖζίεήένανθρωπήσεως
1534 5448 1654 5531 des.
1687 5458 1740 5531 in
1765 5458 1886 5513 cod.
1997 5448 2089 5531 In]

2172 5458 2204 5512 Ι.
2234 5457 2260 5512 1
2290 5458 2392 5531 leg.
2425 5458 2527 5531 τῆς
2556 5455 2651 5509 τοῦ
2675 5448 2819 5531 ’Θεοῦ
2849 5455 2943 5531 xu}.
2971 5454 3223 5531 Σωτῆρος
3246 5448 3677 5531 ἐξανθρωπήσεῳξο

385 5530 389 5534 ’
482 5520 688 5581 Deinde
719 5530 970 5605 sequitur
1000 5529 1055 5605 in
1095 5520 1216 5605 cod:
1250 5520 1477 5605 [μηδὲ
1504 5527 1666 5605 πάλιν
1699 5528 1774 5592 ὡς
1814 5531 1893 5605 εἰς
1922 5528 2089 5605 ἄνθριι

2172 5545 2228 5605 ον
2257 5520 2562 5605 είρῆμένὲν
2598 5527 2751 5597 σχοίη
2771 5520 3220 5605 resinam“;
3247 5522 3345 5604 τῆς
3375 5520 3497 5605 περῖ
3516 5520 3674 5605 :91“:

482 5614 575 5650 nec
619 5614 776 5664 porro
800 5584 858 5651 'ut
891 5599 959 5651 ad
1008 5600 1267 5653 hominem
1298 5584 1464 5651 dicta.
1504 5597 1713 5653 Habeat
1748 5584 2089 5669 quid'emrtale

2180 5602 2245 5653 de
2281 5584 2341 5653 eo
2369 5584 2691 5666 opinionem.
2741 5584 2813 5628 ’⁸⁸
2845 5596 2975 5669 “Kai
2995 5584 3423 5669 ’ᾔαέιόμάὲωνκ
3445 5584 3674 5669 '"hbest‘a

482 5670 604 5720 cod.
637 5670 690 5721 ὲ.

769 5670 815 5701 ⁷⁸
845 5671 966 5723 cod.
991 5669 1025 5722 9.
1048 5651 1440 5741 ἀνασχόμενον,
1470 5682 1523 5724 et
1545 5651 1743 5725 deinde

2172 5651 2235 5725 iv,
2289 5651 2350 5701 V'”
2380 5651 2670 5731 έὰνατον,
2695 5669 2805 5720 οὐκ
2828 5666 2925 5741 ἄν.
2960 5651 3171 5741 lii-cod.
3191 5651 3413 5741 isequ.
3445 5651 3675 5741 :lvanto'g;

484 5737 704 5811 θανάτῳ
734 5727 1306 5809 κεκρατημένους”δίά
1336 5727 1438 5809 τῆς
1466 5741 1831 5811 παραϐάσεως
1868 5727 2085 5811 πριῦἶτού
2114 5741 2209 5794 τοῦ
2242 5738 2531 5811 ἀνθρώπου
2582 5736 2966 5811 ἀπαθανατίση
3002 5753 3016 5764 ’
3048 5735 3127 5811 διὸ
3152 5732 3389 5811 οὐδὲ-τὴν
3411 5727 3523 5786 τῶν,
3544 5733 3669 5811 ,ξμς-ξ

490 5806 558 5859 Ut
583 5802 787 5878 eos'qui
823 5802 1005 5899 mortis
1042 5811 1259 5899 imperio
1286 5812 1348 5862 ob
1382 5802 2300 5899 primihoministransgressionem
2327 5802 2547 5879 subjecti
2588 5820 2756 5873 cram,
2793 5802 3118 5861 inmortales
3156 5807 3414 5866 redderet;
3439 5802 3673 5867 propterea

488 5894 687 5943 quoque
715 5892 829 5934 art.
908 5880 951 5956 τ’
987 5880 1066 5938 Ἡ.
1101 5880 1221 5936 cod.
1262 5882 1287 5935 1
1316 5880 1409 5935 τοῦ
1432 5882 1721 5935 Δεσπότου.
