3902 6484
232 354 363 421 1%9

1593 362 1676 423 IN
1722 364 1923 424 PSAL.
1963 363 2109 426 LIV.

3338 358 3474 424 1270

230 473 398 545 πρᾶός
440 472 557 542 εἰμι
592 473 687 527 καὶ
731 474 989 539 ταπεινὸς
1022 477 1090 548 τῇ
1127 476 1352 548 καρδίᾳ,
1402 478 1497 532 καὶ
1537 480 1798 549 εὑρήσετε

1907 489 1957 536 et
1993 480 2129 534 nihil
2160 494 2189 535 a
2220 494 2308 534 me
2336 479 2456 548 ipso
2490 475 2633 533 facio
2655 476 2707 531 ἀ.
2749 494 2767 527 ι
2808 473 2873 531 Ει
2912 494 2923 530 :
2968 493 2987 526 ι
3024 474 3167 531 Deus
3206 478 3301 543 mi,
3329 476 3474 533 Deus

229 566 529 621 ἀνάπαυσιν
556 566 677 628 ταῖς
701 564 899 636 ψυχαῖς
928 567 1102 636 ὐμῶν.
1149 589 1167 620 ι
1212 569 1322 622 Καὶ
1346 569 1529 635 πάλιν,
1570 590 1588 622 ι
1624 570 1798 624 Ἐντο-

232 657 323 728 λὴν
372 655 561 709 ἔλαϐον
595 658 643 689 ⁷³
688 656 742 710 τί
787 658 947 722 εἴπω,
995 659 1090 712 καὶ
1140 659 1192 713 τί
1236 660 1471 731 λαλήσω,
1505 663 1600 716 καὶ
1650 664 1801 718 οὐδὲν

233 749 321 803 ἀπ’
347 746 391 779 ⁷⁸
420 748 657 818 ἐμαυτοῦ
684 748 842 801 ποιῶ.
889 768 909 802 ι
950 750 1077 814 Καὶ,
1116 769 1135 803 ι
1175 752 1273 805 Θεέ
1306 770 1406 823 μου
1428 754 1498 817 ⁷⁵,
1529 754 1631 807 Θεέ
1672 772 1798 825 μου,

236 841 367 895 Evasi
410 857 476 910 με
514 841 907 910 ἐγκατέλιπες;
945 863 963 896 ›
1008 844 1194 898 Ταῦτα
1225 845 1302 910 δὲ,
1334 846 1428 899 καὶ
1456 847 1524 899 τὰ
1551 846 1798 911 τοιαῦτα,

237 932 583 1001 ἀνθρωπίνως
626 934 925 1001 ἐφθέγγετο
971 936 1040 999 ⁷⁸,
1090 935 1183 987 καλ⁵
1226 936 1269 966 ⁷⁷
1314 935 1412 1007 τὴν
1457 936 1801 1009 ἀνθρωπείαν

240 1023 388 1093 φύσιν
414 1023 801 1090 ὑποδεικνύων,
827 1026 919 1079 καὶ
945 1026 1242 1097 οἰκοδομῶν
1270 1027 1369 1099 τὴν
1396 1027 1506 1081 τῶν
1524 1030 1799 1083 Ἰουδαίων

238 1115 528 1170 ἀσθένειαν,
566 1115 831 1170 Ἐνταῦθα
861 1116 1045 1187 μέντοι
1069 1120 1097 1171 6
1123 1119 1266 1183 θεῖος
1289 1118 1455 1173 Δαϐὶδ
1481 1120 1575 1173 καὶ
1597 1119 1696 1188 τὴν
1716 1120 1798 1181 είς

242 1208 416 1263 ἐαυτὸν
463 1210 839 1279 γεγενημένην
887 1209 1104 1263 ἀδικίαν
1142 1210 1403 1274 διδάσκει,
1440 1212 1534 1263 καὶ
1572 1213 1672 1280 τὴν
1719 1213 1797 1271 είς

241 1301 325 1355 τόν
356 1300 629 1370 Δεσπότην
652 1303 697 1332 ⁷⁸
728 1301 982 1374 [Χριστὸν
1028 1304 1119 1357 τὸν
1151 1303 1284 1356 Θεὸν
1327 1302 1505 1373 ήμῶν]
1536 1304 1797 1374 ἐσομένην

244 1392 645 1463 προδιαγράφει,
704 1398 769 1467 τῇ
830 1396 1088 1466 κοινωνίᾳ
1154 1395 1262 1448 τῶν
1318 1396 1662 1467 παθημάτων
1709 1397 1799 1448 ἐν·

244 1482 614 1554 αϐρυνὸμενος,
652 1486 749 1538 καὶ
787 1486 1066 1556 μονονουχὶ
1101 1486 1237 1556 βοῶν
1280 1487 1415 1557 μετά
1440 1487 1534 1540 τοῦ
1561 1487 1795 1552 Παύλου,

250 1596 269 1627 ι
298 1573 430 1643 Ἐγὼ
476 1576 547 1629 τὰ
585 1576 860 1647 στίγματα
901 1578 993 1631 τοῦ
1039 1579 1247 1649 Κυρίου
1274 1577 1454 1647 Ἰησοῦ
1500 1581 1557 1631 ἐν
1590 1578 1668 1649 τῷ
1696 1579 1800 1631 σώο

244 1666 365 1738 ματί
398 1684 497 1736 μου
528 1668 803 1737 βαστάζω.
842 1688 861 1720 ι
903 1669 968 1741 [τθ
995 1672 1071 1723 Οὐ
1108 1672 1266 1741 μόνον
1309 1671 1364 1724 δὲ
1412 1674 1438 1725 6
1486 1672 1794 1742 Προφήτης,

240 1758 366 1812 ἀλλά
398 1759 490 1811 καὶ
531 1759 928 1824 ἆπαντες’ὅσοι
969 1762 1056 1815 διὰ
1101 1762 1160 1815 τὸ
1195 1763 1365 1834 ὄνομα
1407 1763 1568 1817 αὐτοῦ
1615 1781 1798 1817 κοινω-

1902 570 2001 635 mi,
2032 584 2133 625 cur
2166 567 2508 638 dereliquisti
2534 581 2621 622 me
2653 566 2716 618 οἳ
2753 585 2771 617 ι
2813 565 2940 620 Hice
2974 580 3136 635 porro
3185 576 3237 620 et
3271 567 3473 621 similia

1902 665 2146 716 humano
2178 676 2330 716 more
2358 660 2525 731 959
2554 659 2773 713 locutus
2807 665 2912 720 est,
2950 667 3003 711 et
3038 658 3332 712 humanam
3375 674 3473 713 ua-

1899 762 2079 808 turam
2111 752 2431 817 ostendens,
2461 760 2515 806 et
2539 749 2857 804 Judaeorum
2887 749 3312 804 imbecillitatem
3343 763 3476 816 qna-

1900 846 1947 901 si
1975 846 2268 900 aedilicans.
2306 843 2408 899 llic
2444 845 2611 915 igitur
2640 842 2861 899 divinus
2912 840 3079 895 David
3117 850 3172 895 et
3210 841 3473 909 iniquita-

1899 945 2007 992 tem
2032 936 2085 990 in
2119 951 2178 992 se
2211 944 2477 1006 patratam
2528 935 2707 999 docet,
2730 942 2784 988 et
2805 932 3044 987 futuram
3068 940 3257 987 contra
3284 931 3473 986 Domi-

1899 1045 2029 1084 num
2064 1025 2369 1101 [Christum
2401 1026 2571 1081 Deum
2600 1024 2873 1095 nostrum]
2916 1024 3247 1094 impietatem
3286 1024 3477 1079 adum—

1900 1119 2047 1179 brat,
2081 1118 2147 1172 de
2173 1117 2560 1172 communione
2588 1116 2932 1170 crueiatuum
2961 1115 3266 1178 exsultans,
3293 1124 3346 1168 et
3365 1113 3477 1169 fere

1900 1225 2024 1264 cuin
2073 1208 2243 1261 Paulo
2293 1207 2612 1260 exclamans
2663 1226 2676 1259 :
2739 1224 2756 1256 ‹
2798 1205 2907 1274 Ego
2955 1205 3209 1274 stigmata
3257 1204 3474 1258 Domini

1898 1303 2103 1356 Christi
2138 1299 2267 1355 Jesu
2300 1300 2353 1353 in
2386 1314 2613 1368 corpore
2642 1314 2764 1352 meo
2797 1307 2954 1368 porto
2983 1297 3025 1351 ί.
3064 1318 3080 1347 ›
3120 1296 3257 1367 [Non
3294 1307 3473 1352 autem

1899 1393 2170 1464 Propheta
2207 1402 2441 1456 tantum,
2470 1392 2564 1445 sed
2599 1392 2760 1445 etiam
2798 1406 2991 1445 omnes
3024 1390 3079 1456 ii,
3116 1391 3209 1459 qui
3240 1405 3337 1459 per
3370 1406 3471 1443 no—

1898 1499 2019 1537 men
2036 1484 2155 1552 ejus
2174 1483 2464 1552 participes
2488 1479 2611 1534 faeti
2638 1488 2765 1533 sunt
2782 1480 3089 1548 passionum
3115 1479 3254 1547 ejus,
3274 1478 3475 1547 glorili—

1899 1576 2171 1631 cabuntur
2204 1593 2218 1628 :
2256 1582 2415 1644 prout
2450 1572 2669 1626 divinus
2714 1570 2916 1625 Paulus
2949 1571 3084 1625 dicit
3132 1591 3144 1622 :
3192 1588 3209 1619 ‹
3250 1570 3307 1623 Si
3368 1585 3477 1624 una

1897 1668 2156 1737 patimur,
2186 1676 2245 1719 ut
2269 1664 2431 1719 etiam
2456 1680 2559 1718 una
2585 1664 2948 1734 glorilicemur
2973 1664 3019 1717 ε.
3062 1682 3081 1712 ι
3120 1661 3187 1715 Et
3221 1662 3322 1717 hoc
3354 1662 3478 1733 qui-

1899 1759 2022 1817 dem
2063 1758 2166 1814 sibi
2222 1757 2343 1811 vult
2382 1756 2685 1824 inscriptio,
2730 1754 2842 1809 imo
2900 1755 3068 1809 totius
3112 1752 3226 1807 fere
3287 1754 3479 1823 psalmi

238 1851 377 1904 νοῦσι
421 1854 534 1913 τοῖς
566 1852 881 1923 παθήμασιν
920 1853 1109 1918 αὐτοῦ,
1139 1856 1589 1926 δοξασθήσονται·
1632 1855 1800 1910 καθά-

1907 1857 2303 1921 argumentum.
2335 1847 2603 1917 Incipiens
2634 1863 2762 1901 vero
2790 1846 3060 1916 Propheta
3091 1846 3171 1899 sic
3199 1844 3437 1915 inquit]:

236 1960 335 2014 περ
376 1944 404 1996 ὁ
443 1941 585 2008 θεῖος
632 1944 873 2007 Παῦλοςο
916 1965 933 1998 ι
970 1947 1143 2019 Εἴπερ
1190 1948 1599 2018 συμπάσχωμεν
1653 1947 1739 2000 ἴνα
1782 1944 1878 1998 καὶ
1915 1940 2381 2011 συνδοξασθῶμεν.
2419 1959 2439 1992 ι
2469 1939 2579 1992 Καὶ
2603 1938 2742 2008 αῦτη
2776 1940 2872 2010 μὲν
2903 1938 3003 2006 τῆς
3043 1935 3354 2006 ἐπιγραφῆς
3384 1932 3485 1989 καὶ

234 2041 410 2112 σχεδὸν
448 2040 543 2093 τοῦ
574 2025 837 2112 παρόντος
868 2043 1083 2114 ψαλμοῦ
1118 2047 1152 2115 ή
1195 2044 1454 2114 δύναμις-
1487 2043 1867 2114 ἀπαρχόμενος
1889 2040 1945 2093 δὲ
1974 2041 2003 2093 6
2030 2038 2321 2109 Προφήτης
2349 2035 2520 2098 οὕτως
2548 2034 2650 2106 ἔφη

296 2129 360 2199 β’,
395 2126 466 2197 γ’.
505 2148 523 2180 ι
559 2128 842 2183 Ἐνώτισαι
870 2133 897 2184 6
929 2131 1063 2195 Θεὸς
1084 2134 1185 2203 τὴν
1217 2135 1524 2205 προσευχήν
1554 2151 1678 2205 μου,
1704 2133 1801 2187 καὶ

232 2220 304 2290 μὴ
329 2218 597 2292 ὐπερίδῃς
626 2219 724 2292 τὴν
752 2221 934 2292 δέησίν
964 2242 1087 2294 μου.
1136 2226 1379 2296 Πρόσχες
1414 2242 1504 2296 μοι
1554 2226 1650 2279 καὶ
1687 2227 1801 2279 είσ-

227 2312 456 2368 ἁκουσόν
486 2330 611 2383 μου.
640 2333 658 2366 ι
689 2316 986 2387 Διαφόρους
1008 2318 1245 2380 ἱκετείας
1271 2317 1593 2387 προσφέρειν
1614 2317 1803 2388 δεχθῆ-

227 2418 311 2455 vat
344 2402 559 2465 πάντας
584 2402 629 2434 ⁸⁸
654 2403 967 2459 ἀντιϐολῶν.
1004 2406 1096 2476 Μὴ
1128 2407 1359 2476 παρίδῃς
1382 2407 1491 2476 γάρ
1524 2424 1614 2475 με,
1646 2410 1800 2477 φησὶ,

226 2489 622 2563 ποτνιώμενον,
665 2493 781 2546 ἀλλ’
814 2494 1059 2564 εὐμενῶς
1111 2514 1201 2566 μοι
1262 2494 1518 2567 πρόσχες,
1565 2496 1660 2552 καὶ
1705 2497 1805 2569 τὴν

229 2584 478 2654 βοήθειαν
514 2585 730 2656 ὄρεξον.

298 2697 318 2729 ι
353 2677 670 2749 Ἐλυπήθην
710 2680 768 2731 ἐν
798 2679 843 2710 ⁸⁸
872 2682 938 2750 τῇ
970 2680 1255 2753 ἀδολεσχίᾳ
1301 2699 1426 2751 μου,
1471 2684 1563 2737 καὶ
1610 2683 1807 2755 ἐταρά-

228 2770 379 2841 χθην.
404 2769 519 2843 [δ’.]
535 2771 667 2824 Ἀπὸ
686 2773 866 2842 φωνῆς
889 2771 1104 2843 ἐχθροῦ,
1124 2776 1218 2826 καὶ
1241 2773 1349 2827 ἀπὸ
1373 2774 1605 2844 θλίψεως
1629 2776 1808 2846 ἀμαρ-

226 2862 417 2917 τωλοῦ.
461 2882 483 2916 ι
523 2863 948 2934 Ὀνειδιζόμενος
980 2864 1110 2936 γάρ,
1145 2866 1303 2937 φησὶ,
1335 2867 1431 2921 καί⁸
1457 2867 1804 2938 πολεμούμε⁸

228 2971 311 3017 νος
329 2953 437 3006 ὑπὸ
467 2954 580 3007 τῶν
607 2955 932 3008 ἀδικούντων
956 2955 1187 3028 ἐχθρῶν,
1211 2959 1306 3011 καὶ
1333 2958 1433 3021 τὰς
1462 2959 1808 3022 παντοδαπὰς

229 3047 405 3104 αὐτῶν
467 3047 763 3111 ἐπιϐουλὰς
830 3047 1219 3120 λογιζόμενος,
1257 3048 1460 3121 πολλῆς
1518 3051 1809 3121 ἀλγηδόνος

229 3138 299 3211 [⁸³
330 3139 455 3192 ἀντὶ
508 3138 605 3192 τοῦ
660 3140 761 3209 τῆς
805 3140 938 3212 παρ’
965 3140 1146 3194 αὐτῶν
1174 3142 1296 3195 κατ’
1324 3140 1460 3212 ἐμοῦ
1510 3143 1811 3213 γενομένης

233 3228 567 3300 ἐπιϐουλῆς],
601 3231 1019 3301 ἐμπέπλησμαι.
1064 3230 1456 3302 Ἀδολεσχίαν
1482 3233 1590 3304 γὰρ
1620 3236 1652 3305 ή
1692 3234 1811 3289 θεία

232 3320 419 3390 Γραφὴ
446 3321 548 3392 τὴν
580 3325 775 3391 συνεχῆ
806 3322 1035 3392 μελέτην
1066 3322 1242 3379 καλεῖ.
1265 3323 1437 3378 Τοῦτο
1460 3324 1514 3379 δέ
1542 3328 1570 3378 6
1593 3327 1812 3397 Σύμμα-

1971 2128 2137 2184 Vrns.
2160 2127 2287 2192 2,5.
2326 2146 2345 2177 ι
2386 2124 2613 2188 Exaudi,
2648 2123 2813 2187 Deus,
2852 2124 3153 2180 orationem
3195 2140 3395 2188 meam,
3425 2131 3482 2178 et

1900 2235 1971 2275 ne
2016 2218 2328 2289 despexeris
2383 2217 2819 2287 deprecationem
2867 2232 3066 2270 meam.
3126 2215 3360 2272 Attende
3407 2216 3476 2270 ad

1902 2328 1988 2367 me
2009 2322 2063 2366 et
2092 2312 2284 2365 exaudi
2318 2326 2419 2365 me.
2458 2330 2475 2360 ι
2513 2308 2765 2363 Diversas
2792 2325 2979 2378 preces
2999 2309 3173 2374 olfert,
3195 2317 3254 2363 ut
3279 2323 3473 2363 omnes

1901 2408 2259 2462 admittantur
2297 2405 2629 2475 supplicans.
2686 2403 2763 2458 Ne
2810 2404 3125 2472 despexeris
3155 2403 3326 2469 enim,
3376 2402 3474 2466 ait,

1904 2512 1993 2552 me
2024 2497 2422 2562 obsecranteui,
2470 2496 2564 2550 sed
2622 2496 2855 2563 benigne
2907 2495 3124 2549 attende
3162 2494 3229 2549 ad
3272 2508 3379 2558 me,
3426 2501 3481 2548 et

1905 2605 2062 2660 opem
2107 2588 2209 2643 fer.

1982 2699 2000 2732 ι
2041 2680 2408 2735 Contrislatus
2433 2693 2552 2733 sum
2582 2679 2634 2732 in
2671 2678 2928 2732 continua
2956 2677 3311 2733 meditatione
3333 2693 3476 2743 mea,

1906 2785 1960 2830 et
1988 2774 2348 2829 conturbatus
2388 2787 2530 2828 sum.
2582 2769 2774 2842 [Vr-ms.
2811 2770 2893 2843 4.]
2940 2770 3085 2825 Voce
3132 2770 3368 2836 inimici,
3424 2779 3479 2824 et

1907 2866 2261 2922 tribulatione
2305 2864 2628 2935 peccatoris.
2667 2883 2686 2916 ι
2741 2862 2877 2917 Cum
2911 2864 3081 2926 enim,
3130 2863 3234 2924 ait,
3277 2877 3479 2931 oppro-

1906 2959 2042 3015 briis
2097 2972 2313 3022 onerer,
2369 2966 2424 3010 et
2462 2956 2608 3010 bello
2655 2954 2724 3009 ab
2777 2954 2983 3024 iniquis
3025 2953 3275 3009 hostibus
3316 2951 3482 3024 960

1906 3059 2082 3121 petar,
2133 3064 2324 3104 omnes
2355 3048 2575 3102 illorum
2621 3046 2850 3101 insidias
2880 3045 3257 3107 considerans,
3308 3045 3480 3099 multo

1908 3142 2096 3197 dolore
2127 3138 2259 3210 [hoc
2283 3149 2387 3200 est,
2421 3136 2640 3192 insidiis
2670 3136 2804 3189 mihi
2843 3135 2911 3190 ab
2944 3135 3052 3191 illis
3086 3133 3311 3205 paratis]
3362 3133 3478 3187 alii-

1909 3233 2042 3289 cior.
2093 3232 2274 3287 Sacrae
2322 3230 2467 3285 enim
2498 3230 2715 3285 Litterae
2748 3230 3025 3285 assiduam
3063 3230 3477 3285 meditationem

1910 3325 2225 3396 ἀδολεσχίαν
2255 3331 2471 3379 vocant.
2493 3322 2606 3377 Hoc
2624 3312 2801 3376 autem
2823 3321 3187 3393 Symmachus
3210 3321 3291 3377 sic
3314 3322 3478 3375 inter-

232 3429 320 3481 χος
342 3414 516 3476 οὕτως
532 3415 848 3485 ἡρμήνευσε
863 3417 1279 3490 οιΚατηνέχθην
1301 3417 1621 3489 προσλαλῶν
1647 3421 1803 3489 ἐμαυ-

1920 3426 2163 3489 pretatus
2184 3426 2267 3472 est
2293 3433 2307 3469 ι
2344 3434 2362 3468 ι
2392 3414 2675 3470 Demissus
2703 3429 2824 3469 sum
2848 3428 3063 3468 mecum
3089 3412 3205 3481 ipse
3232 3411 3480 3481 loquens,

233 3502 305 3572 τῷ
336 3505 405 3568 ⁸³,
456 3505 553 3558 καὶ
605 3507 903 3577 συνεχύθην
944 3509 1049 3562 ὑπὸ
1093 3510 1275 3581 φωνῆς
1326 3510 1542 3582 ἐχθροῦ,
1589 3512 1694 3565 ὑπὸ
1731 3514 1816 3564 ἐν-

238 3597 509 3666 οχλήσεως
525 3596 919 3661 ἀσεϐοῦς.›Τὸν
938 3600 1047 3672 γάρ
1069 3601 1230 3655 αὐτὸν
1253 3602 1302 3634 ⁸⁸
1329 3601 1522 3675 ἐχθρὸν
1546 3604 1701 3656 καλεῖ
1718 3606 1810 3658 καὶ

239 3686 424 3757 ἀσεϐῆ,
456 3688 533 3751 ὡς
562 3690 1021 3761 εὐεργετούμενον
1054 3692 1174 3760 μὲν,
1199 3693 1290 3746 τὸν
1315 3695 1370 3746 δὲ
1392 3694 1488 3748 τοῦ
1520 3695 1811 3768 εὐεργέτου

242 3777 716 3844 κατασκευάζοντα
748 3782 793 3812 ⁸⁸
829 3783 1007 3851 φόνον.
1059 3802 1076 3834 ι
1111 3784 1233 3837 Ὅτι
1266 3784 1544 3849 ἐξέκλιναν
1593 3788 1679 3839 ἐπ’
1711 3787 1811 3858 ἐμὲ

245 3870 459 3939 ἀνομίαι
487 3871 557 3935 ⁸⁸,
591 3872 686 3925 καὶ
714 3874 771 3925 ἐν
796 3874 932 3945 ὀργῇ
960 3875 1244 3929 ἐνεκότουν
1273 3894 1381 3947 μοι.
1415 3896 1433 3929 ι
1469 3878 1808 3950 Σαφέστερον

248 3960 276 4011 ὁ
300 3961 339 3992 ⁸⁷
373 3961 674 4033 Σύμμαχος
706 3965 927 4035 εἴρηκεν
971 3966 1017 3998 ⁸⁸
1036 4006 1051 4031 ,
1089 3967 1171 4020 ὅτι
1221 3967 1576 4036 Ἐπέρῤιψαν
1607 3970 1654 4001 ⁸⁹
1680 3971 1807 4024 κατ’

252 4051 382 4121 ἐμοῦ
430 4056 520 4120 είς
558 4054 606 4087 ⁹⁰
643 4054 952 4123 ἀσέϐειαν,
998 4058 1098 4114 καὶ
1134 4059 1261 4128 μετ’
1302 4059 1487 4129 ὀργῆς
1524 4061 1809 4127 ἠναντιώ-

255 4144 437 4210 θησάν
468 4162 573 4214 μοι
610 4162 624 4176 ·
670 4150 877 4218 πονηρᾷ
916 4148 1024 4219 γὰρ
1073 4149 1408 4221 χρησάμενοι
1440 4149 1662 4224 γνώμῃ,
1717 4152 1809 4207 τὸν

258 4234 372 4305 ἐμὸν
403 4236 694 4309 τυρεύουσι
721 4236 971 4295 θάνατον.

315 4333 371 4390 ε’,
406 4334 483 4393 ς’.
521 4346 541 4380 ι
564 4329 627 4383 Ἦ
654 4331 849 4400 καρδία
901 4349 1003 4401 μου
1051 4332 1323 4403 ἐταράχθη
1356 4333 1399 4365 θ’
1435 4334 1493 4386 ἐν
1525 4334 1684 4404 ἐμοί’
1715 4335 1809 4387 καὶ

259 4416 411 4473 δειλία
460 4420 693 4475 θανάτου
739 4422 1005 4476 ἐπέπεσεν
1056 4425 1143 4476 ἐπ’
1172 4424 1293 4494 ἐμέ.
1326 4423 1492 4488 Φόϐος
1540 4424 1635 4478 καὶ
1681 4426 1809 4497 τρό·

318 4554 343 4595 ἀ
370 4554 533 4613 Joan.
572 4572 670 4622 χιι,
702 4557 792 4614 49.
873 4570 897 4597 ο
926 4559 1118 4614 Matth.
1162 4575 1346 4627 xxvm,
1381 4560 1469 4618 46.
1552 4559 1571 4599 τ
1610 4560 1729 4615 Gal.
1758 4578 1809 4618 vr

1915 3509 2247 3566 cteonl‘usus
2272 3524 2394 3563 sum
2417 3523 2554 3563 voce
2580 3506 2811 3571 inimici,
2832 3504 3244 3576 perturbatione
3271 3502 3475 3572 impii.»

1916 3603 2178 3659 Euindem
2214 3604 2359 3658 enim
2403 3602 2685 3657 inimicum
2729 3609 3007 3669 nuncupat
3048 3609 3102 3653 et
3146 3598 3391 3668 impium,
3424 3604 3485 3650 ut

1914 3711 2061 3761 eum,
2086 3696 2179 3765 qui
2211 3692 2493 3749 beneﬁciis
2525 3692 2753 3747 alTectus
2788 3690 2988 3757 fuerat,
3020 3700 3073 3744 et
3096 3688 3482 3744 beneficiorum

1875 3788 1885 3805 ⁴
1914 3787 2127 3843 auctori
2170 3794 2401 3841 mortem
2441 3785 2788 3839 moliebatur.
2826 3803 2845 3835 ι
2877 3782 3144 3848 Quoniam
3176 3781 3485 3835 declinave-

1914 3889 2043 3934 runt
2095 3879 2149 3933 in
2206 3893 2295 3933 me
2349 3877 2685 3946 iniquitates,
2727 3885 2783 3931 et
2830 3875 2886 3929 in
2929 3874 3011 3927 ira
3060 3872 3274 3926 molesti
3328 3881 3484 3925 erant

1913 3971 2071 4026 mihi.
2115 3988 2133 4021 ι
2183 3968 2439 4038 Apertius
2485 3968 2849 4038 Symmachus
2887 3965 3063 4019 dixit:
3109 3964 3372 4028 Quoniam
3407 3963 3481 4013 ir-

1915 4071 2134 4117 ruerunt
2169 4062 2225 4114 in
2251 4061 2575 4128 impietatem
2628 4071 2815 4113 contra
2855 4076 2934 4113 me
2956 4101 2969 4124 ,
3003 4067 3053 4112 et
3095 4058 3150 4110 in
3186 4057 3268 4109 ira
3297 4054 3484 4108 adver-

1916 4152 2023 4207 sati
2056 4159 2179 4205 sunt
2205 4150 2332 4203 mihi
2361 4165 2381 4202 :
2416 4150 2556 4203 mala
2607 4150 2751 4204 enim
2806 4159 2987 4205 mente
3040 4148 3299 4219 impulsi,
3348 4146 3483 4201 mihi

1915 4252 2148 4299 mortem
2183 4251 2423 4298 struunt.

1902 4342 1907 4347 '
1985 4331 2151 4387 Vens.
2189 4332 2243 4397 5,
2280 4331 2333 4387 6.
2366 4350 2384 4383 (
2423 4331 2531 4386 Cor
2562 4345 2740 4386 meum
2773 4330 3157 4385 conturbatum
3188 4338 3269 4382 est
3294 4328 3349 4382 in
3376 4342 3478 4392 me,

1912 4435 1967 4482 et
2017 4424 2253 4481 formido
2302 4424 2497 4480 mortis
2549 4423 2746 4479 cecidit
2791 4439 2956 4494 super
3014 4439 3122 4479 me.
3150 4426 3168 4444 *
3197 4422 3386 4477 Timor
3432 4429 3500 4474 et.

1819 4602 1834 4626 ,
1867 4560 1955 4617 l7.
2033 4565 2058 4603 ⁸
2089 4562 2250 4619 Rom.
2284 4579 2404 4630 νιιι,
2437 4564 2527 4618 l7.

1329 4694 1562 4750 VARUE
1596 4696 1980 4753 LECTIONES
2032 4697 2118 4752 ET
2154 4699 2389 4755 NOTAE.

318 4813 358 4843 ⁷³
397 4812 523 4867 cod.
558 4812 594 4866 2
621 4810 824 4865 λαϐών.

258 4882 404 4937 lectio
460 4883 494 4936 Ι.
538 4896 587 4936 c.
630 4884 781 4952 εδιᾼὸ
812 4882 944 4946 Θεός
979 4899 1102 4950 μου.
1152 4881 1273 4936 Vid.
1322 4898 1373 4952 p.
1409 4883 1535 4939 755.

257 4952 428 5007 "Kal.
459 4982 532 4993 -—-
582 4950 921 5006 ἀσθένειαν.
972 4954 1177 5006 Horum
1227 4950 1404 5007 locum
1459 4955 1514 5008 in
1569 4954 1691 5010 cod.
1745 4956 1770 5008 l

926 4811 973 4843 ⁷⁵
1002 4812 1109 4866 Καὶ
1149 4811 1330 4883 οὐδὲν
1361 4813 1480 4867 ἀπ’.
1529 4815 1650 4869 cod.
1694 4815 1729 4866 2
1760 4816 1912 4869 οὐδὲν
1955 4815 2069 4883 ἀφ’.

2173 4818 2219 4847 ⁷⁵
2251 4816 2356 4871 Θεέ
2376 4834 2514 4885 μου.
2548 4814 2663 4869 Non
2697 4814 2957 4881 repetitur
3004 4816 3213 4885 ingeod.
3257 4813 3473 4885 2.7Rec.

1634 4886 1681 4917 ⁷⁸
1723 4885 2131 4954 Ἀνθρωπίνως
2163 4884 2502 4955 ἐφθέγγετο.
2540 4885 2656 4941 cod.
2700 4887 2721 4938 l
2758 4884 3117 4955 οἰκονομικῶς
3158 4884 3476 4953 ἐφθέγξατο.

1857 4968 2126 5025 occupant
2173 4958 2277 5011 ista
2326 4975 2339 5010 :

2397 4957 2516 5009 Ἵνα
2569 4956 2655 5041 διὰ
2709 4955 2819 5008 τῶν
2904 4954 3479 5041 χθαμαλῶνῃτούτων

259 5025 510 5102 ῥημάτων
538 5022 633 5102 τοῦ
688 5022 1037 5102 ὑπερηφάνου
1083 5023 1336 5102 δαίμονος
1372 5023 1481 5102 τὴν⁸
1502 5023 1731 5102 δύναμιν
1775 5022 2124 5102 κατενέῇκῃς
2152 5028 2295 5102 Δἐκεῖ
2326 5026 2443 5102 ’γάρ
2489 5028 2860 5102 κατήργησεν,
2894 5022 2971 5087 ὥς
3017 5022 3180 5102 φησιν
3214 5025 3480 5102 93:6er-

254 5092 410 5167 λοςισ-
430 5092 534 5144 Τὸν
559 5094 619 5167 τὸ
644 5092 1065 5167 κράτοςήὲχοντα
1084 5092 1177 5145 τοῦ
1209 5092 1439 5167 θανάτου
1466 5095 1558 5167 ἐπὶ
1586 5092 1680 5167 τοῦ
1712 5096 1972 5167 σταυροῦ,
1988 5092 2263 5167 διάϐολον.
2281 5117 2297 5147 ι
2326 5092 2440 5167 Kc}.
2463 5097 2571 5166 γὰρ
2595 5092 2699 5165 πρὸ
2728 5092 2829 5167 τοῦ
2851 5094 3087 5167 σταυροῦ
3108 5095 3187 5167 ὼς
3208 5094 3337 5152 Θεὸς
3365 5095 3482 5167 ἅμα

254 5163 317 5232 τῷ
347 5162 497 5229 λόγῳ
530 5161 609 5230 τῷ
637 5161 907 5232 τετάρτην
937 5164 1153 5284 ἡμέραν
1181 5162 1435 5216 τεθνεῶτι
1464 5164 1564 5234 τὴν
1596 5165 1776 5234 ψυχὴν

254 5234 502 5284 damonis
534 5234 638 5284 vim
672 5232 1005 5284 infrinaeret.
1074 5233 1120 5284 bi
1148 5234 1306 5284 enim.
1331 5234 1525 5284 scilicet
1556 5236 1611 5284 in
1645 5252 1796 5284 cruce

1907 5166 2064 5218 ἔδωκε
2101 5164 2359 5236 Λαζάρῳ.
2399 5161 2484 5220 Πί
2510 5161 2600 5233 per
2640 5161 2756 5218 ista
2811 5161 3031 5218 humilia
3085 5163 3235 5217 verba
3273 5161 3481 5230 superbi

1931 5237 2210 5284 Apostolus
2251 5238 2402 5284 dicit-
2438 5234 2601 5284 llehr.
2628 5251 2687 5284 ιι.
2723 5235 2807 5284 14.
2839 5236 2893 5284 4.
2928 5253 2945 5284 ι
2976 5233 3210 5284 Abolcvit
3241 5250 3357 5284 eum
3390 5235 3479 5284 aui

254 5234 502 5287 dwmonis
534 5234 638 5285 vim
672 5232 1005 5303 infringeret.

1074 5233 1120 5285 bi
1148 5234 1306 5312 enini,
1331 5233 1530 5287 scilicet
1556 5233 1618 5287 in
1645 5252 1816 5299 cruce,
1845 5248 1901 5290 ut
1930 5237 2220 5312 Apostolus
2251 5233 2403 5299 dicit,
2436 5234 2601 5312 Hebr.
2628 5251 2687 5297 ιι,
2723 5235 2807 5312 l6,
2839 5236 2893 5298 4,
2928 5253 2945 5312 ι
2976 5233 3210 5312 Αροίουίι
3241 5250 3357 5285 eum
3390 5235 3479 5312 qui

254 5312 556 5376 potestatem
580 5301 1053 5376 mortis/iubebat.
1098 5322 1115 5351 ι
1153 5301 1221 5355 Ut
1257 5302 1395 5376 Deus
1426 5317 1625 5376 autem,
1657 5316 1941 5375 antequam
1966 5301 2111 5360 cruci
2138 5308 2454 5376 afﬁgeretur,
2477 5304 2598 5376 solo
2629 5305 2780 5376 verbo
2816 5305 2997 5376 statim
3033 5306 3087 5357 in
3117 5305 3284 5376 vitain
3318 5302 3479 5376 resti-

256 5374 343 5425 tuit
374 5373 794 5443 Lazarum.iqui
827 5374 945 5442 jam
996 5384 1241 5443 quartum
1274 5373 1412 5424 diem
1468 5375 1605 5426 inter
1636 5373 1867 5429 mortuos
1918 5386 2114 5443 egerat.

255 5444 292 5473 ⁵⁸
310 5443 572 5507 Πάντας.
599 5442 718 5496 cod.
754 5444 803 5508 1,
837 5444 873 5496 2
896 5443 1115 5505 ταύτας.

1192 5442 1235 5473 ει
1281 5442 1472 5496 ἐν-
1499 5461 1638 5512 μου.
1664 5445 1826 5501 Hebr.
1867 5444 2041 5507 invitm

260 5521 391 5584 recte
416 5522 600 5565 autem
639 5517 689 5584 h_.
726 5512 762 5564 Ι.
797 5516 1052 5584 οίιιιυιιίε
1085 5514 1151 5566 de
1215 5514 1588 5567 exercitatione
1640 5518 1961 5584 explicatur.
2036 5512 2147 5569 “VE
2178 5516 2301 5571 cod.
2370 5518 2390 5567 l
2427 5516 2606 5583 suppl.

2224 5377 2266 5407 ⁷⁸
2297 5377 2336 5427 E
2390 5374 2511 5429 cod.
2561 5376 2584 5427 l
2622 5375 2798 5442 suppL
2903 5375 2948 5405 ⁷⁹
2994 5376 3035 5427 Ε
3074 5376 3195 5428 cod.
3240 5374 3260 5425 l
3302 5373 3479 5440 suppl.

2078 5448 2223 5514 quod
2267 5445 2407 5499 haud
2449 5444 2587 5498 male
2635 5445 2863 5499 vertitur
2890 5445 2948 5498 ἐν
2972 5443 3276 5513 ἀδολεσχίᾳ,
3304 5442 3484 5514 minus

2684 5515 2730 5546 ⁸⁸
2773 5514 3051 5583 Ἐμαυτῷ.
3111 5510 3275 5568 (εόᾱῖ
3312 5510 3479 5579 αὐτῷ.

259 5582 296 5658 f"
323 5584 544 5658 auter.
571 5581 696 5658 c_od.
793 5583 916 5658 add.
947 5581 1053 5658 οἶδε
1078 5583 1197 5658 καί.
1274 5584 1319 5614 ⁸⁸
1348 5584 1470 5658 cod.
1506 5584 1541 5637 2
1580 5581 1803 5658 κατασκε

1907 5588 2147 5658 ζόμενον.
2226 5587 2271 5618 ⁸⁸
2306 5587 2433 5639 live.
2472 5581 2626 5638 lectio
2655 5656 2658 5658 Α
2687 5595 2770 5658 est
2826 5581 3077 5658 ἀνομίαν,
3108 5599 3271 5658 quain
3300 5584 3480 5658 _etiam

264 5652 408 5727 habet
440 5654 564 5727 cod.
592 5655 644 5705 Ξ.
701 5652 763 5727 ,⁸⁷
923 5653 1043 5727 cod.
1072 5654 1108 5706 2
1139 5668 1325 5727 prtem.
1353 5653 1546 5727 τοῦτο..
1610 5655 1803 5727 ⁸⁸ΛΕἵρι

1907 5652 2112 5710 νίςοιί.
2146 5658 2181 5710 2
2211 5658 2573 5727 ἡρμήνευσεν.

2649 5656 2691 5731 .“f‘
2741 5654 3135 5731 ‘E-‘iépﬂtya‘r.’
3163 5655 3264 5707 Alii
3289 5654 3489 5731 legunt

265 5722 594 5795 ἐπέγραψα).
626 5722 717 5775 sed
744 5723 924 5795 minus
955 5723 1108 5785 bene,
1139 5725 1462 5795 observante
1503 5723 1694 5778 Monii.
1748 5722 1798 5777 in
1836 5726 2060 5795 llexapl.
2102 5729 2181 5795 ,ιλιι
2217 5722 2267 5779 li.
2289 5722 2359 5780 'l.'
2406 5726 2449 5755 '-'°
2478 5727 2599 5788 Είς.
2628 5726 2793 5780 Abest.
2832 5742 2859 5778 ιι
2891 5726 3008 5780 cod.
3047 5726 3101 5791 2,
3134 5742 3230 5780 nec
3253 5726 3318 5779 ab
3354 5722 3474 5779 aliis

264 5792 319 5843 ad
354 5782 497 5845 hunc
524 5791 835 5863 Symmachi
866 5795 1042 5849 locum
1078 5782 1328 5849 refertur.
1408 5796 1448 5826 θ’
1501 5794 1803 5864 Ἐταρὰχθλ

1910 5782 2072 5852 llcbr.
2102 5782 2241 5856 ’Ἧι-ι’.
2277 5782 2732 5865 Αιμιμώδίνησεν.
3089 5782 3100 5791 ’
3180 5799 3185 5804 ’
