3902 6498
539 359 678 424 1275

1547 302 2035 415 ΪΗΕΟΒΟΒΕΤΙ
2068 348 2407 411 EPISCOPI
2447 340 2815 407 CYRENSIS

3676 330 3796 397 1276

534 491 630 532 ces
662 474 918 543 capiebas
948 474 1124 529 cibos.
1157 473 1215 528 In
1240 473 1399 527 domo
1425 472 1520 527 Dei
1557 472 1964 526 ambulavimus
1993 486 2117 525 cum

2234 466 2514 533 ἐδέσματα.
2547 460 2634 513 Ἐν
2663 458 2742 530 τῷ
2758 458 2890 526 οἴκῳ
2908 455 3003 509 τοῦ
3022 454 3155 509 Θεοῦ
3182 449 3585 523 ἐπορεύθημεν
3610 451 3665 503 ἐν
3681 454 3798 524 ὁμο-

536 582 834 621 consensu.
880 586 896 616 ι
934 564 1194 619 Omnium
1227 564 1675 619 molestissimum
1724 563 1856 616 mihi
1907 562 2119 616 videtur

539 658 719 711 virum
754 658 1098 720 familiarem,
1133 666 1188 710 et
1212 656 1564 715 concordem,
1593 664 1647 709 et
1678 669 1892 708 mecum
1921 668 2121 709 mensae

538 750 761 820 cibique
796 749 1138 819 participem,
1192 760 1246 801 et
1296 748 1609 801 divinarum
1647 747 1812 802 simul
1851 747 2121 801 humana-

542 858 778 912 rumque
802 858 983 896 rerum
1010 841 1396 903 conscium,ea
1431 840 1609 895 facere
1631 856 1753 910 qua:
1782 848 1910 894 sunt
1938 840 2125 893 inimi-

539 950 734 989 corum
775 944 829 989 et
862 936 1124 989 hostium.
1146 934 1251 989 Per
1281 936 1396 989 haec
1426 943 1607 988 autem
1640 934 1803 987 verba
1836 931 2125 987 manifesto

542 1027 954 1081 vaticinationis
993 1027 1168 1095 gratia
1202 1026 1537 1095 proditorem
1578 1024 1776 1079 Judam
1809 1025 2123 1093 descripsit,

544 1118 640 1187 qui
671 1118 780 1171 dux
815 1134 846 1172 a
898 1134 1022 1188 rege
1069 1117 1293 1173 Christo
1329 1118 1539 1173 electus
1576 1118 1699 1177 fuit,
1757 1136 1775 1168 ι
1812 1117 2124 1172 Constitues

547 1208 719 1272 enim,
749 1208 948 1279 inquit,
981 1224 1077 1264 eos
1099 1210 1374 1279 principes
1395 1225 1557 1279 super
1578 1223 1794 1264 omnem
1821 1221 2020 1263 terram
2039 1211 2089 1274 δ,
2104 1228 2122 1261 ι

545 1309 602 1356 et
635 1301 756 1370 ejus
802 1316 1029 1364 mensae,
1081 1303 1551 1372 mysticorumque
1600 1315 1914 1355 sermonum
1955 1300 2129 1369 parti--

549 1410 679 1464 ceps
702 1394 825 1458 luit,
854 1396 1283 1452 instrumentum
1317 1406 1497 1451 autem
1528 1396 1902 1451 insidiantium
1936 1396 2127 1451 evasit.

548 1486 658 1542 Pro
690 1487 803 1541 dux
834 1505 1004 1551 meus,
1039 1487 1405 1558 Symmachus
1441 1488 1727 1558 familiaris
1758 1505 1922 1554 meus,
1962 1489 2130 1544 inter-

549 1589 799 1650 pretatus
845 1592 949 1637 est.
1004 1581 1130 1636 1132c
1176 1598 1307 1637 vero
1355 1599 1697 1653 nequaquam
1747 1585 1907 1639 beato
1941 1584 2131 1639 Davidi

552 1684 884 1743 congruunt.
928 1672 1099 1730 Nemo
1131 1676 1275 1729 enim
1305 1677 1609 1731 amicorum
1648 1677 1768 1746 ejus
1800 1678 1980 1748 ipsum
2008 1693 2132 1733 cum

560 1767 780 1820 Saulem
817 1766 1053 1837 fugeret,
1092 1770 1357 1837 prodidit.
1384 1767 1570 1839 Neque
1601 1770 1765 1841 965
1794 1771 1935 1824 enim
1961 1771 2127 1841 Doeg,

554 1872 733 1927 neque
774 1858 978 1928 Ziphaai
1014 1875 1078 1913 ex
1120 1860 1381 1930 legitimis
1414 1862 1609 1916 amicis
1654 1864 1774 1931 ejus
1808 1872 1985 1917 erant.
2024 1862 2128 1918 Sed

555 1949 973 2020 Evangeliorum
1010 1951 1250 2006 historia:
1280 1953 1597 2007 vaticinatio
1631 1954 1863 2023 quadrat
1906 1971 1920 2008 :
1961 1974 1979 2006 ι
2026 1954 2129 2021 Qui

554 2044 855 2098 manducat
894 2060 1132 2108 mecum,
1183 2046 1381 2114 inquit,
1415 2050 1431 2068 ⁶
1468 2062 1691 2114 panem,
1750 2048 1865 2117 ipse
1914 2048 2134 2103 sustulit

552 2144 747 2190 contra
790 2152 875 2190 me
900 2138 1222 2191 calcaneum
1256 2154 1417 2194 suum
1450 2142 1492 2192 i.
1536 2159 1553 2189 ι
1592 2141 1673 2193 Ad
1723 2141 1867 2194 hunc
1909 2141 2131 2195 modum

554 2226 917 2295 proditionem
951 2228 1305 2291 vaticinatus,
1344 2237 1570 2283 mortem
1604 2230 1766 2282 etiam
1793 2231 1911 2298 ejus
1941 2244 2132 2298 repen-

554 2320 727 2375 tinam
776 2322 1047 2391 pradicit.
1095 2321 1193 2393 [Et
1232 2323 1301 2376 ad
1363 2323 1467 2377 hoc
1518 2339 1691 2393 usque
1741 2333 1956 2392 tempus
2008 2325 2135 2379 licet

553 2412 805 2466 eumdem
836 2413 1022 2467 videre
1057 2414 1265 2479 dolum,
1297 2413 1571 2483 caedisque
1596 2414 1852 2483 cupidum
1888 2414 2132 2467 animum

555 2505 699 2574 apud
736 2504 936 2581 multos
988 2507 1125 2560 satis
1170 2506 1532 2577 frequentem,
1575 2516 1635 2561 ut
1674 2523 1857 2561 rerum
1904 2518 2133 2562 eventus

553 2598 735 2652 docet.
790 2596 910 2652 Non
952 2599 1095 2652 enim
1132 2600 1167 2652 ii
1212 2608 1421 2653 tantum
1464 2599 1556 2669 qui
1593 2601 1661 2654 ab
1705 2600 1829 2654 aliis
1874 2601 2132 2654 alimenta

556 2690 858 2760 accipiunt,
900 2706 994 2746 eos
1026 2691 1265 2760 produnt
1294 2691 1390 2761 qui
1428 2692 1528 2746 ista
1564 2691 2006 2756 subministrant,
2038 2692 2132 2745 sed

552 2781 717 2835 etiam
748 2781 825 2835 illi
865 2782 954 2851 qui
995 2782 1305 2837 divinorum
1352 2790 1407 2836 et
1440 2782 1796 2836 inelfabilium
1846 2783 2134 2853 mysterio—

555 2889 678 2927 rum
704 2883 835 2929 sunt
856 2875 1176 2945 participes,
1211 2891 1319 2930 non
1346 2876 1506 2929 modo
1528 2890 1587 2929 se
1610 2875 1844 2930 invicem
1877 2876 2133 2945 produnt,

554 2968 650 3022 sed
682 2968 852 3022 etiam
882 2984 1071 3024 necem
1109 2969 1211 3025 sibi
1246 2978 1461 3039 parant,
1507 2969 1672 3040 idque
1700 2970 2021 3039 interposito
2046 2970 2137 3041 jn—

555 3069 829 3115 ramento.
878 3061 944 3115 Et
995 3061 1201 3118 Paulus
1246 3063 1469 3131 quidem
1528 3063 1794 3117 continuo
1849 3061 2123 3118 testaturi

553 3166 654 3221 per
684 3152 1003 3207 universum
1039 3154 1232 3209 orbem
1270 3154 1337 3209 de
1376 3155 1592 3209 duobus
1625 3155 1749 3209 istis
1780 3156 2137 3210 immutabili-
2163 3179 2207 3238 ε

557 3244 663 3299 bus
686 3288 700 3309 ,
760 3246 812 3299 in
846 3247 1049 3315 quibus
1084 3247 1300 3301 mentiri
1337 3263 1443 3301 non
1486 3256 1665 3316 potest
1694 3247 1910 3318 (Deus)
1946 3248 2138 3318 :jura-

557 3347 803 3391 mentum
834 3338 959 3392 dico
994 3348 1047 3393 et
1090 3336 1272 3394 ﬁdem.
1312 3339 1615 3410 Utrumque
1667 3350 1848 3394 tamen
1890 3341 2136 3395 nonnulli

560 3432 752 3487 nescio
793 3433 1071 3502 quomodo
1105 3443 1319 3489 mutare
1364 3442 1578 3490 tentant
1608 3453 1620 3487 :
1652 3434 1763 3487 imo
1804 3449 1930 3488 vere
1960 3444 2140 3488 muta-

559 3532 713 3587 runt,
744 3539 922 3594 neque
954 3539 1084 3594 erga
1112 3524 1512 3590 benefactores,
1544 3540 1723 3596 neque
1750 3525 1961 3579 ratione
1991 3525 2135 3588 lidei,

562 3629 745 3685 neque
794 3632 921 3684 erga
954 3617 1345 3673 universorum
1381 3617 1696 3681 Dominum,
1733 3634 1854 3687 qme
1898 3617 2139 3685 legitimo

561 3708 657 3762 lini
685 3710 1038 3774 conveniunt,
1063 3708 1441 3764 observantes.
1467 3708 1759 3778 Propterea
1786 3707 2138 3778 propheticus

564 3797 802 3869 Spiritus
852 3799 1179 3855 sententiam
1224 3810 1416 3857 contra
1470 3816 1565 3856 eos
1610 3801 2010 3871 pronuntians,
2063 3800 2138 3855 ita

561 3889 742 3959 inquit
765 3888 819 3961 ι]

637 3982 799 4036 Vens.
834 3984 921 4037 16.
956 4001 972 4034 ι
1014 3982 1208 4038 Veniat
1246 3998 1399 4039 mors
1424 3997 1589 4054 super
1623 3984 1769 4049 illos,
1812 3994 1868 4040 et
1908 3985 2140 4040 descen-

561 4073 695 4129 dant
718 4074 769 4128 in
836 4072 1112 4129 infernum
1168 4075 1431 4130 viventes.
1477 4095 1495 4127 ι
1550 4075 1690 4149 [Hoc
1751 4077 1860 4131 illis
1900 4078 2142 4133 minatur

562 4166 866 4233 decretum,
917 4182 1041 4222 cum
1074 4183 1299 4237 pravam
1336 4184 1532 4223 eorum
1596 4172 1910 4240 opinionem
1976 4173 2140 4227 vellet

562 4258 953 4331 supprimere]
996 4260 1183 4314 Talem
1215 4269 1399 4316 autem
1432 4262 1557 4317 vitae
1590 4263 1751 4318 linem
1784 4266 2019 4334 suscepit
2044 4264 2141 4319 Ju-

565 4348 709 4403 das:
753 4364 875 4403 cum
904 4350 1327 4421 enimjugulum
1350 4352 1545 4423 laqueo
1595 4354 1842 4423 ligasset,
1901 4355 2137 4409 subitam

566 4440 830 4494 sustinuit
867 4440 1034 4512 966
1060 4451 1312 4498 mortem.
1353 4444 1413 4499 In
1455 4444 1663 4500 similes
1694 4446 2032 4501 calamitates
2085 4454 2140 4500 et

2220 557 2340 628 νοίᾳ
2364 557 2431 610 ³³.
2467 574 2484 605 ι
2506 554 2731 607 Πάντων
2761 550 3133 621 ἁνιαρώτατον
3174 540 3330 598 εἶναί
3384 561 3479 613 μοι
3530 543 3692 609 δοκεῖ,
3721 548 3803 599 τὸν

2219 649 2390 720 ἄνδρα
2430 647 2659 715 συνήθη,
2718 644 2813 697 καὶ
2858 640 3250 712 ὁμογνώμονα,
3296 635 3404 689 καλ⁵
3447 636 3804 705 ὁμοτράπεζον

2225 764 2338 816 μοι,
2370 745 2464 798 καὶ
2488 742 2740 796 σύσσιτόν
2772 757 2861 811 μοι
2892 736 3300 807 γεγενημένον,
3330 735 3435 788 καὶ
3470 733 3632 786 θείων
3663 754 3746 805 μοι
3766 738 3806 768 ³⁸

2222 840 2317 891 καὶ
2350 835 2704 908 ἀνθρωπείων
2744 835 2787 866 ⁸⁸
2831 830 3285 901 κεκοινωνηκότα
3336 827 3704 896 πραγμάτων,
3747 831 3806 884 τὰ

2222 928 2504 999 δυσμενῶν
2537 927 2737 997 δρᾶσαι
2770 927 2865 979 καὶ
2900 921 3211 992 πολεμίων·
3258 918 3463 988 σαφῶς
3500 918 3560 971 δὲ
3593 919 3675 971 διᾶ⁸
3701 921 3807 974 τού-

2222 1038 2331 1075 των
2366 1022 2499 1091 ἡμῖν
2527 1020 2637 1072 τῶν
2661 1018 2838 1085 λόγων
2878 1019 2911 1087 ἠ
2945 1013 3273 1087 προφητικὴ
3304 1012 3479 1082 χάρις
3521 1011 3612 1063 τὸν
3641 1012 3805 1082 προδό·

2223 1129 2326 1183 την
2362 1112 2565 1165 Ἰούδαν
2590 1109 2883 1180 διέγραψεν
2912 1108 2979 1170 ³⁸,
3008 1107 3269 1177 ἡγεμόνα
3322 1104 3428 1175 μὲν
3463 1104 3571 1156 ὑπὸ
3607 1104 3695 1157 τοῦ
3724 1106 3802 1174 βα-

2229 1203 2419 1266 σιλέως
2439 1204 2482 1233 ³⁷
2500 1200 2946 1272 χειροτονηθέντα
2970 1198 3207 1269 Χριστοῦ
3234 1205 3287 1267 (ι
3318 1196 3704 1265 Καταστήσεις
3718 1200 3807 1270 γὰρ

2227 1295 2421 1356 αὐτοὺς
2448 1293 2715 1362 ἄρχοντας
2746 1290 2838 1342 ἐπὶ
2866 1289 3046 1342 πᾶσαν
3080 1288 3179 1357 τὴν
3213 1287 3353 1355 γῆν,
3394 1283 3443 1353 ι)
3468 1284 3734 1355 τραπέζης
3759 1288 3804 1340 δὲ

2228 1386 2373 1454 αὐτῷ
2406 1385 2501 1438 καὶ
2543 1382 2821 1452 μυστικῶν
2862 1379 3319 1448 κεκοινωνηκότα
3356 1376 3567 1444 λόγων,
3604 1376 3807 1447 ὄργανον

2228 1476 2285 1530 δὲ
2309 1476 2415 1528 τῶν
2438 1473 2903 1528 ἐπιϐουλευόντων
2922 1470 3327 1541 γεγενημένον.
3378 1469 3531 1522 ’Λντὶ
3556 1468 3599 1499 ³⁸
3630 1470 3803 1539 μέντοι

2229 1568 2323 1622 τοῦ
2354 1566 2591 1637 ἡγεμών
2616 1584 2757 1635 μου,
2785 1568 2812 1619 ὁ
2838 1564 3155 1635 Σύμμαχος,
3182 1559 3485 1625 συνήθης
3509 1577 3629 1627 μου
3652 1562 3807 1629 ἡρμή-

2232 1677 2440 1715 νευσεν.
2489 1657 2674 1711 Ταῦτα
2718 1657 2774 1710 δὲ
2816 1657 2896 1728 τῷ
2941 1656 3201 1727 μακαρίῳ
3252 1650 3523 1721 οὐδαμῶς
3572 1651 3801 1722 ἀρμόττε;

2235 1752 2398 1806 Δαῆίδ
2425 1769 2449 1821 ’γ
2479 1751 2658 1813 οὐδεὶς
2704 1750 2812 1820 γὰρ
2847 1750 3028 1811 αὑτὸν,
3065 1748 3171 1801 ὑπὸ
3206 1745 3312 1800 τοῦ
3350 1744 3535 1797 Σαοὺλ
3570 1744 3804 1814 διωκόμιο

2233 1863 2343 1912 νον,
2366 1844 2476 1898 τῶν
2505 1843 2875 1896 εὐνουστάτων
2899 1840 3267 1911 προδέδωκεν.
3291 1836 3441 1891 Οὔτε
3462 1836 3572 1908 γὰρ
3599 1838 3625 1889 ὁ
3647 1836 3797 1907 Δωήκ,

2233 1937 2357 1992 οὕτε
2402 1936 2453 1990 οἱ
2495 1938 2727 2003 Ζιφαῖοι,
2755 1933 2864 1986 τῶν
2888 1931 3126 2003 γνησίων
3160 1928 3342 1983 αὑτοῦ
3386 1927 3561 1997 φίλων
3598 1926 3799 1997 ἐτύγχαο

2234 2048 2322 2084 νον
2340 2031 2404 2083 ³³.
2431 2030 2509 2100 Τῇ
2536 2028 2593 2081 δὲ
2620 2027 2728 2080 τῶν
2754 2024 3100 2095 Εὑαγγελίων
3130 2020 3361 2092 ἱστορίᾳ
3385 2021 3421 2089 ἡ
3450 2019 3740 2090 προφητικὴ
3761 2021 3797 2050 ⁸⁵

2236 2123 2556 2194 συμϐαίνει·
2599 2140 2619 2173 ι
2654 2125 2711 2175 '0
2751 2121 2948 2175 ἐσθίων
2974 2121 3045 2183 δί,
3081 2119 3240 2190 φησὶ,
3277 2118 3407 2187 μετ’
3442 2115 3578 2185 ἐμοῦ
3608 2116 3690 2168 τὸν
3716 2117 3797 2186 ᾶρο

2233 2233 2345 2280 τον,
2377 2216 2581 2286 ἐπῆρεν
2610 2216 2698 2267 ἐπ’
2719 2213 2819 2284 ἐμὲ
2842 2212 2941 2283 τὴν
2975 2212 3212 2280 πτέρναν
3250 2205 3456 2262 αὑτοῦ.
3497 2223 3514 2256 ι
3551 2204 3690 2259 Οὕτω
3713 2207 3792 2275 τὴν

2234 2306 2526 2376 προδοσίαν
2579 2303 3021 2374 προαγορεύσας,
3056 2303 3152 2355 καὶ
3194 2300 3294 2353 τὸν
3335 2298 3604 2367 αἰφνίδιον
3651 2298 3784 2350 αὐτοῦ

2235 2401 2468 2455 θάνατον
2490 2398 2864 2471 προθεσπίζει.
2891 2397 2959 2469 [⁵³
2978 2398 3088 2449 Καὶ
3106 2394 3275 2467 μέχρι
3300 2393 3403 2447 νῦν
3420 2392 3567 2444 ἔστιν
3589 2390 3694 2442 ἰδεῖν
3709 2390 3782 2442 τὸν

2233 2492 2397 2545 αὑτὸν
2426 2491 2575 2544 δόλον
2612 2491 2709 2544 καὶ¹
2738 2489 2901 2560 φόνον
2928 2488 3082 2559 παρά
3109 2505 3221 2540 τισι
3256 2482 3648 2547 πλεονάζοντα,
3667 2483 3728 2544 ὡς
3755 2484 3783 2551 ἡ

2232 2583 2342 2637 τῶν
2374 2582 2718 2654 πραγμάτων
2759 2582 2910 2652 ἡμᾶς
2941 2579 3164 2642 έκῦασις
3190 2578 3399 2631 πείθει.
3427 2576 3504 2629 Οὐ
3532 2575 3677 2645 μόνον
3698 2574 3783 2645 γὰρ

2232 2674 2338 2728 τῶν
2365 2674 2508 2729 ἀλῶν
2543 2672 2928 2736 κοινωνοῦντες
2959 2671 3278 2742 προδιδόασι
3324 2671 3458 2732 τοὺς
3490 2668 3780 2737 παρέχοντας

2232 2761 2477 2826 τούτους,
2498 2761 2631 2815 ἀλλὰ
2657 2761 2766 2833 γὰρ
2791 2760 2888 2815 καὶ
2907 2760 3016 2814 τῶν
3039 2760 3199 2813 θείων
3226 2760 3328 2813 καὶ
3359 2758 3676 2829 ἀπορρήτων
3699 2774 3780 2825 μυ-

2236 2853 2476 2924 στηρίων
2502 2852 2723 2923 μέτοχοι
2748 2853 3031 2922 γενόμενοι
3054 2851 3318 2922 ἀλλήλους
3347 2850 3411 2903 ού
3436 2850 3592 2920 μόνον
3612 2849 3653 2881 ⁸⁸
3675 2866 3778 2917 προ-

2234 2945 2494 3009 διδόασιν,
2539 2945 2676 3000 ana
2721 2944 2818 2999 καὶ
2869 2943 3139 3008 θανάτους
3190 2941 3681 3004 κατασκευάζουσι,
3707 2941 3779 2992 καὶ

2234 3036 2394 3090 τοῦτο
2440 3037 2619 3106 ὅρκων
2671 3034 3085 3108 μεσιτευὸντων.
3119 3036 3229 3088 Καὶ
3276 3036 3307 3087 ό
3364 3034 3466 3104 μὲν
3505 3030 3695 3092 Παῦλος
3728 3032 3776 3082 οὐ

2237 3130 2470 3185 παύεται
2493 3128 3004 3200 διαμαρτυρόμενος
3029 3129 3086 3180 ὲν
3115 3127 3270 3199 πάσῃ
3292 3128 3361 3196 τῇ
3387 3125 3667 3195 οἰκουμένῃ
3690 3128 3778 3183 τοῖς

2238 3223 2328 3277 διὰ
2353 3222 2447 3275 δύο
2464 3220 2510 3253 ⁸⁸
2549 3222 2893 3292 πραγμάτων
2921 3219 3300 3289 ἀμεταθέτων,
3339 3220 3400 3270 ὲν
3442 3211 3522 3280 οἷς
3560 3216 3775 3269 ἀδύνατον

2235 3310 2574 3380 ψεύσασθαι·
2607 3310 2697 3363 τὸν
2731 3310 2892 3380 ὅρκον
2917 3309 3062 3378 λέγω
3097 3309 3192 3362 καὶ
3220 3309 3327 3379 τὴν
3354 3308 3563 3360 πίστιν
3592 3308 3714 3367 τινὲς
3734 3306 3776 3356 δὲ

2237 3405 2338 3457 οὐκ
2364 3399 2460 3456 οἷδ’
2490 3404 2639 3466 ὅπως
2670 3402 3020 3475 μετατιθέναι
3049 3403 3357 3473 πειρῶνται
3395 3402 3463 3454 τὰ
3495 3400 3769 3470 ἀμφότερα·

2241 3494 2439 3567 μᾶλλον
2462 3495 2519 3548 δὲ
2543 3495 2982 3566 μετατεθείκασι,
3015 3495 3154 3566 μήτε
3186 3493 3329 3564 πρὸς
3351 3494 3479 3555 τοὺς
3502 3492 3770 3559 εὐεργέτας,

2242 3588 2378 3659 μήτε
2411 3587 2543 3659 περὶ
2577 3587 2678 3659 τὴν
2706 3587 2907 3650 πίστιν,
2939 3588 3079 3658 μήτε
3127 3589 3207 3651 είς
3246 3586 3415 3640 αὐτὸν
3452 3584 3557 3637 τῶν
3593 3583 3770 3635 πάντων

2240 3678 2521 3750 Δεσπότην
2551 3677 2711 3749 ὀρθὸν
2743 3681 2944 3731 σκοπὸν
2974 3678 3362 3748 φυλάττοντες.
3392 3676 3483 3729 Διὸ
3509 3674 3568 3745 δὴ
3591 3674 3646 3725 τὸ
3668 3688 3769 3739 προ-

2241 3768 2468 3838 φητικὸν
2512 3768 2735 3839 Πνεῦμα
2784 3770 3222 3840 ἀποφαινόμενον
3274 3771 3402 3823 κατ’
3439 3764 3608 3821 αὐτῶν
3631 3762 3767 3823 οὕτως

2239 3860 2343 3929 ἔφη
2373 3859 2415 3929 ⁸]

2312 3989 2407 4053 ις’.
2437 4007 2456 4039 ι
2506 3987 2738 4043 Ἐλθέτω
2764 3989 2828 4061 δὴ
2856 3990 3088 4054 θάνατος
3120 3989 3208 4043 ἐπ’
3234 3987 3470 4052 αὐτούς·
3499 3985 3586 4039 καὶ
3634 3997 3762 4037 κατα-

2241 4082 2493 4152 εήτωσαν
2537 4083 2619 4143 εἰς
2668 4081 2797 4153 ᾅδου
2846 4082 3067 4145 ζῶντες.
3136 4100 3154 4132 ι
3193 4079 3268 4154 [⁵⁸
3313 4078 3575 4149 Τοιαύτην
3618 4074 3762 4133 αὐτοῖς

2240 4173 2455 4227 ἀπειλεί
2474 4172 2572 4245 τὴν
2600 4173 2778 4245 ψῆφον
2812 4173 3135 4245 βουλόμενος
3164 4172 3480 4229 ἀναστεῖλαι
3512 4169 3601 4239 τὴν
3630 4182 3759 4232 mw,-

2245 4265 2344 4335 ρὰν
2384 4265 2564 4319 αὐτῶν
2606 4265 2880 4339 γνώμην.]
2919 4265 3144 4319 Τοιοῦτο
3174 4266 3231 4319 δὲ
3285 4264 3381 4318 τοῦ
3415 4264 3525 4335 βίου
3566 4256 3759 4315 τὸτέλος

2240 4355 2457 4422 ἐδέξατο
2476 4357 2521 4389 ⁸⁸
2538 4373 2552 4387 °
2580 4360 2644 4428 τῇ
2663 4357 2771 4428 γὰρ
2787 4357 2993 4429 ἀγχόνῃ
3022 4356 3119 4428 τὴν
3144 4356 3308 4428 δέρην
3335 4354 3638 4428 προσδήσας,
3666 4345 3757 4399 σύν-

2242 4468 2407 4520 τομον
2456 4451 2719 4522 ὑπέμεινε
2773 4450 3042 4504 θάνατον’
3095 4450 3376 4513 τοιαύταις
3436 4446 3526 4501 καὶ
3570 4444 3613 4497 ol
3657 4442 3754 4492 ’1ου-

564 4530 734 4586 Judaei
767 4543 888 4602 post
920 4548 1140 4588 crucem
1175 4535 1506 4602 inciderunt,
1560 4536 1808 4592 Humano
1838 4538 1980 4593 bello
2026 4548 2132 4592 tra-

2243 4540 2379 4596 δαῖοι
2411 4546 2548 4612 μετά
2582 4544 2675 4597 τὸν
2719 4543 2953 4614 σταυρὸν
3000 4544 3333 4613 περιέπεσον
3381 4537 3675 4609 συμφοραῖς·
3694 4528 3750 4596 τῷ

567 4625 687 4680 diti.
733 4624 849 4680 Non
884 4626 1027 4681 enim
1064 4627 1177 4698 lege
1228 4639 1441 4685 naturae
1466 4648 1498 4687 e
1526 4630 1637 4685 vita
1672 4632 1984 4694 evolarunt,
2044 4632 2136 4719 sed

568 4717 860 4775 hostilibus
906 4721 1076 4776 armis
1114 4722 1338 4777 conﬁxi.
1370 4723 1589 4795 [Siquis
1623 4735 1803 4779 autem
1840 4717 2133 4794 impiorum

567 4812 841 4865 communi
878 4822 1053 4867 morte
1084 4813 1246 4867 vitam
1277 4830 1334 4868 se
1365 4814 1647 4870 ﬁniturum
1681 4830 1805 4871 esse
1844 4815 2138 4885 putaverit,

616 4951 647 4992 ιι
684 4951 828 5008 Psal.
870 4968 1013 5018 μιν,
1064 4951 1151 5006 16.

2256 4634 2545 4706 Ῥωμαϊκῷ
2576 4637 2972 4707 παραδοθέντες
3000 4635 3239 4704 πολέμῳ.
3395 4632 3499 4703 γὰρ
3526 4628 3593 4698 τῷ
3637 4625 3749 4691 νόμῳ

2244 4730 2340 4799 τῆς
2367 4734 2579 4798 φύσεως
2606 4731 2905 4801 ὑπεξῆλθον
2930 4730 3021 4782 τὸν
3044 4729 3154 4798 βίον
3172 4729 3239 4793 ⁸⁷,
3270 4728 3385 4781 ἀλλ’
3430 4724 3600 4783 ὅπλοις
3626 4716 3746 4769 πολε-

2248 4824 2425 4891 μικοῖς
2458 4821 2994 4890 κατακοντιζόμενοι.
3030 4820 3099 4893 [⁵³
3132 4821 3194 4873 Εἰ
3221 4820 3278 4874 δὲ
3305 4819 3398 4874 καί
3421 4833 3501 4879 τις
3531 4810 3625 4865 τῶν
3649 4805 3745 4877 φαύ-

1235 4956 1249 4993 ί
1288 4952 1446 5007 Joan.
1478 4970 1597 5019 χιιι,
1644 4953 1729 5008 18.
1775 4952 1788 5003 i
1834 4953 1997 5008 Hebr.
2038 4969 2111 5017 Vl,
2148 4952 2237 5006 18.

1668 5106 1902 5161 νΑΒΙᾹΞ
1945 5104 2332 5161 LECTIONES
2370 5104 2459 5158 ET
2505 5104 2743 5161 NOTAE.

642 5223 688 5255 ³³
720 5224 824 5275 Ἐν
847 5222 1113 5290 ὁμονοίᾳ.
1147 5224 1312 5277 Hebr.
1340 5224 1500 5283 uia“:
1527 5224 1581 5276 in
1611 5224 1831 5290 strepitu
1860 5236 1940 5275 sc.
1980 5222 2127 5275 eunti

2237 5264 2248 5275 .
2327 5221 2373 5252 ³⁸
2400 5225 2531 5275 Mor.
2569 5222 2735 5276 Abest
2761 5236 2790 5275 a
2821 5221 2945 5276 cod.
2986 5222 3035 5276 Ι.
3070 5221 3116 5252 ³⁵
3141 5220 3263 5275 cod.
3296 5218 3347 5290 l.
3370 5219 3403 5273 2
3430 5205 3737 5290 ἀνθροζῖείνωῇ

573 5295 621 5326 ³⁵
655 5293 777 5347 cod.
809 5294 844 5345 2
877 5292 1247 5363 προέγραψεν.
1325 5294 1368 5324 ³⁷
1392 5296 1720 5358 Βασιλέως.
1750 5293 1942 5363 ε‹›‹1.71
1993 5293 2132 5345 addit

2234 5292 2291 5343 ἱιν
2320 5291 2733 5363 βασιλευόντων.

2820 5294 2864 5325 ³³
2895 5292 3051 5347 Ἀντὶ
3086 5321 3155 5331 ——
3180 5279 3560 5358 ἡρμήνευσενζ·
3582 5279 3737 5358 Ηοῖυτη

575 5345 843 5418 locumin
874 5345 997 5417 cdd.
1028 5345 1069 5415 '1'
1091 5345 1361 5432 occupant
1391 5364 1531 5417 ista:
1560 5364 1640 5415 Τὰ
1678 5345 1742 5415 ’δὲ
1769 5345 1917 5414 αὐτὰ
1953 5364 2115 5432 μέχρι

2234 5381 2252 5414 ν
2299 5345 2350 5414 όί
2382 5362 2481 5431 τὴν
2511 5361 2683 5414 Ἰούδα
2731 5363 3059 5431 κεκτημένοι
3089 5345 3472 5432 γνῲμην¹κατὰ
3490 5345 3733 5432 τῶν

576 5434 671 5487 καὶ
700 5434 932 5502 μάλιστα
962 5432 1069 5485 τῶν
1100 5427 1411 5501 “Ep-75‘s?"
1445 5434 1774 5499 πεφυκότων
1804 5427 2132 5500 δρῶσὼΪΕε

2234 5448 2262 5483 n
2285 5450 2400 5485 vero
2430 5427 2499 5484 ad
2517 5433 2653 5484 hunc
2676 5449 2835 5500 usque
2862 5427 3021 5495 diem,
3054 5427 3141 5502 qui
3164 5427 3320 5502 Ιιιςίω
3339 5428 3509 5502 habent
3534 5427 3731 5502 muniuit}.

577 5515 763 5557 contra
794 5505 989 5557 amicas
1015 5514 1062 5556 et
1089 5504 1443 5572 benefactores
1486 5505 1708 5572 faciunt.

1801 5502 1845 5535 ³⁸
1887 5502 2274 5570 Ἐτύγχανον.
2301 5504 2419 5556 cod.
2452 5503 2503 5567 1,
2537 5502 2571 5555 2
2602 5504 2806 5555 addunt
2832 5503 3002 5562 ὄντες·

3090 5500 3135 5533 ⁸ο
3164 5500 3283 5555 cod.
3324 5502 3372 5561 l,
3402 5499 3434 5551 9.
3476 5497 3729 5562 προφητεεβο

580 5574 625 5606 ⁸⁸
682 5574 949 5627 Ἐσθίων.
989 5574 1117 5629 liec.
1149 5561 1307 5628 lectio
1340 5576 1373 5626 i.
1412 5590 1460 5629 ρ.
1486 5561 1596 5627 ’ρει
1627 5573 1874 5643 τρώγων.
1956 5573 2001 5603 ’δ’

2258 5575 2278 5625 l
2318 5561 2501 5643 suppl.
2572 5573 2616 5643 '33
2649 5572 2775 5625 Post
2812 5561 2970 5643 μόνον
3002 5574 3051 5623 in
3081 5572 3199 5626 cod.
3234 5573 3431 5643 iterum
3467 5561 3726 5643 pagiluf‘ﬁﬁ"

582 5643 677 5725 sed
711 5658 1005 5725 perperam:

580 5728 784 5814 glmus.
896 5728 939 5745 η
976 5728 1014 5764 r.
1040 5728 1161 5767 cou.
1195 5728 1213 5766 ι
1256 5731 1367 5783 sum

617 5784 638 5816 7
676 5783 774 5816 loan
828 5785 860 5816 0
893 5783 986 5816 ι-ιῧ
1035 5786 1148 5816 Rh...
1248 5786 1292 5815 Ni
1332 5785 1367 5816 Ia‘

676 5783 798 5837 cod.
828 5785 862 5835 ‘2
893 5783 986 5837 τοῦ
1032 5786 1169 5853 βίου.
1248 5786 1292 5815 ⁵⁸
1328 5785 1368 5837 Ε
1402 5786 1521 5839 md.
1568 5786 1591 5836 1
1632 5786 1805 5855 suppl.

1089 5644 1134 5675 “
1168 5643 1221 5697 In
1254 5646 1375 5697 cod.
1403 5646 1503 5711 leg.
1544 5662 1700 5695 στενο
1727 5683 1739 5694 .
1786 5684 1798 5695 .

1455 5662 1503 5714 g.
1544 5618 1700 5695 στενίο
1727 5620 1798 5695 ,⁸.
1845 5687 1855 5697 .
1892 5646 2123 5714 lcgcndu

2234 5618 2402 5697 mtch
2424 5618 2556 5697 'esse
2589 5642 2679 5695 δύο
2705 5658 2732 5696 e
2778 5618 2894 5696 Idi-0
2923 5640 3091 5708 Epist.
3123 5643 3190 5694 ad
3232 5639 3393 5714 Hebr.
3421 5618 3485 5714 vl:
3520 5620 3727 5714 t8,,_t39','1'

896 5715 939 5745 ³³
976 5714 1014 5764 h'
1040 5716 1161 5767 cod.
1195 5716 1213 5766 1
1256 5687 1482 5783 suppr
1550 5715 1595 5745 ’⁸⁸
1639 5687 2132 5775 ἘδέξαταῠοοιῘΛ

2240 5691 2572 5777 ι1ἰι”1ούδας,
2609 5730 2768 5783 qttam
2806 5687 3088 5768 lectionem
3107 5711 3375 5781 expressit
3396 5708 3534 5765 etiam
3564 5687 3721 5751 Carala.
