3902 6450
168 314 292 381 1321

1540 306 1622 368 IN
1639 305 1849 367 PSAL.
1881 305 2035 366 LIX.

3272 303 3410 368 1322

175 436 228 487 '0
254 430 312 485 δὲ
338 428 534 503 Σύρος,
578 428 763 495 κάδος
810 427 923 498 τῆς
958 424 1240 490 πλύσεως
1271 441 1391 495 μου
1415 422 1481 478 ⁸ο.
1517 419 1738 491 Ἐπειδὴ

1860 420 1966 474 nei.
1995 419 2168 491 Syrus
2200 427 2382 474 autem
2410 418 2822 491 interpretatur,
2836 421 3002 475 situla
3029 421 3244 476 totionis
3260 439 3408 476 metu.

164 526 264 593 γάρ
299 524 360 577 ὲν
378 523 496 585 τοῖς
520 520 787 583 τοιούτοις
807 517 1051 585 σκεύεσι,
1074 518 1169 573 καὶ
1192 518 1319 580 τοὺς
1348 514 1517 579 πόδας
1544 513 1735 568 ἀπονί-

165 633 332 679 πτειν,
359 613 458 669 καὶ
477 614 579 684 τὴν
595 615 708 677 τοῖς
722 613 883 665 ποσὶν
912 609 1315 683 ὲρῤυπωμένην
1340 606 1548 678 ἐσθῆτα
1563 607 1740 677 ἀπορ-

168 709 387 779 ῥύπτειν
419 704 717 775 εἰώθαμεν,
747 703 844 775 τὴν
874 702 1155 774 ὑποταγὴν
1178 701 1273 755 τοῦ
1306 700 1479 755 Μωάϐ
1523 700 1610 753 διά
1642 697 1737 752 τοῦ

168 800 325 854 κάδον
358 799 464 869 τῆς
491 796 741 859 πλύσεως
765 794 1138 867 παρεδήλωσε.
1182 793 1292 846 Καὶ
1324 795 1352 846 6
1382 791 1617 863 λέϐηςδὲ
1646 791 1740 844 ἐπὶ

169 887 401 959 τιμωρίᾳ
460 890 637 941 κεῖται
694 886 846 958 παρὰ
897 888 963 956 τῇ
1009 883 1129 956 θείᾳ
1158 884 1375 955 Γραφῇ.
1408 882 1565 935 οὕτω
1594 882 1740 935 καὶὸ

179 978 441 1048 μακάριος
484 975 748 1047 Ἰεζεκιὴλ
805 974 1068 1039 διδάσκει,
1121 972 1326 1045 λέϐητα
1375 971 1739 1043 προσταχθεὶς

180 1071 393 1126 καλέσαι
416 1070 516 1138 τὴν
558 1066 937 1140 Ἰερουσαλὴμ,
960 1066 1128 1139 κρέας
1143 1065 1200 1119 δὲ
1228 1066 1353 1129 τοὺς
1373 1064 1737 1128 ἐνοικοῦντας,

185 1163 285 1233 πῦρ
307 1160 364 1214 δὲ
392 1160 484 1215 τὸν
508 1157 857 1217 Βαϐυλώνιον
888 1158 953 1222 ³⁸,
986 1158 1170 1229 ζωμὸν
1213 1157 1269 1210 δὲ
1302 1155 1403 1229 τὴν
1434 1155 1742 1226 ἀναγκαίαν

186 1256 400 1329 τροφήν.
435 1247 511 1308 Οἵ)
532 1252 937 1316 ἐπιλελοιπότος
969 1250 1293 1305 κατεκαίετο
1313 1250 1381 1303 τά
1408 1249 1566 1321 κρέα.
1587 1247 1743 1302 Οὕτω

193 1352 274 1403 καὶ
298 1349 323 1400 6
365 1346 636 1418 μακάριος
671 1344 944 1417 Ἱερεμίας
982 1344 1184 1417 λέϐητα
1231 1343 1626 1414 ὑποκαιόμενον
1660 1337 1741 1395 εῖ-

195 1444 299 1497 δεν·
329 1441 423 1495 καὶ
454 1442 516 1494 τὸ
542 1440 836 1512 πρόσωπον
862 1439 1027 1494 αὐτοῦ
1064 1439 1173 1494 ἀπὸ
1215 1438 1510 1510 προσώπου
1548 1437 1740 1508 βορρᾶ.

197 1535 335 1599 Λέγει
356 1533 555 1598 τοίνυν,
585 1531 667 1585 ὅτι
698 1532 741 1563 ³²
769 1532 863 1585 καὶ
907 1532 1205 1603 Μανασσὴς
1240 1531 1339 1600 τὴν
1370 1529 1576 1583 οἰκείαν
1605 1531 1744 1584 ἁπο-

201 1629 406 1699 λήψεται
441 1628 577 1697 γῆν⁶
612 1628 754 1681 καὶὸ
789 1625 1031 1698 Ἐφραῒμ
1067 1626 1168 1698 τὴν
1208 1626 1481 1699 προτέραν
1505 1627 1744 1698 ἀνακτή-

204 1738 331 1773 σεται
356 1720 588 1789 δύναμιν
609 1735 624 1749 ο
652 1720 750 1772 καὶ
784 1721 812 1772 6
850 1719 1049 1783 Ἰούδας
1073 1720 1292 1773 πάντων
1313 1719 1748 1791 ἀναγορευθήσε-

198 1829 274 1865 ται
303 1809 546 1881 βασιλεύς
568 1825 583 1840 ’
617 1810 910 1865 Μωαϐῖται
950 1810 1008 1864 δὲ
1054 1811 1240 1874 αὐτοῖς
1283 1812 1743 1883 ὑποταγήσονται,

198 1904 283 1973 τὴν
304 1903 511 1973 άμαχον
532 1900 713 1959 αὐτῶν
751 1899 1019 1973 θεώμενοι
1056 1900 1247 1974 ῥώμην
1282 1902 1349 1958 ³³.
1380 1903 1457 1957 Οὐ
1499 1902 1663 1974 μόνον
1692 1901 1750 1956 δὲ

202 2000 398 2060 ἐκεῖνοι,
445 1995 582 2050 ἀλλὰ
612 1997 707 2048 καὶ
749 1995 1057 2067 Ἰδουμαῖοι,
1101 1996 1198 2049 καὶ
1222 1994 1531 2066 ἀλλόφυλοι.
1581 2015 1599 2048 ι
1627 1994 1752 2049 Ἐπὶ

197 2090 281 2159 τὴν
320 2088 626 2158 Ἰδουμαίαν
669 2088 875 2141 ἐκτενῶ
902 2089 962 2143 τὸ
992 2086 1249 2158 ὑπόδημά
1270 2105 1395 2159 μου.
1422 2087 1576 2158 Ἐμοὶ
1594 2087 1752 2141 ἁλλό-

195 2180 337 2247 φυλοι
392 2179 767 2248 ὑπετάγησαν.
807 2198 826 2231 ι
856 2176 927 2251 [³⁸
966 2180 1081 2234 Ούκ
1131 2177 1199 2232 ἂν
1249 2178 1309 2232 δὲ
1340 2179 1631 2250 διαμάρτοι
1666 2195 1753 2242 τις

190 2273 464 2343 θεωρήσας
493 2272 699 2342 λέϐητα
725 2272 821 2342 μὲν
848 2274 949 2342 τὴν
972 2272 1125 2326 θείαν
1158 2270 1551 2342 κολυμϐήθραν
1585 2288 1757 2341 τιμω-

187 2364 380 2437 ροῦσαν
438 2364 539 2435 μὲν
588 2364 685 2418 καὶ
723 2363 1177 2435 καταφλέγουσαν
1199 2365 1296 2418 καὶ
1318 2362 1757 2432 ὲξαφανίζουσαν

183 2459 275 2529 τὴν
312 2458 610 2527 ἁμαρτίαν,
637 2456 1109 2529 ἀναζωπυροῦσαν
1132 2455 1190 2510 δὲ
1219 2455 1298 2524 τῷ
1324 2455 1453 2527 θείῳ
1476 2454 1758 2525 Πνεύματι

184 2550 271 2604 καὶ
311 2549 763 2604 ἀναπλάττουσαν
802 2549 899 2603 καὶ
929 2549 1334 2621 άποτρίϐουσαν
1360 2549 1451 2602 τὸν
1468 2548 1661 2619 βρότον
1682 2547 1756 2611 ³⁸.

183 2642 233 2696 εἴ
252 2644 299 2695 τ’
328 2638 429 2696 οὖν
450 2642 545 2696 τὸν
576 2642 748 2714 ῥύπον
770 2642 883 2695 τῶν
921 2643 1028 2713 πλη
1040 2641 1316 2713 μμελειῶν
1352 2640 1461 2695 τῶν
1490 2642 1559 2694 δι’
1586 2639 1760 2709 αὐτῆς

184 2733 707 2805 ἀνακαινιζομένων.
765 2735 876 2789 Καὶ
928 2734 1010 2799 τὺ,
1048 2753 1068 2787 ι
1116 2735 1242 2788 Ἐπὶ
1295 2734 1394 2805 τὴν
1457 2732 1761 2803 Ἰδουμαίαν

68 2891 73 2897 ι
185 2827 389 2881 ὲκτενῶ
446 2828 505 2880 τὸ
535 2826 792 2897 ὑπόδημα
828 2844 953 2896 μου,
993 2844 1013 2878 ι
1053 2826 1129 2881 Οὐ
1171 2826 1332 2898 μόνον
1370 2825 1591 2896 βαδίσω,
1625 2827 1762 2894 φησὶ

180 2922 211 2973 6
238 2923 302 2973 ὲκ
322 2919 492 2973 Δαϐὶδ
520 2918 727 2989 Κύριος
768 2921 868 2989 τῆς
906 2918 1100 2989 δόξης,
1145 2919 1239 2971 ἐπὶ
1285 2916 1385 2989 τὴν
1437 2916 1760 2986 Ἰδουμαίαν,

186 3012 295 3065 ἀλλ’
319 3011 527 3064 ὡσανεὶ
551 3011 621 3064 δι’
651 3009 1016 3080 ὑποδημάτων
1031 3008 1182 3081 ἐμῶν
1196 3009 1285 3063 διὰ
1309 3008 1418 3063 τῶν
1439 3008 1602 3062 θείων
1625 3009 1762 3062 άπο-

1837 514 2109 582 Quoniam
2139 515 2284 569 enim
2322 514 2374 568 in
2410 514 2612 570 talibus
2654 515 2824 582 vasis,
2854 524 2907 571 et
2952 515 3119 586 pedes
3168 515 3411 582 abluere,

1838 614 1893 660 et
1943 612 2147 659 vestem
2192 604 2425 673 pedibus
2476 604 2815 674 inquinatam
2878 605 3102 661 abluere
3148 606 3411 671 solemus,

1840 696 2235 767 subiectionem
2269 697 2427 753 Moab
2470 713 2568 767 per
2609 698 2830 754 situlam
2893 698 3117 753 lotionis
3142 697 3418 765 signiﬁca-

1840 791 1935 845 vit.
1988 790 2107 845 Olla
2137 792 2302 845 etiam
2335 806 2432 861 pro
2464 806 2645 860 poena,
2675 792 2729 846 in
2762 793 2937 848 sacris
2988 791 3210 847 Litteris
3272 791 3418 846 acci-

1841 882 2009 952 pitur.
2067 881 2159 938 Sic
2181 882 2375 938 beatus
2408 883 2664 938 Ezechiel
2689 883 2849 939 docet
2872 892 2935 949 “,
2969 883 3158 953 jussus
3183 883 3416 938 lebetem

1839 989 2041 1031 vocare
2067 974 2527 1048 Hierosolymam,
2566 985 2629 1031 et
2665 992 2884 1032 carnem
2949 976 3178 1041 incolas,
3235 976 3416 1047 ignem

1842 1082 1972 1124 vero
2009 1068 2393 1139 Babylonium,
2432 1077 2487 1124 et
2534 1068 2649 1139 jus,
2680 1068 3049 1124 necessarium
3079 1070 3417 1139 eibum,quo

1841 1159 2132 1216 deﬁciente
2176 1176 2372 1216 carnes
2431 1162 2915 1216 comburebantur.
2981 1161 3073 1217 Sic
3115 1172 3168 1216 et
3223 1162 3418 1217 beatus

1842 1252 2111 1309 Jeremias
2150 1262 2178 1289 ιι
2217 1253 2378 1307 ollam
2414 1269 2735 1310 suecensam
2763 1254 2920 1317 vidit,
2947 1263 3002 1309 et
3058 1254 3250 1309 faciem
3298 1254 3421 1324 ejus

1845 1362 1873 1399 a
1908 1343 2048 1401 facie
2095 1346 2403 1416 Aquilonis.
2468 1346 2608 1401 Dicit
2666 1347 2834 1417 igitur
2874 1346 2993 1402 fore
3048 1358 3106 1403 ut
3142 1347 3419 1404 Mauasses

1844 1437 2121 1507 propriam
2153 1448 2354 1492 terram
2390 1448 2695 1508 recuperet,
2728 1447 2782 1493 et
2848 1438 3099 1507 Ephraim
3129 1441 3416 1510 pristinum

1846 1530 2014 1585 robur
2039 1531 2287 1600 recipiat,
2319 1540 2372 1586 et
2404 1530 2574 1586 Judas
2611 1531 2859 1585 omnium
2912 1547 3007 1587 rex
3053 1534 3418 1595 renuntietur.

1845 1622 2101 1679 Moabitae
2134 1632 2320 1679 autem
2376 1624 2510 1694 ipsis
2561 1624 2946 1695 subiiciantur,
3007 1626 3426 1696 inexpugnabile

1851 1732 2040 1773 eorum
2074 1718 2243 1771 robur
2277 1718 2593 1773 intuentes:
2642 1734 2749 1772 non
2786 1717 2961 1772 solum
2990 1728 3173 1773 autem
3205 1719 3303 1784 illi,
3334 1735 3428 1774 ve-

1852 1825 1973 1865 rum
2007 1810 2170 1865 etiam
2239 1808 2483 1876 Idumaei,
2536 1818 2591 1863 et
2639 1810 2933 1883 Allophyli.
2992 1829 3011 1861 ι
3049 1810 3104 1864 In
3135 1811 3427 1866 Idumaeam

1851 1900 2139 1955 extendam
2170 1900 2603 1957 ealceamentum
2638 1917 2842 1970 meum,
2873 1905 2891 1923 ⁶
2936 1903 3070 1958 mihi
3108 1904 3429 1976 alienigenae

1853 1991 2058 2048 subditi
2096 2002 2245 2049 sunt.
2288 2012 2308 2044 ι
2361 1992 2511 2066 [Νοη
2549 2004 2732 2049 autem
2761 2009 2947 2049 avero
2978 1996 3311 2052 aberraverit
3331 1998 3427 2068 qui

1854 2087 2052 2142 viderit
2079 2086 2331 2153 lebetem,
2381 2087 2593 2142 scilicet
2645 2087 2889 2142 divinum
2925 2088 3280 2158 baptismum,
3331 2104 3432 2161 pu-

1855 2179 2123 2245 nientem,
2159 2178 2570 2234 cotnburentem
2603 2195 2669 2234 ac
2706 2192 3078 2235 removentem
3111 2198 3271 2236 omne
3306 2199 3434 2254 pec-

1856 2281 2061 2336 catum,
2119 2272 2539 2327 resuscitantem
2590 2281 2773 2328 autem
2828 2290 2924 2344 per
2979 2274 3241 2345 Spiritum
3302 2290 3433 2332 san-

1858 2374 2027 2431 ctum,
2060 2373 2113 2419 et
2139 2365 2320 2419 denuo
2354 2364 2672 2435 ﬁngentem,
2703 2381 2768 2421 ac
2828 2368 3227 2439 abstergentem
3266 2385 3435 2425 cruo-

1860 2471 1996 2520 rem,
2033 2456 2148 2510 sive
2176 2455 2489 2524 squalorem
2516 2465 2697 2510 ortum
2727 2471 2790 2510 ex
2836 2457 3073 2525 peccatis
3106 2472 3296 2511 eorum
3337 2459 3433 2527 qui

1861 2564 1958 2617 per
1983 2548 2148 2602 istum
2179 2556 2530 2603 renovantur.
2562 2547 2697 2601 lllud
2752 2557 2958 2611 autem,
2990 2566 3009 2600 ι
3043 2550 3095 2603 in
3146 2549 3433 2604 ldunueam

1866 2640 2079 2711 1006
2138 2639 2426 2695 extendam
2465 2640 2898 2695 calceamentum
2968 2656 3171 2706 meum,
3208 2659 3227 2693 ι
3289 2642 3438 2713 quod

1863 2736 1996 2790 dicit
2023 2734 2289 2790 Dominus
2318 2735 2506 2806 gloria:
2534 2750 2565 2790 e
2592 2734 2796 2790 Davide
2829 2735 3163 2802 nasciturus,
3190 2735 3330 2791 idem
3355 2746 3441 2792 est

1864 2829 2033 2898 quod,
2068 2826 2182 2881 Non
2216 2828 2463 2882 incedam
2496 2835 2704 2881 tantum
2738 2843 2904 2897 super
2930 2827 3187 2894 ldumma,
3221 2827 3314 2883 sed
3346 2842 3443 2898 per

1864 2920 2079 2975 divinos
2121 2919 2402 2990 apostolos
2440 2919 2599 2989 quasi
2624 2935 2723 2989 per
2752 2919 2965 2974 calceos
3003 2933 3156 2974 meos
3193 2916 3441 2990 Evange-

1866 3013 1999 3070 lium
2030 3012 2221 3083 gratia:
2250 3010 2585 3081 praedicabo,
2618 3024 2729 3065 non
2783 3011 2837 3064 in
2865 3010 2966 3065 hac
3010 3019 3221 3065 tantum
3275 3021 3440 3076 terra,

190 3105 384 3158 στόλων
419 3104 480 3157 τὸ
516 3104 620 3174 τῆς
650 3103 878 3175 χάριτος
902 3101 1247 3171 Εὑαγγέλιον
1276 3100 1502 3174 κηρύξω
1527 3118 1541 3132 ·
1572 3100 1673 3153 οὐκ
1707 3099 1758 3152 ὲν

1868 3106 1962 3162 sed
1996 3106 2162 3161 etiam
2205 3120 2300 3171 per
2331 3119 2525 3159 omnes
2549 3103 2786 3176 gentes]
2814 3102 2947 3157 Nam
2985 3110 3186 3173 praeter
3236 3101 3445 3159 Moabi-

190 3197 317 3267 αύτῇ
356 3197 547 3268 μόνον,
584 3196 718 3249 ἀλλὰ
765 3196 859 3249 καὶ
894 3195 953 3248 ἐν
983 3196 1120 3249 πᾶσι
1161 3196 1276 3258 τοῖς
1315 3190 1590 3265 ἔθνεσιν.]
1622 3192 1766 3264 Πρὸς

190 3288 291 3358 γάρ
321 3289 439 3351 τοῖς
467 3286 810 3352 Μωαϐίταις,
837 3289 931 3340 καὶ
961 3286 1090 3351 τοὺς
1116 3285 1456 3357 Ἰδουμαίους
1499 3283 1766 3338 δουλώσο-

196 3399 306 3451 μαι,
334 3383 434 3435 καὶ
458 3384 585 3444 τοὺς
627 3381 963 3451 ἀλλοφύλους
1014 3380 1357 3450 ὑποταγῆναι
1418 3378 1769 3447 καταναγκά-

197 3492 267 3527 σω
290 3474 356 3528 ⁸⁸.
394 3476 821 3544 Ἀλλοερύλους
873 3474 1056 3547 μέντοι
1110 3473 1270 3528 καλεῖ
1311 3473 1437 3536 τοὺς
1480 3472 1770 3526 Παλαιστι-

196 3566 311 3628 νοὺς
338 3565 373 3634 ἠ
405 3564 529 3618 θεία
548 3565 764 3637 Γραφὴ,
797 3565 894 3637 οὐχ
919 3564 995 3630 ὡς
1018 3563 1129 3618 τῶν
1160 3563 1337 3619 ἄλλων
1368 3563 1539 3618 ἐθνῶν
1564 3562 1771 3634 ὁμοφύ-

194 3659 295 3711 ὶων
348 3658 548 3723 ὄντων,
595 3658 714 3713 ἀλλ’
739 3658 817 3722 ὡς
869 3658 982 3712 τῶν
1020 3657 1198 3714 ἄλλων
1230 3657 1327 3729 μὲν
1352 3656 1768 3728 ἀφεστηκότων,

200 3751 399 3804 τούτων
428 3750 486 3803 δὲ
523 3749 584 3803 οὐ
624 3748 786 3820 μόνον
819 3748 862 3780 ³⁷
890 3748 1108 3818 ὁμόρων
1139 3747 1335 3812 ὄντων,
1370 3746 1506 3800 ἀλλὰ
1548 3747 1644 3800 καὶ
1674 3764 1771 3817 με·-

198 3842 324 3910 ταξὺ
352 3842 784 3898 κατοικούντων.
813 3839 1000 3904 Οὕτως
1026 3838 1346 3894 Ἰεϐουσαῖοι
1369 3840 1467 3911 τὴν
1500 3840 1771 3909 Ἰερουσα-

202 3936 305 4008 λὴμ
359 3936 591 4008 ᾤκησαν
642 3935 737 3988 ἐπὶ
778 3933 1030 3989 πλεῖστον
1059 3951 1076 3967 θ
1106 3933 1280 3998 οὕτως
1308 3932 1645 3987 Γαϐαωνῖται
1672 3933 1773 4004 τὴν

203 4028 393 4084 Γαϐαὼ
417 4047 432 4061 ·
464 4029 560 4083 καὶ
584 4029 807 4093 Γαζαῖοι
860 4029 939 4093 δὲ,
983 4028 1081 4082 καὶ
1122 4027 1535 4090 ’Δσκαλωνῖται,
1586 4025 1681 4079 καὶ
1722 4027 1773 4079 οἱ

204 4121 345 4174 ἄλλοι
376 4121 425 4153 ³⁸
466 4120 696 4192 πλησίον
720 4118 923 4193 ᾠκουν.
969 4119 1083 4174 Καὶ
1124 4117 1302 4174 ταῦτα
1345 4118 1685 4190 σαφέστερον
1718 4119 1773 4172 αἱ

206 4213 437 4284 ἱστορίαι
464 4212 828 4267 διδάσκουσιν.
859 4212 1015 4266 Οὕτω
1042 4210 1217 4266 ταῦτα
1246 4210 1351 4265 ὑπὸ
1379 4210 1474 4264 τοῦ
1503 4209 1638 4264 Θεοῦ
1668 4210 1776 4263 τῶν

205 4303 334 4358 ὅλων
353 4302 633 4373 διδαχθεὶς
658 4305 687 4357 6
716 4304 1024 4375 προφήτης,
1068 4304 1196 4357 ἰδεῖν
1241 4303 1459 4372 ἐφίεται
1498 4302 1595 4356 τοῦ
1645 4301 1775 4358 λαοῦ

202 4397 296 4469 τὴν
326 4398 470 4469 μετά
496 4397 595 4468 την
616 4396 872 4451 ἐπάνοδον
892 4397 1190 4469 εὐκληρίαν
1209 4414 1221 4428 ·
1252 4396 1345 4450 καί
1370 4412 1535 4467 φησιν
1559 4412 1574 4426 ·

1872 3211 1977 3263 tas,
2009 3200 2174 3254 etiam
2196 3198 2464 3253 Idumaeos
2510 3198 2565 3251 in
2600 3196 2917 3253 servitutem
2946 3196 3210 3267 redigam,
3244 3206 3304 3251 et
3349 3196 3447 3251 Al-

1871 3293 2122 3364 lophylos
2142 3292 2346 3348 servire
2358 3306 2571 3361 cogam.
2601 3290 2910 3362 Allophylos
2940 3305 3074 3346 sane
3095 3291 3278 3345 divina
3306 3289 3447 3346 Scri-

1873 3394 2031 3455 ptura
2067 3382 2387 3437 Palaestinos
2420 3390 2600 3447 vocat,
2633 3397 2740 3436 non
2771 3381 2915 3451 quod
2941 3382 3065 3436 aliae
3092 3383 3445 3453 gentesejus-

1876 3479 1999 3533 dem
2040 3478 2150 3533 sint
2186 3476 2426 3548 generis,
2455 3476 2615 3546 cujus
2658 3484 2712 3529 et
2740 3472 2935 3540 Judaei,
3002 3475 3099 3530 sed
3136 3475 3265 3546 quia
3321 3492 3446 3532 cum

1874 3571 1995 3627 alia}
2033 3578 2221 3641 gentes
2256 3570 2414 3640 longe
2469 3569 2691 3634 distent,
2718 3566 2993 3622 Palaestini
3026 3584 3133 3623 non
3182 3568 3345 3624 modo
3385 3570 3451 3624 1i-

1876 3664 2055 3719 nititni
2092 3671 2242 3727 sunt,
2278 3677 2469 3717 verum
2517 3661 2684 3715 etiam
2728 3658 2967 3715 Jebusaai
3018 3657 3451 3731 Hierosolymam

1877 3756 1969 3811 ditt
2006 3757 2375 3813 incoluerunt.
2417 3753 2512 3808 Sic
2542 3751 2859 3807 Gabaonitaa
2882 3750 3196 3807 Gabaonetn
3229 3761 3453 3817 terram,

1878 3847 2062 3903 Gazaai
2094 3857 2274 3902 autem
2317 3856 2372 3901 et
2399 3845 2751 3907 Ascalonita,
2784 3852 2839 3898 et
2887 3844 3000 3909 alii,
3022 3859 3187 3914 prope
3239 3844 3457 3899 habita-

1878 3942 2030 3997 bant.
2065 3941 2243 4010 Atque
2274 3939 2389 3993 hare
2418 3938 2622 3993 clarius
2665 3935 2908 3991 historiae
2956 3935 3255 3991 declarant.
3315 3935 3456 3991 Cum

1882 4035 1998 4089 haec
2028 4033 2097 4088 ab
2128 4032 2511 4087 universorum
2547 4030 2658 4084 Deo
2717 4029 2791 4083 ita
2829 4028 3112 4084 didicisset
3165 4029 3454 4099 propheta,

1880 4124 2067 4196 populi
2119 4122 2432 4179 felicitatem
2489 4129 2613 4192 post
2663 4119 2898 4176 reditum
2937 4118 3124 4175 videre
3163 4119 3457 4184 desiderat,

1880 4227 1937 4275 et
1967 4217 2044 4272 ait
2068 4233 2082 4270 :

271 4490 364 4556 ια’,
390 4490 490 4560 ιβ’.
527 4508 545 4540 ι
578 4490 675 4554 Τίς
704 4489 902 4555 ἀπάξει
930 4508 997 4560 με
1019 4491 1100 4553 είς
1136 4472 1292 4542 πόλιν
1320 4488 1586 4560 περιοχῆς
1606 4488 1672 4560 ;ῆ
1700 4487 1758 4540 τίη

1960 4487 2128 4543 Vsus.
2156 4488 2243 4555 11,
2288 4488 2375 4542 ιε.
2416 4508 2435 4540 ι
2465 4488 2600 4554 Quis
2654 4487 2887 4544 deducet
2947 4504 3035 4545 me
3084 4491 3140 4543 in
3184 4488 3464 4544 civitatem

199 4580 463 4652 ὐδηγήσει
497 4597 565 4652 με
587 4580 695 4644 ἕως
719 4581 818 4652 τῆς
849 4579 1193 4652 Ἰδουμαίας;
1229 4581 1365 4651 Οὐχὶ
1405 4582 1493 4643 σὺ,
1530 4582 1560 4633 6
1581 4580 1783 4646 Θεὸς,ὁ

1890 4583 2158 4636 munitam
2176 4582 2305 4635 ?aut
2326 4582 2451 4651 quis
2479 4582 2711 4637 deducet
2740 4598 2826 4636 me
2851 4596 3026 4652 usque
3052 4582 3107 4637 in
3132 4579 3466 4636 ldumaam?

202 4673 573 4744 ἀπωσάμενος
612 4674 795 4744 ήμᾶςς
835 4692 854 4725 ι
903 4672 970 4746 [⁸⁹
1009 4673 1144 4727 Οὐδὲ
1197 4674 1305 4746 γὰρ
1341 4669 1412 4745 ἦν
1452 4674 1640 4745 ἐτέρου
1684 4674 1752 4742 τῆ

1891 4671 2081 4727 Nonne
2113 4682 2192 4739 tu,
2215 4688 2248 4727 o
2287 4672 2449 4736 Deus,
2493 4673 2588 4743 qui
2617 4673 2865 4743 repulisti
2918 4672 3061 4729 nos?
3094 4692 3113 4726 ι
3144 4672 3285 4746 [Νοιι
3317 4673 3465 4728 enim

201 4765 462 4836 τοιαύτης
492 4766 639 4836 ἡμᾶς
670 4761 907 4830 ἀειιῖισαι
948 4763 1341 4838 προμηθείας.]
1398 4765 1584 4818 Πόλιν
1610 4764 1655 4796 ⁸ο
1683 4777 1788 4816 rre-

195 4856 417 4927 ριοχῆς
471 4858 572 4929 τὴν
610 4856 966 4930 Ἰερουσαλὴμ
1025 4857 1207 4915 καλεῖ.
1253 4858 1470 4930 Ταύτην
1510 4860 1538 4912 6
1569 4858 1793 4929 Σύμμα-

205 4967 300 5019 χος
331 4947 767 5020 πεφραγμένην
783 4950 827 4982 “
850 4950 1220 5021 ήρμήνευσεν.
1252 4950 1472 5017 Ἐπειδὴ
1506 4949 1619 5018 γάρ
1656 4947 1789 5001 ἀνά-

1891 4765 2114 4819 alterius
2167 4775 2284 4821 erat
2314 4767 2413 4822 hac
2452 4781 2556 4822 nos
2603 4766 2815 4836 dignari
2867 4767 3089 4836 provida
3126 4767 3308 4841 cura,]
3344 4766 3469 4821 Hie-

1893 4860 2224 4931 rosolymam
2267 4870 2553 4929 nuncupat
2586 4861 2857 4915 ciuitatem
2920 4861 3253 4916 munitionis.
3316 4860 3469 4917 Hanc

1897 4949 2259 5023 Symmachus
2285 4953 2692 5021 circnmseptam
2723 4953 3113 5021 interpretatus
3157 4960 3262 5007 est.
3320 4953 3470 5020 Quo-

208 5057 408 5106 στατος
444 5043 713 5111 ἐγεγόνει,
743 5042 838 5097 καὶ
849 5042 1111 5114 ἐστέρητο
1132 5042 1178 5075 ⁸⁸
1199 5042 1309 5096 τῶν
1329 5042 1526 5111 τειχῶν
1557 5042 1624 5105 ⁸³,
1651 5059 1758 5112 μετ

1902 5042 2047 5096 niam
2090 5042 2235 5096 enim
2271 5052 2484 5097 vastata
2532 5051 2698 5112 atque
2758 5041 3032 5098 menibus
3066 5043 3299 5112 spoliata
3349 5043 3469 5105 init,

281 5213 321 5240 ω
355 5201 560 5258 Εῑεειι.
614 5220 691 5269 ιι,
725 5205 779 5261 5.
862 5215 886 5242 υ
919 5204 1122 5261 Jerem.
1152 5206 1307 5272 ι,15.

1315 5317 1556 5374 VARIJE
1589 5316 1972 5374 LECTIONES
2011 5320 2101 5375 ΕΤ
2142 5318 2374 5377 NOTAE.

277 5436 323 5466 ³⁸
350 5433 644 5501 Πλύσεώς

209 5505 356 5561 οὔτε.
459 5506 504 5537 ³³
549 5505 698 5575 Ῥώμ

214 5578 382 5632 habet
435 5577 628 5631 codex.

213 5647 340 5709 ﬁdei
372 5648 579 5700 alumni
618 5648 957 5716 passionibus
1007 5649 1220 5702 obnoxii
1266 5662 1407 5705 sunt.

217 5719 259 5749 "
284 5718 328 5771 E
350 5719 473 5773 cod.
507 5718 531 5769 1
569 5719 751 5787 suppl,
846 5719 892 5749 ‘°
927 5721 1134 5773 Πόλιν.
1172 5722 1295 5773 cod.
1330 5721 1500 5774 1add.
1525 5719 1604 5774 δέ.

219 5790 382 5843 habet
401 5789 951 5860 περιπεφραγμένην.

510 5886 790 5947 ΡΑτιιοι..
827 5885 943 5946 Gn.
968 5883 1197 5944 LXXX.

702 5524 800 5578 ην.
832 5510 954 5562 cod.
994 5508 1015 5560 1
1056 5509 1248 5578 ῥοπήν.

1350 5509 1394 5540 ³⁵
1424 5507 1621 5563 Ecod.
1654 5511 1677 5561 1
1713 5507 1814 5577 sup

666 5452 808 5505 μου.
832 5437 954 5512 cod.
1040 5437 1497 5512 adda'roﬁtohygp
1518 5438 1670 5512 Soxei
1687 5441 1753 5509 τῇ

1860 5439 2025 5512 Ξραῖδι
2046 5440 2333 5512 διαλέκτῳ.
2398 5440 2441 5473 ³¹
2462 5440 2582 5495 cod.
2614 5438 2651 5493 2
2671 5439 2770 5511 τὴν
2802 5438 3186 5512 Βαϐυλωνίαν..
3211 5436 3257 5512 ³ξ
3288 5439 3408 5494 cod.
3443 5439 3480 5495 2

1819 5508 1895 5579 pl.
1967 5510 2038 5583 _"
2062 5508 2307 5583 Βρόζονί.
2358 5512 2432 5566 Ita
2477 5512 2580 5583 leg.
2611 5508 2747 5583 esse
2783 5510 2996 5583 videtur
3027 5525 3128 5580 pro
3161 5508 3390 5583 βρέμον,
3422 5523 3478 5562 ιιι

739 5577 785 5659 ’,⁸
824 5577 1294 5647 Καταναγκιὶσω.
1356 5579 1482 5635 cod.
1517 5579 1541 5631 1
1594 5580 1718 5633 add.
1764 5577 1850 5643 Ὠς
1896 5580 1989 5633 καὶ
2017 5577 2269 5652 τὰπάθη
2302 5585 2416 5643 τοῖς
2460 5577 2751 5705 τροφίμοις
2781 5582 2884 5649 τῆς
2916 5577 3284 5643 πίστεως-λ’οὶ
3310 5582 3477 5635 etiam

739 5648 957 5703 uonibus
1007 5649 1220 5702 obnoxii
1266 5662 1407 5705 sunt.
1504 5649 1547 5680 ³⁷
1590 5653 1671 5705 Οὐ
1698 5650 1909 5719 μόνον.
1936 5650 2059 5704 eod.
2086 5651 2121 5703 ἓ
2154 5651 2352 5719 μόνων.
2461 5650 2506 5684 ³⁸
2539 5656 2623 5706 Ka
2670 5655 2724 5706 οἱ
2770 5651 2969 5708 ἄλλοι.
3003 5651 3128 5705 Des.
3164 5652 3217 5705 in
3265 5652 3385 5705 cod.
3419 5652 3475 5705 2.

2154 5650 2352 5722 μόνων.
2461 5650 2506 5684 ³⁸
2539 5650 2646 5706 Καὶ
2670 5655 2724 5706 οἱ
2770 5651 2969 5708 ἄλλοι.
3003 5651 3128 5705 Des.
3164 5652 3217 5705 in
3265 5652 3385 5705 cod.
3419 5652 3475 5705 2.

1716 5720 1758 5751 6|

1860 5723 1912 5775 d.
1944 5722 1982 5795 2
2012 5720 2471 5795 άπεφραγμένην.
2505 5722 2695 5780 Montf.
2729 5739 2859 5780 vero
2897 5724 2953 5779 in
2988 5723 3214 5793 Hexapl.
3246 5723 3315 5777 ad
3345 5725 3399 5777 h.
3436 5723 3473 5775 Ι.

1028 5792 1073 5821 ⁸³
1097 5791 1219 5844 cod.
1250 5791 1284 5844 2
1313 5792 1607 5863 ὲστερεῖτο.
1682 5791 1726 5822 ’⁸³
1747 5792 1872 5847 cod.
1930 5792 1966 5844 ‘2
2004 5791 2214 5862 τοίχων.

3040 5884 3114 5949 42
