3902 6486
175 306 288 373 1325

1536 313 1618 373 ΙΝ
1644 312 1848 372 PSAL.
1874 311 1992 372 LX.

3293 301 3429 369 1326

173 422 369 485 σθέντες
394 421 465 482 ⁸⁸.
497 422 763 494 κάκείνην
788 425 1197 498 ἠναγκασμένοι
1230 426 1327 497 τὴν
1357 429 1459 497 γῆν
1483 428 1652 479 οἰκεῖν
1674 427 1739 478 ⁸⁸.

1858 435 2050 480 terram
2121 425 2365 480 habitare
2421 425 2617 479 coacti.
2660 437 2682 472 ι
2757 423 2896 479 Dum
2958 423 3274 478 anxiaretur
3331 437 3432 478 cor

173 536 190 566 ι
227 514 312 567 Ἑν
339 512 420 581 τῷ
454 515 755 585 ἀκηδιάσαι
778 517 880 584 τὴν
907 517 1139 589 καρδίαν
1177 536 1281 590 μου
1312 520 1372 571 ἐν
1401 519 1577 590 πέτρα
1599 518 1748 588 ὕψω-

169 605 256 670 σάς
292 623 358 676 με
394 606 464 662 ⁵⁷.
504 626 524 656 ι
573 607 824 661 Ἱκετεύω
856 609 916 662 δέ
951 627 1010 663 σε
1036 610 1136 680 τῆς
1167 611 1322 680 παρὰ
1360 609 1454 662 σοῦ
1483 611 1746 680 ψυχαγω-

168 701 278 768 γίας
322 701 532 770 τυχεῖν.
586 699 955 771 Ὀδυνώμενος
988 701 1120 772 γὰρ,
1174 704 1269 756 καὶ
1327 704 1425 767 τὰς
1466 702 1748 774 ἐπικειμέ-

166 809 250 855 νας
277 792 322 823 ⁸⁸
349 791 759 863 ὀλοφυρόμενος
818 795 1126 866 συμφορὰς,
1154 795 1254 864 τῆς
1287 794 1388 864 σῆς
1419 793 1749 865 ἐπικουρίας

164 882 478 954 ἁπήλαυσα,
509 884 608 937 καὶ
646 885 757 938 τῶν
787 885 1067 956 πολεμίων
1109 886 1412 959 ὑπέρτερος
1449 885 1744 958 ἐγενόμην.

167 974 228 1046 [“
252 973 487 1046 Εἴρηται
521 975 579 1028 δὲ
630 977 790 1031 τοῦτο
833 979 898 1031 ἐκ
937 978 1234 1051 προσώπου
1282 979 1383 1050 μὲν
1413 978 1524 1032 τῶν
1554 979 1748 1049 ἀνδρα-

167 1069 526 1124 ποδισθέντων
585 1070 693 1124 ἀπὸ
741 1070 842 1141 τῆς
881 1070 1238 1143 Ἰερουσαλὴμ
1268 1072 1326 1124 ἐν
1372 1073 1438 1142 τῇ
1469 1069 1747 1123 Βαϐυλῶνι

169 1164 256 1217 καὶ
277 1162 555 1232 τυχόντων
583 1162 687 1232 τῆς
710 1162 1066 1234 ἀνακλήσης
1092 1178 1107 1192 ο
1132 1163 1400 1233 ἁρμόττει
1420 1162 1477 1215 δὲ
1506 1161 1601 1216 καὶ
1621 1163 1750 1217 ἐκά-

173 1273 276 1322 στῳ
302 1254 381 1324 τῷ
409 1253 500 1307 διὰ
534 1253 828 1324 μετανοίας
855 1253 956 1325 τὴν
990 1253 1186 1308 ἐαυτοῦ
1229 1255 1747 1326 πραγματευομένη)

171 1345 468 1417 σωτηρίαν,
502 1345 602 1398 καὶ
633 1346 832 1416 μηκέτι
860 1346 991 1417 περὶ
1022 1345 1122 1416 τῆς
1145 1345 1396 1418 ἀτραποῦ
1451 1343 1746 1416 βαδίζοντι,

167 1437 297 1492 ἀλλὰ
326 1438 429 1508 τὴν
463 1437 632 1507 μόνην
658 1437 756 1491 καὶ
786 1436 984 1507 ἀκλινῆ
1025 1435 1301 1506 βαδίζοντι
1333 1436 1451 1491 ὁδόν
1473 1453 1488 1467 ·
1521 1435 1618 1491 καὶ
1650 1436 1746 1509 δῆ-

168 1528 248 1578 λον
270 1525 361 1579 διὰ
395 1524 504 1577 τῶν
529 1522 704 1597 ἐξῆς.]

238 1637 256 1669 ι
291 1617 598 1687 namque;
655 1633 743 1688 με.
774 1615 886 1688 [δ’.]
934 1616 1060 1670 Ὀτι
1109 1616 1380 1688 ἐγενήθης
1413 1615 1570 1679 ἐλπίς
1603 1633 1704 1687 μου
1728 1632 1743 1646 ⁸

169 1708 371 1776 πύργος
405 1706 616 1775 ἰσχύος,
652 1705 761 1759 ἀπὺ
793 1704 1090 1776 προσώπου
1138 1706 1361 1778 ἐχθροῦ.
1408 1726 1426 1759 ι
1484 1706 1596 1777 Τῆς
1646 1707 1748 1778 σῆς

169 1799 422 1868 προνοίας
454 1801 745 1870 μετασχεῖν
776 1798 1026 1867 ἐλπίσας,
1078 1799 1138 1853 οὐ
1182 1801 1486 1872 διήμαρτον
1520 1801 1620 1871 τῆς
1659 1800 1747 1854 ἐλ-

1851 533 2056 583 meum,
2092 517 2146 572 in
2175 527 2330 588 petra
2362 517 2616 573 cxaltasti
2649 532 2755 571 me.
2794 535 2813 568 ι
2868 513 3111 571 Obsecro
3138 525 3322 570 autem
3377 523 3432 570 te

1851 623 1911 668 ut
1938 612 2368 669 consolationem
2395 628 2425 668 a
2451 624 2504 667 te
2542 626 2874 681 consequar.
2902 608 3040 664 Nam
3059 623 3428 680 conquerens.

1851 713 2016 774 atque
2058 705 2440 761 incumbentes
2463 705 2804 761 calamitates
2829 702 3145 773 deplorans,
3183 710 3276 756 tua
3327 716 3433 771 ope

1851 793 2059 851 fruitus
2097 812 2243 862 sum,
2287 796 2649 867 hostibusque
2681 796 2930 865 superior
2950 793 3120 849 evasi.
3143 791 3287 865 [Hoc
3306 791 3432 863 qui-

1849 889 1972 944 dem
1997 889 2203 944 dictum
2240 889 2454 960 1009
2480 899 2566 945 est
2588 905 2657 945 ex
2703 903 2941 959 persona
2976 902 3170 944 eorum
3226 886 3322 958 qui
3362 901 3431 941 ex

1851 981 2226 1056 Hierosolyma
2259 983 2458 1054 captivi
2486 981 2817 1054 Babylonem
2845 982 3088 1047 deducti,
3117 988 3302 1060 postea
3327 995 3432 1035 au~

1849 1084 1956 1132 tem
1995 1076 2232 1132 revocati
2271 1075 2489 1132 fuerant
2518 1094 2531 1130 :
2566 1074 2828 1145 applicari
2849 1089 2978 1129 vero
3005 1082 3240 1143 possunt
3262 1073 3430 1128 etiam

1851 1170 1918 1226 ad
1966 1175 2419 1242 unumquemque
2465 1168 2566 1238 qui
2633 1183 2729 1237 pcr
2754 1166 3134 1237 pmoitentiam
3153 1166 3258 1222 sibi
3287 1179 3430 1236 prte-

1849 1269 1961 1316 stat
2009 1260 2270 1328 salutem,
2296 1273 2400 1314 nec
2442 1273 2474 1314 a
2499 1258 2627 1313 trita
2666 1259 2755 1312 via
2782 1257 3014 1320 recedit,
3051 1257 3143 1312 sed
3175 1257 3230 1310 in
3263 1256 3426 1311 unica

1846 1367 1915 1409 ac
1935 1352 2094 1407 ﬁrma
2122 1352 2210 1408 via
2231 1350 2455 1409 incedit.
2485 1348 2554 1405 Et
2574 1350 2680 1404 hoc
2715 1365 2746 1405 e
2770 1349 3128 1420 sequentibus
3155 1345 3428 1420 apparet.]

1924 1628 1946 1662 ι
1972 1610 2251 1674 Deduxisti
2283 1628 2392 1670 me.
2422 1610 2615 1685 [Vr-ms.
2656 1610 2737 1686 4.]
2794 1611 2932 1679 Quia
2984 1611 3164 1668 factus
3204 1627 3268 1668 es
3304 1626 3430 1684 spes

1850 1724 1992 1774 mea,
2029 1718 2197 1763 turns
2226 1707 2568 1763 fortitudinis
2609 1721 2639 1760 a
2679 1706 2820 1762 facie
2843 1706 3076 1761 inimici.
3116 1725 3134 1758 ι
3173 1705 3310 1762 Cum
3350 1706 3430 1762 lui

1777 1779 1820 1835 Β
1847 1799 2036 1855 auxilii
2088 1797 2363 1868 particeps
2423 1812 2544 1854 esse
2574 1811 2906 1868 sperassem,
2943 1812 3039 1868 spe
3069 1797 3295 1852 minime
3334 1797 3432 1853 de-

169 1891 348 1954 πίδοςο
395 1891 587 1960 ἐγένου
619 1891 728 1962 γάρ
762 1908 866 1962 μου
889 1891 935 1923 ’¹⁰
968 1892 1062 1945 καὶ
1091 1892 1348 1964 ποδηγὸς,
1399 1892 1497 1946 καὶ
1535 1891 1746 1963 πύργος

1858 1891 2024 1960 iectus
2063 1906 2228 1947 sum:
2269 1891 2711 1961 quandoquidem
2762 1889 2918 1946 fuisti
2962 1890 3092 1944 mihi
3123 1899 3176 1946 et
3208 1889 3339 1956 dux,
3377 1901 3432 1946 et

171 1982 400 2054 ἰσχυρός.
475 1983 576 2037 Διὰ
635 1985 745 2054 γὰρ
805 1983 911 2054 τῆς
962 1984 1064 2055 σῆς
1112 1984 1445 2054 κηδεμονίας
1490 1985 1592 2048 τὰς
1637 1984 1746 2038 τῶν

171 2075 368 2146 ἐχθρῶν
416 2076 715 2141 ἐπιϐουλὰς
765 2076 1028 2148 διαδρὰς,
1095 2077 1359 2143 τεύξομαι
1416 2077 1520 2148 τῆς
1575 2080 1745 2132 ἐπαν-

172 2170 305 2223 ὁδου.

234 2270 294 2316 ε’.
343 2281 362 2314 ι
390 2263 727 2334 Παροικὴσω
770 2264 828 2316 ἐν
872 2264 951 2335 τῷ
1003 2265 1330 2337 σκηνώματι
1375 2282 1470 2318 σου
1507 2265 1589 2329 είς
1619 2265 1748 2330 τοὺς

170 2354 364 2417 αἰῶνας
387 2371 400 2386 ο
443 2355 896 2426 σκεπασθήσομαι
927 2357 985 2410 ἐν
1013 2359 1079 2428 τῇ
1114 2357 1293 2429 σκέπη
1317 2356 1428 2410 τῶν
1457 2357 1749 2428 πτερύγων

172 2461 277 2495 σου.
316 2463 334 2494 ι
373 2443 672 2514 Σκήνωμα
703 2445 810 2500 τοῦ
844 2448 994 2502 Θεοῦ
1022 2447 1122 2520 τὴν
1155 2447 1515 2520 Ἰερουσαλὴμ
1543 2449 1746 2520 ὀνομά-

171 2537 263 2601 ζει.
304 2537 395 2590 Ἐν
434 2536 622 2610 ἐκείνῃ
648 2537 756 2610 γὰρ
786 2539 1025 2593 ἐποιεῖτο
1054 2540 1156 2610 τὴν
1190 2539 1330 2612 πρὸς
1379 2541 1578 2606 αὐτοὺς
1623 2541 1750 2594 ἐπι·

171 2633 408 2699 φανειαν.
438 2630 601 2696 Λέγει
634 2631 836 2697 τοίνυν,
863 2633 947 2687 ὅτι
969 2633 1083 2704 Τῆς
1115 2633 1376 2688 ἐπανόδου
1409 2633 1748 2706 τετυχηκὼς,

171 2723 454 2793 ἐνδελεχῶς
475 2724 520 2754 ⁷⁸
553 2722 633 2794 τῷ
665 2724 744 2794 σῷ
769 2725 1227 2796 προσεδρεύσω⁷²
1264 2727 1369 2798 νεῷ
1386 2728 1454 2794 ⁷⁸,
1509 2728 1607 2782 καὶ
1645 2727 1750 2799 τῆς

171 2818 309 2887 παρὰ
340 2818 438 2869 σοῦ
473 2816 738 2888 προνοίας
784 2817 1102 2871 ἀπολαύσω.
1150 2820 1456 2890 Πτέρυνιις
1492 2819 1600 2891 γὰρ
1648 2819 1750 2891 τὴν

169 2911 256 2962 τοῦ
283 2908 422 2962 Θεοῦ
453 2909 790 2979 κηδεμονίαν
819 2909 993 2966 καλεῖ.
1032 2909 1106 2964 Τὸ
1134 2909 1192 2963 δὲ
1224 2912 1312 2977 εἰς
1337 2909 1481 2975 τοὺς
1505 2909 1746 2976 αἰῶνας,

172 3003 281 3056 ἀντὶ
305 3001 402 3054 τοῦ
433 3000 726 3069 διηνεκῶς
747 3001 1076 3057 τέθεικεντῆ

238 3093 314 3158 ς’.
359 3112 378 3145 ι
412 3094 538 3147 Ὀτι
570 3095 660 3161 σὺ,
706 3096 735 3147 ό
769 3094 924 3158 Θεὸς,
972 3096 1305 3167 εἰσήκουσας
1351 3094 1462 3150 τῶν
1510 3095 1685 3166 εὐχῶν
1703 3096 1749 3128 ⁷⁸

178 3204 268 3256 μου
291 3203 301 3212 ·
337 3187 551 3250 ἔδωκας
573 3186 945 3259 κληρονομίαν
969 3191 1084 3252 τοῖς
1114 3189 1472 3260 φοϐουμένοις
1491 3189 1554 3242 τὸ
1581 3189 1754 3261 ὄνομὰ

178 3294 282 3331 σου.
329 3296 348 3330 ι
420 3276 611 3347 ’Υμνῶ
655 3277 712 3330 δέ
757 3294 817 3330 σε
867 3279 1182 3346 διαπαντὸς,
1229 3281 1418 3352 ἐπειδὴ
1463 3282 1564 3345 τὰς
1611 3282 1752 3353 ἐμὰς

175 3368 458 3438 δεξείμενος
506 3369 778 3433 ἱκετείας,
827 3371 927 3442 τὴν
973 3370 1410 3440 ἐπαγγελθεῖσαν
1459 3375 1572 3437 τοῖς
1617 3392 1754 3446 προ-

177 3463 340 3528 γόνοις
365 3461 528 3532 ἡμῶν
557 3461 928 3533 κληρονομίαν
953 3465 1086 3533 ἡμῖν
1109 3466 1224 3528 τοῖς
1253 3465 1479 3518 ἐκείνων
1508 3466 1753 3535 ἐκγόνοις

178 3555 456 3616 ἀπέδωκας
474 3555 545 3607 ⁷⁸.
582 3553 768 3607 Ταῦτα
795 3553 853 3607 δὲ
880 3555 1133 3622 λέγουσιν
1164 3557 1326 3620 εὐθὺς
1359 3558 1630 3630 ἁψάμενοι
1654 3563 1752 3632 τῆς

179 3648 306 3702 ὀδοῦ.
365 3647 566 3702 Ἰστέον
604 3649 810 3718 μέντοι,
838 3650 920 3702 ὅτι
940 3650 986 3683 ⁷⁷
1018 3650 1237 3720 καὶτῆς
1271 3649 1509 3721 ἀληθοῦς
1547 3653 1752 3724 κληρο-

182 3743 356 3811 νομίας
404 3741 711 3811 αἰνίγματα
765 3740 879 3812 ἔχει
925 3740 997 3794 τὰ
1048 3744 1392 3814 προκείμενα
1425 3745 1749 3816 ρήματατθ·

185 3834 505 3904 κληρονομία
534 3833 590 3884 δὲ
615 3832 841 3902 ἀληθὴς,
868 3834 901 3902 ἠ
932 3833 1148 3897 αἰώνιος
1174 3834 1311 3904 ζωὴ,
1339 3836 1470 3906 περὶ
1489 3831 1555 3908 ἦς
1582 3836 1688 3906 ἔφη
1705 3837 1751 3868 ⁷³

183 3925 553 3994 «SAac-uotae“
578 3925 811 3997 Χριστὸς
835 3927 950 3988 τοῖς
977 3928 1040 3978 ἐκ
1059 3926 1249 3992 δεξιῶν
1273 3929 1466 3996 ἀμνοίς
1485 3943 1500 3957 ⁶
1543 3948 1562 3980 ι
1588 3929 1752 3982 Δεῦτε

185 4022 226 4072 οἱ
248 4023 601 4092 εὐλογημένοι
631 4021 726 4075 τοῦ
765 4023 980 4093 Πατρός
1014 4041 1117 4090 μου
1139 4039 1151 4052 ·
1186 4022 1633 4096 κληρονομήσατε
1654 4026 1753 4096 τὴν

185 4113 582 4184 ἡτοιμασμένην
640 4115 768 4183 ὑμῖν
845 4113 1128 4184 βασιλείαν
1195 4114 1301 4183 πρὸ
1334 4115 1378 4147 ⁸¹
1445 4115 1752 4189 καταϐολῆς

185 4204 398 4274 κόσμου.
433 4223 451 4254 ι
489 4205 709 4277 Ταύτην
737 4207 836 4273 τὴν
861 4206 1230 4278 κληρονομίαν
1252 4208 1364 4270 τοῖς
1397 4207 1752 4278 φοϐουμένοις

185 4297 331 4348 αὐτὸν
360 4296 560 4350 δώσειν
590 4300 619 4352 ὁ
646 4298 926 4370 Δεσπότης
973 4297 1244 4368 ὑπέσχετο
1264 4313 1278 4326 °
1328 4299 1422 4351 καὶ
1451 4298 1661 4363 τούτοις
1693 4300 1752 4354 δὲ

183 4385 247 4448 ὡς
273 4389 328 4440 ἐν
356 4388 520 4459 τύπῳ
547 4388 646 4459 τὴν
675 4390 1094 4460 ἐπηγγελμένην
1121 4389 1369 4444 ἀπέδωκε
1399 4390 1528 4459 γῆν.

1849 1984 2018 2042 turris
2049 1985 2252 2040 valida.
2285 1983 2387 2039 Per
2415 1994 2562 2040 tuam
2587 1984 2733 2039 enim
2765 1999 2954 2038 curam
2987 2000 3055 2039 ex
3082 1982 3428 2040 inimicorum

1848 2078 2067 2135 insidiis
2103 2079 2324 2149 elapsus
2347 2077 2522 2132 reditu
2550 2079 2746 2147 potiar.

1921 2259 2090 2316 Vens.
2126 2259 2180 2315 5.
2243 2278 2262 2310 ι
2295 2257 2565 2313 llabitabo
2600 2261 2654 2312 in
2688 2259 3042 2313 tabernaculo
3073 2268 3168 2313 tuo
3197 2275 3294 2326 per
3331 2276 3432 2316 δαδ-

1848 2354 2007 2410 cula:
2037 2363 2292 2425 protegat
2317 2361 2634 2423 tegumento
2661 2353 2871 2407 alarum
2907 2361 3152 2407 tuarum.
3188 2372 3206 2405 ι
3245 2352 3434 2410 Hiero-

1851 2447 2119 2517 solymam
2141 2444 2390 2499 nominat
2415 2444 2821 2499 tabernaculum
2849 2444 2966 2500 Dei.
3000 2445 3056 2500 In
3088 2428 3178 2500 ilia
3201 2446 3347 2501 enim
3372 2462 3433 2504 se

1852 2539 1986 2610 ipsis
2041 2537 2495 2608 conspiciendum
2543 2537 2841 2608 praebebat.
2879 2537 3020 2593 Dicit
3048 2538 3256 2609 igitur:
3293 2537 3430 2596 Cum

1850 2632 2088 2688 reditum
2117 2638 2449 2686 consecutus
2497 2630 2673 2695 fuero,
2703 2629 2964 2686 continue
2993 2640 3088 2686 tuo
3117 2631 3317 2699 templo
3339 2646 3432 2687 as-

1851 2725 2060 2789 sidebo,
2094 2733 2148 2779 et
2169 2733 2261 2778 tua
2291 2722 2637 2795 providentia
2659 2721 2934 2792 perfruar.
2974 2723 3106 2778 Ala:
3135 2725 3308 2788 enim,
3335 2722 3432 2779 Dei

1851 2815 2300 2886 gubernationem
2367 2823 2547 2870 vocat.
2603 2813 2720 2870 Hoc
2765 2824 2951 2871 autem
2999 2816 3056 2869 in
3094 2815 3294 2872 uacula
3331 2830 3434 2887 pro

1851 2909 2098 2962 continue
2129 2907 2333 2978 posuit.

1930 3087 2097 3144 Vsus.
2132 3089 2185 3143 6.
2225 3107 2245 3140 ι
2281 3087 2551 3155 Quoniam
2578 3097 2660 3156 tu,
2694 3103 2728 3145 ο
2750 3091 2922 3154 Deus,
2947 3090 3219 3148 exaudisti
3246 3107 3436 3162 preces

1857 3196 2030 3247 meas,
2049 3179 2252 3237 dedisti
2271 3181 2643 3237 hereditatem
2664 3181 2983 3238 timentibus
2997 3199 3196 3239 nomen
3210 3192 3389 3240 tuum.
3411 3204 3431 3238 ι

1857 3276 2085 3347 Semper
2119 3287 2298 3344 autem
2334 3285 2385 3332 te
2413 3273 2724 3340 celebrabo,
2762 3277 3022 3346 quoniam
3067 3293 3217 3334 meas
3248 3294 3439 3350 preces

1853 3369 2176 3435 exaudiens,
2213 3369 2588 3424 haereditatem
2620 3368 2928 3439 majoribus
2966 3371 3180 3442 1010
3229 3373 3437 3430 nostris

1856 3465 2186 3534 promissam
2246 3466 2264 3486 ‘
2320 3465 2479 3519 nobis
2541 3464 2768 3519 illorum
2828 3465 3061 3534 posteris
3115 3466 3434 3522 attribuisti.

1856 3557 1980 3614 Haec
2011 3574 2142 3614 vero
2167 3559 2379 3622 dicunt,
2410 3573 2535 3612 cum
2570 3558 2807 3628 primum
2843 3557 2947 3613 iter
2967 3559 3197 3629 ingressi
3228 3569 3433 3618 essent.

1857 3652 2156 3708 Sciendum
2213 3661 2295 3706 est
2351 3651 2516 3723 igitur
2565 3651 2683 3708 hac
2721 3650 2888 3706 verba
2919 3665 3061 3706 vera:
3103 3651 3436 3708 haereditatis

1856 3745 2147 3815 mnigmata
2175 3743 2475 3798 continere.
2509 3741 2645 3798 Vera
2676 3752 2859 3796 autem
2893 3742 3184 3798 haereditas
3214 3754 3299 3800 est
3327 3747 3432 3802 vita

1855 3846 2079 3900 aeterna,
2115 3836 2183 3891 de
2219 3851 2324 3906 qua
2350 3833 2620 3890 Dominus
2653 3833 2910 3890 Christus
2957 3834 3113 3904 agnis
3147 3837 3211 3890 ad
3243 3838 3436 3893 dexte-

1854 3943 1972 3982 ram
2017 3925 2448 3982 consistentibus
2472 3926 2593 3981 ait:
2632 3945 2652 3978 ι
2681 3925 2893 3993 Venite,
2931 3927 3200 3985 benedicti
3257 3929 3435 3989 Patris

1852 4021 1984 4087 mei,
2020 4019 2262 4074 lireredes
2302 4026 2479 4072 estote
2509 4017 2664 4086 regni
2696 4015 2842 4086 quod
2880 4027 3130 4087 paratum
3161 4030 3246 4075 est
3278 4023 3434 4078 vobis

1854 4121 1981 4168 ante
2013 4110 2200 4164 mundi
2231 4108 2680 4165 consritutionem
2727 4116 2774 4160 ο.
2815 4127 2835 4161 ι
2881 4107 3036 4164 Hanc
3061 4110 3432 4169 hereditatem

1854 4205 2122 4261 Dominus
2173 4203 2495 4258 timentibus
2545 4217 2670 4258 eum
2714 4217 2774 4257 se
2821 4201 3076 4258 daturum
3115 4208 3430 4276 spopondit,

1853 4308 1905 4354 et
1957 4298 2042 4353 his
2085 4305 2344 4367 tanquam
2400 4296 2453 4349 in
2503 4294 2678 4366 ﬁgura
2718 4297 3046 4365 promissam
3107 4306 3311 4355 terram
3351 4310 3435 4356 at-

1855 4388 2064 4444 tribuit.

242 4478 307 4545 ζν
349 4488 423 4550 η’.
486 4501 507 4534 ι
553 4482 797 4553 Ἡμέρας
852 4485 938 4553 ἐφ’
993 4481 1271 4554 ήμέρας⁸⁹
1329 4482 1424 4536 τοῦ
1483 4483 1749 4553 βασιλέως

1925 4481 2088 4536 Vnus.
2129 4481 2181 4542 7,
2208 4479 2260 4533 8.
2301 4499 2319 4530 ι
2361 4479 2483 4533 Dies
2523 4493 2688 4548 super
2715 4479 2830 4534 dies
2862 4480 3008 4551 regis
3039 4481 3303 4553 adjicies:
3337 4502 3435 4542 an~

248 4579 272 4608 °
297 4573 492 4629 Matth.
553 4591 684 4640 xxv,
716 4576 803 4629 54.

1279 4669 1514 4725 VARUE
1559 4669 1949 4727 LECTIONLS
2004 4670 2091 4724 ET
2133 4669 2366 4725 ΝΟΤᾸΞ.

263 4764 309 4856 ξ’
332 4762 460 4846 θρὰ.
512 4763 538 4816 1
573 4762 1110 4856 ανδραποδξσθέντες.
1168 4764 1218 4846 εξ
1242 4765 1366 4819 cod.
1417 4765 1453 4856 ξ
1486 4769 1749 4848 κατοικεῖν

1858 4768 1942 4852 )d;
1982 4766 2006 4819 1
2061 4767 2226 4856 liabet
2253 4767 2444 4856 οἰκεῖν,
2495 4775 2549 4820 et
2583 4768 2697 4819 haec
2736 4765 2888 4849 addit
2929 4782 2942 4820 :
2983 4765 3124 4856 ’μιν
3155 4766 3306 4856 ὅμως
3324 4773 3434 4850 ,καὶ

175 4833 278 4908 ἀπὸ
313 4834 430 4908 τῶν
474 4833 729 4908 περάτων
777 4835 870 4886 καὶ
931 4834 1092 4908 μέχρι
1152 4833 1260 4908 τῶν
1313 4838 1565 4908 περάτων
1616 4838 1715 4905 τῆς
1768 4837 1872 4906 γῆς
1910 4837 2032 4908 ,ὅσοι
2083 4838 2506 4906 ἐπιστρέφοντες
2563 4837 2909 4908 προλσκυνεῖν-
2946 4835 3110 4889 αὐτὸν
3179 4833 3434 4908 ὑμνοῦσι,

175 4906 287 4978 καὶ,
328 4903 563 4978 ταύταις
617 4904 911 4978 κέχρηνται
960 4907 1088 4978 ταῖς
1153 4903 1404 4970 λέξεσιν,
1477 4905 1567 4958 ἵνα
1621 4903 1720 4975 τῆς
1780 4903 1920 4975 ’παρ’
1977 4908 2143 4960 αὐτοῦ
2195 4903 2401 4978 τύχωσι
2464 4903 2824 4978 προμηθείας.
2883 4905 2999 4960 Ῑηιο
3054 4903 3260 4978 quoque
3314 4903 3436 4967 ὅτιάέ

176 4994 205 5029 a
254 4976 451 5043 ﬁnibus
503 4983 553 5026 et
611 4990 772 5043 usque
824 4975 894 5027 ad

941 4975 1070 5052 ﬁnes
1121 4987 1304 5052 terrm,
1360 4985 1628 5052 quotquot
1674 4988 2053 5052 convertuntur
2089 4988 2157 5052 _ut
2206 4975 2427 5052 adorent
2475 4975 2658 5052 Deum,
2722 4977 2940 5048 hymnos
3003 4975 3202 5052 canant
3258 4979 3438 5052 hisque

176 5044 641 5119 utuntur‘verbis,
699 5054 753 5096 ut
796 5045 1030 5119 providit
1082 5044 1195 5113 ejus
1223 5044 1402 5119 _cnra:
1435 5044 1721 5117 participes
1777 5049 1932 5116 ﬁant.
2011 5050 2053 5080 ⁸⁷
2088 5048 2370 5117 ’Ύψωσάς
2409 5064 2504 5116 με.
2538 5045 2707 5119 Hebr.
2732 5044 2883 5106 931373
2919 5057 3047 5106 ΒῚἾἺ
3090 5048 3167 5119 (in
3231 5044 3438 5117 petram

175 5122 304 5184 qua’)
331 5115 498 5167 altior
539 5125 617 5168 est
647 5131 747 5168 me.

177 5188 215 5219 '“
241 5184 640 5252 Ἐνδελεχῶς.
665 5184 787 5238 cod.
828 5187 850 5237 1
889 5187 1012 5237 add.
1039 5185 1242 5239 λοιπόν.

851 5114 897 5146 ⁸⁸
936 5115 1369 5188 Ἐπικειμένας.
1415 5118 1536 5170 cod.
1568 5121 1590 5171 1
1627 5114 1752 5174 add.
1778 5114 1903 5188 μοι.

1351 5190 1396 5222 ⁷³
1431 5193 1553 5260 cod.
1651 5187 2020 5260 προσεδρεύω2

2011 5120 2055 5150 ⁶⁹
2079 5119 2120 5173 Ε
2159 5121 2282 5174 cod.
2329 5121 2350 5172 1
2384 5120 2563 5186 suppl.
2670 5117 2715 5188 τέ
2752 5119 2903 5171 Μου.
2941 5119 3064 5172 cod.
3101 5117 3139 5172 “1
3171 5128 3225 5174 et
3260 5120 3294 5173 2
3326 5139 3434 5188 μοι.

2135 5191 2182 5222 ⁷⁸
2213 5191 2335 5244 cod.
2364 5190 2400 5242 2
2427 5189 2561 5246 ναῶ.
2674 5187 2722 5219 ’⁷⁸
2754 5188 3044 5243 Τέθεικεν.
3082 5191 3205 5245 cod.
3238 5190 3264 5244 1
3310 5187 3436 5246 add.

188 5245 564 5335 Ἀρμόττειέδε
587 5245 891 5335 καὶξῴέέ
918 5255 1501 5335 ἐθνιῖξνπεπιστίευκότι
1536 5245 1802 5335 λαῷο’καὶ
1841 5245 1951 5335 γὰρ
1973 5253 2116 5314 οὗτοι
2146 5263 2246 5331 τὴν
2279 5245 2609 5335 Ἐκκλησίαν
2639 5258 2965 5335 ὀνομάζουσι
2995 5261 3284 5330 σκήνωμα,
3319 5264 3376 5313 ἐν

180 5309 513 5401 καταδίκη)ιοῖ
541 5327 570 5376 ὁ
601 5329 665 5401 ἐκ
691 5309 996 5401 Θεοῦ-Θεὸς
1031 5327 1200 5401 Λόγος
1227 5326 1441 5389 ἀθύτως
1475 5309 1598 5380 καοἶ
2188 5309 2615 5401 λ’

179 5399 296 5448 νέαν
326 5395 603 5471 διαθήκην
640 5396 916 5471 όνομζᾲζει.
950 5395 1484 5471 βοηυεηὶιιηιριιιεηι
1517 5401 1626 5452 hmo
1649 5402 1749 5451 etin

1858 5395 2178 5455 :rcdentibus
2212 5418 2238 5456 e
2272 5395 2556 5469 gentilibus
2589 5400 2843 5454 collectis.
2880 5399 3022 5454 Nam
3051 5403 3103 5454 hi
3130 5419 3332 5471 quoque
3358 5413 3440 5456 ta-

182 5467 516 5541 tiernacafum
539 5475 729 5541 vocant
758 5466 1051 5541 Ecclesium
1083 5468 1137 5541 in
1163 5467 1497 5541 quatiubitat
1527 5469 1750 5541 Yerbum
1774 5488 1838 5525 ea:
1867 5471 1993 5533 Deo,
2025 5472 2164 5526 Dens
2189 5466 2411 5541 qui—sine
2446 5471 2714 5538 sacri/icio
2750 5473 2983 5539 quotidie
3008 5466 3264 5537 sacrificii
3303 5476 3438 5529 vices

181 5539 485 5611 gerit.'Alas
505 5548 683 5611 autem
709 5537 804 5589 hoc
828 5539 987 5611 etiam
1013 5539 1066 5588 in
1095 5538 1217 5611 loco
1251 5536 1407 5591 Vetus
1433 5554 1484 5592 et
1511 5539 1723 5594 Novum
1750 5547 2139 5596 Testamentum
2171 5536 2516 5596 t'ocat.Conf.
2540 5536 2736 5611 p.962.
2762 5536 2770 5539 ⁷
2808 5542 2851 5574 ⁷³
2872 5542 3106 5610 Εὺχῶν.
3127 5536 3283 5596 Prior
3303 5547 3436 5600 edit.

183 5608 691 5685 habebat_‘extipd_w,
724 5609 867 5674 quod
915 5608 1258 5685 cuntsuxév
1284 5611 1882 5685 auctoritatqduorum
1915 5614 2167 5685 codicum
2199 5614 2339 5685 Aug.
2360 5608 2828 5685 AcomItiutaudum
2859 5608 2996 5685 esse
3021 5613 3305 5685 duximus,
3333 5617 3438 5670 etsi

182 5690 396 5746 recepta
425 5680 588 5750 lectio
616 5679 673 5731 in
704 5692 846 5750 γεγε.
880 5678 990 5750 τῶν
1025 5678 1078 5729 0'
1105 5680 1175 5750 sit
1202 5680 1542 5750 προσευχῶν.
1621 5681 1666 5711 ⁷⁵
1695 5697 1749 5733 cc

1858 5685 1874 5736 Ι
1910 5683 2281 5747 ἀποδέδωκας.

185 5750 338 5817 ῥητά.

416 5749 679 5823 νβ’-Ἔφη.
707 5747 764 5800 lu
792 5747 916 5823 cod.
949 5749 972 5799 1
1004 5749 1230 5823 ponitur
1260 5758 1383 5823 post
1412 5747 1625 5823 ἆμνοῖς.

189 5830 288 5874 tem
310 5819 692 5890 ροειΧριστὺν
719 5818 965 5887 sequitur
991 5820 1018 5870 ὁ
1046 5818 1177 5881 Θεὸς
1209 5819 1386 5890 ἡμῶν.

2357 5683 2400 5713 ⁷⁷
2445 5683 2595 5735 Ὅτι.
2622 5685 2743 5737 cod.
2776 5683 2801 5736 1
2840 5684 2935 5748 ὡς.
3033 5684 3076 5716 ⁷⁸
3105 5688 3227 5741 cod.
3268 5689 3291 5741 1
3327 5689 3440 5743 et2

1703 5752 1748 5783 ⁸ο
1793 5754 1857 5806 '0
1887 5756 2215 5822 Δεσπότης.
2249 5752 2370 5808 cod.
2399 5751 2436 5806 9.
2470 5767 2656 5823 praem.
2680 5756 2708 5807 ὁ
2729 5754 2862 5819 Θεὸς
2894 5754 3020 5822 καί,
3052 5756 3105 5810 in
3129 5759 3251 5814 cod.
3286 5759 3306 5812 1
3343 5773 3438 5813 au-

1486 5823 1527 5855 ει
1565 5825 1707 5890 ΙΙρό.
1745 5825 1869 5879 cod.
1905 5827 1929 5879 ι
1965 5825 2092 5879 ἀπό.

2206 5825 2252 5856 θ’
2285 5825 2406 5879 cod.
2428 5823 2462 5878 2
2486 5825 2718 5899 ἡμέραν.
