3902 6490
549 354 572 417 1
582 354 681 417 327

544 487 647 525 nos
686 468 807 538 ejus
856 482 1029 539 usque
1062 465 1113 521 in
1146 465 1287 521 diem
1328 464 1702 536 generationis
1722 471 1775 517 et
1792 459 2116 531 generatio-

2218 456 2552 527 προσθήσεις
2586 472 2600 485 ·

544 560 651 617 nis.
682 559 1033 615 Permanebit
1057 558 1111 614 in
1149 571 1411 612 aeternum
1442 556 1494 610 in
1528 564 1825 625 conspectu
1847 551 1963 607 Dei.
1995 569 2014 602 ι
2039 549 2117 605 Ita

545 670 671 707 cum
717 652 1141 723 supplicassem,
1175 661 1229 704 et
1275 666 1397 720 qua:
1437 650 1710 719 petierunt
1756 645 2116 715 accepissent,

545 754 600 800 et
642 762 743 817 pro
773 745 859 800 his
892 746 1096 816 gratias
1124 745 1391 812 egissent,
1434 742 1604 795 Deum
1635 748 1796 795 orant
1825 748 1886 792 ut
1909 736 2119 792 diutius

546 853 728 907 regem
782 838 967 892 datum
1018 846 1326 892 conservet.
1388 834 1542 888 Tunc
1591 843 1770 888 antem
1813 829 2119 886 Zorobabel

547 930 682 999 ipsis
741 929 1086 998 imperabat:
1147 927 1241 981 sed
1296 943 1404 981 non
1464 926 1649 981 omnia
1711 921 2119 979 vaticinationis

544 1022 712 1076 verba
737 1020 784 1074 ei
809 1027 1135 1091 congruunt.
1154 1017 1268 1073 Hoc
1288 1019 1457 1081 enim,
1494 1037 1514 1069 ι
1542 1014 1669 1073 Dies
1700 1032 1862 1086 super
1892 1016 2009 1072 dies
2037 1030 2121 1070 re-

553 1113 638 1184 gis
668 1111 917 1182 adjicies,
960 1129 979 1162 ι
1004 1110 1084 1164 illi
1109 1124 1328 1180 quoque
1350 1109 1628 1174 convenit,
1647 1120 1841 1165 caetera
1858 1123 1991 1165 vero
2020 1122 2117 1163 ne-

546 1219 846 1274 quaquam,
907 1202 1002 1257 sed
1058 1201 1108 1256 ei
1140 1203 1232 1272 qui
1267 1217 1334 1257 ex
1358 1202 1451 1257 illo
1474 1200 1774 1257 secundum
1802 1216 2023 1256 carnem
2050 1200 2121 1256 ob

545 1309 815 1352 summam
845 1308 999 1349 suam
1018 1293 1432 1364 benignitatem,
1454 1294 1648 1363 utipse
1680 1294 1852 1359 novit,
1884 1306 2120 1363 progna-

541 1395 633 1443 tus
660 1396 763 1441 est.
816 1385 873 1440 In
925 1385 1019 1440 illo
1045 1385 1190 1440 enim
1218 1386 1622 1442 vaticinationis
1660 1387 1823 1443 verba
1851 1402 1981 1442 vera
2003 1386 2120 1442 fue-

542 1487 717 1531 runt:
760 1495 778 1528 ι
824 1477 970 1531 Anni
1020 1478 1139 1547 ejus
1170 1494 1344 1547 usque
1384 1480 1439 1533 in
1479 1479 1622 1535 diem
1652 1479 2021 1550 generationis
2066 1489 2120 1534 et

544 1569 914 1638 generationis
946 1586 959 1622 :
991 1569 1330 1639 permanebit
1358 1571 1412 1625 in
1442 1579 1707 1626 aeternum
1738 1572 1794 1625 in
1819 1583 2115 1642 conspectu

548 1658 713 1715 Dein
779 1658 984 1733 [Neque
1041 1663 1185 1723 enim
1244 1661 1461 1716 initium
1507 1662 1715 1717 dierum
1756 1662 1963 1727 habuit,
2024 1678 2122 1719 ne-

546 1768 655 1823 que
688 1752 847 1807 ﬁnem
918 1753 1159 1809 habebit.
1193 1755 1309 1809 Etsi
1366 1755 1573 1825 1011
1605 1756 1773 1817 enim,
1804 1771 1929 1810 cum
1955 1757 2119 1811 homo

545 1860 649 1918 pro
716 1845 876 1900 nobis
930 1844 1107 1900 factus
1144 1855 1309 1910 esset,
1355 1856 1585 1901 mortem
1644 1838 1893 1915 stibierit,
1934 1858 2115 1903 tamen

546 1937 677 1991 anni
717 1937 837 2005 ejus
874 1936 1075 1991 durant
1104 1952 1201 2006 per
1253 1936 1370 1992 dies
1400 1937 1773 2008 generationis
1802 1947 1858 1995 et
1886 1956 2116 2011 genera-

546 2027 731 2083 tionis.
764 2026 821 2082 ln
856 2028 1124 2098 principio
1168 2027 1311 2083 enim
1343 2038 1482 2097 erat,
1527 2038 1581 2084 et
1609 2029 1751 2100 apud
1778 2029 1947 2086 Deum
1979 2042 2117 2099 erat,

543 2115 797 2188 Deusque
848 2127 982 2173 erat.
1035 2116 1170 2172 lllud
1206 2127 1388 2173 autem
1420 2120 1475 2172 in
1515 2129 1794 2189 conspectu
1822 2118 1945 2188 Dei,
1975 2120 2116 2177 idem

544 2220 629 2267 est
658 2212 802 2281 quod
827 2226 1043 2282 semper
1064 2228 1175 2267 una
1205 2227 1331 2268 cum
1360 2211 1520 2268 Patre
1548 2212 1948 2288 coexsistens.]
1973 2215 2117 2270 Idem

542 2305 690 2361 enim
716 2307 978 2376 propheta
1004 2305 1059 2360 in
1086 2306 1388 2362 centesimo
1409 2306 1590 2377 primo
1610 2308 1826 2378 psalmo
1847 2309 1979 2366 dicit
2001 2310 2074 2365 illi
2103 2329 2116 2364 :

551 2415 572 2450 ι
614 2394 697 2452 Tu
752 2408 929 2452 autem
987 2397 1130 2452 idem
1160 2398 1278 2469 ipse
1329 2413 1410 2465 es,
1462 2412 1517 2456 et
1559 2400 1689 2456 anni
1741 2402 1822 2456 tui
1851 2417 1959 2457 non
1984 2402 2119 2457 deti-

542 2486 689 2542 cient
730 2496 779 2541 p.
816 2506 835 2540 ι
881 2486 1143 2560 [Videsne
1201 2506 1326 2545 eum
1357 2492 1451 2562 qui
1481 2506 1581 2563 pro
1612 2491 1772 2547 nobis
1802 2506 2021 2549 crucem
2056 2509 2120 2550 ac

541 2589 774 2634 mortem
795 2580 1081 2645 sustinuit,
1111 2581 1313 2638 habere
1333 2584 1498 2639 etiam
1528 2600 1753 2656 regnum
1773 2586 1880 2642 ﬁne
1900 2603 2118 2654 carens,

541 2680 812 2741 quatenus
868 2672 1153 2729 coexsistit
1186 2689 1310 2729 cum
1342 2673 1502 2731 Patre
1526 2666 1589 2750 ?]
1624 2677 1924 2735 Zorobabel
1954 2679 2120 2751 igitur

540 2759 761 2817 Domini
816 2761 1020 2819 Christi
1076 2764 1249 2835 ﬁgura
1296 2764 1419 2821 fuit.
1463 2765 1601 2823 Nam
1655 2769 2117 2840 Quemadmodum

541 2853 634 2909 ille
665 2855 908 2925 captivos
936 2872 967 2911 e
996 2855 1271 2928 Babylone
1300 2858 1354 2913 in
1377 2860 1610 2929 patriam
1636 2869 1837 2919 terram
1866 2863 2116 2931 reduxit,

542 2947 626 3003 sic
664 2946 932 3005 Dominus
966 2950 1217 3006 Christus
1259 2966 1477 3007 omnem
1508 2953 1801 3010 humanam
1840 2965 2115 3024 naturam,

540 3038 614 3093 ob
669 3041 831 3109 primi
871 3042 1112 3097 hominis
1160 3045 1669 3113 praevaricationem
1712 3047 1765 3101 in
1801 3051 2117 3106 servitutem

1492 340 1983 406 THEODORETI
2014 335 2357 400 EPISCOPI
2378 336 2753 399 CYRENSIS

2656 457 2725 508 τὰ
2759 454 2855 525 ἔτη
2885 454 3050 509 αὑτοῦ
3090 455 3191 520 ἓως
3219 458 3422 527 ἡμέρας
3460 465 3623 530 γενεᾶς
3646 474 3720 525 καὶ

2221 548 2435 615 γενεᾶς.
2469 550 2727 618 Διαμενεϊ
2756 550 2836 612 είς
2863 548 2956 602 τὸν
2991 548 3162 602 αἰῶνα
3190 550 3415 605 ἐνώπιον
3443 554 3528 607 τοῦ
3551 556 3675 616 Θεοῦ,
3702 584 3716 616 ι

2220 641 2407 705 Οὕτως
2443 642 2846 707 ἱκετεύσαντες,
2899 641 2997 696 καλ⁸
3048 641 3149 707 τὰς
3193 644 3434 715 αἰτήσεις
3476 647 3723 721 δεξάμενοι,

2221 733 2315 787 καὶ
2343 734 2505 805 χάριν
2532 734 2676 805 ὑπὲρ
2700 733 2906 788 τούτων
2936 734 3367 806 ὁμολογήσαντες
3382 737 3445 802 ³³,
3474 738 3726 800 ἀντιϐολοῦ.

2222 841 2276 878 σι
2304 825 2394 878 τὸν
2437 825 2591 889 Θεὸν,
2642 825 2737 880 τὸν
2768 826 2995 880 δοθέντα
3028 827 3211 890 αύτοῖς
3256 828 3349 880 ἐπὶ
3391 827 3613 885 πλεῖστον
3637 836 3724 889 δια-

2221 916 2521 985 φυλάξαιθδ
2551 918 2799 988 βασιλέα.
2850 917 3167 988 Τηνικαῦτα
3205 917 3263 971 δὲ
3300 919 3471 973 αὑτῶν
3502 923 3725 983 ἐϐασίλευε

2220 1009 2525 1081 Ζοροϐάϐελ
2546 1029 2560 1044 ·
2602 1010 2720 1064 ἀλλ’
2768 1011 2865 1081 οὐχ
2906 1011 3169 1081 ἁρμόττει
3213 1011 3365 1081 αὑτῷ
3392 1013 3555 1068 πάντα
3576 1017 3632 1070 τὰ
3656 1021 3726 1089 τῆς

2222 1101 2567 1173 προφητείας
2607 1103 2767 1175 ῥητά.
2815 1102 2889 1156 Τὸ
2921 1103 3020 1182 μὲν
3060 1102 3190 1175 γὰρ,
3222 1123 3241 1157 ε
3277 1104 3505 1175 Ἡμέρας
3531 1109 3603 1178 ἐφ’
3626 1112 3727 1182 ἡμέ.

2223 1121 2567 1173 προφητειας
2607 1121 2767 1175 ρητα.
2817 1121 2889 1156 νιο
2963 1121 3020 1157 εν
3060 1121 3190 1175 γαρ,
3222 1123 3241 1157 ι
3294 1121 3505 1175 ημερας
3531 1121 3727 1182 εφνημέ.

2223 1211 2324 1265 ρας
2357 1194 2406 1226 ⁸⁵
2454 1193 2547 1247 τοῦ
2601 1193 2869 1265 βασιλέως
2917 1121 3274 1265 aediﬁcare,
3322 1214 3339 1247 ι
3392 1198 3624 1267 ἁρμόττει
3659 1206 3729 1257 χά.

2220 1286 2387 1356 κείνῳ
2417 1301 2429 1314 ⁸
2481 1285 2550 1339 τά
2592 1285 2649 1339 δὲ
2680 1285 2860 1350 λοιπὰ,
2890 1287 2991 1339 οὐκ
3036 1287 3115 1340 ἔτι
3147 1303 3161 1317 ·
3211 1287 3347 1340 ἀλλὰ
3375 1288 3449 1359 τῷ
3492 1291 3543 1358 ἐξ
3569 1294 3726 1348 ἐκείνου

2221 1379 2363 1432 κατά
2390 1377 2569 1447 σάρκα
2582 1378 2629 1410 ⁸⁸
2652 1378 2741 1431 διὰ
2759 1378 2804 1410 ⁸⁷
2832 1378 3032 1449 πολλὴν
3061 1379 3465 1451 φιλανθρωπίαν
3491 1386 3727 1457 γενομένῳ,

2218 1468 2295 1532 ὡς
2323 1463 2467 1523 οἶδεν
2496 1469 2681 1532 αὑτός.
2719 1472 2838 1524 Ἐπ’
2873 1471 3086 1524 ἐκείνου
3113 1471 3224 1541 γὰρ
3256 1472 3498 1540 ἀληθεύει
3526 1475 3611 1545 τῆς
3636 1496 3730 1547 προ-

2221 1559 2450 1628 φητείας
2498 1558 2568 1613 τὰ
2610 1561 2862 1631 ῥήματασ
2916 1580 2935 1612 ι
2962 1561 3043 1613 Τὰ
3074 1560 3170 1632 ἔτη
3212 1560 3378 1614 αὑτοῦ
3429 1562 3526 1627 ἕως
3569 1567 3730 1637 ἡμέρας

2221 1652 2415 1719 γενεᾶς
2445 1650 2540 1704 καὶ
2574 1654 2772 1720 γενεᾶς
2791 1670 2805 1684 ·
2851 1651 3101 1723 διαμενεῖ
3128 1655 3210 1717 είς
3247 1654 3335 1706 τὸν
3362 1654 3524 1708 αἰῶνα
3553 1656 3731 1712 ἐνώπιον

2223 1741 2316 1795 τοῦ
2360 1742 2518 1796 Θεοῦ.
2552 1763 2570 1794 ι
2626 1743 2707 1815 [⁸⁸
2728 1743 2865 1797 Οὐδὲ
2909 1744 3019 1815 γὰρ
3063 1744 3243 1817 ἀρχὴν
3293 1745 3505 1816 ἡμερῶν
3544 1748 3729 1813 ἐδέξατο,

2220 1834 2340 1889 οὐδὲ
2363 1835 2515 1899 τέλος
2538 1837 2819 1908 ὑπομενεῖ.
2844 1836 2907 1891 Εἰ
2934 1838 3042 1909 γὰρ
3072 1838 3170 1891 καὶ
3202 1838 3481 1909 ἄνθρωπος
3503 1842 3731 1913 γενόμενος

2221 1927 2364 2000 ὑπὲρ
2391 1930 2423 2000 ή
2434 1928 2549 2000 μῶν
2595 1929 2923 1997 κατεδέξατο
2958 1930 3211 1997 Θάνατον,
3244 1931 3378 1985 ἀλλὰ
3409 1933 3476 1986 τὰ
3503 1933 3585 2003 ἐτη
3608 1936 3731 1989 αὑτοῦ

2220 2018 2326 2084 ἓως
2356 2020 2570 2091 ἡμέρας
2616 2024 2813 2090 γενεᾶς
2859 2021 2954 2077 καὶ
2999 2025 3221 2093 γενεᾶς.
3266 2023 3356 2079 Ἐν
3384 2028 3516 2098 ἀρχῇ
3545 2027 3634 2099 γὰρ
3665 2026 3730 2101 ἦν,

2219 2112 2315 2165 καὶ
2345 2113 2484 2186 πρὸς
2509 2113 2601 2168 τὸν
2634 2113 2767 2168 Θεὸν
2794 2109 2886 2186 ἦν,
2911 2115 3008 2170 καὶ
3037 2115 3169 2180 Θεὸς
3199 2111 3291 2188 ἦν.
3335 2117 3408 2170 Τὸ
3452 2116 3504 2170 δὲ
3536 2119 3731 2174 ἐνώπιον

2218 2201 2325 2256 τοῦ
2356 2202 2526 2269 Θεοῦ,
2565 2203 2687 2258 ἀντὶ
2723 2203 2840 2271 τοῦ,
2892 2204 2992 2258 σὺν
3026 2206 3209 2277 Πατρὶ
3242 2206 3328 2261 άεὶ
3379 2209 3730 2282 aevumann]

2220 2295 2363 2367 Πρὸς
2393 2296 2602 2350 ἐκεῖνον
2629 2296 2797 2370 γάρ⁸⁹
2831 2298 2860 2351 ὁ
2893 2298 3058 2362 αὐτὸς
3098 2299 3389 2370 προφήτης
3437 2300 3490 2353 ὲν
3530 2298 3595 2372 τῷ
3630 2304 3726 2355 ix:-

2218 2386 2393 2457 τοστῷ
2433 2388 2526 2441 καὶ
2553 2387 2756 2459 πρώτῳ
2790 2387 2992 2460 ψαλμῷ
3031 2389 3136 2461 ἔφη
3174 2406 3192 2422 ·
3252 2408 3271 2442 ι
3296 2390 3369 2445 Σὺ
3402 2391 3458 2445 δὲ
3484 2393 3510 2445 ὁ
3532 2391 3723 2457 αὐτὸςεϊ,

2220 2477 2315 2533 καὶ
2345 2476 2414 2531 τὰ
2439 2478 2534 2551 ἔτη
2568 2497 2663 2533 σου
2690 2480 2792 2533 οὐκ
2821 2481 3189 2552 ἐκλείψουσιν.
3232 2502 3252 2535 ι
3312 2482 3381 2555 [η
3406 2484 3570 2556 Ὁρᾷς,
3593 2486 3727 2549 ὃτιὼς

2222 2569 2584 2642 συνυπάρχων
2627 2570 2743 2644 ἔχει
2788 2572 2883 2627 καὶ⁵
2924 2573 3290 2646 ἀτελεύτητον
3316 2577 3413 2647 τὴν
3452 2576 3678 2646 βασιλείαν
3710 2580 3731 2629 ὁ

2221 2661 2362 2733 ὑπὲρ
2414 2662 2573 2734 ήμῶν
2606 2665 2841 2736 σταυρὸν
2873 2666 2969 2720 καὶ
3018 2666 3255 2722 θάνατον
3303 2668 3729 2741 καταδεξάμενος.1

2220 2752 2403 2817 Τύπος
2450 2755 2640 2825 μέντοι
2684 2756 2782 2810 καὶ
2849 2757 3158 2830 Ζοροϐάϐελ
3209 2759 3308 2813 τοῦ
3354 2761 3598 2814 Δεσπότου
3635 2763 3732 2832 X9:-

2222 2846 2349 2899 στοῦ
2368 2848 2436 2902 ⁸⁸.
2458 2848 2672 2921 Ὠσπερ
2700 2850 2811 2921 γὰρ
2835 2851 3046 2915 ἐκεῖνος
3073 2850 3174 2923 τὴν
3204 2852 3317 2906 ἀπὸ
3342 2851 3627 2918 Βαϐυλῶνος
3647 2856 3732 2925 αἰχ·

2223 2934 2504 3005 μαλωσίαν
2548 2939 2626 3002 είς
2653 2939 2754 3008 τὴν
2790 2940 3055 3011 πατρῴαν
3098 2943 3421 3012 ἐπανήγαγε
3451 2943 3572 3015 γῆν
3606 2942 3734 3007 οὕτως

2218 3025 2248 3078 ὁ
2274 3028 2550 3100 Δεσπότης
2598 3030 2836 3101 Χριστὸς
2877 3032 3095 3088 ἅπασαν
3136 3035 3249 3089 τῶν
3300 3035 3582 3109 ἀνθρώπων
3615 3038 3734 3107 φύσιν

541 3131 847 3199 redactam,
892 3134 945 3188 in
973 3135 1254 3205 antiquam
1283 3138 1501 3208 generis
1524 3139 1862 3197 nobilitatem
1895 3158 2115 3200 revoca-

2221 3119 2599 3192 γεγενημένην
2638 3122 2987 3193 αίχμάλωτον
3045 3125 3236 3199 [³’διά
3286 3129 3385 3199 τῆς
3435 3130 3734 3201 παραϐάσεως

539 3223 639 3287 vit,
673 3222 997 3295 [postquam
1053 3229 1201 3283 enim
1251 3229 1305 3283 in
1355 3246 1519 3287 cruce
1566 3234 1798 3290 abolevit
1828 3235 1983 3291 illum
2020 3236 2114 3307 qui

542 3326 868 3386 potestatem
917 3321 1110 3376 mortis
1145 3321 1402 3389 habebat,
1457 3326 1671 3382 scilicet
1710 3327 2023 3401 diabolum]
2064 3340 2116 3385 et

542 3410 737 3465 mortis
768 3411 1052 3480 imperium
1082 3414 1371 3480 destruxit,
1398 3418 1633 3473 subditis
1663 3418 1780 3474 suis
1805 3420 1968 3475 vitam
1997 3420 2118 3476 red-

542 3498 700 3552 didit.
740 3497 906 3570 [Ejus
937 3502 1082 3556 enim
1127 3515 1213 3559 est
1242 3520 1345 3560 vox
1377 3507 1524 3562 ista:
1563 3527 1582 3559 ι
1624 3507 1736 3579 Ego
1771 3525 1892 3564 sum
1928 3510 2037 3567 vita
2066 3521 2121 3567 et

544 3595 876 3649 resurrectio
903 3605 951 3649 ει.
986 3614 1005 3647 ι
1051 3595 1154 3652 Et:
1198 3615 1217 3649 ι
1253 3596 1358 3665 Qui
1389 3602 1627 3656 comedit
1655 3603 1723 3657 de
1753 3619 1859 3670 me,
1892 3604 2036 3660 vivet
2062 3605 2116 3660 in

552 3697 641 3737 me
683 3692 729 3737 ι’.
771 3703 790 3736 ›
818 3684 838 3757 ]
871 3706 887 3737 ι
930 3683 1221 3743 Veritatem
1269 3694 1326 3744 et
1373 3690 1802 3749 misericordiam
1845 3694 1968 3765 ejus
1996 3696 2121 3767 quis

553 3776 890 3845 requiret?»
934 3775 1092 3844 Quis,
1141 3780 1338 3850 inquit,
1385 3789 1567 3852 potest
1620 3798 1805 3839 veram
1836 3785 2118 3856 etjustam

542 3865 638 3922 Dei
693 3868 1129 3925 misericordiam
1188 3885 1442 3931 accurate
1471 3874 1734 3932 discere?
1762 3878 1960 3933 etenim
1999 3880 2120 3950 ejus

542 3958 746 4031 judicia
770 3962 1002 4033 abyssus
1026 3964 1236 4036 1012
1267 3966 1456 4022 multa.

619 4271 786 4330 Vens.
831 4275 883 4331 9.
922 4294 942 4328 ι
997 4276 1090 4332 Sic
1142 4277 1412 4347 psalmum
1461 4278 1638 4334 dicam
1688 4278 1897 4335 nomini
1945 4287 2038 4339 tuo
2067 4280 2119 4334 in

548 4364 811 4420 saaculum
860 4366 1065 4431 saeculi,
1116 4375 1177 4421 ut
1227 4367 1449 4422 reddam
1482 4376 1605 4423 vota
1635 4383 1755 4424 mea
1793 4369 2056 4439 quotidie.
2095 4388 2115 4421 ι

548 4455 688 4512 Nam
730 4473 946 4530 semper
983 4468 1036 4515 te
1059 4459 1346 4516 celebrabo
1375 4477 1389 4513 :
1425 4459 1655 4531 singulis
1684 4460 1880 4517 diebus
1905 4469 1998 4517 tua
2029 4461 2123 4517 be-

545 4552 740 4607 nelicia
792 4552 1077 4620 enarrabo,
1112 4562 1169 4609 et
1214 4562 1337 4609 vota
1378 4568 1487 4609 non
1538 4552 1743 4609 fallam.
1800 4551 1935 4609 Vota
1970 4554 2115 4610 enim

544 4643 941 4715 promissiones
988 4654 1167 4700 vocat.

616 4852 651 4897 ι
697 4843 845 4899 Psal.
876 4860 948 4912 cr,
983 4843 1075 4899 27.
1150 4853 1181 4895 ιι
1210 4843 1368 4901 Joan.
1402 4860 1479 4909 XI,
1518 4845 1609 4900 25.
1692 4854 1714 4882 ν
1745 4842 1904 4902 Joan.
1944 4862 2020 4913 vr,
2056 4846 2145 4900 57.

2219 3209 2312 3264 τοῦ
2344 3211 2564 3283 πρώτου
2616 3213 2930 3289 ἀνθρώπου]
2975 3221 3058 3284 εἰς
3085 3222 3185 3291 τὴν
3224 3222 3493 3293 προτέραν
3518 3223 3734 3290 εὐγένειαν

2220 3302 2537 3375 ἐπανήγαγε
2570 3303 2654 3377 [⁵³
2673 3310 3029 3380 καταργήσας
3065 3310 3175 3383 γὰρ
3209 3313 3305 3365 ἐπὶ
3330 3312 3422 3366 τοῦ
3452 3312 3652 3383 σταυροῦ
3667 3316 3735 3366 τὸν

2220 3396 2281 3449 τὸ
2301 3398 2501 3468 κράτος
2524 3397 2714 3469 ἔχοντα
2736 3400 2830 3453 τοῦ
2853 3400 3106 3469 θανάτου,
3132 3406 3384 3459 τουτέστι
3402 3406 3488 3460 τὸν
3506 3405 3734 3479 διάϐολον],

2224 3486 2316 3542 καὶ
2361 3489 2674 3555 καταλύσας
2724 3492 2817 3546 τοῦ
2872 3493 3105 3549 θανάτου
3159 3496 3223 3549 τὸ
3280 3499 3495 3569 κράτος,
3538 3501 3632 3561 τοῖς
3667 3501 3764 3551 ὑπ’·

2222 3580 2417 3653 ἐκείνῳ
2433 3584 2481 3615 ³⁸
2510 3584 2722 3638 τελοῦσι
2761 3585 2858 3657 τήν
2900 3585 3046 3659 ζωὴν
3090 3588 3372 3644 ἀπέδωκεν
3390 3592 3455 3645 ⁸⁸.
3503 3589 3732 3664 [⁸⁸Αὐτοῦ

2222 3674 2332 3746 γάρ
2362 3675 2481 3730 ἐστι
2510 3678 2691 3749 φωνή·
2732 3696 2751 3729 ι
2776 3679 2917 3748 Ἐγώ
2939 3682 3055 3750 είμι
3084 3683 3117 3754 ἡ
3148 3681 3263 3753 ζωὴ
3294 3683 3385 3736 καὶ
3414 3686 3441 3754 ή
3466 3684 3734 3743 ἁνὰστασιςο

2224 3765 2321 3819 καὶ
2349 3766 2377 3819 ὁ
2404 3764 2634 3837 τρώγων
2684 3785 2751 3838 με
2786 3768 3012 3842 ζήσεται
3058 3773 3116 3826 ὲν
3150 3772 3296 3844 ἐμοί.
3330 3793 3349 3825 ι
3385 3774 3403 3846 ]
3445 3792 3462 3825 ι
3489 3775 3648 3838 Ἔλεος
3669 3773 3734 3825 καὶ

2224 3854 2488 3927 ἀλήθειαν
2529 3857 2696 3911 αὑτοῦ
2745 3860 2827 3923 τίς
2848 3861 2892 3893 ’⁷
2938 3861 3335 3935 ὲκζητήσει⁹⁸;
3379 3886 3397 3917 δ
3456 3866 3543 3930 Τίς
3580 3864 3667 3935 γὰρ
3686 3864 3734 3927 ”.

2225 3949 2412 4021 φησιν,
2446 3950 2629 4013 ἱκεινὸς
2658 3950 2753 4005 τὸν
2780 3956 3107 4025 κεκριμένον
3128 3958 3144 3989 ¹
3179 3958 3278 4012 καὶ
3309 3959 3509 4013 δίκαιον
3534 3958 3614 4012 τοῦ
3635 3956 3734 4011 Θεοῦ

2225 4041 2371 4097 ἔλεον
2399 4044 2741 4114 καταμαθεῖν
2776 4047 3057 4118 άκριϐῶς;
3101 4050 3169 4104 τὰ
3204 4051 3315 4124 γὰρ
3360 4053 3583 4125 κρίματα
3609 4050 3733 4105 αὑτοῦ

2223 4134 2455 4198 ἄϐυσσος
2482 4135 2652 4207 πολλή
2671 4140 2714 4191 ².

2297 4279 2363 4334 θ’.
2408 4298 2428 4331 σ
2464 4278 2652 4344 Οὕτως
2700 4278 2857 4349 ψαλῶ
2886 4281 2965 4352 τῷ
3015 4282 3241 4354 ὀνόματί
3274 4301 3368 4338 σου
3401 4285 3477 4348 είς
3510 4285 3618 4343 τοὺς
3642 4280 3732 4335 αἰῶ-

2222 4390 2339 4438 νας,
2391 4370 2485 4426 τοῦ
2533 4373 2827 4429 ἀποδοῦναί
2872 4392 2941 4446 με
2987 4378 3087 4439 τὰς
3132 4376 3302 4447 εὐχάς
3348 4394 3447 4448 μου
3486 4376 3663 4447 ἡμέραν
3690 4370 3731 4436 ἐξ

2225 4464 2459 4537 ἡμέρας.
2500 4483 2519 4517 ι
2554 4465 2666 4519 ‘Aet
2696 4481 2756 4520 σε
2792 4466 2901 4538 γὰρ
2930 4467 3158 4539 ὑμνήσω
3180 4483 3195 4497 ·
3238 4470 3361 4523 καθ’
3390 4466 3635 4538 ἑκάστην³
3659 4464 3730 4525 τὰς

2226 4557 2325 4621 σὰς
2367 4556 2697 4628 διηγήσομαι
2743 4557 2973 4629 χάριτας
3010 4576 3024 4590 ·
3090 4562 3185 4614 καὶ¹
3224 4563 3324 4626 τὰς
3370 4560 3653 4630 ὑποσχέσεις
3685 4555 3729 4607 ού

2221 4647 2526 4719 ψεύσομαιο
2566 4648 2791 4717 εὐχὰςδ
2816 4652 2926 4723 γὰρ
2957 4653 3056 4717 τὰς
3085 4654 3409 4726 ὑποσχέσεις
3435 4654 3590 4708 καλεῖ.

1624 5043 1859 5100 ἾΑΒΙᾹΞ
1897 5044 2281 5102 LECTIONES
2322 5044 2412 5101 ET
2445 5040 2650 5101 ΝΟΤΛΕ

615 5226 661 5257 ⁸³
695 5221 1221 5293 ’ομολογήσαντες.
1258 5224 1376 5276 Des.
1399 5223 1450 5274 in
1482 5221 1603 5275 cod.
1631 5218 1685 5274 2.
1724 5219 1768 5251 ⁸⁸
1794 5218 1972 5273 cod.2
2001 5219 2118 5288 φυλι

615 5294 720 5345 Διά
740 5294 1012 5345 -αὺτόα
1032 5292 1157 5345 Des.
1183 5294 1237 5345 in
1265 5294 1389 5345 cod.
1425 5294 1477 5345 εὶ.
1536 5290 1581 5321 ³⁸
1613 5291 1653 5344 Ε
1682 5290 1806 5344 cod.
1837 5293 1857 5342 1
1898 5290 2073 5345 suppl.

2207 5240 2255 5276 ιι.
2296 5219 2342 5253 ⁸⁸
2362 5219 2488 5276 cod.
2523 5222 2558 5276 2
2580 5224 2813 5345 ﬁgit-Spw.
2863 5220 2908 5253 ⁸⁵
2936 5222 3095 5277 Κατὰ
3116 5225 3330 5291 σάρκα.
3352 5223 3467 5276 Des.
3492 5221 3541 5273 in
3559 5214 3659 5297 god.
3684 5213 3717 5264 1.

2207 5290 2333 5345 Γάο.
2362 5292 2484 5345 cod.
2517 5293 2540 5345 1
2578 5292 2605 5345 δ
2642 5332 2655 5345 .
2706 5292 2750 5325 ⁹⁰
2771 5293 2810 5345 Ε
2831 5294 2952 5345 cod.
2986 5295 3008 5345 1
3046 5298 3224 5345 suum.
3273 5294 3317 5324 ⁹¹
3347 5294 3602 5345 Χοιστου.
3627 5283 3717 5338 cod.

543 5295 587 5327 ⁸⁷
615 5294 720 5350 Διὰ
740 5290 1012 5359 ἐ-αὺτός.
1032 5292 1157 5348 Des.
1183 5294 1237 5347 in
1265 5294 1389 5347 cod.
1425 5294 1477 5345 εὶ.
1536 5290 1581 5321 ⁸⁸
1613 5291 1653 5344 Ε
1682 5290 1806 5344 cod.
1837 5293 1857 5342 1
1898 5290 2073 5360 suppl.

2207 5290 2333 5359 Γάρ.
2362 5292 2484 5346 cod.
2517 5293 2540 5346 1
2578 5292 2605 5345 δ

1659 5374 1782 5431 qua:
1815 5373 1849 5432 e
1879 5363 1999 5432 cod.
2032 5361 2051 5414 1
2098 5362 2492 5431 snpplcvimus,
2536 5362 2667 5431 legit
2699 5378 2918 5432 quoque
2944 5361 3160 5418 CarafaL

544 5367 566 5419 ¹Ι
602 5366 752 5420 addit
782 5363 1036 5432 Σωτῆρος
1064 5364 1300 5431 ἐγένετο.
1397 5364 1443 5393 ⁹²
1474 5360 1616 5432 Haec,

2730 5292 2750 5323 °
2771 5293 2810 5346 E
2831 5294 3008 5363 cod.71
3046 5283 3224 5363 suppl.
3273 5294 3317 5324 ’ί
3347 5287 3602 5363 Χριστοῦ.

3259 5365 3305 5396 νδ
3330 5363 3368 5416 Ε
3386 5352 3502 5416 cod.
3528 5361 3546 5412 l
3578 5352 3715 5423 suppl-

542 5437 590 5467 “
616 5435 741 5490 cod.
764 5434 801 5487 2
822 5428 1066 5487 ἐκείνων.
1106 5428 1173 5465 ⁷⁸⁵
1196 5434 1317 5488 cod.
1344 5434 1378 5486 ‘2
1417 5428 1744 5484 ἀποδέδωκε.
1808 5431 1854 5502 ’ἕ
1955 5432 2078 5502 cod.
2099 5448 2118 5502 ᾖ

2207 5428 2239 5485 it
2273 5448 2381 5500 quo
2414 5441 2537 5501 post
2557 5428 2615 5485 ὲν
2641 5428 2784 5501 ἐμοὶ,
2814 5428 3076 5502 sequitur,
3102 5433 3281 5495 καλῶς
3314 5430 3402 5486 οὖν
3424 5432 3548 5501 ἔχων
3619 5438 3718 5490 προ·

543 5505 772 5577 φητικὸς
798 5503 921 5567 νοῦς
965 5504 1055 5558 διὰ
1095 5504 1204 5555 τῶν
1250 5503 1375 5573 ἑξῆς
1405 5504 1628 5573 ἔφησεν.
1703 5501 1749 5532 ³⁷
1779 5501 1872 5567 Τίς
1897 5499 2118 5571 ἐκζητή‹

2207 5520 2231 5555 ν.
2263 5494 2429 5556 Hebr:
2472 5494 2771 5593 πηῇξῃίῃρ
2797 5494 2950 5573 para,
2982 5494 3087 5575 (ut)
3113 5494 3405 5559 custodiant
3432 5494 3554 5557 eum.
3581 5494 3715 5547 luter-

540 5619 754 5680 pretum
783 5608 1095 5665 Grecorum
1137 5608 1316 5661 nullus
1348 5623 1529 5661 verant
1561 5606 2014 5675 signiﬁcationem
2043 5610 2194 5665 vocis
2222 5617 2295 5697 Ii;
2332 5585 2623 5679 expressit.
2696 5610 2742 5640 ⁹⁸
2763 5609 3128 5679 Ἐκζητήσει.
3167 5611 3220 5665 In
3246 5619 3388 5665 textu
3407 5608 3506 5662 τῶν
3527 5607 3573 5659 0'
3590 5595 3710 5667 sequi

541 5718 683 5774 solet
712 5715 915 5771 αὐτῶν.
989 5716 1033 5747 θ’
1065 5715 1210 5783 Γὰρ.
1247 5717 1368 5770 Des.
1408 5717 1458 5767 in
1485 5716 1606 5768 eod.
1639 5714 1661 5765 1
1697 5722 1751 5768 et
1783 5714 1837 5768 2.

537 5787 824 5857 ἑκάστην.
857 5785 977 5840 cod.
1007 5787 1029 5839 1
1057 5794 1111 5840 et
1135 5786 1169 5838 ἓ
1192 5801 1375 5855 praeut.
1412 5786 1522 5839 καί.

1941 5715 1954 5744 ¹
1984 5716 2109 5769 cod.
2139 5716 2161 5786 1
2192 5717 2597 5786 κεκρυμμένον.

1619 5786 1640 5815 ⁸
1669 5785 1868 5853 Εὺχὰς
1892 5816 1959 5827 ——
1980 5785 2169 5840 καλεῖ.
2199 5788 2321 5843 Des.
2356 5785 2561 5842 incod.

2704 5721 2721 5747 ²
2754 5718 2988 5789 Πολλὴ.
3024 5720 3149 5779 Des.
3179 5721 3231 5776 in
3265 5721 3383 5777 co'l.
3414 5719 3461 5771 2.
3560 5714 3576 5743 ³
3600 5697 3711 5763 Καθ’
