3902 6486
195 330 346 395 1333

1571 331 1656 390 I-N
1691 330 1894 390 PSAL.
1933 331 2084 391 LXI.

3293 343 3435 416 1-334

191 443 278 496 ὅτι
303 444 338 496 ὁ
362 442 490 507 Θεὸς
518 443 712 515 βοηθὸς
733 443 909 515 ὴμῶν.
945 463 966 498 ι
1001 444 1248 512 Πάντων,
1282 438 1328 498 ὢ
1351 443 1632 516 ὁμόφυλοι,
1655 443 1763 495 τῶν

1872 451 2070 498 noster.
2101 464 2118 495 ι
2147 443 2414 501 Omnibus
2449 446 2768 503 hominibus
2783 450 3061 518 neglectis,
3087 455 3436 524 opopulares

191 532 502 604 ἀνθρώπων
551 537 1084 608 ηταφρονήσαντες,
1128 537 1226 610 τὴν
1269 542 1350 604 εἰς
1383 540 1545 595 αὐτὸν
1573 540 1767 594 ἐλπίδα

148 635 158 706 ξ
191 626 422 696 βεϐαίαν
471 628 780 699 ὲργάσασθε
808 645 821 658 ·
875 632 969 684 καὶ
1012 633 1203 688 πᾶσαν
1244 633 1394 704 αὐτῷ
1439 633 1765 687 ἀνάθεσθε⁶⁶

186 719 293 789 τὴν
322 719 578 786 διάνοιαν,
612 721 997 794 ἀναμφιϐόλως
1027 724 1128 794 τὴν
1156 726 1288 798 παρ’
1316 726 1481 780 αὐτοῦ
1513 727 1765 798 βοήθειαν

185 811 581 881 ἀναμένοντες.
615 815 692 868 Τὸ
722 815 830 887 γὰρ
850 817 895 849 ⁸⁷
917 855 934 881 ,
988 836 1006 868 ι
1048 817 1306 888 Ἐκχέατε
1337 818 1568 872 ἐνώπιον
1597 820 1764 874 αὐτοῦ

187 902 291 966 τὰς
319 905 548 975 καρδίας
574 905 746 977 ὑμῶν,
784 926 804 960 ι
858 907 1016 962 τοῦτο
1048 909 1218 980 δηλοῖ,
1251 910 1374 964 ἀντὶ
1399 909 1515 973 τοῦ,
1549 913 1767 976 Πάντας

186 995 346 1065 αὑτῷ
372 999 495 1060 τοὺς
521 996 817 1068 λογισμοὺς
856 999 1219 1072 ἀφιερώσατε,
1251 1003 1345 1056 καὶ
1386 1004 1655 1075 μηδεμίαν
1682 1005 1764 1058 δι-

186 1086 409 1157 χόνοιαν
434 1089 764 1161 είσδέξησθε.
803 1092 872 1166 [⁸⁸
892 1089 966 1148 Εὖ
1000 1094 1146 1164 μάλα
1174 1095 1546 1166 ἐπιστάμενοι,
1577 1097 1652 1161 ὡς
1673 1098 1766 1152 ἀν-

187 1179 410 1250 θρωπος
429 1184 473 1214 "
499 1183 743 1256 δίψυχος,
771 1186 1150 1252 ἀκατάστατος
1177 1190 1236 1244 ὲν
1257 1189 1460 1252 πάσαις
1486 1193 1604 1255 ταῖς
1626 1190 1764 1256 ὁδοῖς

185 1273 388 1338 αὑτοῦ,
442 1276 537 1330 καὶ
588 1278 669 1344 τὸ,
703 1277 824 1332 δυσὶ
882 1280 1094 1352 κυρίοις
1145 1281 1319 1346 οὐδεὶς
1367 1282 1588 1338 δύναται
1639 1285 1762 1338 δου-

185 1363 420 1438 lenium]

253 1463 312 1511 t'.
366 1475 383 1508 ι
416 1457 564 1529 Πλὴν
586 1459 805 1530 μάταιοι
832 1461 883 1514 οἱ
904 1461 1010 1516 υἱοὶ
1037 1463 1147 1516 τῶν
1173 1464 1477 1536 ἀνθρώπων
1505 1485 1520 1498 ·
1549 1467 1764 1538 ψευδεῖς

183 1548 230 1600 οἱ
257 1549 378 1601 υἱοὶ
405 1549 515 1603 τῶν
553 1551 854 1622 ἀνθρώπων
898 1556 958 1608 ὲν
989 1553 1176 1624 ζυγοῖς
1219 1557 1314 1610 τοῦ
1365 1559 1620 1631 ἀδικῆσαι
1638 1563 1703 1616 ⁷ο.
1737 1581 1756 1614 ι

183 1637 366 1692 Τοῦτο
389 1641 718 1712 σαφέστερον
744 1646 772 1696 ὁ
797 1644 1086 1699 Θεοδοτίων
1103 1645 1146 1678 ⁷¹
1179 1649 1489 1720 ἡρμήνευσε
1509 1667 1522 1680 °
1565 1671 1584 1703 ι
1614 1652 1762 1723 Πλὴν

182 1732 359 1803 ἀτμὶς
389 1735 495 1787 υἱοὶ
524 1735 633 1787 τῶν
681 1735 1018 1806 ἀνθρώπων
1065 1737 1285 1808 ψευδεῖς
1331 1742 1437 1795 υίοὶ
1485 1743 1674 1814 ἀνδρὸς
1691 1745 1759 1808 ⁷⁸,

183 1823 255 1888 ὥς
316 1825 462 1898 ῥοπή
510 1825 754 1895 ζυγοῦ⁷³.
798 1848 818 1881 ι
871 1829 1056 1894 Οὐδὲν,
1091 1833 1245 1902 φησὶ,
1283 1833 1509 1904 μόνιμον
1537 1835 1646 1889 τῶν
1671 1837 1765 1890 ἁν-

181 1918 499 1990 θρωπίνων,
548 1918 664 1972 ἀλλ’
717 1919 876 1990 ἀτμῷ
928 1920 1103 1975 ἔοικεν
1155 1924 1618 1997 ἀναπεμπομὲνῳ,
1671 1930 1765 1981 καὶ

183 2009 508 2078 παραυτίκα
535 2010 965 2084 σκεδαννυμένῳ,
998 2014 1093 2066 καὶ
1117 2016 1256 2087 ῥοπῇ
1287 2015 1474 2085 ζυγοῦ,
1508 2019 1638 2072 ποτὲ
1666 2019 1764 2090 μὲν

184 2102 518 2175 καθιεμένῃ,
550 2104 684 2158 ποτὲ
715 2104 772 2157 δὲ
807 2106 1167 2180 ἀνανευούσῃ,
1198 2109 1294 2162 καὶ
1321 2110 1590 2182 σταθηρὸν
1613 2112 1765 2168 οὐδὲν

183 2195 392 2266 ἐχούσῃ
421 2196 517 2248 καὶ
549 2196 798 2267 μόνιμον.
823 2197 933 2250 Καὶ
948 2199 996 2229 ⁷⁵
1021 2199 1129 2252 τῶν
1167 2199 1566 2273 Ἐὄδομήκοντα
1604 2203 1702 2274 τὴν
1718 2206 1763 2237 ⁷³

183 2287 492 2358 ἑρμηνείαν
516 2288 659 2343 οὕτω
688 2289 934 2359 νοητέον·
969 2293 1192 2346 Μάταια
1225 2295 1324 2363 μὲν
1356 2294 1426 2347 τὰ
1449 2296 1765 2368 ἀνθρώπινα

184 2380 366 2434 πάντα
381 2398 395 2409 ·
427 2381 545 2435 ἀλλ’
564 2383 712 2452 ὅμως
733 2384 784 2436 οἱ
805 2385 1046 2438 πλεῖστοι
1067 2385 1380 2458 θαρροῦσιν,
1399 2388 1474 2452 ὡς
1496 2388 1763 2461 διαρκέσι,

183 2476 294 2535 τοῖς
326 2474 511 2544 ῥέουσι
530 2491 544 2504 ο
584 2476 679 2528 καὶ
711 2475 954 2547 ἰσότητος
985 2475 1301 2548 ἀμελοῦσιν,
1329 2483 1528 2545 ἀνίσως
1561 2483 1616 2535 δὲ
1641 2501 1764 2537 κατ-

185 2565 372 2635 έχουσι
415 2566 487 2620 τὰ
522 2566 626 2636 τῆς
666 2567 906 2633 διανοίας
938 2568 1079 2638 ζυγά
1103 2587 1118 2600 '
1171 2573 1265 2625 καὶ
1304 2573 1396 2626 τοῦ
1430 2575 1528 2645 μὲν
1554 2575 1761 2630 δικαίου

185 2656 647 2726 καταφρονοῦσιν,
693 2660 878 2732 ἀδικίᾳ
924 2661 979 2714 δὲ
1013 2662 1292 2734 χαίρουσιν
1329 2666 1394 2718 ⁷⁸.
1451 2688 1469 2718 ι
1501 2669 1663 2723 Αὐτοὶ
1698 2671 1763 2723 ὲκ

187 2750 557 2821 ματαιότητος
586 2752 680 2804 ἐπὶ
705 2752 768 2806 τὸ
792 2754 941 2808 αὐτό.
975 2776 992 2807 ι
1047 2756 1184 2808 Ἀλλ’
1217 2758 1366 2828 ὅμως
1394 2759 1545 2814 οὐδὲν
1577 2764 1762 2816 ἐντεῦ-

186 2843 276 2894 θεν
298 2843 345 2874 ⁷⁷
375 2843 750 2914 ἀποφέρονται
785 2845 1003 2918 κέρδοςο
1031 2850 1234 2919 μάταια
1264 2853 1373 2921 γὰρ
1403 2851 1637 2918 ἅπαντα,
1669 2859 1763 2910 καὶ

187 2933 494 3006 μεταϐολὴν
521 2935 700 3002 ὀξεῖαν
733 2937 1017 3008 δεχόμενα.
1063 2940 1221 2995 Οὕτω
1266 2943 1374 3012 γὰρ
1410 2946 1437 2996 ὁ
1468 2944 1762 3016 Σύμμαχος

185 3028 573 3098 ἡρμήνευσενο
609 3049 628 3082 ι
656 3031 820 3084 Αὐτοὶ
856 3033 1204 3102 ματαιοῦνται
1239 3037 1393 3106 ὁμοῦ.
1430 3059 1448 3090 ι
1486 3040 1762 3094 Ἐντεῦθεν

1792 1792 1840 1846 Β

1866 536 1920 591 iu
1947 553 2012 591 eo
2047 538 2256 593 ﬁrmam
2295 556 2445 610 spem
2474 541 2808 608 constituite,
2841 552 2896 597 et
2933 561 3150 600 omnem
3199 559 3433 603 mentem

1867 629 1922 682 in
1974 631 2093 697 ipso
2119 633 2402 696 collocate,
2430 633 2634 702 absque
2660 636 2768 689 ulla
2788 636 3132 692 dubitatione
3159 641 3436 694 auxilium

1865 723 1936 775 ab
1957 723 2073 792 ipso
2102 736 2497 794 exspectantes.
2523 725 2637 782 Hoc
2667 730 2812 784 enim
2844 749 2857 783 :
2891 748 2910 780 ‹
2950 729 3221 786 Eﬁ‘undite
3249 748 3434 786 coram

1867 813 1960 870 illo
2011 817 2176 870 corda
2226 828 2429 884 vestra,
2475 839 2494 872 ι
2538 820 2670 877 illud
2710 821 2980 890 signiﬁcat
3037 823 3251 892 1016
3278 826 3447 892 quasi-

1865 908 2111 963 dicerent
2138 927 2151 962 :
2183 911 2204 954 .‘
2229 908 2434 966 Omnes
2455 912 2814 981 cogitationes
2845 915 2944 984 ipsi
2970 927 3306 982 consecrate,
3335 932 3437 972 nec

1866 999 2032 1053 ullam
2102 1000 2496 1059 dubitationem
2552 1006 2840 1065 admittite.
2912 1005 3242 1078 [Admodum
3297 1008 3435 1064 bene

1867 1089 2102 1145 scientes
2143 1091 2416 1147 hominem
2442 1108 2566 1148 esse
2593 1095 2953 1151 inconstantis
2983 1096 3150 1150 animi
3174 1106 3227 1151 et
3252 1109 3431 1151 muta-

1866 1181 2032 1236 bilem
2065 1184 2119 1236 in
2146 1185 2402 1240 omnibus
2432 1185 2535 1240 viis
2561 1185 2698 1252 suis,
2717 1196 2772 1241 et
2797 1189 3072 1242 neminem
3096 1188 3434 1244 duobusser-

1865 1275 1981 1331 vire
2018 1291 2174 1346 posse
2204 1277 2460 1335 dominis.
2482 1275 2503 1348 ]

1939 1454 2100 1510 Vsus.
2160 1454 2246 1509 10.
2301 1475 2320 1508 ι
2363 1455 2749 1512 Verumtamen
2793 1459 2916 1512 vani
2951 1458 3048 1513 ﬁlii
3088 1460 3430 1514 "hominum:

1865 1549 2158 1604 mendaces
2185 1549 2278 1604 ﬁlii
2317 1551 2600 1605 hominum
2635 1555 2690 1605 in
2721 1553 2964 1619 stateris,
2992 1560 3051 1608 ut
3075 1552 3367 1622 decipiant.
3406 1571 3428 1604 ι

1865 1641 1990 1697 Haec
2013 1643 2256 1712 apertius
2286 1642 2592 1699 Theodotio
2613 1645 2690 1698 sic
2717 1645 3103 1714 interpretatus
3122 1655 3205 1700 est
3234 1664 3247 1699 :
3283 1664 3302 1696 ‹
3330 1646 3433 1700 Ve-

1867 1742 2174 1788 rumtamen
2201 1748 2373 1802 vapor
2401 1734 2497 1788 lilii
2525 1734 2831 1799 hominum,
2865 1737 3156 1791 mendaces
3181 1736 3278 1790 ﬁlii
3305 1735 3430 1799 viri,

1865 1829 2006 1883 sicut
2058 1837 2394 1884 momentum
2453 1838 2688 1882 staterie.
2751 1848 2769 1879 ι
2809 1828 2972 1892 Nihil,
3011 1831 3107 1893 ait,
3154 1832 3347 1886 stabile
3377 1835 3434 1888 in

1864 1920 2124 1974 humanis
2169 1923 2352 1984 rebus,
2401 1923 2496 1976 sed
2522 1921 2709 1990 vapori
2734 1921 2913 1975 simile
2939 1931 3020 1975 est
3049 1939 3264 1978 sursum
3300 1927 3432 1979 su-b-

1864 2015 1994 2080 lato,
2036 2023 2089 2068 et
2134 2023 2373 2068 actutum
2425 2015 2688 2083 dissipato
2722 2031 2736 2066 :
2790 2023 2843 2067 et
2884 2023 3160 2068 momento
3197 2026 3430 2083 staterae,

1864 2123 1986 2176 quae
2013 2106 2175 2162 modo
2203 2107 2459 2162 deorsum
2493 2107 2686 2177 vergit,
2710 2107 2871 2162 modo
2904 2123 3122 2162 sursum
3161 2109 3348 2174 fertur,
3380 2121 3433 2165 et

1865 2198 1998 2253 nihil
2025 2197 2243 2253 ﬁrmum
2269 2207 2324 2252 et
2351 2213 2680 2268 permanens
2718 2199 2899 2254 habet.
2935 2199 3311 2270 lnterpretatio
3337 2217 3434 2254 au-

1865 2297 1974 2344 tem
2022 2290 2130 2342 τῶν
2191 2290 2542 2360 Septuaginta
2598 2291 2677 2345 sic
2731 2290 3079 2360 intelligenda
3135 2292 3434 2359 est,Vana3

1864 2381 2082 2452 quidem
2120 2396 2310 2436 omnes
2352 2396 2440 2436 res
2479 2381 2732 2435 humanae
2756 2391 2883 2435 sunt
2914 2400 2926 2435 :
2953 2392 3188 2436 attamen
3219 2382 3436 2450 plurimi

1868 2475 2148 2530 conﬁdunt
2210 2475 2373 2528 ﬁnxis
2436 2475 2600 2529 rebus
2657 2484 2914 2543 tanquam
2983 2475 3336 2544 perennibus,
3381 2483 3434 2529 et

1865 2569 2172 2636 aequitatem
2202 2566 2526 2636 despiciunt,
2559 2567 2866 2634 mentisque
2896 2565 3154 2620 trutinam
3190 2567 3433 2636 inaequa-

1863 2659 1987 2713 liter
2043 2669 2247 2719 tenent,
2299 2669 2352 2714 et
2393 2659 2658 2728 justitiam
2707 2659 2924 2728 quidem
2949 2668 3325 2724 contemnunt,
3352 2661 3434 2713 in-

1862 2751 2073 2821 iustitia
2110 2765 2238 2805 vero
2290 2751 2519 2821 gaudent
2548 2768 2562 2803 :
2597 2770 2616 2801 ι
2662 2750 2764 2819 ipsi
2805 2750 2871 2804 de
2897 2751 3137 2804 vanitate
3159 2751 3381 2818 pariter.
3413 2769 3430 2801 ι

1875 2837 2252 2892 Verumtamen
2286 2838 2494 2892 nullum
2532 2838 2766 2892 fructum
2794 2838 2919 2892 hinc
2940 2846 3234 2907 reportant,
3264 2855 3438 2908 quan-

1865 2932 2154 3001 doquidem
2203 2931 2388 2985 omnia
2425 2947 2559 2984 vana
2607 2940 2756 2994 sunt,
2817 2941 2872 2985 et
2929 2931 3324 2987 velocissimam
3354 2932 3436 2984 vi-

1865 3023 2238 3080 cissitudinem
2263 3023 2637 3090 experiuntur.
2665 3021 2756 3076 Sic
2785 3022 2929 3078 enim
2960 3023 3322 3094 Symmachus
3345 3039 3440 3077 ex-

186 3117 514 3186 παραίνεσιν
545 3121 669 3184 τοῖς.
696 3121 959 3186 ἐναντίοις
990 3123 1033 3155 ⁷⁸
1084 3127 1179 3178 ἐπὶ
1227 3127 1444 3200 πλούτῳ
1493 3132 1762 3202 γαυριῶσι

1872 3118 2090 3186 posuit:
2133 3133 2152 3164 ‹
2201 3115 2308 3184 Ipsi
2345 3125 2674 3170 evanescunt
2731 3116 2913 3170 simul.
2951 3134 2970 3166 ι
3011 3116 3150 3171 llinc
3193 3115 3440 3170 admoni-

187 3209 617 3282 προσφέρουσιν.

249 3387 346 3442 ια’.
386 3409 407 3441 ι
439 3391 532 3462 Μὴ
552 3391 801 3457 ἐλπίζετε
830 3397 917 3450 ἐπ’
941 3397 1172 3465 ἀδικίαν,
1204 3401 1295 3454 καὶ
1319 3402 1410 3455 ἐπὶ
1434 3405 1701 3476 ἅρπαγμα
1720 3410 1765 3442 ’9

189 3481 263 3552 μὴ
288 3483 606 3538 ἐπιποθεῖ-δε
625 3486 690 3540 ⁸⁸.
725 3507 742 3540 ›
776 3487 868 3560 Μὴ
898 3488 1239 3562 ἀξιέραστον,
1271 3495 1458 3565 φησὶν,
1489 3498 1763 3568 ήγείσοε⁸¹

185 3574 284 3644 τὴν
328 3575 691 3648 ἀνθρωπίνην⁴
735 3580 1078 3652 ἑφημερίαν,
1133 3583 1194 3650 ἐξ
1243 3587 1457 3652 ἀδικίας
1513 3607 1767 3644 συνιστα-

189 3667 378 3738 μένην.
421 3687 438 3720 ι
463 3669 699 3738 Πλοῦτος
721 3672 818 3726 ἐὰν
844 3673 962 3747 ῥέῃ,
1000 3675 1076 3748 μὴ
1098 3679 1455 3746 προστίθεσθε
1481 3683 1760 3753 καρδίαν.»

189 3759 444 3830 Ποταμοῦ
490 3762 606 3815 δὲ³¹
652 3764 813 3835 δίκην.
853 3767 1092 3836 ὁρῶντες
1133 3771 1225 3825 τὸν
1278 3772 1506 3826 πλοῦτον
1555 3776 1634 3839 είς
1668 3777 1767 3838 τὰς

189 3853 465 3923 ὑμετέρας
495 3857 795 3929 φερόμενον
823 3860 1022 3926 οἰκίας,
1061 3863 1134 3934 μὴ
1169 3865 1618 3938 καταδουλὼσητε
1647 3870 1770 3921 τού-

189 3964 263 4018 τῳ
306 3947 404 4001 τὸν
454 3949 716 4023 ὑμέτερον
749 3951 1025 4025 λογισμόν.
1082 3957 1194 4009 Καὶ
1247 3955 1298 4009 τί
1347 3957 1547 4028 δήποτε
1593 3961 1768 4014 ταῦτα

190 4041 588 4111 συμϐουλεύεις
618 4046 711 4098 καὶ
737 4051 1027 4118 παραινεῖς
1049 4066 1063 4115 ;

278 4133 370 4202 ιβ’,
425 4142 514 4204 ιγ’.
541 4154 561 4188 ι
613 4137 796 4204 Ἀπαξ
853 4141 1116 4210 ἐλάλησεν
1161 4144 1190 4195 ὁ
1234 4142 1366 4207 Θεός
1393 4161 1406 4174 ·
1466 4143 1560 4199 δύο
1593 4145 1769 4200 ταῦτα

194 4225 403 4294 ἥκουσα
418 4227 488 4290 ⁸³,
524 4228 606 4281 ὅτι
637 4227 700 4280 τὸ
733 4230 932 4300 κράτος
959 4229 1052 4283 τοῦ
1092 4231 1247 4285 Θεοῦ.
1283 4234 1392 4286 Καὶ
1424 4235 1541 4300 σοῦ,
1569 4235 1766 4306 Κύριε,

192 4318 250 4370 τὸ
272 4318 456 4382 ἔλεος·
497 4319 580 4373 ὅτι
615 4321 680 4374 σὺ
713 4321 1016 4386 ἀποδώσεις
1061 4325 1278 4396 ἑκάστῳ
1334 4329 1474 4380 κατά
1505 4329 1574 4382 τά
1629 4329 1769 4402 ἔργα

1873 3211 2074 3264 tionem
2134 3208 2418 3279 proferunt
2453 3208 2804 3276 adversariis,
2840 3210 2934 3280 qui
2974 3209 3045 3264 ob
3084 3209 3304 3264 divitias
3341 3224 3437 3263 ex-

1868 3304 2092 3359 sultant.

1941 3395 2105 3452 Vens.
2145 3396 2232 3450 11.
2274 3414 2292 3447 ι
2328 3393 2503 3449 Nolite
2544 3410 2764 3465 sperare
2799 3395 2852 3449 in
2877 3395 3180 3465 iniquitate,
3213 3406 3266 3452 et
3293 3398 3438 3468 rapi-

1872 3507 1970 3546 nas
2010 3491 2176 3545 nolite
2220 3490 2625 3558 concupiscere.
2659 3507 2676 3539 ι
2717 3488 2816 3550 Ne,
2855 3489 2950 3550 ait,
3006 3504 3192 3543 amore
3219 3490 3440 3560 dignam

1869 3580 2194 3637 existimetis
2223 3583 2514 3636 humanam
2549 3581 2859 3635 felicitatem
2891 3595 2954 3633 ex
2983 3581 3192 3650 1017
3236 3581 3441 3650 iniqui-

1871 3684 1978 3728 tate
2036 3672 2344 3727 conﬁatam.
2385 3691 2403 3722 ‹
2441 3671 2649 3726 Divitiae
2673 3673 2719 3725 si
2753 3671 2996 3732 allluant,
3030 3670 3195 3724 nolite
3217 3683 3312 3724 cor
3350 3686 3443 3739 ap-

1869 3781 2087 3836 ponere.
2126 3786 2144 3816 »
2209 3765 2344 3820 Cum
2378 3765 2552 3819 instar
2608 3763 2754 3816 ﬁuvii
2813 3763 3058 3817 videritis
3087 3777 3217 3831 epes
3250 3763 3316 3816 ad
3347 3777 3440 3817 ve-

1869 3868 2012 3914 stras
2039 3859 2231 3911 domos
2259 3855 2550 3921 conﬂuere,
2595 3855 2762 3908 nolite
2796 3855 2900 3908 illis
2928 3863 3162 3908 vestram
3205 3863 3439 3908 mentem

1869 3950 2208 4004 submittere.
2242 3949 2310 4002 Et
2337 3964 2435 4002 cur
2490 3948 2593 4003 ista
2625 3946 2866 4001 consulis
2900 3954 2953 4000 et
2976 3945 3444 4002 commonefaeis?

1940 4123 2106 4179 Vsus.
2147 4123 2359 4187 12,15.
2411 4141 2430 4173 ι
2473 4121 2651 4176 Semel
2702 4121 2918 4174 locutus
2971 4127 3056 4174 est
3108 4119 3282 4182 Deus,
3334 4119 3444 4172 duo

1875 4220 1991 4274 haec
2021 4216 2202 4272 audivi
2237 4233 2250 4268 :
2293 4213 2438 4285 quod
2474 4224 2717 4283 potestas
2749 4213 2840 4267 Dei
2890 4212 2978 4266 sit.
3018 4210 3084 4265 Et
3114 4222 3226 4275 tua,
3263 4227 3298 4264 ο
3335 4209 3443 4265 Do-

1871 4309 2043 4371 mine,
2092 4304 2467 4362 misericordia
2522 4323 2534 4356 :
2600 4303 2725 4371 quia
2782 4313 2840 4356 tu
2900 4301 3095 4356 reddes
3148 4300 3446 4370 unicuique

193 4410 382 4464 σὺτοῦ.
431 4430 450 4461 ι
492 4411 760 4477 Ἤκουσα,
813 4415 1000 4484 φησὶν,
1033 4415 1457 4487 ἀποφηναμένου
1506 4418 1600 4472 τοῦ
1629 4418 1764 4472 Θεοῦ

1872 4402 2032 4472 juxta
2071 4415 2234 4470 opera
2278 4414 2399 4452 sua.
2446 4417 2464 4448 ι
2508 4397 2728 4460 Audivi,
2773 4396 2971 4464 inquit,
3009 4396 3178 4450 Deum
3224 4395 3443 4450 univer-

192 4503 300 4556 τῶν
354 4503 520 4566 ὅλων,
574 4503 657 4557 ὅτι
713 4504 896 4576 κρίσις
952 4485 1216 4573 ἔσταιθδ,
1271 4508 1366 4562 καὶ
1411 4511 1764 4574 ἀνταπόδοσις

1876 4509 2062 4550 sorum
2105 4489 2544 4562 pronuntiantem
2595 4487 2866 4555 judicium
2903 4502 3026 4543 esse
3083 4485 3353 4550 futurum,
3389 4488 3445 4538 et

193 4595 417 4664 ἀγαθῶν
448 4595 545 4648 καὶ
576 4595 784 4652 κακῶν.
815 4597 888 4651 Τὸ
921 4598 978 4651 δὲ
1006 4598 1190 4665 ἅπαξ,
1214 4600 1313 4652 οὐκ
1357 4601 1445 4652 ἐπ’
1473 4601 1708 4672 ἀριθμοῦ
1724 4605 1764 4636 ⁸⁸

1877 4587 2142 4642 malorum
2184 4599 2248 4638 ac
2281 4584 2548 4636 bonorum
2600 4578 3124 4633 remunerationem.
3172 4578 3286 4632 Hoc
3317 4591 3446 4630 vero

196 4691 446 4744 τέθεικεν
473 4732 488 4755 ,
517 4690 632 4744 ἀλλ’
664 4691 758 4744 ἐπὶ
781 4691 828 4724 ⁸⁸
858 4691 954 4745 τοῦ
992 4691 1212 4756 πάντως
1232 4692 1275 4724 ⁸⁷
1309 4670 1618 4764 ἐσομένου(
1643 4697 1764 4749 Ἀπ-

1873 4679 2055 4743 semel,
2089 4692 2195 4731 non
2237 4685 2294 4729 ut
2325 4687 2617 4728 numerum
2657 4671 2862 4740 posuit,
2905 4670 3001 4725 sed
3033 4671 3098 4722 de
3128 4683 3186 4724 re
3223 4670 3446 4721 omnino

196 4785 456 4854 εφήνατο,
501 4785 685 4854 φησὶν,
715 4781 869 4850 ἅπαξ
915 4785 942 4836 ὁ
972 4785 1126 4848 Θεὸς,
1163 4786 1260 4838 καὶ⁴
1295 4761 1456 4838 τοῦτο
1498 4786 1572 4858 μὴ
1616 4788 1764 4852 γενέ-

1873 4773 2079 4828 futura.
2136 4768 2304 4832 Dixit,
2347 4766 2539 4836 inquit,
2573 4761 2741 4820 semel
2773 4762 2935 4825 Deus,
2971 4777 3070 4815 nec
3117 4761 3231 4814 ﬁeri
3272 4768 3448 4829 potest

200 4853 322 4924 σθαι
354 4870 466 4925 τῶν
509 4853 807 4927 ἀδυνάτων.
849 4873 962 4928 Δύο
994 4873 1051 4926 δὲ
1104 4873 1254 4943 λέγει
1279 4890 1293 4905 ·
1349 4876 1450 4946 τὴν
1487 4853 1631 4930 κατά
1663 4877 1764 4934 τῶν

1880 4875 1940 4921 ut
1966 4865 2019 4920 id
2052 4878 2160 4918 non
2191 4861 2427 4918 eveniat.
2468 4859 2581 4912 Duo
2624 4871 2754 4911 vero
2791 4854 2943 4918 dicit,
2991 4864 3181 4908 contra
3228 4853 3448 4921 iniquos

199 4963 534 5036 παρανόμων
555 4963 602 4995 ⁸⁸
621 4965 913 5036 τιμωρίαν,
945 4966 1038 5020 καὶ
1058 4964 1158 5035 τὴν
1182 4968 1292 5030 τοῖς
1324 4945 1571 5020 εὐσεϐέσι
1602 4985 1764 5040 χορη-

1881 4974 2119 5031 ptenam,
2177 4965 2232 5010 et
2282 4951 2700 5022 benignitatem,
2760 4963 2883 5018 quae
2939 4947 3042 5015 piis
3101 4945 3444 5004 conceditur.

1291 5078 1532 5134 VARUS
1567 5079 1949 5140 LECTIONES
1990 5073 2078 5130 ET
2115 5068 2347 5128 NOTE.

269 5198 317 5230 ⁸⁸
344 5195 472 5252 cod.
505 5197 542 5250 2
564 5196 905 5251 ἀνατίθεσθε.
979 5199 1020 5229 ⁸⁷
1049 5198 1196 5268 Γάρ.
1232 5199 1355 5254 cod.
1392 5200 1415 5252 1
1457 5200 1533 5254 δέ.
1613 5201 1658 5232 ⁸⁸
1685 5201 1764 5258 Ε(

1901 5201 1927 5254 1
1962 5195 2144 5266 suppl.
2220 5194 2266 5226 θ’
2306 5193 2672 5261 Ἄνθρωπος.
2700 5187 2779 5243 Ita
2802 5189 2906 5259 leg.
2940 5200 3063 5242 esse
3093 5185 3320 5268 ividetu‘r
3351 5199 3449 5268 pro

206 5282 387 5346 αὐτός.
434 5283 481 5314 ⁷⁸
501 5281 618 5338 Τοῦ
637 5281 940 5350 ἀδικῆσαι.
971 5265 1150 5338 Hebr;
1383 5285 1450 5338 ad
1466 5285 1764 5340 ascendenti:

1904 5283 1949 5316 τι
1985 5265 2048 5334 Ὀ
2072 5265 2309 5333 Θεοδοτ.
2331 5275 2423 5332 Sic
2439 5289 2659 5346 quoque
2687 5271 2914 5341 Symm._
2938 5271 2983 5301 ⁷¹
3007 5267 3130 5323 cod.
3163 5268 3186 5320 1
3216 5265 3446 5336 ἀνδρῶν.

269 5388 321 5424 τι
390 5387 620 5463 Ζρ-γοῦ.
655 5387 781 5463 cod.
808 5390 835 5443 ι
869 5389 992 5443 add.
1025 5389 1053 5441 δ
1083 5389 1141 5463 δε
1172 5373 1325 5463 λέγει
1360 5391 1570 5463 τοιοῦτό
1618 5394 1764 5444 ἐστιν

1872 5389 1912 5421 ⁷⁸
1947 5386 2059 5440 Καὶ
2089 5380 2608 5463 -λιςοηξέογί-Βιξξ.
2668 5380 2722 5432 in
2744 5377 2864 5463 eod:
2896 5376 2948 5463 ll.
3258 5373 3446 5463 5299:“?

209 5475 396 5534 praui.
422 5445 501 5513 δέὶ
555 5460 996 5534 λ’ξΧαίρορρίν.
1026 5460 1151 5534 cod.
1181 5460 1205 5512 1
1225 5445 1358 5534 ῥεια.
1385 5462 1488 5534 ,καὶ
1516 5463 1762 5534 ὅρα-πῶς

1872 5461 2122 5534 amem?
2148 5454 2237 5508 διὰ
2260 5445 2368 5534 έξῦν
2390 5452 2523 5534 ἑξῆς·
2569 5451 2770 5534 εφησὶϊ
2800 5447 2980 5534 θιὲτέι
3018 5445 3071 5534 ξ’
3094 5445 3442 5534 ,ζλῗνῖτξῦθέῗῖο

211 5515 376 5586 λὺοδι
408 5549 437 5583 a
466 5531 589 5585 cod.
618 5530 676 5584 2.
751 5515 797 5562 ﬁ
833 5531 1184 5595 ’Erarzlocc.
1222 5529 1347 5585 Des.
1383 5532 1433 5584 iu
1457 5515 1578 5585 cod.
1610 5532 1663 5584 2.
1739 5515 1758 5564 ’ί

1872 5515 1951 5584 ἒς.
1987 5515 2146 5581 lectio
2173 5535 2257 5579 est
2289 5515 2672 5593 ὀιρπτίιγμιιιιτσι.⁷
2725 5519 2770 5550 ⁸ο
2795 5517 2888 5585 Μὴ
2905 5517 3067 5569 eum.
3094 5515 3220 5568 Hzcc
3248 5529 3276 5566 a
3310 5527 3444 5582 prae-

211 5614 327 5687 ced.
364 5613 674 5687 separanda,
715 5613 964 5687 fuissent.
1020 5611 1185 5687 llehr.
1217 5598 1692 5687 35:311'53._Aqt|.
1749 5632 1764 5682 ι

1872 5607 2252 5687 ματαιοῦσθεη
2315 5606 2505 5687 “food:
2553 5601 2921 5687 2ι“ὴγεῖσθαι.’
2980 5600 3026 5687 3:
3061 5597 3152 5679 Af.
3206 5598 3460 5687 abest—Ia

215 5667 330 5738 colt.
363 5685 384 5737 t
422 5667 478 5737 Et
503 5685 558 5738 2.
609 5667 680 5715 ⁷⁸³
726 5667 1018 5738 Ἥᾶἱόυσα.
1061 5684 1180 5738 cod.
1209 5667 1397 5738 i'aa'a;
1432 5667 1552 5736 έὶἓπὲ
1578 5667 1671 5737 κειι
1701 5667 1764 5736 πὸ

1872 5667 1882 5682 ’
1928 5685 1974 5713 ⁸⁸
1999 5680 2118 5736 cod.
2149 5680 2183 5733 2
2237 5677 2372 5732 ἐστί.
2452 5667 2738 5731 ⁸⁵εοὸ.”2
2766 5675 2855 5726 ἐπὶ
2900 5668 3141 5741 ἀριθμῷ.
3219 5667 3264 5699 ⁸⁵
3301 5667 3465 5725 ἘετίΑ

213 5755 332 5811 cod.
363 5755 387 5809 1
417 5755 557 5810 ἀντί.
636 5753 681 5785 ⁸⁷
719 5753 838 5811 cod.
863 5756 899 5810 2
928 5754 1146 5818 παντός.
1225 5752 1268 5787 ³⁸
1295 5757 1414 5811 cod.
1440 5755 1475 5808 2
1501 5772 1764 5824 παρανομι

1872 5771 1975 5808 εων.
