3902 6482
130 272 286 338 1373

219 389 252 405 ν

200 392 276 444 δ’,
308 392 374 442 ε’.

128 479 743 552 ἐξομολογησάσθωσάν
795 504 875 541 σοι
931 488 1050 541 λειιο)⁸
1091 488 1293 553 πάντες
1345 490 1390 523 ⁷⁸
1417 530 1430 545 .
1491 491 1741 561 Εὐφραν-

132 572 403 642 θήτωσαν
477 577 575 631 καὶ
646 578 1099 646 άγαλλιάσθωσαν
1173 583 1339 655 ἔθνη’
1400 585 1482 638 ὅτι
1530 585 1575 617 ⁷⁹
1620 601 1741 655 κρι-

132 668 247 727 νεῖς
288 664 471 729 λαοὺς
501 670 562 723 ὲν
594 669 874 742 εὐθύτητι,
932 676 1028 727 καὶ
1079 673 1207 746 ἔθνη
1244 676 1302 727 ἐν
1345 678 1410 745 τῇ
1442 678 1512 746 γῇ
1540 675 1741 747 ὁδηγήο

134 773 276 815 σεις.
318 775 341 807 ι
379 760 486 812 Διά
514 777 597 812 τοι
631 761 790 814 τοῦτο
840 765 1110 833 προσήκει
1140 765 1235 818 καὶ
1272 764 1435 828 λαοὺς
1468 766 1736 831 ἅπαντας,

129 848 228 900 καὶ
261 849 333 900 τά
374 851 524 903 κατὰ
559 852 661 923 τὴν
678 853 1011 925 οἰκουμένην
1042 855 1191 927 ἔθνη,
1220 856 1613 927 εὐφραίνεσθαι
1642 858 1740 912 καὶ

128 940 427 1011 χορεύειν,
460 943 557 996 καὶ
583 943 684 1007 τὰς
745 945 843 1008 σάς
871 946 1194 1018 εὐεργεσίας
1220 948 1496 1015 διεξιέναι.
1530 950 1739 1016 Ἔγνω-

130 1050 235 1084 σαν
270 1033 390 1103 γάρ
423 1034 507 1088 ὅτι
539 1036 584 1068 ⁸⁰
612 1037 766 1090 οὐδὲν
807 1037 916 1092 τῶν
969 1038 1140 1092 ὅντων
1182 1041 1551 1110 ἀτημέλητον,
1614 1042 1738 1095 οὐδὲ

129 1125 602 1194 ἁκηδεμόνευτον
635 1127 677 1159 ⁸¹
706 1142 719 1155 ⁸
761 1129 900 1183 ἀλλά
939 1130 1158 1183 πάντων
1199 1133 1468 1203 ὑπάρχεις
1519 1134 1733 1205 κριτὴς,

129 1215 367 1279 δικαίας
406 1218 453 1249 ⁸³
474 1219 727 1289 ἐκφέρων
790 1222 890 1285 τάς
942 1221 1196 1293 ψήφουςο
1244 1224 1336 1277 καὶ
1373 1224 1583 1295 ὁδηγῶν
1637 1224 1737 1296 μὲν

133 1310 267 1367 τοὺς
299 1310 708 1378 πλανωμένους
734 1315 873 1385 πρὸς
922 1315 1018 1385 τὴν
1049 1317 1328 1389 ἀλήθειαν,
1360 1320 1490 1383 τοὺς
1530 1319 1587 1371 δὲ
1617 1320 1737 1372 πεί-

139 1401 333 1455 θεσθαι
374 1402 453 1473 μὴ
491 1404 854 1474 βουλομένους
899 1407 1159 1471 κολάζων.

210 1493 287 1559 ς’.
329 1515 350 1546 ι
392 1496 1023 1567 Ἑξομολογησάσοωσάν
1078 1517 1160 1552 σοι
1214 1500 1357 1565 λαοὶ,
1400 1504 1426 1554 6
1471 1502 1624 1567 Θεὸς,
1657 1502 1738 1568 ἐξ·

143 1587 695 1657 ομολογησάσθωσάν
721 1590 939 1645 σωλαοὶ
969 1593 1187 1654 πάντες.
1232 1614 1249 1643 ι
1287 1594 1400 1664 Οὐχ
1425 1594 1609 1657 ἁπλῶς
1637 1595 1735 1664 τὴν

142 1680 517 1748 ταυτολογίαν
560 1682 840 1734 τέθεικεν·
893 1682 1028 1737 ἀλλὰ
1095 1683 1538 1756 προθυμοτέρους
1606 1687 1735 1750 τοὺς

147 1774 456 1838 ἀκούοντας
503 1776 892 1846 ἐργαζόμενος,
922 1775 991 1849 [⁸⁸³
1021 1780 1115 1832 καὶ
1169 1778 1406 1842 δεικνὺς,
1453 1780 1535 1833 ὅτι
1574 1778 1734 1842 αὐτός
1768 1814 1809 1869 Β

148 1866 260 1916 ἐστι
284 1864 431 1926 Θεὸς
458 1866 557 1918 καὶ⁵
584 1866 775 1937 Σωτὴρ
803 1867 1113 1939 ἁπάντων]

214 1953 282 2017 ζ’.
311 1955 399 2025 Γῆ
451 1954 622 2009 ἔδωκε
675 1958 767 2010 τὸν
820 1958 1031 2028 καρπὸν
1066 1958 1256 2026 αὐτῆς.
1289 1977 1307 2009 ι
1349 1959 1463 2012 Οὐκ
1518 1958 1598 2013 ἔτι
1625 1960 1736 2031 γὰρ

152 2049 445 2115 ἀγνοοῦσιν
474 2051 527 2102 oi
565 2049 623 2115 ἐξ
657 2052 827 2122 αὐτῆς
868 2053 957 2105 τὸν
997 2054 1087 2105 ἐπὶ
1120 2054 1338 2106 πάντων
1376 2052 1509 2105 Θεόν
1530 2070 1544 2083 ο
1573 2053 1632 2117 ὃς
1666 2054 1734 2118 ⁸⁵,

154 2141 291 2193 κατᾶ
310 2142 410 2227 τὸν
429 2142 746 2212 Προφήτην,
770 2165 787 2195 ι
812 2144 1000 2213 ἐξεῦρε
1035 2147 1213 2199 πᾶσαν
1243 2146 1359 2199 ὁδὸν
1386 2147 1697 2217 ἐπιστήμης
1720 2163 1734 2178 ⁸

159 2233 290 2300 μετὰ
348 2235 521 2289 τοῦτο
542 2236 588 2268 ⁸⁵
617 2238 708 2291 ἐπὶ
735 2242 838 2307 γῆς
891 2238 1070 2311 ῶφθη,
1108 2241 1201 2293 καὶ
1231 2242 1287 2293 ἐν
1326 2239 1373 2272 ⁸⁸
1399 2244 1509 2304 τοῖς
1537 2240 1741 2311 ἀνθρώ-

159 2343 265 2390 ποις
290 2331 722 2400 συνανεστράφη
742 2349 787 2382 ⁸)
811 2323 871 2384 οὗ
897 2333 960 2402 δὴ
1001 2334 1159 2406 χάριν
1192 2335 1256 2399 ⁸⁷,
1288 2333 1378 2387 τὸν
1400 2334 1617 2406 ἥδιστον
1646 2336 1740 2389 αὐ-

158 2420 223 2488 τῷ
249 2422 642 2491 προσφέρουσι
666 2423 767 2493 τῆς
796 2426 1079 2490 εὐσεϐείας
1106 2429 1338 2498 καρπόν.

226 2642 244 2717 ι
282 2623 606 2695 Εὐλογήσαι
640 2628 789 2697 ἡμᾶς
816 2629 843 2681 6
880 2627 1012 2692 Θεὸς
1032 2670 1047 2693 ,
1079 2630 1107 2682 6
1133 2629 1267 2692 Θεὸς
1328 2632 1487 2717 ἡμῶν
1516 2631 1582 2685 ⁸⁸.
1620 2630 1738 2705 [η’.]

161 2716 468 2786 Εὐλογήσαι
526 2721 673 2789 ἡμᾶς
701 2722 767 2776 ⁸⁹.
812 2740 831 2774 ι
878 2722 1088 2792 Ὥσπερ
1114 2723 1195 2786 δὶς
1222 2723 1268 2757 θ’
1297 2716 1385 2779 τὰν
1415 2724 1545 2795 ἔθνη
1604 2727 1742 2797 πρὸς

164 2809 435 2881 ὑμνῳδίαν
466 2812 765 2883 διήγειρεν,
798 2814 938 2867 οὓτω
960 2815 1044 2880 δὶς
1073 2817 1258 2880 αὐτοῖς
1286 2815 1385 2888 τὴν
1416 2817 1668 2884 εὐλογίαν
1694 2818 1737 2849 ⁹¹

164 2905 430 2974 ἐζήτησεν
465 2906 536 2959 ’⁸.
568 2906 780 2959 Είδέναι
811 2908 997 2975 μέντοι
1042 2910 1332 2978 προσήκει,
1364 2908 1440 2972 ὼς
1468 2908 1744 2977 εὐλογοῦν⁹

164 3016 246 3060 τες
300 2997 589 3068 ἄνθρωποι
635 2998 725 3053 τὸν
758 3001 912 3063 Θεὸν,
943 3000 1133 3070 λόγους
1178 3001 1325 3071 αὐτῷ
1374 3003 1743 3072 προσφέρουσι

170 3089 380 3157 μόνους,
413 3089 565 3159 ἔργῳ
595 3090 652 3143 δὲ
698 3091 860 3144 αὐτὸν
900 3093 1258 3162 εὐεργετῆσαι
1287 3093 1345 3147 οὐ
1391 3094 1641 3147 δύνανται
1665 3111 1679 3124 '
1715 3096 1744 3148 6

166 3184 217 3234 δὲ
248 3183 383 3246 Θεὸς
415 3157 681 3252 εὐλογῶν,
732 3185 941 3255 βεϐαιοῖ
980 3157 1105 3251 τούς
1137 3157 1182 3220 δι
1207 3188 1398 3256 λόγους
1446 3188 1523 3257 τῷ
1572 3189 1739 3259 ἔργῳ,
1770 3157 1816 3218 ο

169 3278 255 3327 καὶ
282 3276 657 3330 παντοδαπῶν
686 3277 907 3345 ἀγαθῶν
939 3280 1169 3351 παρέχει
1198 3283 1311 3345 τοῖς
1333 3281 1742 3350 εὐλογουμένοις

171 3369 358 3437 φοράν.
381 3366 520 3421 Εἶτα
550 3369 791 3422 διδάσκει
819 3369 936 3433 πῶς
959 3370 1179 3424 δυνατὸν
1203 3374 1300 3442 τῆς
1323 3372 1475 3435 θείας
1496 3372 1746 3440 εὐλογίας

171 3463 367 3529 τυχεῖν.
414 3481 434 3513 ι
472 3462 584 3514 Καὶ
613 3462 1005 3530 φοϐηθήτωσαν
1035 3462 1198 3515 αὐτὸν
1229 3465 1405 3518 πάντα
1435 3464 1505 3517 τὰ
1534 3465 1747 3535 πέρατα

175 3553 263 3621 τῆς
296 3552 431 3620 γῆς.
470 3571 488 3601 ι
537 3553 598 3605 '0
628 3553 729 3622 μὲν
763 3554 809 3585 ⁸⁵
833 3553 937 3623 γὰρ
976 3552 1221 3617 εὐλαϐῶς
1254 3555 1384 3626 περὶ
1409 3555 1534 3619 τοὺς
1573 3554 1747 3618 θείους

174 3644 521 3714 διακείμενος
548 3644 767 3713 νόμους,
794 3646 889 3698 καὶ
921 3646 981 3698 τὸ
1014 3645 1205 3716 μέλλον
1228 3647 1519 3717 δειμαίνων
1548 3649 1592 3680 ⁸⁵
1622 3665 1749 3715 κρι-

179 3738 376 3805 τήριον,
411 3736 503 3789 διὰ
529 3740 629 3806 τῆς
656 3736 861 3790 τούτων
882 3738 1129 3808 φυλακῆς
1154 3740 1246 3793 τὸν
1269 3740 1400 3794 Θεὸν
1423 3739 1744 3811 θεραπεύει·

182 3829 289 3899 ἡδὲ
320 3829 449 3882 θεία
480 3830 744 3901 θεραπεία
773 3830 871 3901 τὴν
898 3831 943 3863 ⁸⁸
972 3831 1224 3900 εὐλογίαν
1262 3834 1583 3903 προσφέρει.
1640 3834 1751 3887 Καὶ

186 3921 303 3971 αὐτὸ
332 3922 521 3972 τοίνυν
543 3920 602 3972 τὸ
631 3920 781 3983 τέλος
810 3921 911 3974 οὐκ
951 3921 1245 3988 Ἰουδαίοις,
1280 3923 1417 3977 ἀλλὰ
1454 3925 1619 3977 πᾶσιν
1655 3923 1751 3977 άν-

188 4009 420 4077 θρώποις
448 4010 541 4062 τὸν
573 4009 715 4063 θεῖον
745 4010 887 4081 ἔχειν
914 4013 1249 4083 εἰσηγήσατο
1278 4013 1441 4083 φόϐον
1463 4030 1478 4045 ·
1503 4014 1597 4068 καὶ
1628 4031 1754 4067 παι-

187 4100 319 4153 δεύει
348 4100 430 4162 ὡς
458 4100 620 4163 αὐτός
642 4102 788 4154 ἐστιν
809 4103 835 4154 6
868 4102 999 4165 Θεὸς
1031 4104 1209 4173 ἡμῶν,
1234 4105 1261 4156 6
1288 4105 1389 4173 τὴν
1420 4104 1751 4175 σωτηρίανθτ

188 4190 288 4242 τῶν
350 4192 725 4244 πιστευόντων
756 4192 802 4224 ⁹⁸
841 4196 1433 4265 πραγματευσάμενος.
1492 4197 1754 4267 Αίσχυνέ-

192 4283 401 4336 σθωσαν
424 4284 474 4336 οἱ
504 4283 889 4349 δυσσεϐοῦντες
906 4287 1192 4356 αίρετικοὶ,
1220 4288 1315 4341 καὶ
1340 4288 1414 4359 μὴ
1434 4289 1757 4359 ὁμολογοῦν-

1492 286 1571 346 IN
1620 287 1827 350 PSAL.
1850 291 2047 353 LXVI.

449 407 469 440 ι
536 392 1167 466 Ἐξομολογησάσθωσαν
1199 413 1282 451 σοι
1336 398 1482 466 λαοὶ,
1535 401 1563 451 6
1592 398 1742 465 Θεὸς,

1923 400 2084 457 Vens.
2124 404 2179 469 4,
2217 404 2270 458 5.
2304 422 2322 449 ι
2362 405 2738 463 Conﬁteantur
2780 408 2875 462 tibi
2909 405 3116 476 pupuli,
3153 419 3188 459 ο
3236 378 3416 459 Deus.

3280 290 3419 356 1374

1848 493 2213 549 conﬁteantur
2237 496 2330 550 tibi
2363 496 2548 565 populi
2578 512 2790 551 omnes.
2823 496 3123 558 Laetentur,
3152 500 3208 547 et
3237 493 3419 547 exsul-

1845 596 1961 640 teut
1992 596 2201 656 gentes,
2238 590 2494 655 quoniam
2526 588 2743 658 judicas
2775 589 3007 658 populos
3044 586 3098 640 in
3139 586 3417 654 tequitate,

1843 689 1895 735 et
1920 688 2111 751 gentes
2148 681 2201 734 iu
2233 690 2379 736 terra
2405 681 2617 752 dirigis.
2660 700 2679 734 ι
2712 679 3005 748 Pr0pterea
3038 677 3313 742 convenit,
3360 686 3420 729 ut

1843 788 2034 827 omnes
2074 773 2278 842 populi,
2316 784 2371 828 et
2418 782 2627 842 gentes,
2683 789 2804 844 qua'
2855 788 2954 843 per
3001 779 3173 826 totum
3227 768 3416 822 orbem

1843 873 1995 926 sunt,
2029 865 2281 919 laetentur
2308 874 2360 919 et
2397 865 2717 935 tripudicnt,
2763 876 2963 934 tuaque
2996 863 3261 917 beneﬁcia
3292 875 3419 914 nar~

1841 964 1982 1009 rent.
2037 954 2424 1025 Cognovernnt
2470 956 2639 1020 enim,
2695 955 2831 1009 nihil
2877 969 3067 1009 eorum
3116 967 3238 1021 qua:
3267 957 3417 1011 sunt,

1842 1046 2147 1115 neglectum
2176 1056 2229 1101 et
2262 1047 2379 1101 sine
2408 1062 2537 1101 cura
2566 1061 2688 1103 esse
2718 1064 2729 1099 :
2766 1047 2860 1101 sed
2894 1055 2946 1100 te
2979 1045 3227 1099 omnium
3262 1041 3415 1112 judi-

1840 1154 1957 1193 cem
1979 1141 2263 1203 exsistere,
2294 1140 2386 1209 qui
2412 1139 2591 1207 justas
2622 1139 2926 1195 sententias
2956 1135 3302 1207 pronuntias,
3334 1122 3418 1188 {t-

1839 1247 1946 1300 que
1985 1241 2232 1286 errantes
2260 1233 2326 1286 ad
2364 1234 2647 1286 veritatem
2687 1232 2986 1295 convertis,
3035 1230 3260 1286 credere
3288 1243 3419 1282 vero

1839 1326 2086 1379 nolentes
2118 1326 2399 1395 suppliciis
2427 1324 2617 1381 amcis.

1908 1503 2077 1559 Vens.
2108 1504 2160 1559 6.
2188 1524 2205 1555 ι
2244 1503 2621 1560 Conﬁtcantur
2654 1502 2751 1557 tibi
2786 1501 2993 1571 populi,
3025 1516 3058 1556 ο
3091 1499 3253 1564 Deus,
3286 1512 3418 1552 cun-

1836 1596 2097 1650 ﬁtcantur
2131 1595 2224 1648 tibi
2260 1594 2443 1664 populi
2476 1609 2688 1648 omnes.
2729 1611 2748 1645 ι
2791 1591 2906 1646 Non
2932 1599 3136 1646 temere
3163 1587 3414 1643 eumdem

1838 1704 2144 1745 sermonem
2200 1688 2433 1755 repetiit,
2495 1687 2588 1741 sed
2635 1686 2915 1740 auditores
2962 1683 3257 1738 alacriores
3295 1679 3418 1733 red-

1838 1783 1965 1837 dere
2018 1779 2325 1852 [simulque
2380 1778 2665 1834 osteudere
2747 1777 2940 1844 voluit,
2993 1775 3245 1831 eumdem
3296 1787 3419 1828 esse

1838 1873 2007 1927 Deum
2044 1881 2096 1926 et
2133 1870 2466 1924 Salvatorem
2499 1867 2797 1939 omnium.]

1916 1957 2077 2013 Vens.
2116 1958 2168 2012 7.
2207 1978 2226 2009 ‹
2268 1956 2438 2012 Terra
2484 1956 2635 2011 dedit
2681 1956 2923 2011 fructum
2973 1970 3158 2010 suum.
3198 1972 3216 2006 ι
3251 1956 3271 1975 ¹
3300 1952 3416 2006 Non

1841 2053 1984 2105 enim
2029 2053 2264 2121 amplius
2303 2051 2556 2105 homines
2602 2065 2665 2104 ex
2715 2060 2859 2104 terra
2906 2049 3019 2103 nati
3073 2048 3270 2112 Deum,
3324 2046 3418 2115 qui

1838 2146 2094 2199 omnibus
2140 2153 2355 2213 praeest,
2395 2144 2662 2213 ignorant,
2698 2140 3133 2213 qui,seeundum
3178 2139 3418 2207 Prophe-

1841 2246 1971 2301 tam,
2014 2254 2030 2285 ι
2072 2236 2274 2289 invenit
2300 2251 2513 2290 omnem
2546 2236 2688 2289 viam
2743 2232 2984 2289 scientiae
3018 2250 3031 2284 :
3067 2231 3310 2300 posthaec
3363 2229 3415 2281 in

1841 2327 2000 2382 terris
2060 2327 2215 2381 visus
2270 2335 2387 2389 est,
2443 2336 2498 2380 et
2533 2342 2654 2381 cum
2700 2325 3016 2380 hominibus
3063 2328 3418 2377 conversatus

1838 2427 1992 2474 est°.
2030 2439 2047 2471 ι
2090 2419 2296 2474 Idcirco
2341 2418 2725 2475 dulcissimum
2773 2419 2991 2488 pietatis
3048 2415 3259 2486 1053
3301 2415 3419 2467 fru—

1841 2522 1988 2567 ctum
2030 2512 2106 2565 illi
2143 2512 2390 2567 offerent.

1918 2650 1935 2680 ι
1973 2627 2261 2684 Benedicat
2306 2627 2465 2683 nobis
2503 2625 2836 2689 Deus,Deus
2870 2634 3077 2680 noster.
3116 2622 3304 2695 [Vsus
3337 2618 3417 2689 8.]

1844 2722 2134 2776 Benetlicat
2162 2721 2322 2776 nobis
2352 2719 2519 2776 Deus.
2559 2738 2578 2771 ι
2616 2718 3088 2785 Quemadmodum
3125 2716 3208 2770 bis
3231 2724 3420 2784 gentes

1842 2814 1910 2868 ad
1963 2814 2195 2885 hymnos
2238 2814 2513 2868 canendos
2558 2811 2850 2875 excitavit,
2902 2810 3090 2864 eodem
3143 2807 3304 2860 modo
3336 2804 3420 2858 bis

1843 2904 2274 2960 benedictionem
2308 2905 2418 2959 illis
2439 2904 2755 2973 postulavit.
2790 2902 3084 2958 Sciendum
3108 2909 3191 2954 est
3213 2907 3415 2959 autem,

1844 2999 1987 3068 quod
2026 2998 2276 3052 homines
2323 2997 2433 3052 Deu
2463 2996 2868 3060 benedicentes,
2904 2994 3067 3049 verba
3102 2998 3310 3045 tantum
3342 2990 3418 3043 illi

1845 3093 2096 3157 offerant,
2138 3091 2398 3161 operibus
2449 3105 2580 3144 vero
2618 3089 2686 3143 de
2727 3089 2820 3143 illo
2875 3087 3012 3142 bene
3068 3082 3265 3139 mereri
3315 3098 3419 3136 non

1847 3186 2061 3256 possint
2090 3202 2103 3237 :
2138 3183 2280 3255 Deus
2310 3193 2490 3237 autem
2536 3180 2882 3241 benedicens,
2928 3190 3211 3232 sermones
3244 3172 3424 3242 cperi-

1845 3280 1949 3334 bus
1980 3276 2288 3340 conﬁrmat,
2307 3284 2361 3330 et
2391 3276 2571 3329 omnis
2590 3273 2805 3345 generis
2827 3271 3096 3326 bonorum
3123 3268 3421 3321 ubertatem

1846 3371 2149 3427 benedictis
2182 3370 2407 3440 praebet.
2452 3367 2659 3423 Deinde
2701 3366 2882 3430 docet,
2939 3361 3214 3432 quomodo
3253 3358 3425 3428 possit

1848 3464 2032 3518 divina
2062 3461 2370 3517 benedictio
2393 3460 2649 3515 obtineri.
2680 3477 2697 3509 ι
2727 3456 2795 3511 Ει
2815 3466 3063 3511 metuant
3087 3470 3209 3509 eum
3233 3466 3425 3506 omnes

1850 3556 1987 3611 ﬁnes
2022 3565 2200 3610 teme.
2233 3573 2251 3604 ι
2287 3552 2391 3619 Qui
2420 3552 2565 3607 enim
2598 3551 2851 3621 religiose
2880 3564 3007 3618 erga
3039 3547 3253 3600 divinas
3282 3545 3426 3613 leges

1850 3647 2081 3702 alIectus
2129 3657 2233 3709 est,
2268 3643 2626 3718 futurumque
2671 3639 2939 3711 judicium
2985 3642 3279 3705 exspectat,
3329 3647 3425 3703 per

1853 3741 2045 3796 harum
2098 3738 2531 3793 observationem
2586 3734 2755 3790 Deum
2793 3732 2962 3788 colit:
2995 3729 3213 3784 divinus
3242 3736 3422 3779 autem

1852 3835 2033 3890 cultus
2066 3830 2498 3887 benedictionem
2550 3835 2829 3895 operatur.
2883 3824 3002 3892 Ipse
3035 3821 3198 3890 igitur
3224 3816 3424 3872 Psalmi

1854 3930 1976 3983 ﬁnis
2023 3943 2130 3982 non
2170 3925 2386 3979 Judazos
2434 3923 2634 3986 solum,
2678 3920 2772 3975 sed
2822 3932 3013 3972 omnes
3063 3914 3314 3969 homines
3344 3913 3426 3965 in-

1854 4021 2038 4082 struit,
2094 4029 2149 4073 ut
2205 4018 2448 4071 divinum
2503 4016 2752 4068 timorem
2804 4010 3057 4071 habeant,
3097 4017 3151 4062 et
3186 4005 3428 4061 declarat

1856 4114 2035 4185 ipsum
2064 4126 2186 4165 esse
2219 4110 2384 4164 Deum
2418 4115 2686 4169 nostrum,
2737 4105 2828 4174 qui
2859 4103 3088 4157 salutem
3118 4100 3206 4163 iis,
3251 4097 3343 4168 qui
3371 4097 3426 4150 in

1857 4224 1982 4261 eum
2014 4206 2264 4269 credunt,
2298 4202 2656 4272 comparavit.
2696 4198 3036 4253 Erubescant
3057 4193 3295 4251 haeretici
3322 4193 3426 4246 im-

1859 4302 1945 4369 pie
1967 4308 2209 4370 agentes,
2248 4306 2301 4351 et
2343 4296 2565 4349 minime
2596 4293 2916 4350 conﬁtentes
2953 4292 3128 4362 ipsum
3168 4288 3331 4342 Deum
3362 4301 3427 4340 ex

190 4390 273 4434 τες
301 4374 467 4426 αὐτὸν
496 4373 630 4427 Θεὸν
653 4377 718 4428 ἐκ
756 4375 912 4442 Θεοῦ,
956 4378 1048 4430 τὸν
1073 4380 1118 4411 ⁸⁸
1153 4381 1419 4451 μονογενῆ
1472 4381 1548 4451 τῷ
1585 4383 1742 4451 Πατρτ

1864 4395 1991 4457 Deo,
2032 4390 2366 4455 unigenitum
2424 4389 2596 4442 Patris
2652 4385 2851 4440 Filium
2898 4392 3024 4438 ante
3071 4382 3291 4443 saecula,
3337 4379 3429 4449 qui

195 4464 316 4516 Υἰὸν
370 4465 719 4536 προαιὼνιον,
780 4466 872 4521 τὸν
929 4470 1093 4523 αὐτὸν
1143 4470 1229 4555 ἐπ’
1258 4472 1503 4540 ἐσχάτων
1533 4472 1742 4544 ἡμερῶη

1861 4483 2169 4539 novissimis
2196 4482 2387 4536 diebus
2420 4481 2534 4549 ipse
2552 4478 2727 4533 Filius
2757 4476 2998 4531 hominis
3026 4473 3204 4529 factus
3234 4470 3433 4525 estim-

196 4558 315 4610 Υἱὺν
341 4558 635 4629 ἀνθρώπου
666 4562 963 4631 γενόμενον
1006 4563 1317 4635 ἀτρέπτως,
1338 4564 1413 4626 ῶς
1442 4582 1642 4637 φαμεν,
1677 4567 1742 4622 δις

1857 4577 2205 4643 mutahihter,
2240 4586 2298 4630 ut
2327 4575 2585 4639 dicimus,
2613 4573 2684 4628 ob
2716 4570 3001 4627 hominum
3032 4567 3289 4624 salutem.

192 4652 285 4723 τὴν
310 4652 422 4705 τῶν
450 4652 757 4724 ἀνθρώπων
784 4656 1085 4730 σωτηρίαν.

227 4839 251 4862 ’
280 4828 520 4886 Barucb.
560 4848 644 4897 tu,
677 4834 770 4890 38.

1291 4994 1524 5052 VARIIE
1564 4991 1944 5051 LECTIONES
1982 4992 2070 5045 ET
2099 4989 2333 5047 ΝΟΤᾹΞ.

268 5115 315 5149 ’⁸
349 5115 579 5180 Πάντες
611 5120 783 5173 cod.l
842 5120 968 5176 add.
1018 5122 1127 5175 ἰδοὺ
1189 5122 1285 5175 καὶ
1334 5122 1495 5176 πάλιν

1568 5122 1660 5175 τὸν
1731 5118 1892 5173 αὐτὸν

1971 5118 2104 5170 Θεὸν
2188 5117 2277 5168 καὶ
2353 5114 2451 5185 οὐχ
2506 5114 2717 5185 ἕτερον
2757 5112 2815 5165 ὲν
2880 5109 3054 5185 έεέρῳ
3119 5096 3359 5185 διδάσκει
3400 5112 3437 5185 6

203 5187 504 5258 προφήτης.
538 5189 671 5244 Εἶτά
713 5208 867 5258 φησι.
934 5191 1067 5245 Ecce
1110 5192 1300 5245 iterum
1348 5193 1586 5247 eumdem
1642 5192 1742 5245 Det

1864 5206 1964 5243 non
2018 5204 2134 5241 vero
2188 5186 2354 5239 alium
2525 5181 3174 5258 aliodocetAPropheta.
3238 5181 3439 5258 Deinde

204 5259 350 5313 dicit.
430 5260 475 5292 ⁷⁸
503 5261 654 5315 ”Οτι.
686 5259 809 5317 cod.
837 5264 858 5315 1

207 5328 528 5397 κηδεμονίας
568 5331 745 5393 ἐκτός.

898 5278 1085 5332 ιπωηι.
1120 5262 1268 5330 λέγει
1301 5263 1357 5315 δὲ
1384 5265 1477 5315 κα)⁸
1510 5265 1652 5328 τίνος
1673 5264 1881 5316 ἕνεκεν,

857 5334 903 5365 δ’
929 5332 1187 5397 Amatae.
1221 5334 1339 5387 cod.
1377 5333 1410 5385 2
1438 5349 1623 5401 prtem.
1669 5332 1781 5386 καί.

1959 5258 2005 5289 ⁸ο
2043 5260 2189 5311 Ὅτι.
2215 5258 2337 5311 cod.
2366 5258 2386 5308 1
2425 5257 2519 5316 ὡς.
2613 5256 2659 5286 ⁸¹
2690 5253 3219 5320 Ἀκηδεμόνευτον.
3248 5255 3369 5308 cod.
3405 5255 3441 5308 Ξ).

1895 5332 1940 5361 ⁸³
1976 5330 2017 5382 Ε
2039 5330 2161 5383 cod.
2199 5328 2250 5381 l.
2349 5326 2395 5358 ⁸⁸
2430 5329 2527 5390 Ὃς
2555 5355 2622 5366 -
2646 5324 2840 5391 χάριν.
2865 5323 2985 5376 Des.
3022 5324 3074 5375 in
3103 5322 3224 5376 cod.
3248 5323 3302 5375 2.
3391 5324 3438 5355 ⁸⁵

409 5392 606 5455 ταῦτα.
680 5392 727 5434 ⁸⁸
754 5404 868 5459 Ἐν.
926 5406 1089 5459 Abest
1115 5392 1291 5457 arcod.
1325 5404 1375 5457 l.
1431 5392 1476 5434 εῖτ
1510 5400 1591 5458 Οὗ
1625 5404 1701 5471 δὴ
1734 5425 1742 5472 ;

1857 5419 1929 5472 ιν.
1958 5400 2078 5454 cnd.
2113 5398 2134 5450 Ι
2162 5398 2242 5449 διὸ
2423 5397 2467 5472 θξ
2496 5397 2558 5447 '0
2593 5395 2734 5472 Θεὸς
2758 5392 3145 5472 ἡμιθρηᾼὺθει
3178 5407 3206 5443 a
3241 5393 3359 5472 cud_.
3387 5393 3437 5472 1:

211 5467 478 5542 "_ny&¢.
512 5473 635 5528 cod.
666 5472 701 5525 ε
728 5475 851 5529 add.
880 5476 906 5529 6
928 5474 1081 5539 Θεὸς.
1158 5475 1202 5505 ὀ
1230 5475 1351 5539 Δίς.
1377 5473 1497 5527 cod.
1530 5476 1552 5526 ι
1587 5465 1698 5542 δή.“
1734 5465 1742 5472 ·

1857 5471 2154 5539 Ξὺλογιάν.
2193 5465 2392 5542 cod—‘2.
2434 5465 2724 5542 ὐμνῳδίαν.

2802 5466 2847 5494 ⁹²
2870 5461 3214 5531 Ἐζήτησεν.
3245 5465 3368 5517 cod.
3409 5462 3436 5516 1

213 5532 492 5615 ἐξῄτησεν,
528 5558 692 5609 quam
726 5544 1008 5599 lectionem
1040 5532 1320 5615 expressit
1345 5543 1561 5598 Carafa.
1630 5532 1677 5576 δ’
1713 5548 1742 5597 Ί

1857 5569 1859 5577 ι
1887 5572 1951 5615 -_—
2185 5538 2305 5615 cod.
2327 5532 2503 5615 2‘10}:
2515 5532 2708 5615 _)t6.70t;
2734 5533 3000 5615 τὸέργον.
3078 5534 3125 5615 ’ξ
3150 5533 3294 5615 Mf‘r.
3328 5532 3439 5586 Ab-

215 5623 308 5696 est,
324 5627 349 5663 a
376 5614 500 5696 co_d.
532 5614 586 5668 1.

220 5697 326 5734 και.

417 5685 465 5716 ’⁷
482 5685 594 5739 Καὶ
617 5714 689 5725 -
712 5685 1030 5753 σωτηρίαν.
1060 5686 1185 5741 Des.
1218 5686 1270 5740 in
1303 5686 1423 5743 cod.

687 5615 733 5647 νυ
764 5607 1264 5683 Δειμαινων.ἐοά.
1301 5615 1323 5669 1
1362 5616 1666 5684 ἀναμένωνν
1697 5630 1742 5684 (ι¹

1857 5638 1859 5665 l
1897 5612 2184 5684 lectionem
2217 5608 2413 5684 (ζει-σία
2445 5607 2650 5684 habuit.

1458 5633 1666 5721 #SVLOV,
1697 5633 1859 5684 quam
1898 5633 2184 5665 lCCllUllClll
2217 5633 2413 5663 haram
2445 5633 2650 5660 tlauuu.
2780 5633 2818 5636 τ’
2854 5633 2911 5658 11

1463 5722 1512 5740 ...
1607 5685 1654 5718 9⁸
1694 5683 2129 5739 Πιστευόντων.
2166 5682 2286 5734 cod.
2328 5680 2350 5733 l
2393 5694 2579 5747 prtem.
2611 5678 2690 5740 si;
2731 5675 2911 5729 αὐτόν.

2776 5604 2822 5636 ’⁸
2852 5603 2989 5673 Τήν.
3026 5604 3150 5659 cod.
3191 5603 3212 5655 1
3248 5618 3436 5673 praem.

2776 5675 2911 5729 ὐτόν.
3015 5675 3062 5708 θ’
3100 5676 3239 5730 Τόν.
3261 5675 3381 5728 cod.
3409 5676 3434 5727 1

3173 5690 3239 5728 ν.-
3261 5689 3381 5728 006.
