3902 6490
500 341 632 405 1387

1511 334 1998 395 THEODORETI
2037 333 2371 395 EPISCOPI
2402 335 2764 397 CYRENSIS

3514 353 3626 422 1388

491 445 860 505 habitaculum
915 458 1071 498 suum
1122 440 1387 497 reddidit?
1437 459 1454 491 ‹
1516 440 1723 494 Etenim
1776 441 2036 495 Dominus

2160 442 2420 505 ζονεύεσθε
2451 444 2527 513 τῷ
2556 444 2690 516 ὄρει,
2729 445 2758 496 6
2802 444 3113 516 οἰκητήριον
3148 445 3395 521 ἀπέφηνεν
3426 459 3451 509 6
3482 461 3593 524 Θεὸς
3616 503 3627 520 .

491 538 760 595 habitabit
790 539 843 591 in
870 536 1051 589 linem.
1093 554 1110 585 ι
1146 532 1262 587 Non
1292 534 1435 588 enim
1463 533 1603 587 sicut
1629 533 1767 600 apud
1804 548 1920 595 vos,
1953 533 2050 588 Ju-

489 633 614 698 dmi,
654 631 722 685 ad
752 630 1168 685 determinatum
1199 637 1412 696 tempus
1444 625 1730 690 habitavit,
1780 625 1857 680 sic
1909 636 1963 680 et
1994 628 2047 679 in

494 724 600 779 hoc
633 723 789 794 deget
821 740 835 776 :
869 721 961 775 sed
1008 720 1395 789 sempiternam
1434 717 1822 772 habitationem
1860 719 1912 773 in
1960 719 2051 774 illo

493 815 733 871 habebit.
762 812 877 869 Hoc
906 813 1050 868 enim
1083 812 1321 867 declarat
1347 829 1362 864 :
1390 809 1455 862 In
1489 812 1666 880 ﬁnem.

563 995 732 1050 Vens.
786 996 868 1049 18.
911 1011 930 1045 ι
985 993 1191 1048 Currus
1232 990 1327 1045 Dei
1373 992 1556 1046 decem
1594 992 1834 1048 millibus
1870 994 2053 1048 multi-

494 1092 634 1161 plex,
665 1089 829 1142 millia
855 1086 1171 1141 laetantium.
1212 1102 1231 1137 ι
1272 1084 1391 1139 Non
1412 1086 1555 1139 enim
1593 1086 1733 1139 sicut
1762 1087 1898 1155 apud
1931 1102 2049 1154 vos,

491 1181 682 1247 Judaei,
717 1194 920 1249 paucos
965 1184 1184 1233 sanctos
1236 1177 1445 1241 habuit,
1500 1192 1664 1247 super
1692 1178 1888 1247 quibus
1917 1193 2049 1232 con-

494 1271 726 1335 scendit,
766 1277 820 1323 et
850 1268 904 1321 in
937 1267 1133 1337 quibus
1173 1266 1458 1331 habitavit,
1508 1267 1587 1321 sic
1614 1276 1667 1320 et
1707 1283 1850 1320 nunc
1884 1268 2050 1321 habe-

494 1363 592 1417 bit.
627 1361 855 1415 lnllnitis
890 1361 1033 1414 enim
1066 1359 1311 1428 partibus
1342 1359 1522 1426 plures
1550 1358 1656 1412 illis
1687 1368 1834 1423 sunt,
1867 1359 2049 1414 divina

494 1454 886 1510 conscensione
914 1453 1085 1522 digni.
1115 1450 1262 1506 Nova
1290 1453 1433 1506 enim
1463 1452 1749 1505 haereditas
1780 1454 1939 1507 habet
1969 1455 2050 1506 in-

495 1561 721 1601 numera
747 1546 936 1609 millia,
967 1555 1021 1599 et
1060 1546 1290 1600 decades
1318 1544 1573 1608 millium,
1602 1554 1911 1599 sanctorum
1936 1546 2051 1611 ho-

494 1641 700 1694 minum
727 1638 1047 1701 laetantium,
1081 1646 1134 1692 et
1160 1636 1494 1691 all‘erentium
1543 1635 1649 1689 Deo
1678 1636 1910 1690 fructum
1934 1638 2049 1705 pie-

494 1730 639 1794 tatis,
665 1729 756 1798 qui
790 1737 933 1783 recte
959 1729 1165 1792 vivunt,
1197 1730 1399 1797 quique
1434 1727 1641 1797 1065
1676 1729 1740 1781 ad
1767 1730 2045 1798 prtemium

2160 554 2177 585 ι
2210 537 2319 587 Καὶ
2350 537 2456 607 γὰρ
2483 538 2511 589 6
2544 536 2744 606 Κύριος
2790 536 3193 607 κατασκηνώσει
3224 543 3294 604 είς
3326 547 3475 610 τέλος.
3516 571 3532 603 ι
3572 560 3633 610 οὺ

2153 625 2259 696 γὰρ
2284 627 2358 688 ὡς
2393 627 2521 698 παρ’
2552 628 2701 696 ύμῖν,
2729 620 2772 678 ὦ
2805 627 3129 691 Ἰουδαῖοι³⁵,
3160 633 3309 700 ῥητόν
3346 653 3452 690 τινα
3484 643 3635 714 ᾤκησε

2153 720 2363 789 χρόνον,
2401 718 2573 781 οὕτως
2588 719 2632 749 ³⁸
2678 719 2772 772 καὶ
2800 721 2857 771 ἐν
2888 719 3059 788 τούτῳ
3089 719 3247 787 διάξει
3271 739 3283 753 '
3330 726 3431 779 ἀλλ’
3459 732 3638 788 αἰώνιον

2152 813 2208 863 ἐν
2241 811 2413 882 τούτῳ
2442 814 2631 881 σχήσει
2661 811 2759 881 τὴν
2801 810 3032 881 οἴκησιν.
3088 811 3250 867 Τοῦτο
3279 816 3375 886 γὰρ
3418 819 3544 889 δηλοῖ
3572 826 3637 891 τὸ,

2154 908 2238 970 είς
2260 905 2452 969 τέλος.

2222 997 2312 1070 ιη’.
2359 1019 2377 1051 ι
2410 999 2481 1051 Τὸ
2524 999 2677 1070 ἆρμα
2707 1000 2802 1055 τοῦ
2836 998 2994 1062 Θεοῦ,
3047 1000 3411 1068 μυριοπλάσιον
3452 1004 3647 1073 χιλιάδες

2152 1089 2520 1161 εὐθηνούντων
2541 1092 2606 1148 ³⁷.
2637 1111 2655 1144 ι
2710 1092 2782 1145 Ού
2822 1090 2930 1159 γάρ
2950 1090 2992 1121 ³⁸
3040 1090 3114 1152 ὡς
3166 1092 3285 1159 παρ’
3318 1093 3448 1161 ὑμῖν,
3474 1090 3513 1147 ὧ
3542 1098 3652 1151 'lou-

2151 1183 2310 1244 δαῖοι,
2345 1182 2560 1250 ὀλίγους
2589 1182 2745 1253 ἔσχεν
2769 1182 2979 1249 ἁγίους,
3007 1174 3081 1233 ὧν
3111 1181 3294 1245 ἐπέϐη,
3317 1187 3414 1238 ικαὶ
3438 1183 3508 1249 οἷς
3538 1191 3656 1242 tm-

2150 1273 2388 1340 νώνησεν
2412 1274 2476 1337 ³⁹,
2507 1272 2649 1326 οὕτω
2694 1273 2787 1325 καὶ
2832 1271 2927 1324 νῦν
2952 1273 3161 1341 σχήσει.
3189 1273 3548 1343 Μυριοπλάσιοι
3566 1280 3657 1349 γὰρ

2151 1365 2373 1416 ἐκείνων
2391 1364 2457 1427 ⁸ο,
2478 1365 2525 1416 οἱ
2550 1364 2651 1433 τῆς
2675 1363 2823 1426 θείας
2845 1364 3148 1425 ἐπιϐάσεως
3168 1363 3320 1428 ἄξιοι.
3344 1367 3440 1418 Καὶ
3459 1368 3662 1438 ἀριθμοῦ

2150 1456 2431 1526 κρείττους
2470 1454 2712 1525 χιλιάδας
2752 1455 2848 1507 καὶ
2880 1454 3144 1524 μυριάδας
3186 1457 3539 1527 εὐθηνούντων,
3581 1463 3666 1514 καὶ

2150 1545 2639 1616 καρποφορούντων
2669 1544 2746 1615 τῷ
2778 1545 2895 1615 Θεῷ
2926 1546 3025 1615 τήν
3058 1545 3349 1611 εὐσέϐειαν,
3378 1548 3407 1616 ἡ
3451 1551 3533 1601 νέα
3569 1551 3667 1621 ἔχει

2152 1638 2511 1709 κληρονομία,
2545 1638 2863 1708 ίθυνομένας
2891 1638 3039 1692 xui."
3079 1637 3188 1690 τῶν
3226 1639 3479 1708 στεφάνων
3510 1642 3668 1704 ἀξιου-

2157 1732 2343 1800 μένας,
2374 1731 2466 1783 καὶ
2492 1732 2583 1783 ἐπλ¹
2613 1730 2671 1782 τὸ
2706 1729 2954 1799 βραϐεῖον
2986 1730 3085 1799 τῆς
3127 1729 3238 1782 ἀνω
3277 1730 3503 1800 κλήσεως
3544 1735 3673 1785 ἐπει-

494 1821 733 1875 ρωιεειὶε
759 1819 1061 1873 vocationis
1104 1817 1384 1882 festinant,
1417 1829 1470 1872 et
1499 1820 1718 1873 coronis
1755 1820 2045 1874 donantur.

2160 1819 2412 1887 γομένας.
2456 1837 2473 1868 ι
2502 1818 2705 1888 Κύριος
2734 1819 2790 1870 ἐν
2812 1818 3016 1880 αὐτοῖς,
3042 1819 3099 1869 ἐν
3130 1817 3293 1881 Σιναῒ,
3318 1819 3371 1870 ἐν
3390 1818 3460 1888 τῷ
3484 1821 3623 1888 ἁγίῳ.
3652 1841 3667 1870 ι

502 1929 520 1961 ι
560 1909 821 1964 Dominus
876 1909 931 1962 in
965 1909 1067 1970 eis,
1103 1909 1158 1962 in
1195 1909 1380 1969 Sinai,
1428 1909 1482 1962 in
1530 1919 1740 1963 sancto.
1779 1927 1798 1960 ι
1853 1910 1953 1975 Qui
2002 1912 2055 1964 in

501 2010 686 2056 monte
718 2000 889 2067 Sinai,
916 2001 1110 2069 inquit,
1145 2002 1347 2055 nostris
1385 2000 1679 2070 majoribus
1731 2016 1789 2057 se
1841 2005 2056 2073 conspi-

495 2094 745 2148 ciendum
779 2094 1030 2163 przebuit,
1063 2094 1177 2162 ipse
1203 2093 1366 2147 etiam
1417 2094 1582 2148 homo
1620 2094 1796 2149 factus
1827 2096 1926 2150 hos
1974 2112 2056 2149 re-

495 2188 592 2259 git.
624 2185 739 2240 Non
764 2186 908 2240 enim
942 2185 1081 2239 alius
1114 2186 1221 2251 ille,
1270 2195 1323 2240 et
1373 2187 1512 2240 alius
1542 2187 1649 2240 hic.
1706 2185 1851 2241 Idem
1888 2188 2053 2253 enim,

500 2297 520 2331 ι
553 2278 813 2332 Dominus
849 2277 1116 2342 omnium,
1151 2277 1302 2332 dives
1332 2278 1385 2331 in
1431 2293 1640 2342 omnes,
1675 2279 1767 2348 qui
1808 2280 2059 2334 invocant

496 2372 648 2426 illum
682 2372 731 2423 ιι.
765 2389 783 2421 ›
821 2369 911 2424 Sic
943 2371 1290 2440 pr0pheticus
1317 2386 1494 2425 sermo
1519 2381 1800 2441 postquam
1824 2359 2057 2426 demon-

498 2466 687 2519 stravit
707 2479 852 2528 eum,
883 2463 1318 2527 descendentem,
1345 2475 1398 2517 et
1421 2464 1653 2517 hostium
1682 2478 1871 2533 agmen
1909 2481 2058 2519 ever-

497 2564 720 2618 tentem,
747 2555 983 2609 ostendit
1015 2554 1189 2624 ipsum
1240 2554 1641 2617 ascendentem,
1676 2566 1731 2609 et
1772 2556 1901 2612 olim
1965 2572 2057 2613 ca-

499 2648 663 2718 ptivis
692 2647 992 2702 libertatem
1013 2646 1353 2716 largientem.

570 2738 735 2795 Vens.
768 2738 855 2792 19.
911 2756 930 2789 ι
968 2738 1273 2792 Ascendisti
1308 2739 1360 2791 in
1398 2738 1585 2803 altum,
1615 2739 1881 2809 captivam
1924 2740 2057 2794 feei-

500 2834 569 2889 sti
591 2832 978 2902 captivitatem.
1036 2849 1055 2883 ι
1095 2832 1371 2886 Ascensus
1415 2832 1731 2887 descensum
1778 2834 2052 2888 ostendit:

504 2934 559 2979 et
610 2925 760 2979 testis
785 2924 1078 2994 Apostolus
1123 2925 1308 2978 dicens
1343 2943 1355 2977 :
1398 2943 1415 2974 ε
1447 2924 1598 2990 Quod
1645 2935 1826 2979 autem
1861 2942 2056 2980 ascen-

504 3018 605 3081 dit,
633 3015 765 3087 quid
798 3024 902 3078 est,
936 3016 1041 3069 nisi
1076 3016 1218 3085 quod
1263 3023 1315 3069 et
1342 3016 1619 3070 descendit
1643 3018 1791 3086 prius
1820 3017 1873 3071 in
1920 3018 2057 3070 infe-

506 3109 677 3161 riores
700 3115 883 3177 partes
915 3106 1101 3159 terrae?
1142 3106 1241 3171 Qui
1287 3105 1585 3169 descendit,
1631 3107 1742 3175 ipse
1773 3115 1855 3163 est
1884 3116 1936 3161 et
1963 3108 2053 3177 qui

502 3200 747 3254 ascendit
775 3214 935 3268 supra
981 3214 1169 3252 omnes
1196 3198 1362 3253 caelos
1395 3201 1435 3252 ί.
1496 3219 1513 3250 ι
1556 3199 1833 3269 Captivam
1877 3210 2057 3253 autem

498 3291 634 3347 fecit
663 3291 1051 3360 captivitatem,
1076 3306 1199 3344 cum
1232 3291 1434 3358 recepit
1480 3306 1575 3345 eos
1607 3293 1694 3360 qui
1714 3292 1839 3345 olim
1863 3291 2060 3360 captivi

502 3382 739 3445 fuerant,
773 3390 827 3436 et
858 3382 1259 3451 quodammodo
1289 3386 1305 3404 ‘
1341 3383 1586 3451 captivos
1616 3383 1875 3452 cepisset,
1907 3395 1959 3438 et
1992 3385 2059 3437 li-

500 3474 760 3529 bertatem
802 3473 935 3543 ipsis
962 3474 1186 3543 largitus
1211 3484 1314 3528 est.
1351 3492 1368 3523 ‹
1392 3474 1659 3543 Aceepisti
1693 3476 1831 3529 dona
1875 3476 1926 3529 in
1962 3476 2061 3528 ho-

501 3564 760 3619 rninibus.
800 3583 818 3614 ι
866 3564 1159 3634 Apostolus
1191 3566 1325 3619 dixit
1359 3563 1371 3615 i
1417 3564 1583 3618 dedit.
1612 3566 1915 3635 Utrumque
1963 3583 2061 3620 au-

502 3665 607 3709 tem
638 3655 837 3710 factum
860 3664 961 3710 est.
990 3657 1220 3725 Accepta
1260 3656 1403 3709 enim
1430 3657 1499 3709 ab
1522 3657 1907 3711 accedentibus
1933 3655 2056 3719 lide,

499 3748 726 3818 largitur
755 3747 1009 3817 gratiam.
1038 3745 1141 3817 [Ita
1177 3747 1318 3801 enim
1346 3756 1518 3801 enatus
1548 3749 1914 3815 apostolorum
1943 3764 2061 3802 cre-

500 3840 744 3895 dentium
782 3840 925 3910 qnod
965 3838 1108 3895 Deus
1130 3855 1193 3893 ex
1229 3837 1338 3894 Deo
1370 3840 1460 3905 sit,
1485 3840 1635 3910 regni
1680 3841 1915 3896 caelestis
1955 3842 2062 3895 ha:-

500 3946 588 3988 res
619 3933 930 3988 declaratus
980 3932 1192 4002 1066
1232 3939 1315 3986 est
1347 3950 1360 3987 :
1398 3933 1472 3987 ita
1524 3948 1741 4003 quoque
1792 3936 2060 3989 innumeri

500 4038 770 4099 martyres
792 4038 846 4082 et
876 4027 967 4096 qui
1001 4028 1279 4081 honestam
1302 4027 1516 4082 vivendi
1544 4029 1806 4083 rationem
1832 4029 2061 4099 ingressi

502 4130 648 4182 sunt,
681 4135 744 4173 ac
775 4135 873 4189 pro
902 4118 1012 4173 Deo
1039 4121 1200 4174 verba
1250 4118 1514 4182 fecerunt,
1556 4121 1839 4191 gloriﬁcati
1891 4121 2059 4193 sunt]

507 4232 526 4264 ι
563 4212 772 4267 Etenim
815 4214 1235 4281 inobsequentes
1268 4213 1332 4266 ad
1358 4214 1790 4268 inltabitandum.
1825 4233 1842 4264 ι
1866 4216 2060 4284 Aquila

500 4306 705 4360 clarius
737 4306 1121 4374 interpretatus
1151 4314 1253 4369 est,
1287 4304 1461 4358 Etiam
1498 4306 1723 4361 rebelles
1753 4308 1816 4361 ad
1850 4308 2063 4362 inhabi.

498 4398 746 4451 tan’dum.
782 4395 899 4449 Non
946 4397 1253 4466 respexisti,
1291 4396 1488 4464 inquit,
1532 4398 1587 4451 in
1628 4400 1908 4469 antiquam
1964 4416 2059 4455 eo-

2169 1913 2226 1963 Ὀ
2260 1914 2315 1963 ἐν
2339 1911 2415 1982 τῷ
2453 1912 2599 1981 Σινᾷ,
2638 1911 2790 1981 φησι,
2833 1912 2944 1972 τοῖς
2968 1909 3255 1978 ἡμετέροις
3284 1911 3546 1981 προγόνοις
3572 1914 3677 1964 ἐπι-

2158 2007 2426 2075 (pave-1;“,
2480 2006 2698 2069 αύτδς⁵³
2750 2006 2843 2057 καὶ
2895 2004 3114 2065 τούτους
3133 2002 3178 2034 ⁸⁸
3230 2004 3436 2073 ἡνιοχεῖ.
3481 2004 3547 2055 Ού
3585 2005 3678 2073 γάρ

2157 2100 2314 2162 ἄλλος
2339 2101 2567 2163 ἐκεῖνος,
2590 2100 2681 2151 καὶ
2704 2098 2861 2161 ἄλλος
2887 2092 3059 2158 οὗτος.
3091 2115 3110 2146 ‹
3132 2094 3191 2148 '0
3210 2094 3313 2165 γὰρ
3336 2094 3484 2157 αὐτὸς
3499 2096 3681 2165 Κύριος

2157 2194 2394 2257 πάντων,
2445 2191 2687 2245 πλουτῶν
2734 2192 2811 2252 είς
2853 2190 3056 2250 πάντας
3100 2188 3226 2250 τοὺς
3264 2186 3682 2255 ἐπικαλουμένους

2156 2286 2337 2338 αὐτόν.
2372 2303 2390 2335 ι
2442 2283 2595 2336 Οὕτω
2632 2282 2807 2348 δείξας
2832 2282 2877 2312 ’⁵⁵
2920 2282 2947 2332 ὁ
2994 2280 3327 2349 προφητικδς
3370 2277 3515 2344 λόγος
3539 2294 3686 2330 κατα-

2156 2372 2448 2443 ϐεϐηκότα,
2479 2372 2570 2424 καὶ
2593 2370 2969 2426 καταλύσαντα
2995 2370 3105 2421 τῶν
3128 2367 3395 2436 πολεμίων
3422 2367 3479 2417 τὸ
3504 2368 3682 2433 στίφος,

2155 2464 2421 2517 δείκνυσιν
2458 2464 2617 2516 αὐτὸν
2648 2463 2865 2516 ἀνιόντα
2880 2461 2947 2526 ⁸⁸,
2990 2461 3083 2514 καὶ
3112 2462 3227 2522 τοῖς
3256 2458 3418 2512 πάλαι
3441 2458 3688 2528 αἰχμαλώ-

2154 2572 2268 2618 τοις
2298 2555 2397 2625 τήν
2426 2553 2742 2624 ἐλευθερίαν
2770 2552 3133 2624 δωρούμενον.
3654 2544 3659 2547 ’

2228 2746 2312 2799 ιϐ’.
2360 2765 2376 2797 ι
2420 2745 2646 2817 Ἀνέϐης
2682 2748 2761 2809 είς
2803 2745 2956 2814 ὕψος,
2986 2744 3414 2818 ῂχμαλώτευσας
3442 2743 3693 2811 αἰχμαλω-

2157 2841 2295 2893 σίαν.
2338 2859 2355 2891 ι
2416 2840 2483 2891 Ἥ
2528 2838 2791 2901 ἀνάϐασις
2831 2838 2980 2905 δηλοί
3022 2838 3125 2906 τὴν
3181 2836 3525 2890 κατάϐασινδτ
3552 2849 3566 2864 ο
3614 2828 3701 2885 καὶ

2159 2934 2364 3003 μάρτυς
2389 2935 2416 2985 6
2444 2932 2760 2994 Ἀπόστολος
2780 2932 2951 3000 λέγων
2970 2948 2985 2962 ο
3022 2950 3041 2982 ι
3070 2930 3147 2983 Τὸ
3171 2929 3228 2981 δὲ
3259 2928 3444 2998 ἀνέϐη,
3474 2928 3523 2979 τί
3546 2928 3698 2987 ἐστιν,

2157 3028 2203 3077 εἰ
2236 3025 2310 3095 μὴ
2342 3026 2423 3077 ὅτι
2451 3026 2545 3078 καὶ
2574 3024 2777 3093 κατέϐη
2812 3024 3030 3095 πρῶτον
3056 3025 3138 3086 είς
3165 3022 3234 3077 τά
3268 3020 3547 3090 κατώτερα
3576 3017 3701 3087 μέρη

2158 3119 2255 3187 τῆς
2301 3120 2431 3188 γῆς;
2490 3118 2547 3170 Ὀ
2600 3116 2872 3180 καταϐὰς,
2927 3115 3089 3180 αὐτός
3139 3118 3257 3168 ἐστι
3309 3114 3402 3167 καὶ
3450 3114 3477 3165 ό
3517 3108 3704 3169 ἀναϐὰς

2161 3208 2413 3279 ὑπεράνω
2448 3208 2664 3262 πάντων
2710 3207 2816 3260 τῶν
2848 3207 3115 3278 οὐρανῶν.
3150 3226 3168 3257 ι
3220 3201 3629 3276 ᾘχμαλώτευσε
3653 3198 3705 3253 δὲ

2161 3298 2554 3369 αἰχμαλωσίαν,
2581 3300 2706 3361 τοὺς
2731 3297 2897 3352 πάλαι
2925 3297 3333 3366 γεγενημένους
3357 3290 3708 3363 αἰχμαλώτους

2162 3389 2448 3444 ἀπολαϐών
2472 3406 2486 3420 ο
2541 3392 2635 3443 καὶ
2666 3390 2829 3443 οἱονεὶ
2862 3389 3387 3459 ἀνταιχμαλωτίσας
3406 3387 3469 3449 ⁸⁸,
3507 3385 3596 3438 καὶ
3621 3383 3709 3453 τὴν

2162 3483 2469 3554 ἐλευθερίαν
2496 3484 2677 3547 αὐτοῖς
2706 3484 3110 3554 δωρησάμενος.
3149 3501 3168 3530 σ
3198 3482 3431 3544 Ἕλαϐες
3451 3479 3644 3547 δόματα
3661 3479 3714 3529 ἐν

2161 3579 2542 3651 ἀνθρώποιςδῆ
2592 3599 2610 3632 ι
2675 3580 2734 3632 Ὀ
2777 3580 3101 3641 Ἀπόστολος
3118 3580 3170 3610 ⁵⁰
3214 3577 3439 3631 ἔδωκεν
3469 3575 3708 3644 εἴρηκεν

2160 3673 2445 3743 ἀμφότερα
2474 3672 2531 3725 δὲ
2558 3672 2901 3743 γεγένηνται.
2938 3671 3259 3742 Λαμϐάνων
3301 3670 3412 3739 γὰρ
3445 3665 3591 3737 παρά
3622 3663 3717 3716 τῶν

2161 3766 2493 3837 προσιόντων
2518 3766 2560 3797 ¹¹
2606 3764 2704 3836 τὴν
2757 3766 3029 3827 nias-tv",
3089 3765 3354 3833 δωρεῖται
3399 3762 3501 3829 τὴν
3550 3759 3714 3829 χάριν.

2162 3853 2244 3927 [⁵³
2267 3853 2423 3907 Οὕτω
2447 3854 2555 3923 γὰρ
2583 3852 2612 3904 ό
2632 3853 2740 3907 τῶν
2767 3853 3084 3908 ἀποστόλων
3113 3852 3424 3914 πιστεύσας
3452 3849 3621 3920 χορὸς,
3648 3849 3717 3899 ὅτι

2161 3946 2292 4010 Θεὸς
2335 3948 2397 4000 ἐκ
2440 3946 2575 4001 Θεοῦ
2602 3947 2856 4016 ὑπάρχει,
2904 3945 3002 4015 τῆς
3028 3945 3135 3998 τῶν
3181 3943 3435 4015 οὐρανῶν
3465 3940 3719 4011 βασιλείας

2161 4038 2497 4110 κληρονόμος
2535 4040 2813 4111 ἀνεδείχθη
2839 4055 2851 4067 ·
2897 4040 3037 4093 οὓτω
3075 4039 3349 4110 μυριάδες
3372 4036 3481 4089 τῶν
3515 4032 3725 4099 ἀθλοφό-

2165 4147 2271 4199 ρων
2295 4131 2389 4183 καὶ
2413 4131 2519 4183 τῶν
2540 4131 2633 4184 ἐπὶ
2660 4130 2904 4201 πολιτείᾳ
2931 4130 3144 4198 σεμνῶς
3175 4128 3573 4199 βιοτευσάντων
3596 4123 3722 4191 ὑπὲρ

2161 4217 2294 4270 Θεοῦ
2319 4218 2630 4288 ποιούμενοι
2652 4220 2777 4282 τοὺς
2798 4218 2987 4285 λόγους
3008 4218 3274 4289 ἐδοξάσθη
3284 4215 3430 4288 σαν.]
3462 4235 3479 4267 t
3506 4216 3612 4269 Καὶ
3630 4212 3725 4281 γὰρ

2162 4308 2515 4373 ἀπειθοῦντας
2544 4308 2639 4363 τοῦ
2672 4310 3171 4379 κατασκηνῶσαινδ.
3207 4329 3227 4361 ι
3277 4309 3456 4361 Τοῦτο
3486 4305 3727 4371 σαφέστε-

2167 4415 2257 4469 ρον
2278 4401 2306 4451 6
2328 4399 2559 4462 Ἀκύλας
2587 4400 2919 4470 ἡρμήνευσε,
2944 4399 3145 4469 καίπερ
3176 4398 3435 4459 ἀπειθεῖς
3456 4394 3551 4450 τοῦ
3579 4408 3728 4445 κατα-

496 4504 619 4544 rum
653 4488 930 4558 perﬁdiam
964 4506 976 4541 :
1010 4503 1201 4542 verum
1230 4498 1285 4543 et
1317 4499 1675 4557 repugnantes
1703 4491 1908 4553 videns,
1944 4506 2057 4559 per-

2166 4488 2462 4559 σκηνῶσαι.
2500 4490 2613 4542 Ούκ
2640 4488 2972 4560 ἀπέϐλεψας,
3004 4491 3169 4558 φησὶν
3192 4491 3263 4554 ³⁸,
3305 4491 3389 4550 είς
3421 4486 3519 4556 τὴν
3548 4483 3728 4553 προτέ-

496 4580 762 4637 severasti
791 4595 885 4634 eos
922 4580 1200 4635 beneﬁciis
1244 4580 1473 4646 allicere,
1507 4581 1679 4637 donec
1725 4581 1872 4653 ipsos
1907 4594 2054 4638 tuam
2100 4616 2105 4621 ε

497 4671 888 4727 habitationem
925 4671 1199 4727 redderes.

567 4858 588 4895 ιι
649 4854 809 4907 Rom.
850 4870 906 4917 χ,
954 4852 1039 4906 12.
1122 4850 1138 4889 ί
1184 4851 1381 4921 Ephes.
1432 4868 1503 4918 tv,
1536 4853 1589 4916 9,
1629 4853 1712 4906 10.
1792 4854 1969 4909 iihid.
2000 4855 2084 4908 Η.

2171 4598 2268 4653 ραν
2303 4581 2483 4635 αὐτῶν
2509 4582 2819 4637 ἀπείθειαν”
2864 4582 3001 4636 ἀλλὰ
3036 4582 3131 4636 καὶ
3160 4582 3553 4649 ἀντιλέγοντας
3580 4574 3730 4647 ὁρῶν,

2164 4674 2458 4743 ἐπέμεινας
2485 4673 2805 4747 εὐεργετῶν,
2842 4674 2945 4737 ἕως
2976 4673 3172 4735 αὐτοὺς
3199 4671 3527 4742 οἰκητήριον
3549 4666 3732 4719 οἰκεῖον

2165 4765 2466 4837 ἀπέφηνας.

1628 4943 1859 4998 VARUE
1901 4941 2283 4999 LECTIONES
2321 4941 2407 4996 ET
2436 4940 2668 4995 NOTAE.

570 5040 613 5070 "
682 5036 982 5093 Ἰουδαῖοι.
1019 5039 1139 5091 cod.
1199 5039 1221 5090 1
1265 5038 1389 5091 add.
1451 5040 1546 5091 καὶ
1575 5039 1861 5108 αἱρετικῶν
1898 5040 2057 5092 παῖδε

2178 5040 2222 5070 ³⁸
2247 5038 2444 5108 Θῆτως
2471 5067 2538 5077 -
2565 5036 2756 5101 τέλος.
2795 5035 2958 5108 cod.‘l
2989 5033 3147 5108 habet
3183 5040 3418 5108 tantum
3452 5042 3618 5108 pauca
3643 5026 3736 5108 ista

491 5110 651 5161 τοῦτο
672 5110 781 5177 γὰρ
812 5107 873 5160 τὸ
912 5110 991 5169 εἰς
1027 5109 1184 5171 τέλος
1223 5108 1393 5179 δηλοῖ.
1451 5110 1512 5179 _’."
1584 5094 1879 5176 Μὶῳιοπλ.
1916 5114 2039 5178 xtl.

2160 5112 2275 5175 Ίην.
2310 5094 2623 5179 Echionia:
2656 5094 2938 5179 nigriades,
2981 5094 3513 5179 milliaAilerqtionis,
3548 5094 3737 5179 s.mulf

492 5193 545 5232 ta
574 5176 764 5232 millia.
842 5179 887 5211 ³⁸
923 5180 1006 5232 Οὐ
1059 5182 1168 5248 γὰρ
1193 5195 1248 5231 κ.
1277 5176 1329 5232 τ.
1359 5179 1409 5230 λ.
1450 5176 1715 5233 Pauciora
1748 5176 2121 5234 haliethord.

490 5251 778 5302 lectionem
819 5251 983 5303 etiam
1021 5249 1217 5303 Carafa
1247 5250 1536 5318 expressit.
1616 5250 1660 5280 ⁸ο
1688 5251 1810 5303 cod.
1846 5253 1869 5303 1
1904 5251 2122 5302 ἐκεῖνοι.

2166 5169 2219 5247 ι).
2266 5178 2392 5234 557.
2483 5176 2527 5207 ³*
2565 5169 2781 5247 Ἑκοῖν.
2825 5174 3007 5247 cod._l
3053 5172 3168 5247 et?
3214 5169 3532 5247 ἐνῴκησεν,
3588 5178 3740 5247 quam

2198 5249 2241 5278 “
2302 5247 2501 5300 Kal'—
2536 5245 2916 5316 ἀξιουμένιις.
2958 5244 3031 5316 ln_
3062 5243 3183 5296 cod.
3281 5241 3416 5316 et}
3445 5253 3600 5316 sequ.
3633 5242 3741 5316 p96!

493 5321 581 5372 illa
608 5321 702 5371 ml.
723 5348 794 5358 —-
819 5320 1206 5388 ἐπειγόμενας.
1240 5299 1499 5373 Ειιῖιιιιυηι
1532 5322 1821 5374 verborum
1860 5321 2051 5373 ordine

2160 5299 2608 5388 enuitﬂCaral‘a:
2641 5299 3088 5383 “7"Emgbareic.
3146 5311 3282 5388 cod.
3316 5309 3388 5388 _2
3423 5299 3609 5388 And-dit
3635 5299 3737 5372 ’ἧν.

491 5377 1080 5461 ⁸³Αι’)τός.οοᾱ.ξιύἰ1.
1135 5377 1586 5461 ἐνανθρωπήσας,
1649 5407 1813 5457 quam
1876 5390 2057 5461 lectio:

2160 5410 2179 5461 ιλ
2212 5390 2385 5461 etiam
2438 5386 2633 5461 (Ξανθία
2696 5377 2931 5461 seetttns_
2965 5392 3109 5461 θεὶς-
3224 5380 3363 5461 cod;
3422 5378 3460 5431 (Ξ
3510 5377 3735 5461 τούτους.

490 5445 797 5537 ⁸⁸ᾈείξᾳς.
832 5461 957 5537 cod.
1001 5461 1181 5537 l_add.
1219 5445 1404 5537 αὐτόν.
1449 5445 1868 5537 ἠ’ίΑῇιόγςτοι.
1902 5460 2022 5537 eod.

2160 5459 2243 5511 dd.
2271 5460 2392 5512 ὅθεν
2420 5457 2663 5537 καταϐὰς
2697 5457 2795 5509 οὐκ
2824 5456 2991 5537 ἀπῆν.
3066 5451 3536 5537 ".Kgqié’amt;
3563 5445 3735 5537 qquII

494 5531 617 5587 add.
667 5511 866 5598 μᾶλλον
897 5532 954 5582 δὲ
988 5531 1087 5600 τήν
1113 5531 1540 5598 συγκατάϐασιν.
1604 5533 1647 5561 ⁸⁸
1677 5533 1799 5585 cod.
1823 5532 1857 5585 2
1881 5534 2055 5600 αἱχμα

2160 5511 2318 5592 κίσας.
2380 5530 2422 5560 ⁵³
2446 5528 2573 5581 ﬂeo.
2609 5511 2765 5581 lectio
2791 5527 2897 5577 τῶν
2923 5511 2976 5576 δ’
3008 5521 3429 5600 εει-ἀνθρώπῳ.
3451 5588 3468 5600 ⁸
3490 5518 3536 5549 ⁵ο
3582 5511 3742 5599 ’ξιπύ-

491 5588 739 5665 στολὸς.
783 5602 905 5656 cod.
960 5603 983 5654 1
1026 5588 1151 5655 add.
1196 5588 1283 5657 δέ.
1362 5603 1405 5633 ⁵⁸
1442 5602 1840 5669 Προσιόντων.
1874 5588 2045 5656 οοδίί

2160 5601 2204 5651 ll.
2238 5588 2373 5669 αύτῇ
2445 5601 2489 5630 ³¹
2526 5598 2758 5669 Πίστιν.
2788 5598 2907 5649 cod.
2944 5597 2965 5647 1
3007 5594 3131 5646 add.
3165 5588 3287 5643 τῶν
3337 5588 3745 5659 ὁμολογούντων

491 5689 655 5740 αὑτὸν
684 5689 816 5740 Θεὸν
849 5691 912 5740 ἐκ
938 5686 1095 5741 Θεοῦ.
1195 5689 1240 5719 ⁵³
1280 5688 1319 5740 Ε
1351 5689 1474 5743 cod.
1516 5689 1569 5744 1.

1674 5690 1721 5720 ⁸⁸
1761 5688 1874 5743 Τοῦ
1920 5704 2057 5741 κατα

2161 5726 2173 5739 .
2235 5668 2397 5739 llehr.
2429 5668 2609 5771 ’ρεπιέᾶ
2644 5684 2709 5737 ad
2750 5680 3117 5741 habitandum,
3145 5693 3191 5731 ε.
3232 5673 3550 5771 ιιι-ξηρήιει
3598 5670 3745 5771 (Βειηε

494 5773 550 5824 in
581 5773 729 5839 illis).
760 5772 893 5837 Quze
919 5782 1223 5841 sequuntur
1248 5758 1425 5831 D’HSN
1457 5781 1515 5831 n7
1546 5773 1725 5827 minus
1758 5785 1902 5825 recte
1936 5772 1989 5825 in
2020 5781 2057 5827 ι(

2160 5788 2165 5825 ι
2191 5769 2380 5825 (ἕπε-ωοο
2411 5747 2473 5824 οἰ1
2507 5784 2659 5838 sequ.
2691 5782 2832 5823 vers.
2863 5767 3030 5820 relata
3068 5769 3219 5817 sunt.
3305 5758 3355 5790 ³⁸
3380 5755 3607 5825 Φησίν.
3634 5747 3748 5807 cod.

494 5841 531 5895 Ξ
564 5857 749 5911 ρι’ωιιι.
778 5843 905 5913 γάρ.
