3902 6486
276 347 399 413 l393

1612 362 1693 421 IN
1731 361 1935 420 PSAL.
1966 363 2199 424 LXVII.

3359 358 3491 425 139’s
3543 387 3547 391 ’

271 461 632 530 προφητικαϊς
653 462 698 493 ³⁸
763 462 853 515 καὶ
897 463 997 527 τὰς
1062 465 1426 532 ἀποστολικὰς
1473 469 1602 539 ἡμῖν
1646 468 1828 539 πηγὰς

1942 486 2075 523 mus.
2108 467 2378 537 Quoniam
2415 474 2599 523 autem
2652 477 2848 538 praeter
2898 468 3244 539 propheticos
3290 469 3490 534 fontes,

271 552 579 623 ἐδωρήσατο
600 593 615 617 ,
653 553 875 619 εἰκότως
904 556 1130 625 ὲπάγευ

336 734 445 795 κη’.
492 747 511 780 ι
571 730 719 784 Ἐκεῖ
750 733 1007 802 Βενιαμὶν
1036 734 1302 804 νεώτερος
1327 739 1387 791 ὲν
1415 738 1671 795 ἐκστάσει
1699 743 1761 794 ’⁸.
1804 762 1820 792 ι

281 816 339 869 ’0
368 821 425 873 δὲ
467 823 700 887 Ἀκύλας
722 866 736 887 ,
783 827 941 881 Ἐκεῖ
968 830 1256 898 Βενιαμίν
1286 831 1558 902 βραχὺς,
1589 835 1830 904 ἐπικρα-

272 909 388 963 τῶν·
422 913 652 966 αὐτῶνθ
682 916 855 969 κατὰ¹
887 916 943 970 δὲ
978 918 1070 971 τὸν
1106 919 1431 974 Θεοδοτίωνα
1452 964 1467 987 ,
1506 924 1832 993 παιδευτὴς

273 1002 465 1058 αὐτῶν
495 1008 537 1059 ².
575 1009 855 1077 Βενιαμὶν
891 1009 947 1062 δὲ
974 1012 1287 1079 νεώτερος,
1314 1015 1342 1066 6
1382 1015 1652 1086 μακάριος
1685 1015 1831 1069 Παῦ-

274 1095 393 1159 λος,
425 1098 454 1149 6
482 1098 547 1150 ὲκ
575 1098 675 1168 τῆς
702 1100 1081 1171 Βενιαμίτιδος
1113 1101 1421 1175 βλαστήσεις
1445 1107 1621 1177 φυλῆς
1644 1125 1657 1140 ·
1689 1109 1830 1162 νεώ-

272 1202 437 1253 τερος
459 1225 474 1250 ,
511 1188 588 1252 ὡς
612 1189 634 1221 ⁸
673 1189 810 1259 μετὰ
844 1191 1056 1256 πάντας
1077 1194 1097 1225 ⁸
1131 1194 1352 1264 κληθεὶς
1377 1198 1397 1229 ⁸
1425 1199 1522 1251 καὶ
1557 1218 1832 1270 προσαγο-

272 1280 598 1350 ρευόμενος’
645 1282 821 1348 άλλως
868 1303 928 1338 τε
984 1286 1079 1339 καὶ
1118 1288 1336 1341 νεανίαν
1392 1290 1553 1343 αὑτὸν
1588 1294 1609 1323 ⁸
1644 1295 1677 1363 ἠ
1723 1295 1832 1347 τῶν

274 1373 531 1443 Πράξεων
578 1374 785 1447 ἱστορία
833 1378 1007 1432 καλεῖ.
1046 1373 1215 1444 Οὗτος
1246 1382 1536 1453 ἐπικρατεῖ
1570 1383 1667 1454 τῆς
1707 1386 1831 1438 Ἐκ-

272 1465 537 1533 κλησέας,
583 1468 678 1520 καὶ
712 1469 955 1523 παιδεύει
999 1470 1068 1524 τὰ
1102 1471 1250 1538 θεῖα,
1293 1474 1391 1527 καὶ
1427 1475 1654 1547 ποδηγετ
1698 1480 1833 1549 πρὸς

276 1557 550 1625 σωτηρίαν
577 1556 705 1620 τοὺς
747 1556 1123 1629 βουλομένους.
1167 1560 1413 1629 Ἐγένετο
1443 1562 1500 1615 δὲ
1533 1564 1629 1616 καὶ
1659 1567 1714 1618 ὲν
1739 1567 1832 1618 ὲκ-

274 1647 499 1700 στάσει⁷
563 1648 749 1718 μαθὼν
785 1650 884 1702 ἐν’
926 1651 1177 1719 οὐρανοῖς
1222 1650 1365 1707 εἶναι
1405 1654 1497 1708 τὸν
1535 1657 1627 1709 ὑπ’
1667 1657 1832 1710 αὐτοῦ

269 1739 630 1810 διωκόμενον,
658 1742 755 1795 καὶ
796 1742 991 1812 νεκρὸν
1026 1744 1401 1815 νομιζόμενον.
1434 1748 1653 1819 Ἐπειδὴ
1684 1748 1740 1802 δὲ
1771 1751 1831 1804 οὐ

272 1831 434 1898 μόνον
458 1832 479 1862 ⁹
512 1832 542 1883 ὀ
577 1833 845 1903 μακάριος
875 1810 1123 1899 Παῦλος,
1160 1810 1296 1889 ἀλλὰ
1326 1836 1423 1889 καὶ
1454 1838 1483 1891 6
1516 1810 1701 1903 λοιπδς
1727 1838 1835 1893 τῶν
1866 1810 1907 1865 Β

269 1921 583 1974 ἀποστόλων
617 1923 807 1993 χορὸς,
842 1926 911 1978 τὰ
949 1925 1066 1977 θεῖα
1096 1927 1222 1988 τοὺς
1252 1928 1606 1993 πιστεύοντας
1640 1931 1836 1984 ἐκπαι-

270 2012 415 2065 δεύει
442 2015 521 2077 ’⁸,
553 2015 778 2079 εἰκότως
818 2015 1136 2069 καὶτούτων
1165 2019 1194 2070 6
1224 2021 1561 2091 προφητικδς
1594 2024 1835 2093 ἐμνημό-

270 2123 429 2158 νευσε
454 2106 613 2174 λόγος
636 2109 698 2161 ".
746 2126 763 2157 ι
804 2108 1098 2179 ’Ἄρχοντες
1134 2110 1308 2163 Ἰούδα
1329 2112 1598 2181 ἡγεμόνες
1620 2113 1799 2166 αὐτῶν
1818 2153 1834 2178 ,

270 2199 530 2267 ἄρχοντες
584 2199 901 2263 Ζαϐουλὼν,
955 2199 1217 2271 ἄρχοντες
1270 2202 1607 2273 Νεφθαλείμ.
1666 2224 1684 2256 ι
1744 2206 1837 2259 Ἐκ

266 2290 377 2359 γὰρ
414 2290 624 2343 τούτων
670 2291 779 2344 τῶν
834 2290 1018 2361 φυλῶν
1080 2293 1141 2346 τὸ
1188 2293 1343 2361 γένος
1390 2295 1440 2347 οί
1478 2294 1655 2349 λοιποὶ
1707 2314 1838 2350 κατ-

266 2380 401 2447 ῆγον
439 2382 751 2436 ἀπόστολοι.
784 2385 893 2437 Καὶ
919 2386 969 2436 οἱ
1014 2383 1112 2454 μὲν
1145 2384 1468 2455 καλούμενοι
1496 2386 1712 2454 ἀδελφοὶ
1742 2386 1833 2440 τοῦ

269 2474 494 2542 Κυρίου,
520 2474 620 2544 τὴν
663 2474 830 2528 Ἰούδα
855 2477 1032 2545 φυλὴν
1068 2478 1283 2540 πάντως
1314 2472 1460 2547 εἶχον
1498 2481 1699 2548 πηγήν.
1730 2480 1834 2532 Πέ-

267 2581 392 2633 τρος
420 2564 478 2617 δὲ
498 2605 513 2627 ,
541 2565 637 2618 καὶ
673 2567 927 2638 Ἀνδρέας
948 2609 962 2633 ,
999 2568 1097 2621 καὶ
1141 2569 1399 2631 Ἰάκωϐος
1430 2570 1501 2632 ¹²,
1530 2573 1622 2623 καὶ
1660 2570 1837 2624 Ἰωάν-

267 2673 363 2725 νης
383 2696 399 2718 ,
436 2657 532 2709 καὶ
566 2657 829 2721 Φίλιππος
850 2700 865 2723 ,
897 2658 1009 2713 άπὸ
1034 2660 1299 2714 Βεθσαῖδᾶ
1330 2664 1427 2731 τῆς
1456 2660 1649 2731 κώμης
1681 2664 1838 2733 ἐτύγ-

268 2764 429 2815 χανον
476 2749 647 2811 ὀντες.
692 2749 973 2813 Ματθαῖος
1025 2752 1083 2805 δὲ
1156 2752 1251 2805 καὶ
1302 2752 1559 2817 Ἰάκωϐος
1583 2756 1626 2785 ¹⁸
1664 2756 1722 2807 ἐν
1766 2757 1831 2827 τῇ

271 2839 613 2910 Καπερναὺμ
646 2840 854 2909 διάγειν
924 2843 1264 2915 ἱστόρηνται.
1304 2844 1486 2915 Σιμὼν
1520 2848 1547 2899 6
1589 2846 1837 2917 ζηλωτὴς

269 2930 579 3001 Κανανίτης
615 2931 950 3001 ὠνόμασται.
998 2935 1182 2989 Ταῦτα
1213 2937 1267 2989 δὲ
1300 2937 1476 2989 πάντα
1527 2939 1705 3008 χωρία
1738 2939 1835 3007 τῆς

268 3017 561 3083 Γαλιλαίας
593 3021 729 3078 ἐστί.
760 3023 1044 3077 Ζαϐουλὼν
1076 3025 1132 3077 δὲ
1164 3026 1257 3078 καὶ
1281 3026 1598 3096 Νεφθαλεὶμ
1627 3028 1835 3081 ἐκεῖνον

270 3106 414 3179 εἶχον
448 3112 538 3164 τὸν
574 3114 794 3183 κλῆρον.
834 3116 944 3168 Καὶ
976 3115 1168 3168 τούτου
1202 3116 1481 3189 μάρτυρες
1509 3118 1635 3172 δύοο
1669 3123 1697 3173 6
1737 3124 1836 3190 μὲν
1864 3148 1906 3205 C
1942 3161 1975 3215 p

272 3205 594 3276 προφήτης,
634 3208 661 3260 6
696 3208 751 3260 δὲ
780 3209 1171 3279 εὐαγγελιστής
1193 3226 1206 3239 ’
1240 3212 1268 3263 6
1315 3212 1415 3281 μὲν
1443 3212 1726 3283 προλέγων
1768 3217 1830 3281 ¹⁸,

270 3298 297 3348 6
341 3296 396 3348 δὲ
442 3297 542 3367 τὴν
592 3300 898 3369 μαρτυρίαν
952 3301 1244 3371 προφέρων
1268 3303 1330 3356 ⁸⁸.
1369 3304 1509 3356 Φασὶ
1554 3305 1609 3357 δὲ
1640 3306 1831 3370 οὕτως·

274 3407 292 3428 ι
342 3389 416 3457 Γῆ
448 3390 770 3456 Ζαϐουλὼν,
821 3393 915 3445 καὶ
943 3393 1017 3463 γῆ
1060 3394 1413 3465 Νεφθαλεὶμ,
1450 3398 1545 3451 καὶ
1577 3400 1625 3451 οἱ
1658 3399 1838 3453 λοιποὶ

269 3478 366 3547 τὴν
391 3478 433 3508 ¹⁶
479 3480 756 3551 παραλίαν
784 3482 827 3513 ¹⁷
870 3484 1249 3549 κατοικοῦντες
1276 3486 1319 3518 ⁸⁸
1341 3527 1355 3550 ,
1404 3488 1498 3540 καὶ
1540 3489 1715 3559 πέραν
1743 3489 1836 3544 τοῦ

281 3568 547 3638 Ἰορδάνου
572 3613 586 3636 ,
613 3574 869 3627 Γαλιλαία
892 3575 999 3628 τῶν
1022 3577 1191 3631 ὲϐνῶν
1216 3592 1231 3607 ο
1261 3581 1290 3632 6
1320 3579 1447 3644 λαὸς
1470 3584 1498 3633 6
1531 3581 1837 3653 καθήμενος

270 3662 325 3710 ἐν
359 3660 544 3713 σκότει
575 3657 682 3715 εἶδε
722 3664 835 3732 φῶς
870 3665 1032 3734 μέγα.
1071 3686 1089 3718 ι

342 3751 441 3812 κθ’,
472 3753 537 3805 λ’.
580 3773 597 3805 ι
656 3757 952 3823 Ἔντειλαι,
998 3760 1026 3810 6
1056 3760 1209 3827 Θεὸς,
1253 3764 1319 3833 τῇ
1350 3762 1392 3795 ¹⁹
1435 3763 1665 3833 δυνάμει
1697 3782 1790 3817 σου
1820 3781 1833 3795 °

270 3842 824 3918 δυνάμωσον,ὀΘεὸς,
839 3852 998 3904 τοῦτο
1028 3853 1055 3904 6
1084 3855 1432 3925 κατειργάσω
1459 3858 1504 3888 ¹⁰
1536 3861 1592 3911 ἐν
1614 3861 1745 3928 ἡμῖν
1770 3861 1835 3911 ”.

284 3933 418 3987 Ἀπὸ
450 3935 548 3988 τοῦ
583 3939 712 3991 ναοῦ
742 3956 835 3991 σου
868 3941 961 3993 ἐπὶ
979 3942 1023 3973 ²¹
1076 3942 1434 4017 Ἰερουσαλήμ
1457 3948 1523 4002 ’³.
1571 3967 1588 3998 ι
1635 3950 1693 4002 Ὃ
1717 3949 1772 4001 δὲ
1796 3951 1843 3981 ’⁸

272 4026 570 4098 Σύμμαχος
598 4029 769 4092 οὕτως
792 4032 1295 4101 ²¹·Πρόσταξον,ό
1328 4038 1639 4109 Θεὸς-,περὶ
1667 4043 1839 4111 ίσχύ-

271 4135 341 4184 ος
390 4136 508 4173 σθυ
528 4138 543 4151 ’
594 4123 932 4192 ὲνίσχυσον
947 4165 962 4185 ,
981 4128 1013 4179 ὀ
1034 4126 1198 4192 Θεὸς,
1225 4127 1400 4182 τοῦτο
1428 4130 1460 4184 ὃ
1482 4130 1775 4199 ἐποίησας
1793 4134 1839 4165 ⁸⁸

272 4208 437 4281 ἡμῖν,
468 4210 564 4265 διὰ
591 4213 698 4266 τὸν
720 4214 871 4267 ναόν
897 4228 1014 4267 σου
1044 4216 1150 4267 τὸν
1170 4217 1215 4247 ’⁷
1248 4215 1447 4271 ἐπάνω
1477 4217 1585 4286 τῆς
1622 4221 1837 4287 Ἰερου-

345 4394 372 4423 °
396 4387 591 4441 Matth.
626 4402 697 4453 tv,
732 4390 829 4456 ἰός
863 4389 965 4445 lsa.
1001 4407 1076 4457 ιχ,
1116 4394 1168 4457 1,
1192 4394 1247 4448 2.

1931 559 2261 627 apostolicos
2292 557 2458 614 etiam
2491 559 2648 614 nobis
2673 558 2903 628 largitus
2930 568 3035 624 est,
3098 558 3290 615 merito
3358 562 3489 614 sub-

1932 654 2009 708 dit
2041 672 2053 706 :

2001 742 2168 799 Vens.
2188 742 2279 798 28.
2316 761 2335 794 ι
2366 742 2444 798 lbi
2474 741 2759 812 Benjamin
2802 744 3201 799 adolescentior
3234 743 3285 796 in
3345 759 3493 797 men-

1933 836 2000 891 tis
2022 850 2278 891 excessu.
2316 855 2334 887 ι
2369 834 2565 904 Aquila
2596 844 2800 901 autem,
2830 833 2913 889 Ibi
2946 836 3227 904 Benjamin
3274 851 3491 903 parvus,

1931 929 2195 995 imperans
2237 928 2449 998 1070
2494 928 2640 997 ipsis.
2673 920 2984 983 Theodotio
3017 943 3169 993 vero,
3209 937 3496 996 prwceptor

1932 1023 2160 1077 illorum.
2184 1021 2353 1075 Porro
2378 1020 2655 1090 Benjamin
2716 1021 3101 1076 adolescentior
3150 1030 3235 1077 est
3301 1021 3495 1075 beatus

1933 1114 2153 1175 Paulus.
2186 1116 2281 1185 qui
2320 1131 2383 1170 ex
2418 1116 2561 1170 tribu
2596 1115 2878 1185 Benjamin
2906 1125 3061 1170 ortus
3111 1124 3192 1168 est
3235 1134 3249 1170 :
3312 1114 3495 1167 adole-

1931 1209 2177 1268 scentior,
2200 1216 2457 1275 tauquam
2474 1216 2597 1275 post
2620 1222 2811 1261 omnes
2836 1216 3065 1261 vocatus
3088 1215 3143 1261 et
3167 1207 3491 1276 appellatus,

1933 1300 2230 1368 praesertim
2287 1313 2412 1351 cum
2464 1298 2866 1353 adolescentem
2914 1300 3088 1368 ipsum
3130 1298 3361 1353 Actuum
3413 1298 3497 1352 hi-

1931 1391 2099 1444 storia
2128 1399 2303 1443 vocet.
2338 1388 2437 1443 Hic
2471 1389 2729 1445 Ecclesia:
2762 1392 3015 1460 imperat,
3058 1401 3113 1445 et
3161 1391 3387 1445 instruit
3441 1389 3495 1442 in

1933 1485 2095 1539 rebus
2144 1480 2370 1547 divinis,
2399 1493 2453 1540 et
2479 1486 2723 1540 volentes
2758 1484 2910 1538 ducit
2943 1483 3009 1537 ad
3064 1484 3315 1538 salutem.
3375 1481 3499 1535 Fuit

1933 1584 2114 1631 autem
2153 1576 2204 1630 in
2225 1592 2453 1633 excessu
2492 1578 2711 1641 mentis,
2746 1587 2806 1631 ut
2840 1577 3077 1631 disceret
3102 1576 3155 1628 in
3186 1575 3339 1629 cmlis
3376 1590 3499 1629 esse

1935 1670 2086 1722 illum
2144 1683 2306 1738 quem
2336 1667 2452 1738 ipse
2510 1668 2966 1738 persequebatur,
3024 1682 3295 1736 quemque
3350 1682 3499 1719 mor-

1934 1772 2087 1816 tuum
2134 1761 2501 1816 exiSIimabat.
2533 1761 2805 1827 Quoniam
2836 1768 3017 1815 autem
3046 1776 3155 1814 nou
3191 1759 3351 1814 modo
3380 1759 3502 1813 bea-

1938 1864 2026 1908 tus
2060 1851 2285 1915 Paulus,
2313 1868 2498 1908 verum
2526 1853 2689 1907 etiam
2716 1853 2960 1922 reliquus
2983 1852 3353 1921 apostolorum
3373 1850 3502 1905 cho-

1937 1959 2033 1999 rus
2060 1960 2144 2000 res
2171 1945 2385 1999 divinas
2398 1946 2682 1999 credentes
2707 1944 2886 2009 docet,
2920 1945 3115 1999 merito
3143 1942 3316 1997 dehis
3337 1944 3497 1996 etiam

1937 2038 2291 2107 propheticus
2339 2051 2522 2091 sermo
2568 2036 2901 2092 mentionem
2961 2034 3107 2089 fecit.
3158 2052 3178 2085 ι
3216 2034 3499 2102 Principes

1934 2127 2070 2183 Juda
2098 2129 2267 2183 duces
2293 2144 2505 2191 eorum,
2540 2128 2813 2198 principes
2843 2126 3111 2193 Zabulou,
3147 2135 3200 2180 et
3224 2126 3500 2195 principes

1934 2219 2305 2291 Nephthalim.
2345 2239 2365 2272 ›
2402 2220 2478 2272 Ex
2513 2221 2597 2275 bis
2626 2221 2773 2275 enim
2815 2220 3068 2274 tribubus
3130 2217 3312 2273 επιενὶ
3366 2232 3497 2286 apo-

1935 2310 2063 2367 stoli
2097 2310 2361 2380 originem
2392 2311 2685 2365 duxerunt.
2722 2308 2786 2364 Et
2814 2309 2891 2363 illi
2925 2310 3144 2379 quidem
3177 2309 3268 2372 qui
3334 2323 3499 2362 voca-

1936 2404 2137 2458 bantur
2168 2403 2362 2458 fratres
2400 2402 2637 2467 Domini,
2677 2418 2741 2457 ex
2776 2402 2919 2456 tribu
2948 2399 3101 2455 Iuda:
3124 2400 3285 2470 plane
3328 2413 3499 2468 genus

1939 2504 2246 2550 traxerunt.
2286 2495 2477 2550 Petrus
2508 2505 2713 2558 autem,
2743 2505 2797 2551 et
2839 2496 3107 2557 Andreas,
3137 2502 3191 2547 et
3239 2491 3499 2555 Jacobus.

1935 2596 1987 2639 et
2017 2585 2277 2652 Joannes,
2297 2595 2350 2641 et
2377 2584 2662 2656 Philippus
2690 2602 2755 2640 ex
2788 2586 2909 2639 vico
2935 2584 3223 2639 Bethsaida
3246 2586 3497 2647 fuerunt;

1937 2678 2222 2732 Matthaaus
2252 2694 2379 2733 vero
2415 2688 2469 2733 et
2506 2677 2743 2733 Jacobus
2797 2678 3056 2732 dicuntur
3108 2676 3387 2731 habitasse
3446 2676 3498 2728 in

1935 2772 2298 2842 Capernaum.
2339 2771 2528 2826 Simon
2557 2772 2758 2826 zelotes
2790 2772 3130 2832 Chananzeus
3188 2770 3500 2824 nominatus

1934 2876 2036 2921 est.
2068 2864 2263 2921 Omnia
2292 2878 2475 2921 autem
2515 2870 2632 2923 haec
2659 2869 2774 2923 loca
2803 2866 3037 2922 Galilteaa
3059 2873 3206 2919 sunt.
3256 2863 3499 2917 Zabulou

1936 2972 2115 3014 autem
2141 2968 2193 3015 et
2215 2959 2558 3030 Nepbthalim
2586 2961 2658 3015 ibi
2705 2976 2862 3016 suam
2917 2958 3225 3014 habuerunt
3276 2967 3499 3011 sortem.

1938 3052 2006 3106 Et
2057 3052 2224 3122 hujus
2273 3053 2350 3107 rei
2383 3054 2491 3107 duo
2523 3062 2652 3108 sunt
2684 3062 2850 3108 testes
2885 3067 2897 3105 :
2930 3067 3073 3106 unus
3104 3050 3323 3120 quidem
3376 3064 3503 3118 pro-

1979 3144 2124 3207 beta,
2154 3143 2292 3197 alter
2330 3159 2459 3199 vero
2489 3145 2863 3215 evangelista:
2900 3142 2988 3198 ille
3037 3141 3361 3212 praedicens,
3412 3139 3502 3219 hic

1939 3253 2070 3292 vero
2098 3237 2303 3307 1071
2335 3237 2708 3292 testimonium
2737 3235 3041 3307 proferens.
3075 3235 3273 3288 Dicunt
3313 3242 3499 3287 autem

1939 3326 2017 3382 sic
2048 3346 2061 3380 :
2092 3345 2111 3377 ι
2147 3327 2311 3380 Terra
2342 3326 2609 3391 Zabulon,
2640 3338 2695 3381 et
2725 3340 2867 3382 terra
2898 3324 3267 3394 Nephthalim,
3317 3332 3371 3378 et
3400 3339 3504 3377 cae-

1940 3417 2040 3471 teri
2079 3417 2406 3469 maritimam
2432 3418 2707 3486 regionem
2757 3417 3079 3478 incolentes,
3112 3425 3263 3469 trans
3307 3412 3503 3467 Jorda-

1943 3523 2088 3571 nem,
2121 3506 2339 3562 Galilaea
2364 3509 2628 3578 gentium,
2660 3508 2889 3579 populus
2923 3507 3017 3577 qui
3046 3506 3271 3561 sedebat
3320 3505 3374 3559 in
3420 3513 3503 3558 te-

1943 3599 2145 3665 nebris,
2175 3600 2308 3654 vidit
2330 3599 2507 3654 lucem
2532 3614 2788 3668 magnam
2824 3607 2871 3651 °.
2909 3620 2926 3651 ι

2012 3756 2177 3811 Vens.
2207 3758 2299 3821 29,
2332 3756 2421 3811 50.
2448 3752 2873 3821 «Μιιηὰο,ῐ)ευε,
2908 3759 3094 3813 virtuti
3134 3769 3269 3820 tuae;
3306 3756 3505 3810 conlir-
3614 3768 3625 3787 ·

1941 3864 2029 3902 ma
2061 3850 2182 3911 hoc,
2213 3846 2539 3918 Deus,'quod
2567 3858 2822 3919 operatus
2853 3865 2912 3904 es
2946 3850 3001 3903 in
3025 3849 3209 3903 nobis.
3236 3850 3279 3899 A
3304 3846 3504 3915 templo

1942 3950 2034 3995 tuo
2064 3940 2118 3993 in
2148 3940 2540 4010 Hierosolyma.
2576 3961 2594 3993 ι
2630 3939 2993 4011 Symmachus
3027 3950 3203 3995 autem
3241 3940 3319 3993 sic
3344 3940 3507 3991 inter-

1945 4041 2190 4101 pretatus
2223 4041 2308 4086 est
2332 4051 2346 4085 :
2375 4030 2607 4102 Impera,
2626 4031 2867 4100 Deus,de
2894 4032 3203 4102 fortitudine
3231 4043 3357 4094 tua;
3384 4043 3505 4083 cor-

1946 4125 2137 4178 robora
2160 4124 2274 4189 hoc,
2296 4123 2454 4189 Deus,
2481 4124 2619 4193 quod
2640 4124 2813 4194 fecisti
2841 4124 3009 4183 nobis.
3033 4121 3507 4193 proptertemplum

1946 4215 2266 4285 tuum,quod
2289 4224 2364 4268 est
2389 4230 2546 4284 super
2569 4212 2959 4285 Hierosolyma.
2981 4214 3279 4279 Conﬁrma,
3308 4214 3503 4283 inquit,

1402 4528 1634 4584 VARIAE
1672 4528 2050 4586 LECTIONES
2085 4530 2175 4585 ET
2212 4528 2445 4585 NOTAE.

347 4668 395 4698 "
418 4667 573 4743 Πρίές
588 4667 717 4743 (ait
739 4684 918 4743 προφτ
946 4668 1067 4743 εράο
1098 4669 1126 4743 .1
1148 4669 1247 4743 τὰς
1276 4670 1641 4743 προφητεκάς-
1669 4670 1739 4743 ,”
1756 4671 1835 4743 ἐι

1942 4686 2043 4724 ῖστ.
2077 4668 2239 4743 Hebr.
2262 4663 2404 4743 ah,
2425 4670 2706 4743 dominans
2732 4669 2827 4743 eis.
2850 4670 2879 4743 ξ
2904 4670 3355 4743 Κᾳτὰ--αᾷτων,
3380 4669 3503 4743 Des.

276 4740 333 4793 in
361 4740 487 4793 cod.
511 4737 566 4791 2.
606 4738 627 4767 ⁸
654 4737 819 4791 Παιδ.
854 4737 1072 4795 αὐτῶν.
1098 4737 1174 4793 Ita
1205 4737 1474 4797 fere'edit.
1496 4738 1561 4795 V.
1598 4740 1759 4795 habet
1778 4741 1835 4794 διε

1942 4758 2065 4794 κων.
2109 4741 2261 4805 ³Ὡς.
2291 4742 2411 4795 cod.
2448 4743 2471 4792 1
2507 4737 2601 4790 ὢν.
2643 4738 2666 4768 ⁸
2696 4739 2816 4794 cod.
2845 4738 2881 4791 2
2904 4740 3142 4793 πάντων.
3183 4740 3204 4770 ⁸
3229 4741 3504 4807 κληθείς.

275 4810 400 4863 cod.
434 4811 458 4861 1
492 4815 547 4860 et
570 4807 607 4860 2

638 4823 823 4876 prtem.
856 4808 972 4862 καί.
1047 4812 1069 4844 ⁸
1096 4810 1313 4866 Αὐτόν.
1347 4810 1472 4866 Des.
1509 4811 1563 4863 in
1593 4812 1714 4866 cod.
1747 4809 1801 4867 2.

1942 4810 2275 4865 Ἐκστάσει.
2307 4810 2431 4865 cod.
2463 4813 2489 4862 1
2535 4816 2592 4862 et
2622 4808 2659 4861 2
2692 4807 2817 4862 add.
2848 4810 2999 4861 ποτέ.
3074 4809 3096 4840 ⁸
3122 4810 3219 4863 Ἐν
3244 4841 3313 4851 --
3346 4827 3509 4877 rom-

276 4879 403 4947 ζόμ.
437 4877 558 4951 cod.
586 4878 623 4951 Vl
782 4878 908 4951 παρ’
931 4878 1095 4951 αὑτοῦ
1125 4879 1454 4951 διωκόμενον
1483 4880 1574 4933 τοῦ
1606 4881 1807 4943 παντὸς
1840 4881 1915 4934 ὑπ

275 4948 509 5019 ουρανόν
529 4963 543 4975 ·
580 4948 924 5022 ὲκεῖθενγάρ
952 4950 1124 5022 αὑτὸν
1144 4948 1550 5022 ἐχειροτόνησεν
1578 4950 1894 5022 ἀπόστολον.

1990 4898 2105 4951 χειν
2137 4881 2365 4952 ποιητὴν
2390 4880 2486 4932 καὶ
2514 4879 2660 4952 ἔχειν
2684 4878 2981 4952 ὑποπόδιον.
3019 4879 3122 4952 γῆν
3175 4880 3289 4952 καὶ,
3318 4879 3510 4949 Θρόνον

1940 4897 2105 5003 Ἐχειν
2137 4897 2365 4952 ποιητην
2390 4897 2486 4932 και
2514 4897 2660 4999 εχειν
2684 4897 2975 4933 υποποοιον
3019 4897 3122 4948 γην
3175 4897 3271 4931 και
3318 4897 3507 4949 υρονον

1988 4967 2077 5003 um
2106 4967 2260 5019 quem
2287 4966 2532 5020 perseque
2572 4960 2716 5015 atur,
2741 4964 2853 5003 esse
2891 4949 3122 5003 universi
3156 4950 3507 5020 conditorem,

278 5018 577 5085 terramque
591 5033 686 5087 pro
701 5018 924 5071 scabello
941 5018 1152 5084 habere,
1173 5018 1275 5087 pro
1299 5018 1483 5074 throno
1505 5029 1678 5074 autem
1704 5021 1887 5074 caelum
1912 5035 1930 5073 :
1951 5020 2072 5073 inde
2095 5018 2401 5074 enimillum
2426 5018 2767 5073 constituerat
2784 5021 3100 5085 apostolum.
3164 5022 3185 5052 ⁹
3206 5019 3329 5073 cod.
3358 5020 3380 5071 1
3417 5021 3511 5086 μό-

277 5105 391 5151 νος.
468 5088 511 5119 ¹⁶
542 5087 663 5142 cod.
687 5087 724 5141 2
758 5088 1081 5144 ἐκδιδάσκει.
1160 5092 1201 5122 ¹¹
1234 5093 1319 5145 Λό

1322 5109 1445 5160 τος.
1475 5093 1597 5145 cod.
1628 5092 1651 5145 1
1690 5092 1825 5161 add.

1956 5092 2064 5161 γὰρ
2101 5090 2207 5143 τῶν
2231 5092 2358 5161 ἑξῆς
2391 5090 2516 5160 ἔφη.
2597 5091 2640 5121 “
2664 5088 2948 5156 Ἰάκωϐος.
2982 5089 3103 5161 cod.
3149 5091 3171 5143 1
3232 5090 3358 5143 add.
3392 5090 3513 5161 Ἀλτ

277 5160 462 5227 (palmi.
543 5159 586 5232 f‘
618 5157 755 5232 Ἰάκ.
799 5160 985 5232 c_od._2
1016 5160 1071 5212 h.
1097 5160 1286 5232 Ladd.
1314 5157 1610 5232 ’Mgoaloo.
1662 5164 1707 5194 “
1733 5160 1833 5216 cod

1947 5157 2223 5232 προλέγει.
2278 5157 2343 5193 ⁷¹’⁵
2359 5157 2547 5216 θοόζῖ
2578 5161 2894 5232 προφέρειη
2938 5161 2982 5192 ³⁸
3027 5158 3160 5225 Τήν.
3187 5162 3307 5232 cod.
3342 5162 3454 5232 [ει
3478 5160 3513 5213 2

319 5245 466 5302 raem.
513 5229 584 5283 οί.
664 5229 704 5259 ¹⁷
746 5230 866 5302 eod.
912 5229 948 5281 2
995 5231 1279 5302 παράλιον.
1359 5233 1400 5265 ¹⁸
1427 5229 1560 5285 ωδ.
1590 5231 1625 5284 2
1669 5232 1835 5286 obtain

1949 5229 2000 5285 .’
2042 5232 2084 5264 ¹⁹
2127 5232 2203 5299 Τῇ
2239 5234 2359 5287 cod.
2398 5234 2421 5285 1
2464 5229 2648 5302 prtem.
2699 5229 2778 5284 έν.
2855 5230 2900 5261 ¹⁰
2937 5229 3336 5302 κατειργάσω.
3379 5229 3508 5302 lter.

300 5300 441 5373 ectio
474 5307 561 5373 est
595 5299 929 5373 κατηρτίσω.
1006 5301 1050 5373 ’,ί
1078 5299 1285 5373 ίἩμῖν.
1317 5303 1374 5355 1η
1408 5302 1528 5373 cod.
1564 5303 1586 5355 l
1619 5318 1772 5373 sequ.
1808 5303 1835 5355 ’1

1979 5303 2253 5373 πανταχοῦ
2283 5302 2377 5373 καὶ
2398 5304 2434 5373 ὁ,
2449 5300 2637 5369 παρὼν
2669 5304 2952 5373 προφήτης
2988 5301 3227 5373 θεολογεί
3248 5301 3348 5373 ,τὸν
3378 5301 3422 5351 Χ
3432 5317 3513 5373 ρι-

283 5372 427 5432 στὸν,
471 5369 570 5421 καὶ
594 5368 691 5421 ’ἑνα
721 5370 812 5421 καὶ
835 5370 925 5421 τὸν
980 5372 1140 5424 αὑτὸν
1166 5368 1316 5426 άνακ

283 5390 427 5432 στον,
471 5390 570 5421 και
596 5390 691 5421 ενα
721 5390 812 5421 και
835 5390 925 5421 τον
980 5390 1140 5424 αυτον
1178 5390 1316 5426 ανακ

281 5440 572 5511 ἐδωρήσω.
595 5441 857 5511 Δέσποτα,
892 5441 1051 5511 χάριν
1077 5442 1169 5494 ἐπὶ
1193 5445 1261 5495 τὰ
1304 5390 1360 5495 ἒτί)

1361 5371 1564 5441 ρύττει.
1641 5371 1712 5405 “ﬁ
1742 5371 1891 5427 Ἐπί.
1926 5375 2047 5428 cod.
2093 5373 2127 5426 2

1367 5461 1464 5514 vq'
1498 5444 1648 5497 ναόν
1677 5444 1734 5514 δέ
1776 5445 1921 5512 λέγει
1948 5443 2047 5514 τὴν
2066 5440 2391 5514 άπανταχοῦ
2415 5442 2516 5510 τῆς
2548 5442 2872 5514 οίκουμένης
2906 5442 3034 5514 μίαν
3074 5444 3167 5514 καὶ
3195 5442 3365 5509 μόνην
3388 5441 3511 5514 ’ch-

2206 5392 2254 5425 ν.
2329 5372 2374 5403 ³³
2424 5372 2663 5438 Ἰερουσ.
2707 5370 2889 5426 cod.1
2928 5372 3053 5425 add.
3085 5372 3177 5423 Σοὶ
3199 5372 3407 5422 οἴσουσι
3447 5370 3514 5439 ἢν

282 5510 615 5583 κλησίαν,ᾕν
642 5509 923 5583 καὶσῶμα
947 5509 1312 5581 παιδευόμεθα
1342 5509 1608 5582 ὑπάρχειν
1634 5512 1726 5583 τοῦ
1757 5515 1835 5583 Χρ

1942 5509 2015 5567 οὖξ
2049 5509 2482 5583 ϐναιίαηιίιιαηι,
2514 5528 2545 5564 o
2567 5512 2804 5570 Domine,
2831 5509 2999 5583 quam!
3015 5512 3239 5583 largitus
3276 5529 3351 5573 es,
3386 5510 3514 5578 a/fe-

285 5588 395 5653 rent
420 5577 993 5653 gentibus.r_'l‘emplutu
1022 5577 1195 5653 autem
1225 5594 1373 5637 vocat
1404 5577 1560 5636 unam
1592 5582 1778 5652 ubique
1809 5577 2096 5638 'terrurum
2126 5582 2391 5653 solamque
2424 5581 2735 5643 Ecclesium,
2771 5577 2927 5650 quam
2962 5577 3162 5653 Christi
3189 5597 3297 5633 esse
3326 5577 3511 5649 corpus

283 5649 574 5704 m'locemur.

288 5791 330 5821 ³⁷
374 5790 484 5843 Τὸν
508 5820 576 5830 —-
607 5792 757 5844 ναόν
785 5808 919 5846 σου.
949 5790 1071 5847 Dcs.
1108 5795 1158 5846 in
1191 5795 1311 5848 cod.
1348 5796 1401 5847 2.

679 5650 735 5724 ’δ’
774 5651 976 5724 ’,Ολδὲί
1011 5684 1075 5691 -——
1109 5652 1421 5724 μέλλοντι.
1479 5652 1601 5706 Haec
1646 5650 1831 5724 transp

1944 5672 1971 5708 a
2026 5668 2151 5708 sunt
2217 5655 2268 5707 iu
2308 5650 2437 5724 cod.
2503 5654 2522 5705 ἱ
2588 5652 2677 5707 ubi
2728 5664 2847 5720 post
2895 5651 3193 5724 μεταϐολὴν
3237 5653 3508 5719 leguntur.

371 5720 586 5794 Οὕτως.
637 5721 816 5794 cod.1
871 5722 991 5794 ἀντὶ
1040 5723 1133 5773 τοῦ
1174 5724 1400 5775 ἕντειλαι
1458 5725 1485 5774 6
1545 5725 1675 5787 Θεὸς
1708 5720 1907 5780 καῖτόι
1958 5726 2098 5794 ἑξῆς,
2148 5724 2319 5787 οὕτως
2365 5723 2489 5791 ἔφη.

2566 5724 2610 5753 '“
2661 5724 3007 5788 Ἐποὶησας.
3039 5723 3162 5777 cod.
3211 5724 3509 5789 ιένόησας.
