3902 6490
496 337 631 403 1390

1476 346 1962 407 THEODORETI
1989 347 2325 410 EPISCOPI
2355 352 2719 413 CYRENSIS

3540 361 3666 428 1400

486 476 663 531 nubes
716 475 951 545 pluviam
993 479 1234 551 epelago
1295 481 1531 552 Spiritus
1567 486 1739 540 sancti
1804 485 2049 539 haurien-

2157 464 2479 519 δασκαλικὸν
2516 467 2800 538 δεξάμενοι
2829 467 3093 539 χάρισμα,
3123 470 3359 542 καθάπερ
3387 477 3515 539 τινὲς
3538 483 3673 548 νεφέ-

490 579 594 629 tes.
635 569 1005 640 irrigationem
1039 573 1352 632 hominibus
1390 576 1644 633 afferunt.

560 830 727 887 Vens.
770 834 856 889 56.
894 856 912 886 ι
938 835 1201 892 Mirabilis
1243 836 1383 894 Deus
1417 838 1468 892 in
1499 841 1702 896 sanctis
1740 841 1874 895 suis.
1904 861 1920 893 ι
1949 840 2056 896 Cze-

492 925 591 977 teri
627 941 874 994 quoque,
920 927 1128 997 inquit,
1193 944 1386 984 omnes
1444 933 1662 987 virtutis
1717 933 1941 987 studiosi
1987 934 2053 988 ad

489 1014 702 1069 divinas
741 1017 928 1071 laudes
962 1019 1318 1074 celebrandas
1356 1022 1643 1091 accingunt
1683 1038 1742 1078 se
1764 1023 1919 1093 juxta
1948 1023 2055 1078 Do-

489 1105 624 1158 mini
674 1123 883 1172 vocem,
939 1108 1249 1163 dicentem:
1293 1130 1310 1161 ι
1338 1110 1541 1166 Luceat
1578 1113 1668 1167 lux
1722 1128 1895 1169 vestra
1960 1132 2055 1169 co-

486 1210 603 1247 ram
638 1197 972 1263 hominibus,
1011 1210 1071 1254 ut
1111 1200 1328 1256 videant
1369 1217 1533 1272 opera
1570 1214 1751 1259 vestra
1803 1209 1967 1269 bona,
2001 1218 2056 1263 et

487 1288 791 1355 glorificent
826 1289 1040 1346 Patrem
1070 1296 1088 1315 ‘
1115 1302 1357 1348 vestrum
1397 1296 1491 1364 qui
1529 1297 1579 1349 in
1600 1298 1756 1351 caelis
1783 1307 1868 1352 est
1897 1307 2055 1351 ι.»-

495 1379 667 1436 «Οειιε
686 1381 849 1437 Israel
876 1386 992 1452 ipse
1022 1385 1173 1440 dabit
1195 1388 1452 1442 virtutem
1481 1398 1535 1443 et
1562 1389 1932 1469 fortitudinem
1959 1408 2053 1460 po-

484 1472 613 1539 pulo
652 1489 777 1528 suo.
809 1494 827 1525 ι
870 1474 988 1529 Non
1018 1488 1218 1533 temere
1282 1491 1459 1534 autem
1520 1482 1622 1536 hoc
1682 1482 1799 1534 loco
1836 1482 2053 1539 Israelis

486 1567 753 1633 meminit,
786 1569 877 1624 sed
910 1572 1166 1639 quoniam
1209 1570 1403 1636 Iacob,
1434 1589 1557 1628 cum
1610 1573 1849 1631 Esauum
1894 1578 2052 1632 time—

484 1668 586 1724 ret,
628 1660 813 1716 divino
835 1674 1021 1732 postea
1057 1665 1257 1734 potitus
1298 1680 1611 1737 conspectu,
1665 1670 2052 1727 corroboratus

484 1762 586 1814 est,
631 1754 937 1823 mentisque
977 1756 1222 1811 timorem
1289 1759 1572 1814 discnssit.
1648 1759 1813 1815 Docet
1871 1773 2049 1817 autem

2161 556 2248 610 λαι
2288 558 2351 609 ὲκ
2383 558 2479 627 τῆς
2535 558 2630 612 τοῦ
2669 559 2938 626 παναγίου
2981 559 3291 629 Πνεύματος
3323 562 3569 633 Θαλάττης
3595 567 3676 621 τὸν

2163 646 2316 700 ὑετὸν
2345 648 2713 718 ἀνιμώμεναι,
2744 648 2842 720 τὴν
2859 649 3077 721 ἀρδείαν
3103 654 3212 713 τοῖς
3238 651 3521 722 άνθρὼποις
3533 672 3676 727 προσ.

2161 740 2403 810 φέρουσι.

2231 831 2340 896 λς’.
2401 850 2420 882 ι
2474 832 2797 903 Θαυμαστὸς
2837 837 2866 889 ὁ
2916 835 3049 899 Θεὸς
3088 837 3144 889 ὲν
3192 838 3301 899 τοῖς
3326 837 3491 905 ἁγίοις
3515 839 3554 871 ⁶⁹
3596 841 3679 893 αὑ-

2160 923 2254 977 τοῦ
2283 926 2349 976 το.
2386 943 2404 975 ι
2444 925 2555 977 Καὶ
2586 925 2735 979 ἄλλοι
2760 926 2837 992 δὲ,
2889 929 3085 998 φησὶν,
3122 929 3352 992 ἅπαντες
3381 929 3472 998 τῆς
3506 930 3679 1001 ἀρετῆς

2163 1014 2391 1083 ἐρασταὶ
2455 1014 2546 1067 τὸν
2580 1015 2712 1068 Θεὸν
2750 1015 3038 1086 ὑμνεῖσθαι
3059 1018 3103 1047 τί
3135 1018 3676 1087 παρασκευάζουσιη,

2162 1107 2304 1159 κατὰ
2330 1106 2428 1178 τὴν
2457 1106 2550 1159 τοῦ
2582 1108 2789 1177 Κυρίου
2834 1108 3020 1179 φωνὴν
3046 1108 3144 1178 τὴν
3176 1108 3452 1176 λέγουσαν·
3492 1131 3508 1162 ι
3551 1114 3682 1182 Amp.

2159 1198 2317 1266 φάτω
2370 1200 2431 1251 τὸ
2486 1199 2600 1266 φῶς
2656 1200 2811 1269 ὑμῶν
2868 1200 3179 1270 ἔμπροσθεν
3227 1199 3331 1253 τῶν
3378 1200 3680 1271 ἀνθρώπων,

2160 1289 2307 1352 ὅπως
2348 1288 2501 1343 ἴδωσι
2545 1288 2616 1342 τὰ
2645 1289 2786 1343 καλὰ
2825 1290 2963 1361 ἔργα
2994 1291 3147 1361 ὑμῶν
3166 1330 3180 1352 ,
3213 1292 3305 1344 καὶ
3334 1290 3578 1355 δοξάσωσι
3605 1294 3683 1346 τὸν

2161 1380 2379 1450 Πατέρα
2428 1381 2612 1450 ὑμῶν,
2659 1381 2754 1435 τὸν
2802 1382 2860 1433 έν
2906 1382 3172 1453 οὐρανοῖς.
3216 1398 3235 1432 ι
3287 1409 3356 1421 -
3396 1400 3415 1433 ι
3480 1383 3533 1433 'U
3570 1383 3683 1444 Θεὸς

2171 1474 2389 1545 Ἰσραὴλ
2442 1475 2604 1537 αὐτὸς
2637 1474 2797 1528 δώσει
2855 1476 3085 1544 δύναμιν
3133 1477 3227 1527 καὶ
3270 1474 3581 1545 κραταίωσιν
3619 1477 3684 1544 τῷ

2159 1567 2274 1637 λαῴ
2320 1567 2506 1620 αὐτοῦ.
2561 1588 2578 1619 ι
2631 1569 2743 1638 οὑχ
2777 1568 2964 1630 ἁπλῶς
3008 1568 3064 1620 δὲ
3105 1566 3332 1619 ἐνταῦθα
3363 1566 3453 1619 τοῦ
3497 1566 3684 1638 Ἰσραὴλ

2160 1662 2610 1732 ἐμνημόνευσενο
2672 1661 2786 1714 ἀλλ’
2841 1660 3030 1730 ἐπειδὴ
3088 1661 3269 1723 δείσας
3300 1660 3329 1711 ὁ
3387 1656 3563 1712 Ἰακὼὸ
3606 1659 3685 1711 τὸν

2170 1754 2358 1819 Ἡσαῦ,
2405 1751 2522 1807 εἶτα
2554 1753 2654 1823 τῆς
2704 1753 2855 1817 θείας
2883 1752 3209 1822 ἐπιφανείας
3255 1750 3515 1817 ἀξιωθεὶς,
3545 1752 3685 1822 ἀνερ-

485 1858 585 1896 nos
624 1859 827 1909 sermo,
860 1862 1007 1910 eum,
1048 1847 1140 1917 qui
1172 1849 1320 1903 illum
1349 1849 1542 1905 fortem
1571 1852 1830 1915 reddidit,
1873 1862 1926 1907 et
1949 1855 2049 1907 ini-

2157 1847 2361 1918 ρώσθη,
2403 1848 2499 1900 καὶ
2528 1846 2590 1900 τὸ
2620 1847 2739 1910 δέος
2771 1846 2875 1914 τῆς
2915 1845 3156 1908 διανοίας
3190 1836 3428 1909 ἐξέϐαλε.
3462 1842 3686 1895 Διδάσκει

484 1934 642 1989 micis
701 1938 1037 2006 superiorem
1078 1940 1277 2007 elfecit,
1324 1958 1525 1996 novum
1567 1959 1731 1997 suum
1790 1946 2051 2016 populum

484 2028 954 2097 conﬁrmaturum,
986 2043 1038 2087 et
1081 2047 1333 2104 pacatum
1382 2046 1545 2107 atque
1593 2039 1857 2093 invictum
1925 2038 2055 2093 elle-

483 2130 719 2176 cturum.
770 2143 787 2175 ι
825 2123 1150 2181 Benedictus
1201 2127 1365 2184 Deus.
1401 2148 1420 2180 ι
1469 2130 1648 2202 [Cum
1674 2142 1853 2186 autem
1899 2134 2054 2188 audio

482 2217 627 2270 veris
671 2225 727 2270 tu
763 2218 854 2287 qui
906 2220 1153 2274 discendi
1219 2223 1451 2292 cupidus
1510 2241 1590 2292 es,
1630 2225 1801 2279 Deum
1854 2228 2053 2296 saepius

483 2306 589 2363 diei
628 2324 773 2365 nunc
815 2310 1019 2377 Deum,
1048 2328 1195 2368 nunc
1225 2314 1517 2370 Dominum
1544 2360 1557 2383 ,
1596 2334 1742 2373 nunc
1802 2318 2052 2375 Salvato-

482 2416 621 2467 rem,
647 2418 715 2456 ne
752 2404 915 2457 alium
948 2420 1073 2461 eum
1107 2408 1407 2464 existimes.
1443 2408 1560 2465 Non
1611 2413 1756 2466 enim
1796 2421 1898 2478 est,
1956 2430 2055 2469 nec

480 2494 643 2547 datur
684 2494 827 2551 Deus
872 2497 1050 2563 alius,
1121 2516 1285 2570 quam
1326 2501 1475 2557 solus
1512 2501 1703 2567 Pater,
1769 2503 1941 2559 Filius
1990 2522 2055 2561 ac

482 2586 719 2655 Spiritus
745 2599 965 2645 sanctus
999 2608 1015 2646 :
1046 2606 1150 2645 non
1184 2602 1362 2646 autem
1398 2595 1553 2664 quasi
1625 2606 1735 2651 tres
1777 2594 1885 2651 sint
1945 2597 2049 2665 Dii,

480 2679 654 2733 absit!
682 2690 741 2734 ut
779 2682 887 2750 jam
925 2684 1124 2753 saepius
1158 2685 1416 2741 diximus.
1458 2685 1690 2742 Nomina
1738 2691 1881 2744 enim
1925 2693 2049 2755 ista,

481 2767 645 2836 Deus,
674 2771 977 2837 Dominus,
1027 2775 1140 2830 Rex
1169 2818 1184 2842 ,
1236 2775 1461 2832 Creator
1487 2823 1501 2845 ,
1564 2780 1957 2849 Omnipotens,
2000 2793 2053 2836 et

477 2878 597 2933 qua:
648 2874 775 2919 sunt
814 2866 953 2932 alia,
1000 2866 1065 2921 de
1119 2869 1348 2924 indivisa
1394 2868 1657 2926 Triuitate
1706 2875 1917 2945 1076
1957 2892 2052 2931 su-

478 2958 763 3030 muntur.]
806 2958 955 3016 Finis
989 2964 1438 3019 accommodatus
1467 2975 1552 3020 est
1613 2969 1847 3036 psalmo.
1883 2966 2055 3039 Opor-

480 3051 629 3104 tebat
669 3052 812 3106 enim
851 3062 911 3106 ut
956 3062 1231 3109 tantorum
1273 3055 1540 3111 bonorum
1590 3062 1835 3115 narratio
1865 3062 2049 3117 divina

479 3142 642 3197 laude
674 3146 1123 3202 concluderetur.

849 3261 1125 3320 INTERP.
1156 3263 1408 3321 PSALMI
1440 3266 1669 3325 LXVIII.

546 3373 716 3431 Vens.
747 3378 800 3430 l.
831 3397 849 3429 ι
875 3376 933 3431 In
998 3380 1184 3434 linem.
1222 3378 1328 3433 Pro
1370 3378 1456 3435 his
1516 3381 1609 3451 qui
1668 3382 2040 3439 mutabuntur.

476 3466 732 3524 Psalmus
772 3468 983 3525 Davidi.
1013 3490 1032 3522 ι
1073 3469 1442 3538 Quarumdam
1476 3490 1657 3529 rerum
1685 3475 2044 3531 mutationem

476 3561 724 3631 psalmus
748 3563 1013 3631 praedicit.
1071 3561 1259 3618 Dictus
1298 3565 1516 3634 quidem
1557 3576 1643 3622 est
1712 3567 1767 3621 in
1804 3566 2043 3632 Iudaeos,

481 3654 576 3724 qui
618 3656 839 3710 exsules
862 3655 1133 3727 Babylone
1160 3666 1335 3722 erant,
1362 3668 1415 3713 et
1451 3674 1516 3713 ex
1555 3659 1773 3714 illorum
1813 3676 2047 3730 persona

476 3750 763 3818 tlguratus,
798 3759 1054 3820 tanquam
1100 3750 1506 3820 deprecantium
1538 3792 1553 3816 ,
1589 3762 1642 3807 et
1680 3752 1897 3807 liberari
1948 3769 2048 3824 po-

478 3844 823 3899 stulantium.
872 3843 1258 3900 Verumtamen
1305 3835 1652 3913 vaticinatur,
1706 3858 1760 3901 et
1795 3862 1824 3901 a
1875 3849 2047 3903 servi-

477 3947 591 3993 tute
629 3938 1036 4003 liberationem,
1104 3948 1155 3994 et
1218 3939 1480 4005 reditum,
1527 3949 1581 3994 et
1649 3939 2047 4012 Hierosolyma:

476 4030 914 4095 aediﬁcationem,
943 4040 997 4086 et
1039 4031 1092 4085 in
1128 4046 1341 4087 summa
1377 4032 1662 4101 pristinam
1713 4031 1916 4089 Iudaeae
1970 4034 2047 4090 Ie-

475 4126 761 4180 licitatem.
803 4123 1058 4180 Continet
1098 4141 1228 4180 vero
1266 4126 1431 4179 etiam
1470 4126 1915 4182 vaticinationem
1978 4129 2047 4184 de

475 4216 811 4271 cruciatibus
844 4214 1163 4281 Dominicis,
1196 4215 1303 4269 hoc
1336 4225 1423 4271 est
1455 4215 1575 4286 [Dei
1634 4226 1688 4270 et
1736 4217 2042 4275 Salvatoris

476 4305 698 4378 nostri,]
729 4315 783 4360 et
814 4315 1033 4375 propter
1062 4307 1164 4361 llos
1192 4307 1381 4360 ultima
1416 4306 1732 4363 Judazorum
1777 4311 2042 4379 pernicie,

475 4415 599 4468 quae
637 4414 731 4454 eos
754 4414 1086 4467 oppressura
1124 4407 1259 4453 erat.
1303 4398 1571 4465 Quoniam
1621 4403 1767 4456 enim
1802 4420 1923 4473 quae
1977 4407 2045 4459 ab

475 4490 717 4545 inimicis
743 4491 983 4561 perpessi
1031 4499 1181 4553 sunt,
1222 4492 1337 4546 haec
1381 4500 1571 4548 contra
1633 4495 2037 4550 benefactorem

2152 1940 2209 1993 δὲ
2232 1942 2277 1972 ⁷³
2305 1942 2456 2011 ἡμᾶς
2477 1942 2506 1994 ὁ
2533 1940 2710 2009 λόγος,
2743 1940 2828 1993 ὅτι
2859 1941 2887 1993 ὁ
2912 1940 3123 1993 ἐκεῖνον
3167 1938 3382 2009 ἰσχυρὸν
3406 1939 3682 2006 ἀποφήνας.

2155 2032 2247 2085 καὶ
2288 2032 2571 2102 κρείττονα
2602 2030 2779 2095 δείξας
2799 2031 2847 2063 ⁷⁸
2876 2031 2985 2083 τῶν
3021 2028 3302 2100 δυσμενῶν
3325 2070 3340 2094 ,
3371 2029 3523 2091 αὐτὸς
3541 2029 3582 2059 ⁷⁸
3611 2029 3687 2080 τὸν

2154 2123 2272 2175 νέον
2294 2121 2460 2176 αὑτοῦ
2493 2120 2832 2192 κραταιώσει
2883 2120 3034 2184 λαὸν,
3063 2121 3162 2174 καὶ
3190 2120 3400 2191 ἄμαχον
3427 2120 3689 2190 ἐργάσεται

2154 2218 2247 2269 καὶ
2274 2216 2532 2287 ἀήτητον.
2562 2232 2582 2266 ι
2614 2213 2920 2286 Εὐλογητὸς
2941 2216 2970 2267 ὁ
2988 2213 3144 2278 Θεός.
3178 2232 3197 2265 ι
3224 2212 3458 2285 [¹⁶’Δλλ’
3480 2212 3686 2273 ἁκούων.

2155 2308 2611 2379 φιλομαθέστατε,
2652 2308 2784 2362 Θεὸν
2831 2307 3075 2362 καὶΘεὸν
3124 2306 3388 2371 πολλάκις
3428 2306 3691 2378 εἰρημένον

2155 2402 2249 2454 καὶ
2284 2399 2487 2471 Κύριον
2516 2402 2611 2454 καὶ
2643 2400 2871 2473 Σωτῆρα
2893 2439 2909 2463 ,
2944 2399 3019 2471 μὴ
3053 2400 3215 2453 ἄλλον
3248 2399 3535 2470 ὑπολάϐῃς.
3573 2397 3689 2451 (ὶὺδὲ

2153 2492 2262 2563 γάρ
2307 2493 2491 2557 ἐστιν,
2524 2492 2624 2546 οὐκ
2652 2491 2798 2545 ἐστιν
2847 2494 2895 2546 εἰ
2936 2490 3012 2563 μὴ
3049 2493 3213 2563 μόνος
3241 2492 3430 2562 Πατὴρ
3457 2492 3543 2543 καὶ
3582 2490 3691 2552 Υἱὸς

2154 2586 2253 2639 καὶ
2301 2586 2455 2654 ἅγιον
2504 2585 2769 2656 Πνεῦμα·
2820 2585 2936 2640 ἀλλ’
2987 2586 3049 2639 οὑ
3107 2584 3355 2657 τριθεῖα,
3398 2582 3691 2651 ἄπαγεοὼς

2154 2677 2412 2741 πολλάκις
2457 2679 2588 2748 ἡμῖν
2616 2679 2855 2749 εἴρηται.
2907 2679 2980 2734 Τὸ
3009 2678 3116 2750 γὰρ
3169 2678 3301 2743 Θεὸς
3330 2678 3495 2749 ὄνομα
3526 2678 3611 2731 καὶ
3642 2678 3693 2729 τὸ

2155 2768 2361 2841 Κύριος
2400 2770 2495 2822 καὶ
2539 2771 2601 2824 τὸ
2632 2772 2893 2835 Βασιλεὺς
2941 2774 3033 2825 καὶ
3061 2772 3123 2825 τὸ
3156 2771 3494 2842 Δημιουργὸς
3526 2770 3611 2823 καὶ
3640 2769 3692 2821 τὸ

2157 2862 2583 2936 Παντοκράτωρ,
2621 2868 2715 2918 καὶ
2744 2866 2846 2919 ὅσα
2871 2864 3120 2929 τοιαῦτα,
3156 2869 3248 2918 ἐπὶ
3275 2865 3371 2933 τῆς
3417 2863 3692 2932 ἀδιαιρέτου

2153 2953 2487 3023 λαμϐάνεται
2522 2955 2803 3028 Τριάδος.]
2869 2957 3159 3027 Ἀρμὸδιον
3203 2956 3282 3026 τῷ
3312 2955 3502 3026 ψαλμῷ
3533 2954 3589 3006 τὸ
3616 2952 3693 3006 τέ-

2153 3047 2243 3110 λος
2266 3049 2335 3100 ⁷⁷.
2364 3047 2512 3101 Ἔδει
2542 3050 2649 3120 γὰρ
2671 3050 2780 3103 τῶν
2805 3051 3077 3105 τοσούτων
3101 3050 3328 3120 ἀγαθῶν
3356 3051 3451 3120 τὴν
3469 3049 3693 3118 διήγησιν

2154 3138 2309 3211 ὕμνῳ
2338 3140 2468 3211 θείῳ
2506 3142 2980 3213 συμπερανθῆναι.

2464 3257 2731 3310 EPMHN.
2772 3258 2908 3311 ΤΟΥ
2945 3258 3049 3311 EH’
3086 3257 3407 3311 ΨΑΛΜΟΥ.

2222 3378 2292 3425 α’.
2335 3391 2353 3423 ι
2389 3373 2483 3436 Εἰς
2524 3372 2588 3433 τὸ
2622 3371 2806 3435 τέλος,
2837 3373 2977 3444 ὑπὲρ
3022 3373 3130 3425 τῶν
3166 3370 3691 3441 άλλοιωθησομένωνο

2150 3456 2364 3537 ψαλμὸς
2393 3465 2471 3536 τῷ
2519 3465 2703 3520 Δαϐίδ.
2753 3486 2784 3521 ι,
2826 3464 3136 3517 Ἀλλοίωσίν
3186 3482 3348 3518 τινων
3383 3463 3696 3534 πραγμάτων

2152 3560 2178 3612 ὁ
2231 3557 2446 3627 ψαλμὸς
2498 3558 2886 3627 προσημαίνει.
2934 3556 3166 3628 Εἴρηται
3212 3558 3312 3626 μὲν
3349 3557 3455 3627 γάρ
3491 3555 3563 3616 είς
3587 3554 3694 3613 τοὺς

2152 3652 2231 3714 εἰς
2276 3650 2641 3703 Βαϐυλῶνα⁷³
2694 3651 3038 3720 μετανάστας
3064 3651 3109 3682 ⁷³
3166 3650 3492 3714 Ἰουδαίους·
3546 3641 3695 3699 xui"

2150 3741 2226 3805 ὼς
2247 3741 2290 3773 ⁸¹
2328 3739 2388 3805 ἐξ
2431 3742 2657 3794 ἐκείνων
2688 3741 3150 3812 προσευχομένων
3175 3780 3190 3801 ,
3222 3742 3315 3794 καὶ
3344 3742 3439 3809 τὴν
3472 3736 3694 3793 ἀπαλλα-

2150 3829 2255 3901 γὴν
2310 3829 2645 3893 αἰτούντων,
2697 3830 3105 3899 ἐσχημάτισται
3129 3830 3198 3883 δ’.
3256 3825 3606 3898 Προθεσπίζει
3648 3821 3696 3874 δὲ

2151 3927 2301 3996 ὅμως
2331 3925 2427 3978 καὶ
2457 3924 2554 3994 τὴν
2608 3925 2707 3995 τῆς
2734 3924 2979 3987 δουλείας
3025 3923 3355 3992 ἀπαλλαγὴν
3380 3922 3447 3986 ⁸³,
3482 3921 3570 3972 καὶ
3612 3918 3696 3987 τὴν

2154 4014 2435 4076 ἐπάνοδον,
2471 4014 2566 4067 καὶ
2618 4015 2717 4084 τῆς
2761 4014 3115 4087 Ἰερουσαλὴμ
3156 4014 3260 4084 τὴν
3290 4011 3588 4082 οἰκοδομὴν,
3616 4012 3696 4060 καὶ

2151 4103 2486 4169 ἁπαξαπλῶς
2508 4105 2555 4137 ⁸⁸
2603 4106 2703 4176 τῆς
2747 4105 3008 4169 Ἰουδαίας
3056 4107 3156 4176 τὴν
3193 4107 3468 4177 προτέραν
3518 4104 3697 4172 εὑημε-

2156 4195 2298 4265 ρίαν.
2357 4196 2512 4266 Ἔχει
2563 4196 2619 4250 δὲ
2676 4197 2772 4250 καὶ
2839 4197 3176 4268 προφητείαν
3234 4198 3343 4250 τῶν
3389 4194 3696 4251 δεσποτικῶν

2154 4284 2240 4360 [⁸⁸
2269 4286 2365 4341 τοῦ
2399 4288 2534 4341 Θεοῦ
2562 4288 2705 4356 λέγω
2732 4290 2825 4342 καὶ
2847 4290 3100 4361 Σωτῆρος
3124 4291 3287 4361 ἡμῶν
3309 4289 3329 4362 ]
3360 4287 3692 4358 παθημάτων,

2151 4380 2246 4432 καὶ
2296 4381 2397 4450 τῆς
2444 4379 2530 4432 διὰ
2575 4379 2747 4432 ταῦτα
2777 4381 3234 4452 καταληψομένης
3277 4382 3554 4442 Ἰουδαίους
3586 4395 3698 4431 παν·

2152 4470 2439 4543 ωλεθρίας.
2471 4471 2684 4541 Ἐπειδὴ
2704 4472 2813 4543 γὰρ
2841 4470 2877 4525 ἃ.
2906 4474 3054 4543 παρὰ
3078 4473 3189 4526 τῶν
3240 4473 3519 4543 δυσμενῶν
3537 4472 3581 4503 ⁸⁸
3609 4471 3696 4522 ὑπο

474 4591 528 4636 et
561 4579 897 4636 Salvatorem
944 4583 1063 4636 ausi
1104 4582 1343 4650 fuerunt,
1377 4600 1499 4654 quae
1540 4586 1777 4640 inimicis
1837 4587 2039 4656 impre-

2157 4562 2585 4633 έμειναν,ταῦτα
2602 4563 2741 4617 κατὰ
2772 4564 2867 4617 τοῦ
2897 4566 3185 4636 εὐεργέτου
3205 4567 3252 4597 ⁸⁷
3280 4568 3373 4619 καὶ
3391 4564 3435 4596 ⁸⁸
3470 4564 3696 4635 Σωτῆρος

475 4672 759 4738 cabantur,
801 4671 915 4728 haec
954 4672 1006 4726 in
1048 4673 1196 4743 ipsos
1217 4674 1412 4745 ‘justus
1436 4675 1602 4743 judex
1641 4675 1900 4730 decrevit.

546 4973 573 5000 ³
612 4964 803 5021 Matth.
837 4985 887 5033 v,
915 4968 997 5022 I6.

2151 4654 2489 4726 ἐτόλμησαν,
2540 4657 2576 4710 ἂ
2628 4659 2740 4719 τοῖς
2787 4656 3023 4739 ἐχθροῖς.
3050 4662 3404 4730 ἐπηράσαντο
3425 4660 3503 4723 ⁸⁸,
3541 4655 3695 4711 ταῦτα

2153 4746 2272 4798 κατ’
2298 4744 2477 4801 αὐτῶν
2507 4749 2535 4800 ὁ
2566 4747 2771 4811 δίκαιος
2800 4748 2991 4819 κριτὴς
3018 4749 3346 4821 ἐψηφίσατο.

1581 5171 1808 5227 νΑΙίΙίΕ
1840 5168 2217 5226 LECTIONES
2242 5171 2326 5224 ET
2351 5169 2578 5229 ΝΟΤΛΕ.

546 5382 837 5450 ινοΑτίοις,
871 5382 1002 5434 Rec.
1035 5380 1193 5433 lectio
1216 5391 1301 5435 est
1320 5383 1505 5444 ὁσίοις.

472 5524 592 5576 eod.
629 5522 655 5574 1
682 5523 808 5577 add.
839 5520 1290 5592 ὲνανθρωπήσας.

473 5602 792 5662 repetuntur
841 5595 962 5662 ista"
996 5591 1289 5659 εὐλογητὸς
1338 5594 1366 5645 ὁ
1416 5592 1570 5655 Θεός.

472 5664 641 5716 Abest
689 5679 720 5717 a
770 5664 890 5718 cod.
940 5661 995 5715 “2..

474 5734 520 5761 ⁸⁵
572 5733 779 5797 Ἀπαξ.
833 5734 950 5787 cod.
1006 5734 1041 5787 ει.
1093 5733 1333 5799 ἁπάσηςο

476 5803 599 5857 cod.
629 5803 655 5857 1
694 5819 880 5872 praem.
916 5804 1206 5875 νομοθέτου
1231 5802 1341 5854 καί.

1652 5592 1697 5669 ἶ⁸
1736 5592 1865 5669 (ξυόζ
1876 5592 1926 5669 ΔΞ
1975 5592 2033 5669 ἐν

2164 5592 2384 5648 ὅυλῶνι.
2461 5598 2503 5627 ⁷³
2571 5591 2693 5652 eod.
2745 5598 2922 5669 16ῐὲ
2959 5596 3421 5669 μεταναστάντας.
3494 5592 3633 5669 δ”-ΚΞ

1071 5662 1113 5691 ⁸⁸⁸
1168 5662 1284 5727 Ὡς.
1315 5663 1435 5717 cod.
1470 5661 1771 5734 [δικαίως.
1846 5662 1891 5693 ⁸³
1932 5661 2049 5716 cod.

2160 5664 2577 5734 ἐσχημάτισεν.
2653 5669 2699 5700 ⁸³
2750 5660 2994 5722 Ἀπαλλ.
3033 5667 3157 5721 cod.
3204 5668 3227 5720 l
3270 5680 3455 5733 prtem.
3508 5660 3685 5734 αὐτῶν.

1411 5734 1456 5803 εξ
1500 5731 1540 5783 Ε
1583 5732 1703 5803 cod.
1756 5735 1773 5784 l
1832 5735 2007 5803 suppl.

2157 5730 2427 5803 leni'l‘egit
2482 5738 2694 5792 Curata.
2772 5741 2817 5770 ⁸⁸
2851 5736 3193 5794 Δυσσεϐὦν.

1419 5802 1462 5833 ⁸⁸
1499 5802 1630 5858 Καί.
1668 5802 2036 5860 Λὺυειιιροά.
2076 5802 2099 5856 I
2180 5805 2224 5835 ⁸³
2264 5807 2386 5861 cod.
2414 5807 2449 5859 9.
2478 5810 2811 5879 ἐπηράσατο.

1582 5382 1628 5412 ⁷ο
1659 5380 1874 5455 Αὑτοῦ.
1895 5383 2038 5455 _cod_._

2157 5382 2242 5435 [Μ.
2276 5384 2305 5435 ὁ
2337 5382 2469 5447 Θεὸς
2507 5386 2742 5455 Ἰσραήλ.
2820 5387 2861 5417 ⁷⁸
2915 5386 3276 5454 Ὑμνεῖοθαι.
3314 5385 3485 5440 cod.I
3524 5395 3689 5455 prtem.

471 5452 541 5507 δι’
573 5451 776 5506 αὐτῶν.
854 5452 901 5482 ’τ’
939 5452 1060 5504 cod.
1110 5450 1131 5502 I
1176 5452 1674 5520 παρασκευάσουσι.
1752 5453 1796 5482 ⁷⁸
1835 5451 1927 5504 Δέ.
1977 5451 2049 5504 Ab

2179 5469 2210 5505 a
2247 5455 2368 5507 cod.
2405 5455 2429 5506 1
2480 5466 2535 5510 et
2572 5450 2627 5509 2.

1368 5521 1724 5594 τδμΕλρυό.ίί.
1755 5521 1997 5594 Similem
2035 5522 2049 5574 l

2162 5538 2211 5594 tn
2237 5524 2353 5594 rvirl.
2392 5542 2553 5589 snpra
2583 5543 2634 5594 p.
2684 5526 2843 5589 1015,
2880 5543 2936 5579 n.
2972 5526 3028 5578 2.
3103 5527 3146 5558 "
3192 5525 3391 5590 Τέλος.
3434 5519 3686 5594 IncodJ

2704 5456 2751 5486 τδ
2790 5455 2912 5510 cod.
2963 5451 2999 5509 (Ξ
3040 5456 3346 5518 ἀναδείξας.
3424 5456 3470 5485 ⁷⁵
3501 5451 3688 5513 Αὐτός.

3494 5592 3537 5624 ⁸ο
3570 5589 3687 5645 Καί.

3269 5737 3315 5769 ⁸⁷
3358 5733 3685 5802 Εὐεργέτου.
