  <div class='ocr_page' id='page_1' title='image "/cluster/home/n/w/nwhite01/storage/ocr_20150623/80/hvd.32044009825613/718.png"; bbox 0 0 3902 6486; ppageno 0'>
   <div class='ocr_carea' id='block_1_1' title="bbox 218 326 349 392">
    <p class='ocr_par' dir='ltr' id='par_1_1' title="bbox 218 326 349 392">
     <span class='ocr_line' id='line_1_1' title="bbox 218 326 349 392; baseline -0.015 0"><span class='ocrx_word' id='word_1_1' title='bbox 218 326 349 392; x_wconf 72' lang='grc'><strong>1401</strong></span> 
     </span>
    </p>
   </div>
   <div class='ocr_carea' id='block_1_2' title="bbox 1475 333 2100 394">
    <p class='ocr_par' dir='ltr' id='par_1_2' title="bbox 1475 333 2100 394">
     <span class='ocr_line' id='line_1_2' title="bbox 1475 333 2100 394; baseline 0.002 -1"><span class='ocrx_word' id='word_1_2' title='bbox 1475 333 1556 393; x_wconf 91' lang='grc' dir='ltr'><strong>ΙΝ</strong></span> <span class='ocrx_word' id='word_1_3' title='bbox 1590 333 1793 392; x_wconf 83' lang='lat' dir='ltr'><strong>PSAL.</strong></span> <span class='ocrx_word' id='word_1_4' title='bbox 1836 333 2100 394; x_wconf 81' lang='lat' dir='ltr'><strong>LXVIII.</strong></span> 
     </span>
    </p>
   </div>
   <div class='ocr_carea' id='block_1_3' title="bbox 286 438 1782 514">
    <p class='ocr_par' dir='ltr' id='par_1_3' title="bbox 286 442 1778 514">
     <span class='ocr_line' id='line_1_3' title="bbox 286 442 1778 514; baseline -0.001 -17"><span class='ocrx_word' id='word_1_5' title='bbox 286 444 352 513; x_wconf 82' lang='grc' dir='ltr'><strong>β’.</strong></span> <span class='ocrx_word' id='word_1_6' title='bbox 386 462 406 495; x_wconf 85' lang='grc'><em>‹</em></span> <span class='ocrx_word' id='word_1_7' title='bbox 426 443 610 497; x_wconf 87' lang='grc' dir='ltr'>Σῶσὸν</span> <span class='ocrx_word' id='word_1_8' title='bbox 641 460 731 514; x_wconf 88' lang='grc' dir='ltr'><strong>με,</strong></span> <span class='ocrx_word' id='word_1_9' title='bbox 761 443 788 496; x_wconf 99' lang='lat'><strong>6</strong></span> <span class='ocrx_word' id='word_1_10' title='bbox 820 442 972 508; x_wconf 80' lang='grc' dir='ltr'>Θεὸς,</span> <span class='ocrx_word' id='word_1_11' title='bbox 1007 443 1090 496; x_wconf 81' lang='grc' dir='ltr'>ὅτι</span> <span class='ocrx_word' id='word_1_12' title='bbox 1123 443 1442 514; x_wconf 87' lang='grc' dir='ltr'>εἱσήλθοσαν</span> <span class='ocrx_word' id='word_1_13' title='bbox 1474 442 1644 497; x_wconf 79' lang='grc' dir='ltr'>ῦδατα</span> <span class='ocrx_word' id='word_1_14' title='bbox 1674 442 1778 505; x_wconf 70' lang='grc' dir='ltr'>ἕως</span> 
     </span>
    </p>
   </div>
   <div class='ocr_carea' id='block_1_4' title="bbox 1888 438 3436 514">
    <p class='ocr_par' dir='ltr' id='par_1_4' title="bbox 1949 438 3436 509">
     <span class='ocr_line' id='line_1_4' title="bbox 1949 438 3436 509; baseline -0.004 -12"><span class='ocrx_word' id='word_1_15' title='bbox 1949 442 2117 499; x_wconf 73' lang='lat' dir='ltr'><strong>Vsus.</strong></span> <span class='ocrx_word' id='word_1_16' title='bbox 2143 444 2199 497; x_wconf 71' lang='lat'><strong>2.</strong></span> <span class='ocrx_word' id='word_1_17' title='bbox 2239 462 2257 494; x_wconf 79' lang='grc' dir='ltr'><strong>ι</strong></span> <span class='ocrx_word' id='word_1_18' title='bbox 2283 443 2504 497; x_wconf 89' lang='lat' dir='ltr'><strong>Salvum</strong></span> <span class='ocrx_word' id='word_1_19' title='bbox 2542 456 2627 496; x_wconf 90' lang='lat' dir='ltr'><strong>me</strong></span> <span class='ocrx_word' id='word_1_20' title='bbox 2659 442 2760 503; x_wconf 80' lang='lat' dir='ltr'><strong>fac,</strong></span> <span class='ocrx_word' id='word_1_21' title='bbox 2800 439 2962 502; x_wconf 83' lang='lat' dir='ltr'><strong>Dens,</strong></span> <span class='ocrx_word' id='word_1_22' title='bbox 2986 438 3244 509; x_wconf 83' lang='lat' dir='ltr'><strong>quoniam</strong></span> <span class='ocrx_word' id='word_1_23' title='bbox 3265 440 3436 493; x_wconf 87' lang='lat' dir='ltr'><strong>intra-</strong></span> 
     </span>
    </p>
   </div>
   <div class='ocr_carea' id='block_1_5' title="bbox 212 535 1775 609">
    <p class='ocr_par' dir='ltr' id='par_1_5' title="bbox 212 535 1775 609">
     <span class='ocr_line' id='line_1_5' title="bbox 212 535 1775 609; baseline 0.001 -22"><span class='ocrx_word' id='word_1_24' title='bbox 212 536 391 606; x_wconf 78' lang='grc' dir='ltr'>ψυχῆς</span> <span class='ocrx_word' id='word_1_25' title='bbox 428 553 551 605; x_wconf 86' lang='grc' dir='ltr'>μου.</span> <span class='ocrx_word' id='word_1_26' title='bbox 595 556 615 589; x_wconf 78' lang='grc' dir='ltr'><strong>ο</strong></span> <span class='ocrx_word' id='word_1_27' title='bbox 660 535 727 589; x_wconf 85' lang='lat' dir='ltr'><strong>&#39;H</strong></span> <span class='ocrx_word' id='word_1_28' title='bbox 752 535 1583 609; x_wconf 55' lang='grc' dir='ltr'>τῶνβύσεϐεστέρωνξσυμμορία</span> <span class='ocrx_word' id='word_1_29' title='bbox 1606 552 1775 605; x_wconf 84' lang='grc' dir='ltr'>προσ-</span> 
     </span>
    </p>
   </div>
   <div class='ocr_carea' id='block_1_6' title="bbox 215 624 1777 696">
    <p class='ocr_par' dir='ltr' id='par_1_6' title="bbox 215 624 1777 696">
     <span class='ocr_line' id='line_1_6' title="bbox 215 624 1777 696; baseline 0.001 -20"><span class='ocrx_word' id='word_1_30' title='bbox 215 627 371 695; x_wconf 75' lang='grc' dir='ltr'>φέρει</span> <span class='ocrx_word' id='word_1_31' title='bbox 394 626 495 696; x_wconf 79' lang='grc' dir='ltr'><strong>τὴν</strong></span> <span class='ocrx_word' id='word_1_32' title='bbox 521 627 753 679; x_wconf 83' lang='grc' dir='ltr'><strong>ἱκετείαν</strong></span> <span class='ocrx_word' id='word_1_33' title='bbox 776 626 1067 679; x_wconf 75' lang='grc' dir='ltr'>⁹⁰.·Ύδατα</span> <span class='ocrx_word' id='word_1_34' title='bbox 1089 626 1144 679; x_wconf 78' lang='grc' dir='ltr'>δὲ</span> <span class='ocrx_word' id='word_1_35' title='bbox 1167 625 1323 678; x_wconf 88' lang='grc' dir='ltr'>καλεῖ</span> <span class='ocrx_word' id='word_1_36' title='bbox 1348 624 1455 677; x_wconf 89' lang='grc' dir='ltr'><strong>τῶν</strong></span> <span class='ocrx_word' id='word_1_37' title='bbox 1481 624 1777 695; x_wconf 87' lang='grc' dir='ltr'>συμφορῶν</span> 
     </span>
    </p>
   </div>
   <div class='ocr_carea' id='block_1_7' title="bbox 215 716 1775 788">
    <p class='ocr_par' dir='ltr' id='par_1_7' title="bbox 215 716 1775 788">
     <span class='ocr_line' id='line_1_7' title="bbox 215 716 1775 788; baseline 0 -19"><span class='ocrx_word' id='word_1_38' title='bbox 215 718 276 771; x_wconf 81' lang='grc' dir='ltr'><strong>τὸ</strong></span> <span class='ocrx_word' id='word_1_39' title='bbox 315 717 541 786; x_wconf 81' lang='grc' dir='ltr'>πλῆθος.</span> <span class='ocrx_word' id='word_1_40' title='bbox 570 717 862 783; x_wconf 84' lang='grc' dir='ltr'>Πάντοθεν,</span> <span class='ocrx_word' id='word_1_41' title='bbox 896 717 1048 787; x_wconf 79' lang='grc' dir='ltr'>φησὶ,</span> <span class='ocrx_word' id='word_1_42' title='bbox 1082 719 1195 779; x_wconf 83' lang='grc' dir='ltr'>τοῖς</span> <span class='ocrx_word' id='word_1_43' title='bbox 1227 718 1472 788; x_wconf 83' lang='grc' dir='ltr'><strong>ἀνιαροῖς</strong></span> <span class='ocrx_word' id='word_1_44' title='bbox 1516 716 1775 788; x_wconf 81' lang='grc' dir='ltr'>περικλύ-</span> 
     </span>
    </p>
   </div>
   <div class='ocr_carea' id='block_1_8' title="bbox 217 809 470 877">
    <p class='ocr_par' dir='ltr' id='par_1_8' title="bbox 217 809 470 877">
     <span class='ocr_line' id='line_1_8' title="bbox 217 809 470 877; baseline 0.004 -17"><span class='ocrx_word' id='word_1_45' title='bbox 217 809 377 877; x_wconf 81' lang='grc' dir='ltr'>ζομαι</span> <span class='ocrx_word' id='word_1_46' title='bbox 403 811 470 861; x_wconf 79' lang='grc'><strong>³³.</strong></span> 
     </span>
    </p>
   </div>
   <div class='ocr_carea' id='block_1_9' title="bbox 286 977 1777 1049">
    <p class='ocr_par' dir='ltr' id='par_1_9' title="bbox 286 977 1777 1049">
     <span class='ocr_line' id='line_1_9' title="bbox 286 977 1777 1049; baseline 0 -17"><span class='ocrx_word' id='word_1_47' title='bbox 286 981 357 1049; x_wconf 84' lang='grc' dir='ltr'>γ’.</span> <span class='ocrx_word' id='word_1_48' title='bbox 400 999 420 1031; x_wconf 78' lang='grc' dir='ltr'><strong>ι</strong></span> <span class='ocrx_word' id='word_1_49' title='bbox 470 979 775 1048; x_wconf 84' lang='grc' dir='ltr'>Ἐνεπάγην</span> <span class='ocrx_word' id='word_1_50' title='bbox 831 981 911 1041; x_wconf 86' lang='grc' dir='ltr'>εἰς</span> <span class='ocrx_word' id='word_1_51' title='bbox 961 977 1072 1031; x_wconf 74' lang='grc' dir='ltr'>ἰλὺν</span> <span class='ocrx_word' id='word_1_52' title='bbox 1102 977 1297 1047; x_wconf 80' lang='grc' dir='ltr'>βυθοῦ,</span> <span class='ocrx_word' id='word_1_53' title='bbox 1351 978 1445 1030; x_wconf 76' lang='grc' dir='ltr'><strong>καὶ</strong></span> <span class='ocrx_word' id='word_1_54' title='bbox 1492 979 1592 1031; x_wconf 87' lang='grc' dir='ltr'><strong>οὐκ</strong></span> <span class='ocrx_word' id='word_1_55' title='bbox 1630 978 1777 1032; x_wconf 80' lang='grc' dir='ltr'>ἔστιν</span> 
     </span>
    </p>
   </div>
   <div class='ocr_carea' id='block_1_10' title="bbox 222 1069 1777 1139">
    <p class='ocr_par' dir='ltr' id='par_1_10' title="bbox 222 1069 1777 1139">
     <span class='ocr_line' id='line_1_10' title="bbox 222 1069 1777 1139; baseline -0.003 -13"><span class='ocrx_word' id='word_1_56' title='bbox 222 1074 516 1135; x_wconf 76' lang='grc' dir='ltr'><strong>ὑπόστασις</strong></span> <span class='ocrx_word' id='word_1_57' title='bbox 538 1074 605 1126; x_wconf 73' lang='grc'><strong>’³.</strong></span> <span class='ocrx_word' id='word_1_58' title='bbox 660 1091 679 1124; x_wconf 76' lang='grc' dir='ltr'><strong>ι</strong></span> <span class='ocrx_word' id='word_1_59' title='bbox 736 1071 791 1124; x_wconf 86' lang='lat'><strong>&#39;0</strong></span> <span class='ocrx_word' id='word_1_60' title='bbox 837 1070 892 1123; x_wconf 82' lang='grc' dir='ltr'>δὲ</span> <span class='ocrx_word' id='word_1_61' title='bbox 912 1071 958 1101; x_wconf 78' lang='grc'><strong>⁸³</strong></span> <span class='ocrx_word' id='word_1_62' title='bbox 1014 1069 1341 1139; x_wconf 74' lang='grc' dir='ltr'>Σύμμαχοςο</span> <span class='ocrx_word' id='word_1_63' title='bbox 1381 1069 1777 1137; x_wconf 77' lang='grc' dir='ltr'>Ἐϐαπτίσθην</span> 
     </span>
    </p>
   </div>
   <div class='ocr_carea' id='block_1_11' title="bbox 222 1160 1778 1231">
    <p class='ocr_par' dir='ltr' id='par_1_11' title="bbox 222 1160 1778 1231">
     <span class='ocr_line' id='line_1_11' title="bbox 222 1160 1778 1231; baseline -0.004 -12"><span class='ocrx_word' id='word_1_64' title='bbox 222 1169 305 1230; x_wconf 79' lang='grc' dir='ltr'>εἰς</span> <span class='ocrx_word' id='word_1_65' title='bbox 339 1164 714 1231; x_wconf 71' lang='grc' dir='ltr'><strong>ἀπεράντους</strong></span> <span class='ocrx_word' id='word_1_66' title='bbox 764 1160 1121 1227; x_wconf 80' lang='grc' dir='ltr'><strong>καταδύσεις</strong></span> <span class='ocrx_word' id='word_1_67' title='bbox 1146 1200 1162 1222; x_wconf 89' lang='grc'><strong>,</strong></span> <span class='ocrx_word' id='word_1_68' title='bbox 1199 1162 1296 1213; x_wconf 80' lang='grc' dir='ltr'>καὶ</span> <span class='ocrx_word' id='word_1_69' title='bbox 1332 1162 1442 1214; x_wconf 81' lang='grc' dir='ltr'>οὐκ</span> <span class='ocrx_word' id='word_1_70' title='bbox 1474 1161 1603 1214; x_wconf 83' lang='grc' dir='ltr'>ἔστι</span> <span class='ocrx_word' id='word_1_71' title='bbox 1636 1163 1778 1214; x_wconf 82' lang='grc' dir='ltr'>στά-</span> 
     </span>
    </p>
   </div>
   <div class='ocr_carea' id='block_1_12' title="bbox 222 1253 1779 1325">
    <p class='ocr_par' dir='ltr' id='par_1_12' title="bbox 222 1253 1779 1325">
     <span class='ocr_line' id='line_1_12' title="bbox 222 1253 1779 1325; baseline -0.004 -14"><span class='ocrx_word' id='word_1_72' title='bbox 222 1275 348 1322; x_wconf 69' lang='grc' dir='ltr'><strong>(τις⁹</strong></span> <span class='ocrx_word' id='word_1_73' title='bbox 400 1260 467 1309; x_wconf 83' lang='grc' dir='ltr'><strong>ὲκ</strong></span> <span class='ocrx_word' id='word_1_74' title='bbox 526 1256 837 1325; x_wconf 84' lang='grc' dir='ltr'>μεταφορᾶς</span> <span class='ocrx_word' id='word_1_75' title='bbox 880 1254 986 1306; x_wconf 88' lang='grc' dir='ltr'><strong>τῶν</strong></span> <span class='ocrx_word' id='word_1_76' title='bbox 1018 1257 1098 1317; x_wconf 84' lang='grc' dir='ltr'>εἰς</span> <span class='ocrx_word' id='word_1_77' title='bbox 1124 1254 1213 1306; x_wconf 77' lang='grc' dir='ltr'><strong>τὸν</strong></span> <span class='ocrx_word' id='word_1_78' title='bbox 1243 1254 1340 1322; x_wconf 82' lang='grc' dir='ltr'><strong>τῆς</strong></span> <span class='ocrx_word' id='word_1_79' title='bbox 1371 1253 1644 1323; x_wconf 79' lang='grc' dir='ltr'><strong>θαλάσσης</strong></span> <span class='ocrx_word' id='word_1_80' title='bbox 1681 1255 1779 1325; x_wconf 76' lang='grc' dir='ltr'><strong>ἒμ-</strong></span> 
     </span>
    </p>
   </div>
   <div class='ocr_carea' id='block_1_13' title="bbox 223 1345 1775 1417">
    <p class='ocr_par' dir='ltr' id='par_1_13' title="bbox 223 1345 1775 1417">
     <span class='ocr_line' id='line_1_13' title="bbox 223 1345 1775 1417; baseline -0.001 -16"><span class='ocrx_word' id='word_1_81' title='bbox 223 1348 526 1401; x_wconf 87' lang='grc' dir='ltr'>πιπτὸντων</span> <span class='ocrx_word' id='word_1_82' title='bbox 570 1346 749 1417; x_wconf 80' lang='grc' dir='ltr'>βυθὸν,</span> <span class='ocrx_word' id='word_1_83' title='bbox 783 1349 875 1399; x_wconf 75' lang='grc' dir='ltr'>καὶ</span> <span class='ocrx_word' id='word_1_84' title='bbox 916 1346 1258 1409; x_wconf 70' lang='grc' dir='ltr'>ὲπιτιλεῖστον</span> <span class='ocrx_word' id='word_1_85' title='bbox 1289 1345 1775 1415; x_wconf 79' lang='grc' dir='ltr'><strong>καταφερομένων,</strong></span> 
     </span>
    </p>
   </div>
   <div class='ocr_carea' id='block_1_14' title="bbox 222 1417 1778 1513">
    <p class='ocr_par' dir='ltr' id='par_1_14' title="bbox 222 1417 1778 1513">
     <span class='ocr_line' id='line_1_14' title="bbox 222 1417 1778 1513; baseline -0.001 -19"><span class='ocrx_word' id='word_1_86' title='bbox 222 1443 311 1495; x_wconf 76' lang='grc' dir='ltr'>καὶ</span> <span class='ocrx_word' id='word_1_87' title='bbox 364 1440 527 1513; x_wconf 87' lang='grc' dir='ltr'>μόγις</span> <span class='ocrx_word' id='word_1_88' title='bbox 561 1441 660 1510; x_wconf 84' lang='grc' dir='ltr'><strong>τῆς</strong></span> <span class='ocrx_word' id='word_1_89' title='bbox 697 1441 859 1511; x_wconf 76' lang='grc' dir='ltr'>ἕδρας</span> <span class='ocrx_word' id='word_1_90' title='bbox 908 1439 1330 1510; x_wconf 79' lang='grc' dir='ltr'>ὲφικνουμένων.</span> <span class='ocrx_word' id='word_1_91' title='bbox 1390 1438 1548 1508; x_wconf 86' lang='grc' dir='ltr'>Δηλοῖ</span> <span class='ocrx_word' id='word_1_92' title='bbox 1581 1417 1639 1491; x_wconf 79' lang='grc' dir='ltr'>δὲ</span> <span class='ocrx_word' id='word_1_93' title='bbox 1690 1439 1778 1493; x_wconf 79' lang='grc' dir='ltr'>διὰ</span> 
     </span>
    </p>
   </div>
   <div class='ocr_carea' id='block_1_15' title="bbox 220 1530 1777 1603">
    <p class='ocr_par' dir='ltr' id='par_1_15' title="bbox 220 1530 1777 1603">
     <span class='ocr_line' id='line_1_15' title="bbox 220 1530 1777 1603; baseline -0.002 -18"><span class='ocrx_word' id='word_1_94' title='bbox 220 1533 422 1586; x_wconf 78' lang='grc' dir='ltr'>τούτων</span> <span class='ocrx_word' id='word_1_95' title='bbox 466 1534 530 1585; x_wconf 81' lang='grc' dir='ltr'><strong>τὸ</strong></span> <span class='ocrx_word' id='word_1_96' title='bbox 559 1532 784 1602; x_wconf 86' lang='grc' dir='ltr'>μέγεθος</span> <span class='ocrx_word' id='word_1_97' title='bbox 816 1531 923 1584; x_wconf 88' lang='grc' dir='ltr'><strong>τῶν</strong></span> <span class='ocrx_word' id='word_1_98' title='bbox 969 1532 1391 1603; x_wconf 91' lang='grc' dir='ltr'>συμϐεϐηκότων</span> <span class='ocrx_word' id='word_1_99' title='bbox 1436 1533 1547 1593; x_wconf 80' lang='grc' dir='ltr'>τοῖς</span> <span class='ocrx_word' id='word_1_100' title='bbox 1580 1530 1777 1600; x_wconf 87' lang='grc' dir='ltr'>ἀνδρα-</span> 
     </span>
    </p>
   </div>
   <div class='ocr_carea' id='block_1_16' title="bbox 222 1620 1779 1691">
    <p class='ocr_par' dir='ltr' id='par_1_16' title="bbox 222 1620 1779 1691">
     <span class='ocr_line' id='line_1_16' title="bbox 222 1620 1779 1691; baseline -0.003 -13"><span class='ocrx_word' id='word_1_101' title='bbox 222 1625 590 1678; x_wconf 70' lang='grc' dir='ltr'>πτιδισθείσι⁹δ</span> <span class='ocrx_word' id='word_1_102' title='bbox 648 1625 856 1678; x_wconf 90' lang='grc' dir='ltr'>κακῶν.</span> <span class='ocrx_word' id='word_1_103' title='bbox 921 1645 939 1675; x_wconf 80' lang='grc' dir='ltr'>ι</span> <span class='ocrx_word' id='word_1_104' title='bbox 994 1620 1198 1677; x_wconf 61' lang='grc' dir='ltr'><strong>τΗλθον</strong></span> <span class='ocrx_word' id='word_1_105' title='bbox 1232 1626 1330 1686; x_wconf 76' lang='grc' dir='ltr'>ιείς</span> <span class='ocrx_word' id='word_1_106' title='bbox 1377 1623 1448 1675; x_wconf 73' lang='grc' dir='ltr'>τὰ</span> <span class='ocrx_word' id='word_1_107' title='bbox 1503 1622 1642 1691; x_wconf 83' lang='grc' dir='ltr'>βάθη</span> <span class='ocrx_word' id='word_1_108' title='bbox 1682 1624 1779 1691; x_wconf 79' lang='grc' dir='ltr'>τῆς</span> 
     </span>
    </p>
   </div>
   <div class='ocr_carea' id='block_1_17' title="bbox 220 1708 1779 1785">
    <p class='ocr_par' dir='ltr' id='par_1_17' title="bbox 220 1708 1779 1785">
     <span class='ocr_line' id='line_1_17' title="bbox 220 1708 1779 1785; baseline -0.001 -16"><span class='ocrx_word' id='word_1_109' title='bbox 220 1716 531 1785; x_wconf 78' lang='grc' dir='ltr'><strong>θαλάσσης,</strong></span> <span class='ocrx_word' id='word_1_110' title='bbox 565 1717 658 1768; x_wconf 53' lang='grc' dir='ltr'><strong>καί⁵</strong></span> <span class='ocrx_word' id='word_1_111' title='bbox 687 1718 941 1784; x_wconf 72' lang='grc' dir='ltr'>καταιγὶς</span> <span class='ocrx_word' id='word_1_112' title='bbox 975 1708 1329 1768; x_wconf 80' lang='grc' dir='ltr'>κάτεπόντισέ</span> <span class='ocrx_word' id='word_1_113' title='bbox 1372 1733 1460 1785; x_wconf 89' lang='grc' dir='ltr'><strong>με.</strong></span> <span class='ocrx_word' id='word_1_114' title='bbox 1506 1734 1525 1765; x_wconf 74' lang='grc' dir='ltr'><strong><em>ι</em></strong></span> <span class='ocrx_word' id='word_1_115' title='bbox 1563 1714 1779 1767; x_wconf 74' lang='grc' dir='ltr'>Ποικίλο</span> 
     </span>
    </p>
   </div>
   <div class='ocr_carea' id='block_1_18' title="bbox 218 1805 1776 1876">
    <p class='ocr_par' dir='ltr' id='par_1_18' title="bbox 218 1805 1776 1876">
     <span class='ocr_line' id='line_1_18' title="bbox 218 1805 1776 1876; baseline 0 -18"><span class='ocrx_word' id='word_1_116' title='bbox 218 1806 296 1859; x_wconf 81' lang='grc' dir='ltr'><strong>λει</strong></span> <span class='ocrx_word' id='word_1_117' title='bbox 325 1806 420 1859; x_wconf 72' lang='grc' dir='ltr'><strong>τὸν</strong></span> <span class='ocrx_word' id='word_1_118' title='bbox 450 1807 610 1873; x_wconf 83' lang='grc' dir='ltr'>λόγον</span> <span class='ocrx_word' id='word_1_119' title='bbox 653 1809 769 1868; x_wconf 86' lang='grc' dir='ltr'>ταῖς</span> <span class='ocrx_word' id='word_1_120' title='bbox 801 1806 1079 1876; x_wconf 83' lang='grc' dir='ltr'><strong>διαφόροις</strong></span> <span class='ocrx_word' id='word_1_121' title='bbox 1108 1805 1334 1869; x_wconf 74' lang='grc' dir='ltr'>εἰκόσιν,</span> <span class='ocrx_word' id='word_1_122' title='bbox 1370 1807 1468 1876; x_wconf 83' lang='grc' dir='ltr'><strong>οὐχ</strong></span> <span class='ocrx_word' id='word_1_123' title='bbox 1507 1806 1776 1876; x_wconf 79' lang='grc' dir='ltr'>εὑρίσκων</span> 
     </span>
    </p>
   </div>
   <div class='ocr_carea' id='block_1_19' title="bbox 218 1898 1442 1967">
    <p class='ocr_par' dir='ltr' id='par_1_19' title="bbox 218 1898 1442 1967">
     <span class='ocr_line' id='line_1_19' title="bbox 218 1898 1442 1967; baseline -0.001 -15"><span class='ocrx_word' id='word_1_124' title='bbox 218 1899 371 1965; x_wconf 76' lang='grc' dir='ltr'>ἀξίαν</span> <span class='ocrx_word' id='word_1_125' title='bbox 402 1900 589 1951; x_wconf 80' lang='grc' dir='ltr'>εἰκόνα</span> <span class='ocrx_word' id='word_1_126' title='bbox 616 1899 722 1951; x_wconf 91' lang='grc' dir='ltr'><strong>τῶν</strong></span> <span class='ocrx_word' id='word_1_127' title='bbox 748 1899 1088 1967; x_wconf 82' lang='grc' dir='ltr'>κατεχόντων</span> <span class='ocrx_word' id='word_1_128' title='bbox 1118 1898 1358 1967; x_wconf 80' lang='grc' dir='ltr'>ἀνιαρῶν</span> <span class='ocrx_word' id='word_1_129' title='bbox 1376 1899 1442 1951; x_wconf 71' lang='grc'><strong>⁸⁵.</strong></span> 
     </span>
    </p>
   </div>
   <div class='ocr_carea' id='block_1_20' title="bbox 281 1986 1778 2061">
    <p class='ocr_par' dir='ltr' id='par_1_20' title="bbox 281 1986 1778 2061">
     <span class='ocr_line' id='line_1_20' title="bbox 281 1986 1778 2061; baseline -0.003 -17"><span class='ocrx_word' id='word_1_130' title='bbox 281 1991 345 2045; x_wconf 80' lang='grc' dir='ltr'>δ’.</span> <span class='ocrx_word' id='word_1_131' title='bbox 397 2010 416 2042; x_wconf 84' lang='grc' dir='ltr'>ι</span> <span class='ocrx_word' id='word_1_132' title='bbox 475 1990 772 2044; x_wconf 84' lang='grc' dir='ltr'>Ἐκοπίασα</span> <span class='ocrx_word' id='word_1_133' title='bbox 804 1989 1057 2061; x_wconf 78' lang='grc' dir='ltr'>κράζων·</span> <span class='ocrx_word' id='word_1_134' title='bbox 1106 1989 1470 2061; x_wconf 87' lang='grc' dir='ltr'>ὲϐραγχίασεν</span> <span class='ocrx_word' id='word_1_135' title='bbox 1500 1988 1529 2040; x_wconf 88' lang='lat'><strong>6</strong></span> <span class='ocrx_word' id='word_1_136' title='bbox 1566 1986 1778 2058; x_wconf 80' lang='grc' dir='ltr'>λάρυγξ</span> 
     </span>
    </p>
   </div>
   <div class='ocr_carea' id='block_1_21' title="bbox 221 2078 1779 2152">
    <p class='ocr_par' dir='ltr' id='par_1_21' title="bbox 221 2078 1779 2152">
     <span class='ocr_line' id='line_1_21' title="bbox 221 2078 1779 2152; baseline -0.003 -16"><span class='ocrx_word' id='word_1_137' title='bbox 221 2101 340 2152; x_wconf 83' lang='grc' dir='ltr'>μου.</span> <span class='ocrx_word' id='word_1_138' title='bbox 382 2102 402 2136; x_wconf 73' lang='grc' dir='ltr'>ι</span> <span class='ocrx_word' id='word_1_139' title='bbox 446 2081 739 2152; x_wconf 88' lang='grc' dir='ltr'>Διηνεκῶς,</span> <span class='ocrx_word' id='word_1_140' title='bbox 787 2082 943 2151; x_wconf 72' lang='grc' dir='ltr'>φησὶ,</span> <span class='ocrx_word' id='word_1_141' title='bbox 979 2080 1346 2151; x_wconf 82' lang='grc' dir='ltr'>ποτνιώμενος</span> <span class='ocrx_word' id='word_1_142' title='bbox 1392 2079 1521 2151; x_wconf 83' lang='grc' dir='ltr'>βοῶ,</span> <span class='ocrx_word' id='word_1_143' title='bbox 1567 2080 1641 2142; x_wconf 86' lang='grc' dir='ltr'>ὡς</span> <span class='ocrx_word' id='word_1_144' title='bbox 1685 2078 1779 2132; x_wconf 74' lang='grc' dir='ltr'><strong>καὶ</strong></span> 
     </span>
    </p>
   </div>
   <div class='ocr_carea' id='block_1_22' title="bbox 217 2170 1780 2246">
    <p class='ocr_par' dir='ltr' id='par_1_22' title="bbox 217 2170 1780 2246">
     <span class='ocr_line' id='line_1_22' title="bbox 217 2170 1780 2246; baseline -0.004 -18"><span class='ocrx_word' id='word_1_145' title='bbox 217 2176 354 2229; x_wconf 75' lang='grc' dir='ltr'><strong>αὑτά</strong></span> <span class='ocrx_word' id='word_1_146' title='bbox 385 2178 584 2246; x_wconf 84' lang='grc' dir='ltr'>καμεῖν</span> <span class='ocrx_word' id='word_1_147' title='bbox 610 2175 658 2208; x_wconf 79' lang='grc'><strong>⁸⁸</strong></span> <span class='ocrx_word' id='word_1_148' title='bbox 687 2174 756 2228; x_wconf 83' lang='grc' dir='ltr'>τὰ</span> <span class='ocrx_word' id='word_1_149' title='bbox 786 2174 995 2243; x_wconf 72' lang='grc' dir='ltr'>ὄργανα</span> <span class='ocrx_word' id='word_1_150' title='bbox 1022 2173 1121 2242; x_wconf 83' lang='grc' dir='ltr'><strong>τῆς</strong></span> <span class='ocrx_word' id='word_1_151' title='bbox 1152 2172 1358 2242; x_wconf 78' lang='grc' dir='ltr'>φωνῆς.</span> <span class='ocrx_word' id='word_1_152' title='bbox 1403 2170 1685 2241; x_wconf 78' lang='grc' dir='ltr'>Κραυγὴν</span> <span class='ocrx_word' id='word_1_153' title='bbox 1724 2170 1780 2223; x_wconf 82' lang='grc' dir='ltr'>δὲ</span> 
     </span>
    </p>
   </div>
   <div class='ocr_carea' id='block_1_23' title="bbox 218 2263 1778 2337">
    <p class='ocr_par' dir='ltr' id='par_1_23' title="bbox 218 2263 1778 2337">
     <span class='ocr_line' id='line_1_23' title="bbox 218 2263 1778 2337; baseline -0.003 -16"><span class='ocrx_word' id='word_1_154' title='bbox 218 2270 314 2337; x_wconf 81' lang='grc' dir='ltr'>τὴν</span> <span class='ocrx_word' id='word_1_155' title='bbox 344 2269 600 2321; x_wconf 74' lang='grc' dir='ltr'>ἐπίτασιν</span> <span class='ocrx_word' id='word_1_156' title='bbox 627 2267 771 2336; x_wconf 81' lang='grc' dir='ltr'>λέγει</span> <span class='ocrx_word' id='word_1_157' title='bbox 800 2268 894 2337; x_wconf 72' lang='grc' dir='ltr'>τῆς</span> <span class='ocrx_word' id='word_1_158' title='bbox 929 2266 1069 2320; x_wconf 87' lang='grc' dir='ltr'><strong>κατά</strong></span> <span class='ocrx_word' id='word_1_159' title='bbox 1097 2265 1334 2320; x_wconf 87' lang='grc' dir='ltr'>διάνοιαν</span> <span class='ocrx_word' id='word_1_160' title='bbox 1364 2264 1673 2336; x_wconf 84' lang='grc' dir='ltr'>προσευχῆς</span> <span class='ocrx_word' id='word_1_161' title='bbox 1712 2263 1778 2317; x_wconf 72' lang='grc' dir='ltr'><strong>θ’.</strong></span> 
     </span>
    </p>
   </div>
   <div class='ocr_carea' id='block_1_24' title="bbox 223 2357 1784 2430">
    <p class='ocr_par' dir='ltr' id='par_1_24' title="bbox 223 2357 1784 2430">
     <span class='ocr_line' id='line_1_24' title="bbox 223 2357 1784 2430; baseline 0 -19"><span class='ocrx_word' id='word_1_162' title='bbox 223 2378 243 2411; x_wconf 79' lang='grc' dir='ltr'><strong>ι</strong></span> <span class='ocrx_word' id='word_1_163' title='bbox 263 2359 540 2424; x_wconf 79' lang='grc' dir='ltr'>Ἔξέλιπον</span> <span class='ocrx_word' id='word_1_164' title='bbox 555 2359 604 2413; x_wconf 75' lang='grc' dir='ltr'><strong>οἱ</strong></span> <span class='ocrx_word' id='word_1_165' title='bbox 634 2358 899 2430; x_wconf 77' lang='grc' dir='ltr'>ὀφθαλμοί</span> <span class='ocrx_word' id='word_1_166' title='bbox 930 2376 1054 2429; x_wconf 86' lang='grc' dir='ltr'>μου,</span> <span class='ocrx_word' id='word_1_167' title='bbox 1081 2358 1188 2413; x_wconf 83' lang='grc' dir='ltr'><strong>ἀπὸ</strong></span> <span class='ocrx_word' id='word_1_168' title='bbox 1219 2358 1312 2411; x_wconf 91' lang='grc' dir='ltr'><strong>τοῦ</strong></span> <span class='ocrx_word' id='word_1_169' title='bbox 1328 2357 1565 2423; x_wconf 79' lang='grc' dir='ltr'>ἐλπίζειν</span> <span class='ocrx_word' id='word_1_170' title='bbox 1595 2376 1662 2429; x_wconf 89' lang='grc' dir='ltr'><strong>με</strong></span> <span class='ocrx_word' id='word_1_171' title='bbox 1692 2359 1784 2411; x_wconf 74' lang='grc' dir='ltr'>ἐπὶ</span> 
     </span>
    </p>
   </div>
   <div class='ocr_carea' id='block_1_25' title="bbox 218 2450 1783 2522">
    <p class='ocr_par' dir='ltr' id='par_1_25' title="bbox 218 2450 1783 2522">
     <span class='ocr_line' id='line_1_25' title="bbox 218 2450 1783 2522; baseline -0.003 -16"><span class='ocrx_word' id='word_1_172' title='bbox 218 2452 307 2506; x_wconf 75' lang='grc' dir='ltr'><strong>τὸν</strong></span> <span class='ocrx_word' id='word_1_173' title='bbox 337 2452 474 2507; x_wconf 83' lang='grc' dir='ltr'>Θεόν</span> <span class='ocrx_word' id='word_1_174' title='bbox 509 2470 632 2522; x_wconf 88' lang='grc' dir='ltr'>μου.</span> <span class='ocrx_word' id='word_1_175' title='bbox 669 2471 688 2504; x_wconf 75' lang='grc' dir='ltr'>ι</span> <span class='ocrx_word' id='word_1_176' title='bbox 735 2452 830 2505; x_wconf 90' lang='grc' dir='ltr'>Ἐκ</span> <span class='ocrx_word' id='word_1_177' title='bbox 860 2452 1168 2522; x_wconf 82' lang='grc' dir='ltr'>μεταφορᾶς</span> <span class='ocrx_word' id='word_1_178' title='bbox 1195 2451 1251 2503; x_wconf 82' lang='grc' dir='ltr'>δὲ</span> <span class='ocrx_word' id='word_1_179' title='bbox 1277 2451 1406 2504; x_wconf 83' lang='grc' dir='ltr'>αὐτὸ</span> <span class='ocrx_word' id='word_1_180' title='bbox 1438 2450 1651 2503; x_wconf 84' lang='grc' dir='ltr'>τέθεικε</span> <span class='ocrx_word' id='word_1_181' title='bbox 1678 2450 1783 2502; x_wconf 89' lang='grc' dir='ltr'><strong>τῶν</strong></span> 
     </span>
    </p>
   </div>
   <div class='ocr_carea' id='block_1_26' title="bbox 223 2542 1783 2619">
    <p class='ocr_par' dir='ltr' id='par_1_26' title="bbox 223 2542 1783 2619">
     <span class='ocr_line' id='line_1_26' title="bbox 223 2542 1783 2619; baseline -0.001 -21"><span class='ocrx_word' id='word_1_182' title='bbox 223 2544 426 2619; x_wconf 78' lang='grc' dir='ltr'>συνήθη</span> <span class='ocrx_word' id='word_1_183' title='bbox 456 2545 579 2601; x_wconf 84' lang='grc' dir='ltr'>τινὰ</span> <span class='ocrx_word' id='word_1_184' title='bbox 613 2545 706 2598; x_wconf 73' lang='grc' dir='ltr'><strong>καὶ</strong></span> <span class='ocrx_word' id='word_1_185' title='bbox 750 2544 1026 2615; x_wconf 87' lang='grc' dir='ltr'>γνώριμον</span> <span class='ocrx_word' id='word_1_186' title='bbox 1060 2542 1119 2608; x_wconf 77' lang='grc' dir='ltr'>ἐξ</span> <span class='ocrx_word' id='word_1_187' title='bbox 1150 2542 1461 2613; x_wconf 80' lang='grc' dir='ltr'>ἀποδημίας</span> <span class='ocrx_word' id='word_1_188' title='bbox 1494 2542 1783 2596; x_wconf 79' lang='grc' dir='ltr'>ἐπανιόντα</span> 
     </span>
    </p>
   </div>
   <div class='ocr_carea' id='block_1_27' title="bbox 223 2632 1788 2708">
    <p class='ocr_par' dir='ltr' id='par_1_27' title="bbox 223 2632 1788 2708">
     <span class='ocr_line' id='line_1_27' title="bbox 223 2632 1788 2708; baseline -0.003 -19"><span class='ocrx_word' id='word_1_189' title='bbox 223 2636 659 2708; x_wconf 80' lang='grc' dir='ltr'>προσμενόντων,</span> <span class='ocrx_word' id='word_1_190' title='bbox 692 2638 784 2689; x_wconf 73' lang='grc' dir='ltr'><strong>καὶ</strong></span> <span class='ocrx_word' id='word_1_191' title='bbox 814 2635 914 2699; x_wconf 83' lang='grc' dir='ltr'>τὰς</span> <span class='ocrx_word' id='word_1_192' title='bbox 935 2636 1088 2697; x_wconf 79' lang='grc' dir='ltr'>ὁδοὺς</span> <span class='ocrx_word' id='word_1_193' title='bbox 1118 2632 1620 2704; x_wconf 82' lang='grc' dir='ltr'>περισκοπούντων.</span> <span class='ocrx_word' id='word_1_194' title='bbox 1656 2632 1788 2685; x_wconf 79' lang='grc' dir='ltr'><strong>Ἀπέ</strong></span> 
     </span>
    </p>
   </div>
   <div class='ocr_carea' id='block_1_28' title="bbox 222 2722 1786 2800">
    <p class='ocr_par' dir='ltr' id='par_1_28' title="bbox 222 2722 1786 2800">
     <span class='ocr_line' id='line_1_28' title="bbox 222 2722 1786 2800; baseline -0.002 -19"><span class='ocrx_word' id='word_1_195' title='bbox 222 2730 446 2800; x_wconf 76' lang='grc' dir='ltr'>ἐκαμον,</span> <span class='ocrx_word' id='word_1_196' title='bbox 485 2730 669 2800; x_wconf 75' lang='grc' dir='ltr'>φησὶν,</span> <span class='ocrx_word' id='word_1_197' title='bbox 702 2728 990 2797; x_wconf 84' lang='grc' dir='ltr'>ἀναμένων</span> <span class='ocrx_word' id='word_1_198' title='bbox 1022 2726 1119 2797; x_wconf 82' lang='grc' dir='ltr'><strong>τὴν</strong></span> <span class='ocrx_word' id='word_1_199' title='bbox 1148 2728 1247 2798; x_wconf 80' lang='grc' dir='ltr'>σὴν</span> <span class='ocrx_word' id='word_1_200' title='bbox 1276 2725 1549 2797; x_wconf 80' lang='grc' dir='ltr'>βοήθειαν.</span> <span class='ocrx_word' id='word_1_201' title='bbox 1581 2722 1713 2778; x_wconf 79' lang='grc' dir='ltr'>Εἶτα</span> <span class='ocrx_word' id='word_1_202' title='bbox 1749 2724 1786 2779; x_wconf 81' lang='grc' dir='ltr'>ἃ</span> 
     </span>
    </p>
   </div>
   <div class='ocr_carea' id='block_1_29' title="bbox 223 2817 1561 2892">
    <p class='ocr_par' dir='ltr' id='par_1_29' title="bbox 223 2817 1561 2892">
     <span class='ocr_line' id='line_1_29' title="bbox 223 2817 1561 2892; baseline -0.001 -20"><span class='ocrx_word' id='word_1_203' title='bbox 223 2820 497 2892; x_wconf 80' lang='grc' dir='ltr'>τροπικῶς</span> <span class='ocrx_word' id='word_1_204' title='bbox 525 2820 638 2874; x_wconf 84' lang='grc' dir='ltr'>ἄνω</span> <span class='ocrx_word' id='word_1_205' title='bbox 668 2819 903 2883; x_wconf 85' lang='grc' dir='ltr'>τέθεικε,</span> <span class='ocrx_word' id='word_1_206' title='bbox 938 2817 1180 2871; x_wconf 80' lang='grc' dir='ltr'>διδάσκει</span> <span class='ocrx_word' id='word_1_207' title='bbox 1209 2817 1561 2885; x_wconf 85' lang='grc' dir='ltr'>σαφέστερον.</span> 
     </span>
    </p>
   </div>
   <div class='ocr_carea' id='block_1_30' title="bbox 289 2908 1789 2980">
    <p class='ocr_par' dir='ltr' id='par_1_30' title="bbox 289 2908 1789 2980">
     <span class='ocr_line' id='line_1_30' title="bbox 289 2908 1789 2980; baseline -0.002 -16"><span class='ocrx_word' id='word_1_208' title='bbox 289 2911 352 2965; x_wconf 77' lang='grc' dir='ltr'>ε’.</span> <span class='ocrx_word' id='word_1_209' title='bbox 398 2929 420 2963; x_wconf 68' lang='grc' dir='ltr'><strong>ε</strong></span> <span class='ocrx_word' id='word_1_210' title='bbox 478 2909 927 2980; x_wconf 82' lang='grc' dir='ltr'>Ἐπληθύνθησαν</span> <span class='ocrx_word' id='word_1_211' title='bbox 965 2910 1104 2980; x_wconf 81' lang='grc' dir='ltr'>ὑπὲρ</span> <span class='ocrx_word' id='word_1_212' title='bbox 1142 2910 1238 2973; x_wconf 83' lang='grc' dir='ltr'>τὰς</span> <span class='ocrx_word' id='word_1_213' title='bbox 1272 2909 1465 2979; x_wconf 82' lang='grc' dir='ltr'>τρίχας</span> <span class='ocrx_word' id='word_1_214' title='bbox 1497 2908 1594 2978; x_wconf 82' lang='grc' dir='ltr'>τῆς</span> <span class='ocrx_word' id='word_1_215' title='bbox 1626 2925 1789 2976; x_wconf 76' lang='grc' dir='ltr'>κεφα-</span> 
     </span>
    </p>
   </div>
   <div class='ocr_carea' id='block_1_31' title="bbox 221 2998 1787 3073">
    <p class='ocr_par' dir='ltr' id='par_1_31' title="bbox 221 2998 1787 3073">
     <span class='ocr_line' id='line_1_31' title="bbox 221 2998 1787 3073; baseline -0.005 -16"><span class='ocrx_word' id='word_1_216' title='bbox 221 3003 315 3073; x_wconf 80' lang='grc' dir='ltr'>λῆς</span> <span class='ocrx_word' id='word_1_217' title='bbox 346 3021 451 3071; x_wconf 89' lang='grc' dir='ltr'><strong>μου</strong></span> <span class='ocrx_word' id='word_1_218' title='bbox 495 3003 547 3055; x_wconf 88' lang='grc' dir='ltr'><strong>οί</strong></span> <span class='ocrx_word' id='word_1_219' title='bbox 598 3000 885 3072; x_wconf 85' lang='grc' dir='ltr'>μισοῦντές</span> <span class='ocrx_word' id='word_1_220' title='bbox 915 3018 981 3070; x_wconf 90' lang='grc' dir='ltr'><strong>με</strong></span> <span class='ocrx_word' id='word_1_221' title='bbox 1036 2999 1262 3071; x_wconf 88' lang='grc' dir='ltr'>δωρεάν.</span> <span class='ocrx_word' id='word_1_222' title='bbox 1309 2998 1787 3070; x_wconf 88' lang='grc' dir='ltr'>Ἐκραταιώθησαν</span> 
     </span>
    </p>
   </div>
   <div class='ocr_carea' id='block_1_32' title="bbox 1877 529 3434 604">
    <p class='ocr_par' dir='ltr' id='par_1_32' title="bbox 1877 529 3434 604">
     <span class='ocr_line' id='line_1_32' title="bbox 1877 529 3434 604; baseline -0.004 -14"><span class='ocrx_word' id='word_1_223' title='bbox 1877 546 2077 590; x_wconf 88' lang='lat' dir='ltr'><strong>verunt</strong></span> <span class='ocrx_word' id='word_1_224' title='bbox 2103 550 2259 604; x_wconf 76' lang='lat' dir='ltr'><strong>aqua:</strong></span> <span class='ocrx_word' id='word_1_225' title='bbox 2304 549 2476 604; x_wconf 90' lang='lat' dir='ltr'><strong>usque</strong></span> <span class='ocrx_word' id='word_1_226' title='bbox 2507 534 2571 585; x_wconf 90' lang='lat' dir='ltr'><strong>ad</strong></span> <span class='ocrx_word' id='word_1_227' title='bbox 2626 530 2864 585; x_wconf 88' lang='lat' dir='ltr'><strong>animam</strong></span> <span class='ocrx_word' id='word_1_228' title='bbox 2906 544 3100 584; x_wconf 83' lang='lat' dir='ltr'><strong>meam.</strong></span> <span class='ocrx_word' id='word_1_229' title='bbox 3138 548 3156 580; x_wconf 72' lang='grc' dir='ltr'>ι</span> <span class='ocrx_word' id='word_1_230' title='bbox 3215 529 3289 583; x_wconf 84' lang='lat' dir='ltr'><strong>Ea</strong></span> <span class='ocrx_word' id='word_1_231' title='bbox 3335 529 3434 585; x_wconf 82' lang='lat' dir='ltr'><strong>Ju-</strong></span> 
     </span>
    </p>
   </div>
   <div class='ocr_carea' id='block_1_33' title="bbox 1875 621 3436 693">
    <p class='ocr_par' dir='ltr' id='par_1_33' title="bbox 1875 621 3436 693">
     <span class='ocr_line' id='line_1_33' title="bbox 1875 621 3436 693; baseline -0.004 -11"><span class='ocrx_word' id='word_1_232' title='bbox 1875 628 2118 682; x_wconf 72' lang='lat' dir='ltr'><strong>dzeorum</strong></span> <span class='ocrx_word' id='word_1_233' title='bbox 2183 627 2459 690; x_wconf 72' lang='lat' dir='ltr'><strong>societas,</strong></span> <span class='ocrx_word' id='word_1_234' title='bbox 2525 639 2646 693; x_wconf 67' lang='lat' dir='ltr'><strong>qua:</strong></span> <span class='ocrx_word' id='word_1_235' title='bbox 2725 624 2810 692; x_wconf 80' lang='lat' dir='ltr'><strong>pia</strong></span> <span class='ocrx_word' id='word_1_236' title='bbox 2872 621 3057 689; x_wconf 74' lang='lat' dir='ltr'><strong>&#39;magis</strong></span> <span class='ocrx_word' id='word_1_237' title='bbox 3112 631 3274 684; x_wconf 87' lang='lat' dir='ltr'><strong>erat,</strong></span> <span class='ocrx_word' id='word_1_238' title='bbox 3338 623 3436 675; x_wconf 86' lang='lat' dir='ltr'><strong>has</strong></span> 
     </span>
    </p>
   </div>
   <div class='ocr_carea' id='block_1_34' title="bbox 1876 714 3436 789">
    <p class='ocr_par' dir='ltr' id='par_1_34' title="bbox 1876 714 3436 789">
     <span class='ocr_line' id='line_1_34' title="bbox 1876 714 3436 789; baseline -0.006 -15"><span class='ocrx_word' id='word_1_239' title='bbox 1876 735 2064 789; x_wconf 85' lang='lat' dir='ltr'><strong>preces</strong></span> <span class='ocrx_word' id='word_1_240' title='bbox 2092 718 2269 774; x_wconf 76' lang='lat' dir='ltr'><strong>oll&#39;ert.</strong></span> <span class='ocrx_word' id='word_1_241' title='bbox 2306 717 2482 787; x_wconf 79' lang='lat' dir='ltr'><strong>Aquas</strong></span> <span class='ocrx_word' id='word_1_242' title='bbox 2517 733 2646 770; x_wconf 88' lang='lat' dir='ltr'><strong>vero</strong></span> <span class='ocrx_word' id='word_1_243' title='bbox 2681 724 2841 769; x_wconf 86' lang='lat' dir='ltr'><strong>vocat</strong></span> <span class='ocrx_word' id='word_1_244' title='bbox 2874 714 3251 767; x_wconf 73' lang='lat' dir='ltr'><strong>calamitatum</strong></span> <span class='ocrx_word' id='word_1_245' title='bbox 3290 714 3436 764; x_wconf 82' lang='lat' dir='ltr'><strong>mul-</strong></span> 
     </span>
    </p>
   </div>
   <div class='ocr_carea' id='block_1_35' title="bbox 1876 804 3438 877">
    <p class='ocr_par' dir='ltr' id='par_1_35' title="bbox 1876 804 3438 877">
     <span class='ocr_line' id='line_1_35' title="bbox 1876 804 3438 877; baseline -0.008 -12"><span class='ocrx_word' id='word_1_246' title='bbox 1876 809 2183 865; x_wconf 89' lang='lat' dir='ltr'><strong>titudinem.</strong></span> <span class='ocrx_word' id='word_1_247' title='bbox 2215 806 2485 877; x_wconf 80' lang='lat' dir='ltr'><strong>Undique,</strong></span> <span class='ocrx_word' id='word_1_248' title='bbox 2526 807 2623 871; x_wconf 90' lang='lat' dir='ltr'><strong>ait,</strong></span> <span class='ocrx_word' id='word_1_249' title='bbox 2666 821 2753 859; x_wconf 89' lang='lat' dir='ltr'><strong>res</strong></span> <span class='ocrx_word' id='word_1_250' title='bbox 2790 805 3029 858; x_wconf 74' lang='lat' dir='ltr'><strong>molesta:</strong></span> <span class='ocrx_word' id='word_1_251' title='bbox 3077 804 3438 857; x_wconf 73' lang='lat' dir='ltr'><strong>circumstant</strong></span> 
     </span>
    </p>
   </div>
   <div class='ocr_carea' id='block_1_36' title="bbox 1877 918 1985 956">
    <p class='ocr_par' dir='ltr' id='par_1_36' title="bbox 1877 918 1985 956">
     <span class='ocr_line' id='line_1_36' title="bbox 1877 918 1985 956; baseline 0 0"><span class='ocrx_word' id='word_1_252' title='bbox 1877 918 1985 956; x_wconf 87' lang='lat' dir='ltr'><strong>me.</strong></span> 
     </span>
    </p>
   </div>
   <div class='ocr_carea' id='block_1_37' title="bbox 1951 984 3435 1054">
    <p class='ocr_par' dir='ltr' id='par_1_37' title="bbox 1951 984 3435 1054">
     <span class='ocr_line' id='line_1_37' title="bbox 1951 984 3435 1054; baseline -0.007 -7"><span class='ocrx_word' id='word_1_253' title='bbox 1951 992 2114 1047; x_wconf 74' lang='lat' dir='ltr'><strong>Vsus.</strong></span> <span class='ocrx_word' id='word_1_254' title='bbox 2155 990 2210 1045; x_wconf 79' lang='grc'>5.</span> <span class='ocrx_word' id='word_1_255' title='bbox 2241 1010 2259 1041; x_wconf 76' lang='grc' dir='ltr'><strong>ι</strong></span> <span class='ocrx_word' id='word_1_256' title='bbox 2295 988 2492 1043; x_wconf 81' lang='lat' dir='ltr'><strong>Inﬁxus</strong></span> <span class='ocrx_word' id='word_1_257' title='bbox 2530 1004 2649 1043; x_wconf 89' lang='lat' dir='ltr'><strong>sum</strong></span> <span class='ocrx_word' id='word_1_258' title='bbox 2675 990 2727 1041; x_wconf 92' lang='lat' dir='ltr'><strong>in</strong></span> <span class='ocrx_word' id='word_1_259' title='bbox 2764 988 2893 1040; x_wconf 92' lang='lat' dir='ltr'><strong>limo</strong></span> <span class='ocrx_word' id='word_1_260' title='bbox 2924 984 3203 1054; x_wconf 77' lang='lat' dir='ltr'><strong>profundi,</strong></span> <span class='ocrx_word' id='word_1_261' title='bbox 3239 994 3292 1037; x_wconf 90' lang='lat' dir='ltr'><strong>et</strong></span> <span class='ocrx_word' id='word_1_262' title='bbox 3328 998 3435 1036; x_wconf 85' lang='lat' dir='ltr'><strong>non</strong></span> 
     </span>
    </p>
   </div>
   <div class='ocr_carea' id='block_1_38' title="bbox 1875 1074 3439 1153">
    <p class='ocr_par' dir='ltr' id='par_1_38' title="bbox 1875 1074 3439 1153">
     <span class='ocr_line' id='line_1_38' title="bbox 1875 1074 3439 1153; baseline -0.01 -13"><span class='ocrx_word' id='word_1_263' title='bbox 1875 1096 1959 1140; x_wconf 89' lang='lat' dir='ltr'><strong>est</strong></span> <span class='ocrx_word' id='word_1_264' title='bbox 2009 1084 2335 1140; x_wconf 85' lang='lat' dir='ltr'><strong>substantia.</strong></span> <span class='ocrx_word' id='word_1_265' title='bbox 2368 1102 2385 1133; x_wconf 74' lang='grc' dir='ltr'>ι</span> <span class='ocrx_word' id='word_1_266' title='bbox 2426 1082 2783 1153; x_wconf 87' lang='lat' dir='ltr'><strong>Symmachus</strong></span> <span class='ocrx_word' id='word_1_267' title='bbox 2839 1081 2918 1133; x_wconf 93' lang='lat' dir='ltr'><strong>sic</strong></span> <span class='ocrx_word' id='word_1_268' title='bbox 2960 1079 3165 1131; x_wconf 83' lang='lat' dir='ltr'><strong>vertit:</strong></span> <span class='ocrx_word' id='word_1_269' title='bbox 3221 1074 3439 1129; x_wconf 86' lang='lat' dir='ltr'><strong>Immer-</strong></span> 
     </span>
    </p>
   </div>
   <div class='ocr_carea' id='block_1_39' title="bbox 1875 1174 3436 1242">
    <p class='ocr_par' dir='ltr' id='par_1_39' title="bbox 1875 1174 3436 1242">
     <span class='ocr_line' id='line_1_39' title="bbox 1875 1174 3436 1242; baseline -0.008 -12"><span class='ocrx_word' id='word_1_270' title='bbox 1875 1193 1964 1230; x_wconf 75' lang='lat' dir='ltr'><strong>stts</strong></span> <span class='ocrx_word' id='word_1_271' title='bbox 1997 1193 2111 1230; x_wconf 75' lang='lat' dir='ltr'><strong>sum</strong></span> <span class='ocrx_word' id='word_1_272' title='bbox 2140 1176 2196 1228; x_wconf 79' lang='lat' dir='ltr'><strong>in</strong></span> <span class='ocrx_word' id='word_1_273' title='bbox 2230 1175 2466 1242; x_wconf 81' lang='lat' dir='ltr'><strong>inﬁnitas</strong></span> <span class='ocrx_word' id='word_1_274' title='bbox 2507 1174 2797 1241; x_wconf 80' lang='lat' dir='ltr'><strong>voragines,</strong></span> <span class='ocrx_word' id='word_1_275' title='bbox 2858 1178 2907 1223; x_wconf 84' lang='lat' dir='ltr'><strong>et</strong></span> <span class='ocrx_word' id='word_1_276' title='bbox 2943 1185 3046 1221; x_wconf 87' lang='lat' dir='ltr'><strong>non</strong></span> <span class='ocrx_word' id='word_1_277' title='bbox 3097 1175 3173 1220; x_wconf 81' lang='lat' dir='ltr'><strong>est</strong></span> <span class='ocrx_word' id='word_1_278' title='bbox 3217 1175 3436 1228; x_wconf 75' lang='lat' dir='ltr'><strong>status;</strong></span> 
     </span>
    </p>
   </div>
   <div class='ocr_carea' id='block_1_40' title="bbox 1877 1258 3436 1337">
    <p class='ocr_par' dir='ltr' id='par_1_40' title="bbox 1877 1258 3436 1337">
     <span class='ocr_line' id='line_1_40' title="bbox 1877 1258 3436 1337; baseline -0.009 -14"><span class='ocrx_word' id='word_1_279' title='bbox 1877 1270 2193 1337; x_wconf 87' lang='lat' dir='ltr'><strong>metaphora</strong></span> <span class='ocrx_word' id='word_1_280' title='bbox 2221 1267 2380 1320; x_wconf 88' lang='lat' dir='ltr'><strong>ducta</strong></span> <span class='ocrx_word' id='word_1_281' title='bbox 2415 1266 2483 1319; x_wconf 91' lang='lat' dir='ltr'><strong>ab</strong></span> <span class='ocrx_word' id='word_1_282' title='bbox 2506 1265 2633 1327; x_wconf 83' lang='lat' dir='ltr'><strong>illis,</strong></span> <span class='ocrx_word' id='word_1_283' title='bbox 2662 1265 2753 1333; x_wconf 86' lang='lat' dir='ltr'><strong>qui</strong></span> <span class='ocrx_word' id='word_1_284' title='bbox 2784 1264 2847 1315; x_wconf 91' lang='lat' dir='ltr'><strong>in-</strong></span> <span class='ocrx_word' id='word_1_285' title='bbox 2873 1260 3079 1329; x_wconf 82' lang='lat'><strong>1077</strong></span> <span class='ocrx_word' id='word_1_286' title='bbox 3111 1258 3436 1327; x_wconf 82' lang='lat' dir='ltr'><strong>profundum</strong></span> 
     </span>
    </p>
   </div>
   <div class='ocr_carea' id='block_1_41' title="bbox 1877 1347 3435 1420">
    <p class='ocr_par' dir='ltr' id='par_1_41' title="bbox 1877 1347 3435 1420">
     <span class='ocr_line' id='line_1_41' title="bbox 1877 1347 3435 1420; baseline -0.009 -8"><span class='ocrx_word' id='word_1_287' title='bbox 1877 1374 2029 1413; x_wconf 85' lang='lat' dir='ltr'><strong>mare</strong></span> <span class='ocrx_word' id='word_1_288' title='bbox 2054 1357 2384 1420; x_wconf 88' lang='lat' dir='ltr'><strong>inciderunt,</strong></span> <span class='ocrx_word' id='word_1_289' title='bbox 2412 1365 2467 1409; x_wconf 92' lang='lat' dir='ltr'><strong>et</strong></span> <span class='ocrx_word' id='word_1_290' title='bbox 2500 1356 2754 1409; x_wconf 85' lang='lat' dir='ltr'><strong>deorsum</strong></span> <span class='ocrx_word' id='word_1_291' title='bbox 2788 1352 2881 1405; x_wconf 90' lang='lat' dir='ltr'><strong>diu</strong></span> <span class='ocrx_word' id='word_1_292' title='bbox 2932 1349 3203 1409; x_wconf 77' lang='lat' dir='ltr'><strong>feruntur,</strong></span> <span class='ocrx_word' id='word_1_293' title='bbox 3246 1357 3300 1401; x_wconf 89' lang='lat' dir='ltr'><strong>et</strong></span> <span class='ocrx_word' id='word_1_294' title='bbox 3347 1347 3435 1399; x_wconf 80' lang='lat' dir='ltr'><strong>vix</strong></span> 
     </span>
    </p>
   </div>
   <div class='ocr_carea' id='block_1_42' title="bbox 1879 1439 3439 1518">
    <p class='ocr_par' dir='ltr' id='par_1_42' title="bbox 1879 1439 3439 1518">
     <span class='ocr_line' id='line_1_42' title="bbox 1879 1439 3439 1518; baseline -0.009 -13"><span class='ocrx_word' id='word_1_295' title='bbox 1879 1450 2109 1504; x_wconf 84' lang='lat' dir='ltr'><strong>fundum</strong></span> <span class='ocrx_word' id='word_1_296' title='bbox 2128 1449 2393 1518; x_wconf 82' lang='lat' dir='ltr'><strong>attingere</strong></span> <span class='ocrx_word' id='word_1_297' title='bbox 2418 1454 2664 1517; x_wconf 91' lang='lat' dir='ltr'><strong>possunt.</strong></span> <span class='ocrx_word' id='word_1_298' title='bbox 2706 1443 2954 1497; x_wconf 82' lang='lat' dir='ltr'><strong>Declarat</strong></span> <span class='ocrx_word' id='word_1_299' title='bbox 2981 1450 3160 1493; x_wconf 89' lang='lat' dir='ltr'><strong>autem</strong></span> <span class='ocrx_word' id='word_1_300' title='bbox 3192 1455 3289 1509; x_wconf 83' lang='lat' dir='ltr'><strong>per</strong></span> <span class='ocrx_word' id='word_1_301' title='bbox 3319 1439 3439 1492; x_wconf 78' lang='lat' dir='ltr'><strong>hch</strong></span> 
     </span>
    </p>
   </div>
   <div class='ocr_carea' id='block_1_43' title="bbox 1880 1529 3438 1607">
    <p class='ocr_par' dir='ltr' id='par_1_43' title="bbox 1880 1529 3438 1607">
     <span class='ocr_line' id='line_1_43' title="bbox 1880 1529 3438 1607; baseline -0.008 -13"><span class='ocrx_word' id='word_1_302' title='bbox 1880 1541 2144 1594; x_wconf 88' lang='lat' dir='ltr'><strong>malorum</strong></span> <span class='ocrx_word' id='word_1_303' title='bbox 2200 1537 2650 1607; x_wconf 81' lang='lat' dir='ltr'><strong>magnitudinem,</strong></span> <span class='ocrx_word' id='word_1_304' title='bbox 2677 1550 2799 1605; x_wconf 73' lang='lat' dir='ltr'><strong>quae</strong></span> <span class='ocrx_word' id='word_1_305' title='bbox 2848 1533 2904 1587; x_wconf 89' lang='lat' dir='ltr'><strong>in</strong></span> <span class='ocrx_word' id='word_1_306' title='bbox 2950 1531 3315 1600; x_wconf 85' lang='lat' dir='ltr'><strong>captivitatem</strong></span> <span class='ocrx_word' id='word_1_307' title='bbox 3343 1529 3438 1583; x_wconf 85' lang='lat' dir='ltr'><strong>ab-</strong></span> 
     </span>
    </p>
   </div>
   <div class='ocr_carea' id='block_1_44' title="bbox 1878 1620 3441 1686">
    <p class='ocr_par' dir='ltr' id='par_1_44' title="bbox 1878 1620 3441 1686">
     <span class='ocr_line' id='line_1_44' title="bbox 1878 1620 3441 1686; baseline -0.008 -1"><span class='ocrx_word' id='word_1_308' title='bbox 1878 1631 2054 1686; x_wconf 89' lang='lat' dir='ltr'><strong>ductis</strong></span> <span class='ocrx_word' id='word_1_309' title='bbox 2093 1629 2432 1685; x_wconf 86' lang='lat' dir='ltr'><strong>acciderunt.</strong></span> <span class='ocrx_word' id='word_1_310' title='bbox 2486 1647 2504 1679; x_wconf 77' lang='grc' dir='ltr'>ι</span> <span class='ocrx_word' id='word_1_311' title='bbox 2542 1626 2673 1682; x_wconf 83' lang='lat' dir='ltr'><strong>Veni</strong></span> <span class='ocrx_word' id='word_1_312' title='bbox 2710 1627 2763 1680; x_wconf 90' lang='lat' dir='ltr'><strong>in</strong></span> <span class='ocrx_word' id='word_1_313' title='bbox 2795 1623 3137 1678; x_wconf 87' lang='lat' dir='ltr'><strong>altitudinem</strong></span> <span class='ocrx_word' id='word_1_314' title='bbox 3168 1620 3356 1684; x_wconf 88' lang='lat' dir='ltr'><strong>maris,</strong></span> <span class='ocrx_word' id='word_1_315' title='bbox 3385 1627 3441 1673; x_wconf 88' lang='lat' dir='ltr'><strong>et</strong></span> 
     </span>
    </p>
   </div>
   <div class='ocr_carea' id='block_1_45' title="bbox 1879 1710 3438 1793">
    <p class='ocr_par' dir='ltr' id='par_1_45' title="bbox 1879 1710 3438 1793">
     <span class='ocr_line' id='line_1_45' title="bbox 1879 1710 3438 1793; baseline -0.01 -15"><span class='ocrx_word' id='word_1_316' title='bbox 1879 1732 2170 1793; x_wconf 85' lang='lat' dir='ltr'><strong>tempestas</strong></span> <span class='ocrx_word' id='word_1_317' title='bbox 2199 1720 2460 1777; x_wconf 87' lang='lat' dir='ltr'><strong>demersit</strong></span> <span class='ocrx_word' id='word_1_318' title='bbox 2490 1735 2596 1774; x_wconf 89' lang='lat' dir='ltr'><strong>me.</strong></span> <span class='ocrx_word' id='word_1_319' title='bbox 2635 1738 2653 1770; x_wconf 73' lang='grc' dir='ltr'>ι</span> <span class='ocrx_word' id='word_1_320' title='bbox 2686 1716 2867 1772; x_wconf 79' lang='lat' dir='ltr'><strong>Variis</strong></span> <span class='ocrx_word' id='word_1_321' title='bbox 2894 1713 3080 1786; x_wconf 79' lang='lat' dir='ltr'><strong>ﬁguris</strong></span> <span class='ocrx_word' id='word_1_322' title='bbox 3134 1710 3438 1766; x_wconf 88' lang='lat' dir='ltr'><strong>orationem</strong></span> 
     </span>
    </p>
   </div>
   <div class='ocr_carea' id='block_1_46' title="bbox 1878 1804 3440 1883">
    <p class='ocr_par' dir='ltr' id='par_1_46' title="bbox 1878 1804 3440 1883">
     <span class='ocr_line' id='line_1_46' title="bbox 1878 1804 3440 1883; baseline -0.01 -13"><span class='ocrx_word' id='word_1_323' title='bbox 1878 1826 2124 1883; x_wconf 83' lang='lat' dir='ltr'><strong>exornat,</strong></span> <span class='ocrx_word' id='word_1_324' title='bbox 2176 1830 2283 1870; x_wconf 89' lang='lat' dir='ltr'><strong>non</strong></span> <span class='ocrx_word' id='word_1_325' title='bbox 2343 1814 2629 1869; x_wconf 89' lang='lat' dir='ltr'><strong>inveniens</strong></span> <span class='ocrx_word' id='word_1_326' title='bbox 2687 1810 2908 1879; x_wconf 70' lang='lat' dir='ltr'><strong>dignam</strong></span> <span class='ocrx_word' id='word_1_327' title='bbox 2977 1804 3440 1875; x_wconf 83' lang='lat' dir='ltr'><strong>comparationem</strong></span> 
     </span>
    </p>
   </div>
   <div class='ocr_carea' id='block_1_47' title="bbox 1876 1904 2849 1978">
    <p class='ocr_par' dir='ltr' id='par_1_47' title="bbox 1876 1904 2849 1978">
     <span class='ocr_line' id='line_1_47' title="bbox 1876 1904 2849 1978; baseline -0.011 -13"><span class='ocrx_word' id='word_1_328' title='bbox 1876 1910 2165 1973; x_wconf 87' lang='lat' dir='ltr'><strong>malorum,</strong></span> <span class='ocrx_word' id='word_1_329' title='bbox 2204 1924 2234 1962; x_wconf 86' lang='lat' dir='ltr'><strong>a</strong></span> <span class='ocrx_word' id='word_1_330' title='bbox 2260 1907 2458 1978; x_wconf 86' lang='lat' dir='ltr'><strong>quibus</strong></span> <span class='ocrx_word' id='word_1_331' title='bbox 2485 1904 2849 1959; x_wconf 88' lang='lat' dir='ltr'><strong>detinebatur.</strong></span> 
     </span>
    </p>
   </div>
   <div class='ocr_carea' id='block_1_48' title="bbox 1936 1986 3444 2056">
    <p class='ocr_par' dir='ltr' id='par_1_48' title="bbox 1936 1986 3444 2056">
     <span class='ocr_line' id='line_1_48' title="bbox 1936 1986 3444 2056; baseline -0.013 -2"><span class='ocrx_word' id='word_1_332' title='bbox 1936 2002 1963 2040; x_wconf 80' lang='grc'><strong>-¹</strong></span> <span class='ocrx_word' id='word_1_333' title='bbox 1992 1999 2157 2055; x_wconf 76' lang='lat' dir='ltr'><strong>Vens.</strong></span> <span class='ocrx_word' id='word_1_334' title='bbox 2180 1998 2234 2053; x_wconf 77' lang='grc'><strong>1.</strong></span> <span class='ocrx_word' id='word_1_335' title='bbox 2275 2017 2295 2050; x_wconf 77' lang='grc' dir='ltr'>ι</span> <span class='ocrx_word' id='word_1_336' title='bbox 2329 1994 2596 2052; x_wconf 87' lang='lat' dir='ltr'><strong>Laboravi</strong></span> <span class='ocrx_word' id='word_1_337' title='bbox 2624 1993 2888 2056; x_wconf 89' lang='lat' dir='ltr'><strong>clamans,</strong></span> <span class='ocrx_word' id='word_1_338' title='bbox 2916 2003 3099 2045; x_wconf 70' lang='lat' dir='ltr'><strong>raucae</strong></span> <span class='ocrx_word' id='word_1_339' title='bbox 3124 1986 3283 2041; x_wconf 69' lang='lat' dir='ltr'><strong>factae</strong></span> <span class='ocrx_word' id='word_1_340' title='bbox 3312 1988 3444 2039; x_wconf 87' lang='lat' dir='ltr'><strong>sunt</strong></span> 
     </span>
    </p>
   </div>
   <div class='ocr_carea' id='block_1_49' title="bbox 1880 2077 3438 2157">
    <p class='ocr_par' dir='ltr' id='par_1_49' title="bbox 1880 2077 3438 2157">
     <span class='ocr_line' id='line_1_49' title="bbox 1880 2077 3438 2157; baseline -0.012 -11"><span class='ocrx_word' id='word_1_341' title='bbox 1880 2091 2062 2147; x_wconf 78' lang='lat' dir='ltr'><strong>fauces</strong></span> <span class='ocrx_word' id='word_1_342' title='bbox 2088 2106 2238 2145; x_wconf 68' lang='lat' dir='ltr'><strong>meae.</strong></span> <span class='ocrx_word' id='word_1_343' title='bbox 2281 2108 2301 2142; x_wconf 72' lang='grc' dir='ltr'>ι</span> <span class='ocrx_word' id='word_1_344' title='bbox 2345 2087 2569 2157; x_wconf 84' lang='lat' dir='ltr'><strong>Semper</strong></span> <span class='ocrx_word' id='word_1_345' title='bbox 2589 2125 2606 2150; x_wconf 87' lang='lat'><strong>,</strong></span> <span class='ocrx_word' id='word_1_346' title='bbox 2637 2084 2847 2154; x_wconf 87' lang='lat' dir='ltr'><strong>inquit,</strong></span> <span class='ocrx_word' id='word_1_347' title='bbox 2879 2080 3193 2152; x_wconf 88' lang='lat' dir='ltr'><strong>supplicans</strong></span> <span class='ocrx_word' id='word_1_348' title='bbox 3225 2077 3438 2138; x_wconf 82' lang='lat' dir='ltr'><strong>clamo.</strong></span> 
     </span>
    </p>
   </div>
   <div class='ocr_carea' id='block_1_50' title="bbox 1882 2169 3441 2252">
    <p class='ocr_par' dir='ltr' id='par_1_50' title="bbox 1882 2169 3441 2252">
     <span class='ocr_line' id='line_1_50' title="bbox 1882 2169 3441 2252; baseline -0.015 -13"><span class='ocrx_word' id='word_1_349' title='bbox 1882 2192 1940 2239; x_wconf 93' lang='lat' dir='ltr'><strong>ut</strong></span> <span class='ocrx_word' id='word_1_350' title='bbox 1983 2192 2038 2238; x_wconf 91' lang='lat' dir='ltr'><strong>et</strong></span> <span class='ocrx_word' id='word_1_351' title='bbox 2085 2184 2201 2252; x_wconf 91' lang='lat' dir='ltr'><strong>ipsa</strong></span> <span class='ocrx_word' id='word_1_352' title='bbox 2250 2181 2613 2235; x_wconf 90' lang='lat' dir='ltr'><strong>instrumenta</strong></span> <span class='ocrx_word' id='word_1_353' title='bbox 2651 2177 2802 2231; x_wconf 88' lang='lat' dir='ltr'><strong>vocis</strong></span> <span class='ocrx_word' id='word_1_354' title='bbox 2840 2175 3105 2228; x_wconf 87' lang='lat' dir='ltr'><strong>laborent.</strong></span> <span class='ocrx_word' id='word_1_355' title='bbox 3146 2169 3441 2225; x_wconf 82' lang='lat' dir='ltr'><strong>Clamorem</strong></span> 
     </span>
    </p>
   </div>
   <div class='ocr_carea' id='block_1_51' title="bbox 1881 2257 3439 2331">
    <p class='ocr_par' dir='ltr' id='par_1_51' title="bbox 1881 2257 3439 2331">
     <span class='ocr_line' id='line_1_51' title="bbox 1881 2257 3439 2331; baseline -0.014 0"><span class='ocrx_word' id='word_1_356' title='bbox 1881 2290 2007 2331; x_wconf 89' lang='lat' dir='ltr'><strong>vero</strong></span> <span class='ocrx_word' id='word_1_357' title='bbox 2062 2274 2418 2329; x_wconf 90' lang='lat' dir='ltr'><strong>intentionem</strong></span> <span class='ocrx_word' id='word_1_358' title='bbox 2485 2270 2682 2325; x_wconf 89' lang='lat' dir='ltr'><strong>mentis</strong></span> <span class='ocrx_word' id='word_1_359' title='bbox 2740 2266 2792 2322; x_wconf 90' lang='lat' dir='ltr'><strong>in</strong></span> <span class='ocrx_word' id='word_1_360' title='bbox 2857 2262 3235 2320; x_wconf 84' lang='lat' dir='ltr'><strong>obsecratione</strong></span> <span class='ocrx_word' id='word_1_361' title='bbox 3287 2257 3439 2312; x_wconf 85' lang='lat' dir='ltr'><strong>dicit.</strong></span> 
     </span>
    </p>
   </div>
   <div class='ocr_carea' id='block_1_52' title="bbox 1887 2355 3438 2430">
    <p class='ocr_par' dir='ltr' id='par_1_52' title="bbox 1887 2355 3438 2430">
     <span class='ocr_line' id='line_1_52' title="bbox 1887 2355 3438 2430; baseline -0.014 -10"><span class='ocrx_word' id='word_1_362' title='bbox 1887 2388 1905 2420; x_wconf 80' lang='grc' dir='ltr'><strong>ι</strong></span> <span class='ocrx_word' id='word_1_363' title='bbox 1932 2367 2253 2423; x_wconf 80' lang='lat' dir='ltr'><strong>Defecerunt</strong></span> <span class='ocrx_word' id='word_1_364' title='bbox 2274 2365 2416 2419; x_wconf 89' lang='lat' dir='ltr'><strong>oculi</strong></span> <span class='ocrx_word' id='word_1_365' title='bbox 2439 2363 2564 2427; x_wconf 90' lang='lat' dir='ltr'><strong>mei,</strong></span> <span class='ocrx_word' id='word_1_366' title='bbox 2588 2362 2715 2416; x_wconf 91' lang='lat' dir='ltr'><strong>dum</strong></span> <span class='ocrx_word' id='word_1_367' title='bbox 2739 2374 2896 2430; x_wconf 87' lang='lat' dir='ltr'><strong>spero</strong></span> <span class='ocrx_word' id='word_1_368' title='bbox 2920 2359 2971 2410; x_wconf 92' lang='lat' dir='ltr'><strong>in</strong></span> <span class='ocrx_word' id='word_1_369' title='bbox 2993 2355 3163 2409; x_wconf 89' lang='lat' dir='ltr'><strong>Deum</strong></span> <span class='ocrx_word' id='word_1_370' title='bbox 3191 2366 3389 2405; x_wconf 90' lang='lat' dir='ltr'><strong>meum.</strong></span> <span class='ocrx_word' id='word_1_371' title='bbox 3417 2365 3438 2399; x_wconf 72' lang='grc' dir='ltr'><strong>ι</strong></span> 
     </span>
    </p>
   </div>
   <div class='ocr_carea' id='block_1_53' title="bbox 1883 2448 3443 2519">
    <p class='ocr_par' dir='ltr' id='par_1_53' title="bbox 1883 2448 3443 2519">
     <span class='ocr_line' id='line_1_53' title="bbox 1883 2448 3443 2519; baseline -0.015 -3"><span class='ocrx_word' id='word_1_372' title='bbox 1883 2462 1996 2516; x_wconf 87' lang='lat' dir='ltr'><strong>Hoc</strong></span> <span class='ocrx_word' id='word_1_373' title='bbox 2019 2461 2156 2514; x_wconf 79' lang='lat' dir='ltr'><strong>dixit</strong></span> <span class='ocrx_word' id='word_1_374' title='bbox 2178 2474 2244 2513; x_wconf 78' lang='lat' dir='ltr'><strong>ex</strong></span> <span class='ocrx_word' id='word_1_375' title='bbox 2269 2455 2622 2511; x_wconf 87' lang='lat' dir='ltr'><strong>translatione</strong></span> <span class='ocrx_word' id='word_1_376' title='bbox 2642 2468 2829 2509; x_wconf 90' lang='lat' dir='ltr'><strong>eorum</strong></span> <span class='ocrx_word' id='word_1_377' title='bbox 2884 2449 2977 2519; x_wconf 90' lang='lat' dir='ltr'><strong>qui</strong></span> <span class='ocrx_word' id='word_1_378' title='bbox 3002 2448 3233 2515; x_wconf 85' lang='lat' dir='ltr'><strong>aliquem</strong></span> <span class='ocrx_word' id='word_1_379' title='bbox 3260 2454 3443 2496; x_wconf 86' lang='lat' dir='ltr'><strong>neces-</strong></span> 
     </span>
    </p>
   </div>
   <div class='ocr_carea' id='block_1_54' title="bbox 1883 2538 3502 2617">
    <p class='ocr_par' dir='ltr' id='par_1_54' title="bbox 1883 2538 3502 2617">
     <span class='ocr_line' id='line_1_54' title="bbox 1883 2538 3502 2617; baseline -0.015 -8"><span class='ocrx_word' id='word_1_380' title='bbox 1883 2553 2087 2610; x_wconf 88' lang='lat' dir='ltr'><strong>sarium</strong></span> <span class='ocrx_word' id='word_1_381' title='bbox 2117 2558 2175 2606; x_wconf 89' lang='lat' dir='ltr'><strong>et</strong></span> <span class='ocrx_word' id='word_1_382' title='bbox 2203 2558 2391 2604; x_wconf 89' lang='lat' dir='ltr'><strong>notum</strong></span> <span class='ocrx_word' id='word_1_383' title='bbox 2454 2561 2642 2617; x_wconf 73' lang='lat' dir='ltr'><strong>eregre</strong></span> <span class='ocrx_word' id='word_1_384' title='bbox 2673 2545 2988 2598; x_wconf 86' lang='lat' dir='ltr'><strong>redeuntem</strong></span> <span class='ocrx_word' id='word_1_385' title='bbox 3022 2543 3360 2608; x_wconf 74' lang='lat' dir='ltr'><strong>exspectant,</strong></span> <span class='ocrx_word' id='word_1_386' title='bbox 3389 2538 3446 2588; x_wconf 87' lang='lat' dir='ltr'><strong>et</strong></span> <span class='ocrx_word' id='word_1_387' title='bbox 3500 2560 3502 2562; x_wconf 62' lang='grc' dir='ltr'><strong>τ</strong></span> 
     </span>
    </p>
   </div>
   <div class='ocr_carea' id='block_1_55' title="bbox 1883 2628 3443 2712">
    <p class='ocr_par' dir='ltr' id='par_1_55' title="bbox 1883 2628 3443 2712">
     <span class='ocr_line' id='line_1_55' title="bbox 1883 2628 3443 2712; baseline -0.015 -13"><span class='ocrx_word' id='word_1_388' title='bbox 1883 2648 1999 2701; x_wconf 82' lang='lat' dir='ltr'><strong>vias</strong></span> <span class='ocrx_word' id='word_1_389' title='bbox 2030 2642 2497 2712; x_wconf 90' lang='lat' dir='ltr'><strong>circumspiciunt.</strong></span> <span class='ocrx_word' id='word_1_390' title='bbox 2548 2637 2803 2693; x_wconf 81' lang='lat' dir='ltr'><strong>Defessus</strong></span> <span class='ocrx_word' id='word_1_391' title='bbox 2833 2650 2953 2690; x_wconf 92' lang='lat' dir='ltr'><strong>sum</strong></span> <span class='ocrx_word' id='word_1_392' title='bbox 2981 2673 2996 2694; x_wconf 86' lang='lat'><strong>,</strong></span> <span class='ocrx_word' id='word_1_393' title='bbox 3044 2628 3248 2700; x_wconf 89' lang='lat' dir='ltr'><strong>inquit,</strong></span> <span class='ocrx_word' id='word_1_394' title='bbox 3293 2636 3443 2680; x_wconf 89' lang='lat' dir='ltr'><strong>tuam</strong></span> 
     </span>
    </p>
   </div>
   <div class='ocr_carea' id='block_1_56' title="bbox 1885 2724 3444 2809">
    <p class='ocr_par' dir='ltr' id='par_1_56' title="bbox 1885 2724 3444 2809">
     <span class='ocr_line' id='line_1_56' title="bbox 1885 2724 3444 2809; baseline -0.013 -16"><span class='ocrx_word' id='word_1_395' title='bbox 1885 2754 2039 2809; x_wconf 88' lang='lat' dir='ltr'><strong>opem</strong></span> <span class='ocrx_word' id='word_1_396' title='bbox 2066 2744 2408 2805; x_wconf 84' lang='lat' dir='ltr'><strong>exspectans.</strong></span> <span class='ocrx_word' id='word_1_397' title='bbox 2439 2733 2641 2788; x_wconf 89' lang='lat' dir='ltr'><strong>Deinde</strong></span> <span class='ocrx_word' id='word_1_398' title='bbox 2667 2745 2787 2801; x_wconf 77' lang='lat' dir='ltr'><strong>qua:</strong></span> <span class='ocrx_word' id='word_1_399' title='bbox 2815 2727 3062 2798; x_wconf 85' lang='lat' dir='ltr'><strong>superius</strong></span> <span class='ocrx_word' id='word_1_400' title='bbox 3092 2724 3318 2794; x_wconf 80' lang='lat' dir='ltr'><strong>ﬁgurate</strong></span> <span class='ocrx_word' id='word_1_401' title='bbox 3344 2733 3444 2789; x_wconf 90' lang='lat' dir='ltr'><strong>po-</strong></span> 
     </span>
    </p>
   </div>
   <div class='ocr_carea' id='block_1_57' title="bbox 1885 2826 2602 2895">
    <p class='ocr_par' dir='ltr' id='par_1_57' title="bbox 1885 2826 2602 2895">
     <span class='ocr_line' id='line_1_57' title="bbox 1885 2826 2602 2895; baseline -0.014 -8"><span class='ocrx_word' id='word_1_402' title='bbox 1885 2831 2016 2895; x_wconf 90' lang='lat' dir='ltr'><strong>suit,</strong></span> <span class='ocrx_word' id='word_1_403' title='bbox 2054 2827 2397 2882; x_wconf 82' lang='lat' dir='ltr'><strong>manifestius</strong></span> <span class='ocrx_word' id='word_1_404' title='bbox 2425 2826 2602 2879; x_wconf 88' lang='lat' dir='ltr'><strong>docet.</strong></span> 
     </span>
    </p>
   </div>
   <div class='ocr_carea' id='block_1_58' title="bbox 1955 2904 3447 2988">
    <p class='ocr_par' dir='ltr' id='par_1_58' title="bbox 1955 2904 3447 2988">
     <span class='ocr_line' id='line_1_58' title="bbox 1955 2904 3447 2988; baseline -0.011 -13"><span class='ocrx_word' id='word_1_405' title='bbox 1955 2922 2120 2978; x_wconf 71' lang='lat' dir='ltr'><strong>Vens.</strong></span> <span class='ocrx_word' id='word_1_406' title='bbox 2145 2922 2199 2976; x_wconf 84' lang='lat'><strong>5.</strong></span> <span class='ocrx_word' id='word_1_407' title='bbox 2237 2938 2255 2971; x_wconf 80' lang='grc' dir='ltr'><strong>ι</strong></span> <span class='ocrx_word' id='word_1_408' title='bbox 2283 2917 2619 2988; x_wconf 86' lang='lat' dir='ltr'><strong>Multiplicati</strong></span> <span class='ocrx_word' id='word_1_409' title='bbox 2651 2924 2777 2971; x_wconf 85' lang='lat' dir='ltr'><strong>sunt</strong></span> <span class='ocrx_word' id='word_1_410' title='bbox 2809 2928 2972 2983; x_wconf 89' lang='lat' dir='ltr'><strong>super</strong></span> <span class='ocrx_word' id='word_1_411' title='bbox 2998 2910 3222 2980; x_wconf 90' lang='lat' dir='ltr'><strong>capillos</strong></span> <span class='ocrx_word' id='word_1_412' title='bbox 3251 2904 3447 2975; x_wconf 85' lang='lat' dir='ltr'><strong>capitis</strong></span> 
     </span>
    </p>
   </div>
   <div class='ocr_carea' id='block_1_59' title="bbox 1885 2999 3444 3085">
    <p class='ocr_par' dir='ltr' id='par_1_59' title="bbox 1885 2999 3444 3085">
     <span class='ocr_line' id='line_1_59' title="bbox 1885 2999 3444 3085; baseline -0.013 -15"><span class='ocrx_word' id='word_1_413' title='bbox 1885 3016 1991 3070; x_wconf 89' lang='lat' dir='ltr'><strong>mei</strong></span> <span class='ocrx_word' id='word_1_414' title='bbox 2016 3015 2108 3085; x_wconf 87' lang='lat' dir='ltr'><strong>qui</strong></span> <span class='ocrx_word' id='word_1_415' title='bbox 2138 3014 2371 3068; x_wconf 89' lang='lat' dir='ltr'><strong>oderunt</strong></span> <span class='ocrx_word' id='word_1_416' title='bbox 2396 3026 2483 3064; x_wconf 90' lang='lat' dir='ltr'><strong>me</strong></span> <span class='ocrx_word' id='word_1_417' title='bbox 2508 3010 2697 3081; x_wconf 79' lang='lat' dir='ltr'><strong>gratis.</strong></span> <span class='ocrx_word' id='word_1_418' title='bbox 2733 3004 2995 3062; x_wconf 82' lang='lat' dir='ltr'><strong>Roborati</strong></span> <span class='ocrx_word' id='word_1_419' title='bbox 3023 3011 3169 3064; x_wconf 90' lang='lat' dir='ltr'><strong>sunt,</strong></span> <span class='ocrx_word' id='word_1_420' title='bbox 3200 2999 3291 3069; x_wconf 92' lang='lat' dir='ltr'><strong>qui</strong></span> <span class='ocrx_word' id='word_1_421' title='bbox 3321 3012 3444 3067; x_wconf 85' lang='lat' dir='ltr'><strong>per-</strong></span> 
     </span>
    </p>
   </div>
   <div class='ocr_carea' id='block_1_60' title="bbox 222 3091 1782 3183">
    <p class='ocr_par' dir='ltr' id='par_1_60' title="bbox 222 3091 1782 3167">
     <span class='ocr_line' id='line_1_60' title="bbox 222 3091 1782 3167; baseline -0.001 -20"><span class='ocrx_word' id='word_1_422' title='bbox 222 3097 269 3147; x_wconf 80' lang='grc' dir='ltr'><strong>οί</strong></span> <span class='ocrx_word' id='word_1_423' title='bbox 297 3094 482 3167; x_wconf 72' lang='grc' dir='ltr'>ἐχθροί</span> <span class='ocrx_word' id='word_1_424' title='bbox 512 3111 637 3165; x_wconf 89' lang='grc' dir='ltr'>μου,</span> <span class='ocrx_word' id='word_1_425' title='bbox 664 3094 715 3146; x_wconf 78' lang='grc' dir='ltr'><strong>οἱ</strong></span> <span class='ocrx_word' id='word_1_426' title='bbox 742 3093 1093 3157; x_wconf 82' lang='grc' dir='ltr'>ὲκδιώκοντές</span> <span class='ocrx_word' id='word_1_427' title='bbox 1127 3111 1195 3164; x_wconf 88' lang='grc' dir='ltr'><strong>με</strong></span> <span class='ocrx_word' id='word_1_428' title='bbox 1225 3092 1443 3156; x_wconf 79' lang='grc' dir='ltr'>ἀδίκως.</span> <span class='ocrx_word' id='word_1_429' title='bbox 1479 3111 1499 3143; x_wconf 74' lang='grc' dir='ltr'>ι</span> <span class='ocrx_word' id='word_1_430' title='bbox 1544 3091 1705 3145; x_wconf 85' lang='grc' dir='ltr'>Ἀλλά</span> <span class='ocrx_word' id='word_1_431' title='bbox 1739 3091 1782 3124; x_wconf 80' lang='grc'><strong>⁵⁸</strong></span> 
     </span>
    </p>
   </div>
   <div class='ocr_carea' id='block_1_61' title="bbox 1888 3091 3448 3183">
    <p class='ocr_par' dir='ltr' id='par_1_61' title="bbox 1888 3095 3448 3165">
     <span class='ocr_line' id='line_1_61' title="bbox 1888 3095 3448 3165; baseline -0.015 -1"><span class='ocrx_word' id='word_1_432' title='bbox 1888 3108 2058 3165; x_wconf 91' lang='lat' dir='ltr'><strong>secuti</strong></span> <span class='ocrx_word' id='word_1_433' title='bbox 2088 3116 2216 3161; x_wconf 90' lang='lat' dir='ltr'><strong>sunt</strong></span> <span class='ocrx_word' id='word_1_434' title='bbox 2238 3119 2326 3157; x_wconf 90' lang='lat' dir='ltr'><strong>me</strong></span> <span class='ocrx_word' id='word_1_435' title='bbox 2346 3101 2567 3156; x_wconf 73' lang='lat' dir='ltr'><strong>inimici</strong></span> <span class='ocrx_word' id='word_1_436' title='bbox 2599 3100 2704 3153; x_wconf 91' lang='lat' dir='ltr'><strong>mei</strong></span> <span class='ocrx_word' id='word_1_437' title='bbox 2734 3097 2959 3165; x_wconf 82' lang='lat' dir='ltr'><strong>injuste.</strong></span> <span class='ocrx_word' id='word_1_438' title='bbox 2990 3114 3008 3147; x_wconf 75' lang='grc' dir='ltr'><strong>ι</strong></span> <span class='ocrx_word' id='word_1_439' title='bbox 3043 3095 3305 3147; x_wconf 71' lang='lat' dir='ltr'><strong>Canerum</strong></span> <span class='ocrx_word' id='word_1_440' title='bbox 3330 3097 3448 3143; x_wconf 86' lang='lat' dir='ltr'><strong>stu-</strong></span> 
     </span>
    </p>
   </div>
   <div class='ocr_carea' id='block_1_62' title="bbox 226 3183 1786 3258">
    <p class='ocr_par' dir='ltr' id='par_1_62' title="bbox 226 3183 1786 3258">
     <span class='ocr_line' id='line_1_62' title="bbox 226 3183 1786 3258; baseline -0.003 -18"><span class='ocrx_word' id='word_1_441' title='bbox 226 3187 412 3258; x_wconf 70' lang='grc' dir='ltr'>μηδεὶς</span> <span class='ocrx_word' id='word_1_442' title='bbox 448 3185 711 3239; x_wconf 79' lang='grc' dir='ltr'>ὑπολάϐοι</span> <span class='ocrx_word' id='word_1_443' title='bbox 740 3186 851 3238; x_wconf 90' lang='grc' dir='ltr'><strong>τῶν</strong></span> <span class='ocrx_word' id='word_1_444' title='bbox 895 3185 1393 3256; x_wconf 84' lang='grc' dir='ltr'>φιλομαθεστέρων,</span> <span class='ocrx_word' id='word_1_445' title='bbox 1438 3183 1688 3253; x_wconf 76' lang='grc' dir='ltr'>εἰρῆσθαι</span> <span class='ocrx_word' id='word_1_446' title='bbox 1722 3183 1786 3235; x_wconf 82' lang='grc' dir='ltr'>ἐκ</span> 
     </span>
    </p>
   </div>
   <div class='ocr_carea' id='block_1_63' title="bbox 226 3275 1786 3349">
    <p class='ocr_par' dir='ltr' id='par_1_63' title="bbox 226 3275 1786 3349">
     <span class='ocr_line' id='line_1_63' title="bbox 226 3275 1786 3349; baseline -0.002 -19"><span class='ocrx_word' id='word_1_447' title='bbox 226 3278 517 3349; x_wconf 81' lang='grc' dir='ltr'>προσώπου</span> <span class='ocrx_word' id='word_1_448' title='bbox 543 3276 638 3330; x_wconf 80' lang='grc' dir='ltr'><strong>τοῦ</strong></span> <span class='ocrx_word' id='word_1_449' title='bbox 682 3277 818 3331; x_wconf 84' lang='grc' dir='ltr'>Θεοῦ</span> <span class='ocrx_word' id='word_1_450' title='bbox 870 3279 962 3331; x_wconf 72' lang='grc' dir='ltr'><strong>καὶ</strong></span> <span class='ocrx_word' id='word_1_451' title='bbox 995 3278 1247 3349; x_wconf 79' lang='grc' dir='ltr'>Σωτῆρος</span> <span class='ocrx_word' id='word_1_452' title='bbox 1273 3276 1464 3330; x_wconf 88' lang='grc' dir='ltr'>ταῦτα.</span> <span class='ocrx_word' id='word_1_453' title='bbox 1513 3275 1647 3328; x_wconf 80' lang='grc' dir='ltr'>Οὐδὲ</span> <span class='ocrx_word' id='word_1_454' title='bbox 1676 3275 1786 3345; x_wconf 79' lang='grc' dir='ltr'>γὰρ</span> 
     </span>
    </p>
   </div>
   <div class='ocr_carea' id='block_1_64' title="bbox 225 3368 1787 3442">
    <p class='ocr_par' dir='ltr' id='par_1_64' title="bbox 225 3368 1787 3442">
     <span class='ocr_line' id='line_1_64' title="bbox 225 3368 1787 3442; baseline -0.002 -19"><span class='ocrx_word' id='word_1_455' title='bbox 225 3373 455 3442; x_wconf 74' lang='grc' dir='ltr'>εἴρηται,</span> <span class='ocrx_word' id='word_1_456' title='bbox 486 3372 588 3424; x_wconf 84' lang='grc' dir='ltr'><strong>οὐκ</strong></span> <span class='ocrx_word' id='word_1_457' title='bbox 622 3372 855 3441; x_wconf 69' lang='grc' dir='ltr'>εἴρηται,</span> <span class='ocrx_word' id='word_1_458' title='bbox 889 3372 939 3423; x_wconf 86' lang='grc' dir='ltr'><strong>εί</strong></span> <span class='ocrx_word' id='word_1_459' title='bbox 971 3371 1045 3441; x_wconf 78' lang='grc' dir='ltr'>μὴ</span> <span class='ocrx_word' id='word_1_460' title='bbox 1084 3373 1149 3423; x_wconf 81' lang='grc' dir='ltr'><strong>ἐκ</strong></span> <span class='ocrx_word' id='word_1_461' title='bbox 1192 3368 1508 3441; x_wconf 83' lang='grc' dir='ltr'>προσώπου,</span> <span class='ocrx_word' id='word_1_462' title='bbox 1542 3368 1617 3430; x_wconf 86' lang='grc' dir='ltr'>ὡς</span> <span class='ocrx_word' id='word_1_463' title='bbox 1647 3369 1787 3421; x_wconf 87' lang='grc' dir='ltr'>ἀνω-</span> 
     </span>
    </p>
   </div>
   <div class='ocr_carea' id='block_1_65' title="bbox 224 3459 1787 3531">
    <p class='ocr_par' dir='ltr' id='par_1_65' title="bbox 224 3459 1787 3531">
     <span class='ocr_line' id='line_1_65' title="bbox 224 3459 1787 3531; baseline -0.001 -18"><span class='ocrx_word' id='word_1_464' title='bbox 224 3462 362 3531; x_wconf 85' lang='grc' dir='ltr'>τέρω</span> <span class='ocrx_word' id='word_1_465' title='bbox 410 3462 546 3530; x_wconf 68' lang='grc' dir='ltr'><strong>⁴ἡμῖν</strong></span> <span class='ocrx_word' id='word_1_466' title='bbox 593 3460 954 3531; x_wconf 76' lang='grc' dir='ltr'>ἐσχεδίασται,</span> <span class='ocrx_word' id='word_1_467' title='bbox 988 3460 1098 3513; x_wconf 88' lang='grc' dir='ltr'><strong>τῶν</strong></span> <span class='ocrx_word' id='word_1_468' title='bbox 1147 3459 1673 3530; x_wconf 80' lang='grc' dir='ltr'>ἀνδραποδισθέντων</span> <span class='ocrx_word' id='word_1_469' title='bbox 1723 3460 1787 3512; x_wconf 83' lang='grc' dir='ltr'><strong>ὲκ</strong></span> 
     </span>
    </p>
   </div>
   <div class='ocr_carea' id='block_1_66' title="bbox 224 3552 1787 3625">
    <p class='ocr_par' dir='ltr' id='par_1_66' title="bbox 224 3552 1787 3625">
     <span class='ocr_line' id='line_1_66' title="bbox 224 3552 1787 3625; baseline -0.001 -18"><span class='ocrx_word' id='word_1_470' title='bbox 224 3557 318 3623; x_wconf 82' lang='grc' dir='ltr'>τῆς</span> <span class='ocrx_word' id='word_1_471' title='bbox 357 3554 719 3625; x_wconf 77' lang='grc' dir='ltr'>Ἰερουσαλὴμ</span> <span class='ocrx_word' id='word_1_472' title='bbox 762 3555 856 3608; x_wconf 75' lang='grc' dir='ltr'>ἐπὶ</span> <span class='ocrx_word' id='word_1_473' title='bbox 895 3554 994 3625; x_wconf 83' lang='grc' dir='ltr'>τὴν</span> <span class='ocrx_word' id='word_1_474' title='bbox 1044 3552 1359 3608; x_wconf 83' lang='grc' dir='ltr'>Βαϐυλῶνα.</span> <span class='ocrx_word' id='word_1_475' title='bbox 1407 3555 1571 3621; x_wconf 81' lang='grc' dir='ltr'>Λέγει</span> <span class='ocrx_word' id='word_1_476' title='bbox 1608 3553 1662 3606; x_wconf 87' lang='grc' dir='ltr'>δὲ</span> <span class='ocrx_word' id='word_1_477' title='bbox 1704 3555 1787 3607; x_wconf 85' lang='grc' dir='ltr'>ὅτι</span> 
     </span>
    </p>
   </div>
   <div class='ocr_carea' id='block_1_67' title="bbox 226 3645 1788 3719">
    <p class='ocr_par' dir='ltr' id='par_1_67' title="bbox 226 3645 1788 3719">
     <span class='ocr_line' id='line_1_67' title="bbox 226 3645 1788 3719; baseline -0.002 -18"><span class='ocrx_word' id='word_1_478' title='bbox 226 3648 330 3701; x_wconf 75' lang='grc' dir='ltr'><strong>Καὶ</strong></span> <span class='ocrx_word' id='word_1_479' title='bbox 373 3646 612 3719; x_wconf 80' lang='grc' dir='ltr'>ἀριθμὸν</span> <span class='ocrx_word' id='word_1_480' title='bbox 654 3645 881 3700; x_wconf 89' lang='grc' dir='ltr'>νικῶσιν</span> <span class='ocrx_word' id='word_1_481' title='bbox 907 3648 958 3699; x_wconf 84' lang='grc' dir='ltr'><strong>οἱ</strong></span> <span class='ocrx_word' id='word_1_482' title='bbox 1002 3647 1309 3716; x_wconf 83' lang='grc' dir='ltr'>δυσμενεῖς,</span> <span class='ocrx_word' id='word_1_483' title='bbox 1355 3646 1450 3700; x_wconf 78' lang='grc' dir='ltr'><strong>καὶ</strong></span> <span class='ocrx_word' id='word_1_484' title='bbox 1502 3646 1788 3718; x_wconf 76' lang='grc' dir='ltr'>δυναστείᾳ</span> 
     </span>
    </p>
   </div>
   <div class='ocr_carea' id='block_1_68' title="bbox 227 3736 1785 3810">
    <p class='ocr_par' dir='ltr' id='par_1_68' title="bbox 227 3736 1785 3810">
     <span class='ocr_line' id='line_1_68' title="bbox 227 3736 1785 3810; baseline -0.001 -19"><span class='ocrx_word' id='word_1_485' title='bbox 227 3739 584 3810; x_wconf 82' lang='grc' dir='ltr'>περίκεινται,</span> <span class='ocrx_word' id='word_1_486' title='bbox 607 3739 701 3792; x_wconf 78' lang='grc' dir='ltr'><strong>καὶ</strong></span> <span class='ocrx_word' id='word_1_487' title='bbox 727 3739 1123 3808; x_wconf 85' lang='grc' dir='ltr'>ἀπεχθάνονται</span> <span class='ocrx_word' id='word_1_488' title='bbox 1154 3739 1290 3808; x_wconf 86' lang='grc' dir='ltr'>πρός</span> <span class='ocrx_word' id='word_1_489' title='bbox 1324 3754 1414 3808; x_wconf 87' lang='grc' dir='ltr'><strong>με,</strong></span> <span class='ocrx_word' id='word_1_490' title='bbox 1450 3737 1628 3791; x_wconf 83' lang='grc' dir='ltr'>αἰτίαν</span> <span class='ocrx_word' id='word_1_491' title='bbox 1653 3736 1785 3806; x_wconf 79' lang='grc' dir='ltr'>ἐμοῦ</span> 
     </span>
    </p>
   </div>
   <div class='ocr_carea' id='block_1_69' title="bbox 230 3827 1784 3901">
    <p class='ocr_par' dir='ltr' id='par_1_69' title="bbox 230 3827 1784 3901">
     <span class='ocr_line' id='line_1_69' title="bbox 230 3827 1784 3901; baseline -0.004 -17"><span class='ocrx_word' id='word_1_492' title='bbox 230 3830 314 3884; x_wconf 83' lang='grc' dir='ltr'><strong>τοῦ</strong></span> <span class='ocrx_word' id='word_1_493' title='bbox 351 3831 545 3901; x_wconf 84' lang='grc' dir='ltr'>μίσους</span> <span class='ocrx_word' id='word_1_494' title='bbox 592 3830 653 3882; x_wconf 81' lang='grc' dir='ltr'><strong>οὐ</strong></span> <span class='ocrx_word' id='word_1_495' title='bbox 702 3828 1010 3891; x_wconf 87' lang='grc' dir='ltr'>δεδωκότος.</span> <span class='ocrx_word' id='word_1_496' title='bbox 1065 3848 1083 3880; x_wconf 86' lang='grc' dir='ltr'><strong>ι</strong></span> <span class='ocrx_word' id='word_1_497' title='bbox 1138 3830 1208 3881; x_wconf 70' lang='grc' dir='ltr'>Ἀ</span> <span class='ocrx_word' id='word_1_498' title='bbox 1250 3828 1295 3859; x_wconf 82' lang='grc'><strong>⁰⁹</strong></span> <span class='ocrx_word' id='word_1_499' title='bbox 1328 3828 1425 3897; x_wconf 78' lang='grc' dir='ltr'><strong>οὐχ</strong></span> <span class='ocrx_word' id='word_1_500' title='bbox 1454 3827 1699 3898; x_wconf 77' lang='grc' dir='ltr'>ἥρπαζον</span> <span class='ocrx_word' id='word_1_501' title='bbox 1744 3828 1784 3890; x_wconf 78' lang='grc' dir='ltr'><strong>ί,</strong></span> 
     </span>
    </p>
   </div>
   <div class='ocr_carea' id='block_1_70' title="bbox 227 3913 1783 3988">
    <p class='ocr_par' dir='ltr' id='par_1_70' title="bbox 227 3913 1783 3988">
     <span class='ocr_line' id='line_1_70' title="bbox 227 3913 1783 3988; baseline -0.003 -15"><span class='ocrx_word' id='word_1_502' title='bbox 227 3922 343 3974; x_wconf 79' lang='grc' dir='ltr'>τότε</span> <span class='ocrx_word' id='word_1_503' title='bbox 374 3920 719 3974; x_wconf 86' lang='grc' dir='ltr'>άπετίννυον.</span> <span class='ocrx_word' id='word_1_504' title='bbox 778 3937 797 3970; x_wconf 74' lang='grc' dir='ltr'><strong>ι</strong></span> <span class='ocrx_word' id='word_1_505' title='bbox 851 3913 950 3971; x_wconf 82' lang='grc' dir='ltr'>Ὧν</span> <span class='ocrx_word' id='word_1_506' title='bbox 985 3921 1084 3971; x_wconf 85' lang='grc' dir='ltr'><strong>οὐκ</strong></span> <span class='ocrx_word' id='word_1_507' title='bbox 1130 3920 1386 3988; x_wconf 81' lang='grc' dir='ltr'>ἠδίκησα,</span> <span class='ocrx_word' id='word_1_508' title='bbox 1426 3918 1582 3980; x_wconf 87' lang='grc' dir='ltr'>δίκας</span> <span class='ocrx_word' id='word_1_509' title='bbox 1622 3920 1641 3948; x_wconf 84' lang='grc'>²</span> <span class='ocrx_word' id='word_1_510' title='bbox 1675 3920 1783 3970; x_wconf 78' lang='lat' dir='ltr'><strong>sio-</strong></span> 
     </span>
    </p>
   </div>
   <div class='ocr_carea' id='block_1_71' title="bbox 230 4008 1790 4081">
    <p class='ocr_par' dir='ltr' id='par_1_71' title="bbox 230 4008 1790 4081">
     <span class='ocr_line' id='line_1_71' title="bbox 230 4008 1790 4081; baseline -0.001 -16"><span class='ocrx_word' id='word_1_511' title='bbox 230 4013 559 4081; x_wconf 79' lang='grc' dir='ltr'>πράττομαι.</span> <span class='ocrx_word' id='word_1_512' title='bbox 609 4012 683 4064; x_wconf 80' lang='grc' dir='ltr'><strong>Οὐ</strong></span> <span class='ocrx_word' id='word_1_513' title='bbox 714 4011 735 4042; x_wconf 88' lang='grc'>³</span> <span class='ocrx_word' id='word_1_514' title='bbox 764 4010 873 4081; x_wconf 84' lang='grc' dir='ltr'><strong>γάρ</strong></span> <span class='ocrx_word' id='word_1_515' title='bbox 899 4010 973 4073; x_wconf 87' lang='grc' dir='ltr'>ὼς</span> <span class='ocrx_word' id='word_1_516' title='bbox 1003 4009 1208 4081; x_wconf 78' lang='grc' dir='ltr'>ἅρπαξ,</span> <span class='ocrx_word' id='word_1_517' title='bbox 1238 4010 1270 4080; x_wconf 84' lang='grc' dir='ltr'>ἢ</span> <span class='ocrx_word' id='word_1_518' title='bbox 1304 4009 1592 4080; x_wconf 80' lang='grc' dir='ltr'>ἀδικήσας,</span> <span class='ocrx_word' id='word_1_519' title='bbox 1626 4008 1790 4079; x_wconf 78' lang='grc' dir='ltr'>φησὶν</span> 
     </span>
    </p>
   </div>
   <div class='ocr_carea' id='block_1_72' title="bbox 229 4100 1561 4172">
    <p class='ocr_par' dir='ltr' id='par_1_72' title="bbox 229 4100 1561 4172">
     <span class='ocr_line' id='line_1_72' title="bbox 229 4100 1561 4172; baseline 0 -17"><span class='ocrx_word' id='word_1_520' title='bbox 229 4105 255 4156; x_wconf 90' lang='grc' dir='ltr'><strong>ό</strong></span> <span class='ocrx_word' id='word_1_521' title='bbox 285 4104 435 4167; x_wconf 83' lang='grc' dir='ltr'>λαὸς.</span> <span class='ocrx_word' id='word_1_522' title='bbox 469 4102 641 4156; x_wconf 88' lang='grc' dir='ltr'>ταῦτα</span> <span class='ocrx_word' id='word_1_523' title='bbox 667 4100 1163 4172; x_wconf 77' lang='grc' dir='ltr'>ἐξηνδραπόδισμαι</span> <span class='ocrx_word' id='word_1_524' title='bbox 1194 4100 1327 4172; x_wconf 80' lang='grc' dir='ltr'>παρ’</span> <span class='ocrx_word' id='word_1_525' title='bbox 1357 4100 1561 4155; x_wconf 78' lang='grc' dir='ltr'>αὐτῶν.</span> 
     </span>
    </p>
   </div>
   <div class='ocr_carea' id='block_1_73' title="bbox 296 4192 1790 4266">
    <p class='ocr_par' dir='ltr' id='par_1_73' title="bbox 296 4192 1790 4266">
     <span class='ocr_line' id='line_1_73' title="bbox 296 4192 1790 4266; baseline 0.001 -18"><span class='ocrx_word' id='word_1_526' title='bbox 296 4194 371 4261; x_wconf 82' lang='grc' dir='ltr'>ς’.</span> <span class='ocrx_word' id='word_1_527' title='bbox 422 4214 441 4246; x_wconf 74' lang='grc' dir='ltr'><strong>ι</strong></span> <span class='ocrx_word' id='word_1_528' title='bbox 478 4195 537 4247; x_wconf 86' lang='lat'><strong>&#39;0</strong></span> <span class='ocrx_word' id='word_1_529' title='bbox 566 4194 717 4257; x_wconf 77' lang='grc' dir='ltr'>Θεὸς,</span> <span class='ocrx_word' id='word_1_530' title='bbox 754 4194 818 4246; x_wconf 84' lang='grc' dir='ltr'><strong>σὺ</strong></span> <span class='ocrx_word' id='word_1_531' title='bbox 853 4193 1025 4261; x_wconf 77' lang='grc' dir='ltr'>ἔγνως</span> <span class='ocrx_word' id='word_1_532' title='bbox 1056 4194 1155 4264; x_wconf 80' lang='grc' dir='ltr'>τὴν</span> <span class='ocrx_word' id='word_1_533' title='bbox 1182 4192 1492 4266; x_wconf 78' lang='grc' dir='ltr'>ἀφροσύνην</span> <span class='ocrx_word' id='word_1_534' title='bbox 1524 4212 1624 4264; x_wconf 90' lang='grc' dir='ltr'><strong>μου</strong></span> <span class='ocrx_word' id='word_1_535' title='bbox 1646 4210 1659 4225; x_wconf 76' lang='grc'><strong>⁸</strong></span> <span class='ocrx_word' id='word_1_536' title='bbox 1696 4196 1790 4249; x_wconf 78' lang='grc' dir='ltr'>καὶ</span> 
     </span>
    </p>
   </div>
   <div class='ocr_carea' id='block_1_74' title="bbox 230 4285 1783 4359">
    <p class='ocr_par' dir='ltr' id='par_1_74' title="bbox 230 4285 1783 4359">
     <span class='ocr_line' id='line_1_74' title="bbox 230 4285 1783 4359; baseline 0 -18"><span class='ocrx_word' id='word_1_537' title='bbox 230 4287 282 4341; x_wconf 85' lang='grc' dir='ltr'><strong>αί</strong></span> <span class='ocrx_word' id='word_1_538' title='bbox 310 4287 682 4358; x_wconf 75' lang='grc' dir='ltr'>πλημμέλειαι</span> <span class='ocrx_word' id='word_1_539' title='bbox 718 4304 819 4358; x_wconf 86' lang='grc' dir='ltr'><strong>μου</strong></span> <span class='ocrx_word' id='word_1_540' title='bbox 865 4285 972 4340; x_wconf 87' lang='grc' dir='ltr'><strong>ἀπὸ</strong></span> <span class='ocrx_word' id='word_1_541' title='bbox 1021 4286 1113 4340; x_wconf 90' lang='grc' dir='ltr'><strong>σοῦ</strong></span> <span class='ocrx_word' id='word_1_542' title='bbox 1157 4287 1257 4340; x_wconf 84' lang='grc' dir='ltr'><strong>οὐκ</strong></span> <span class='ocrx_word' id='word_1_543' title='bbox 1298 4288 1706 4359; x_wconf 81' lang='grc' dir='ltr'>ἀπεκρύϐησαν.</span> <span class='ocrx_word' id='word_1_544' title='bbox 1764 4307 1783 4341; x_wconf 74' lang='grc' dir='ltr'>ι</span> 
     </span>
    </p>
   </div>
   <div class='ocr_carea' id='block_1_75' title="bbox 1844 3187 3447 3257">
    <p class='ocr_par' dir='ltr' id='par_1_75' title="bbox 1844 3187 3447 3257">
     <span class='ocr_line' id='line_1_75' title="bbox 1844 3187 3447 3257; baseline -0.016 0"><span class='ocrx_word' id='word_1_545' title='bbox 1844 3210 1849 3218; x_wconf 88' lang='grc'><strong>’</strong></span> <span class='ocrx_word' id='word_1_546' title='bbox 1888 3202 2074 3257; x_wconf 90' lang='lat' dir='ltr'><strong>diosus</strong></span> <span class='ocrx_word' id='word_1_547' title='bbox 2097 3213 2257 3254; x_wconf 89' lang='lat' dir='ltr'><strong>nemo</strong></span> <span class='ocrx_word' id='word_1_548' title='bbox 2283 3194 2576 3257; x_wconf 81' lang='lat' dir='ltr'><strong>existimet,</strong></span> <span class='ocrx_word' id='word_1_549' title='bbox 2604 3192 2750 3246; x_wconf 89' lang='lat' dir='ltr'><strong>dicta</strong></span> <span class='ocrx_word' id='word_1_550' title='bbox 2783 3190 2884 3245; x_wconf 88' lang='lat' dir='ltr'><strong>ista</strong></span> <span class='ocrx_word' id='word_1_551' title='bbox 2918 3187 3085 3242; x_wconf 79' lang='lat' dir='ltr'><strong>fuisse</strong></span> <span class='ocrx_word' id='word_1_552' title='bbox 3118 3200 3183 3239; x_wconf 73' lang='lat' dir='ltr'><strong>ex</strong></span> <span class='ocrx_word' id='word_1_553' title='bbox 3217 3194 3447 3252; x_wconf 82' lang='lat' dir='ltr'><strong>persona</strong></span> 
     </span>
    </p>
   </div>
   <div class='ocr_carea' id='block_1_76' title="bbox 1892 3268 3447 3347">
    <p class='ocr_par' dir='ltr' id='par_1_76' title="bbox 1892 3268 3447 3347">
     <span class='ocr_line' id='line_1_76' title="bbox 1892 3268 3447 3347; baseline -0.015 -1"><span class='ocrx_word' id='word_1_554' title='bbox 1892 3290 1983 3347; x_wconf 89' lang='lat' dir='ltr'><strong>Dei</strong></span> <span class='ocrx_word' id='word_1_555' title='bbox 2011 3301 2066 3345; x_wconf 85' lang='lat' dir='ltr'><strong>et</strong></span> <span class='ocrx_word' id='word_1_556' title='bbox 2105 3286 2420 3342; x_wconf 87' lang='lat' dir='ltr'><strong>Salvatoris.</strong></span> <span class='ocrx_word' id='word_1_557' title='bbox 2449 3282 2567 3337; x_wconf 86' lang='lat' dir='ltr'><strong>Non</strong></span> <span class='ocrx_word' id='word_1_558' title='bbox 2604 3282 2747 3337; x_wconf 91' lang='lat' dir='ltr'><strong>enim</strong></span> <span class='ocrx_word' id='word_1_559' title='bbox 2782 3280 2922 3333; x_wconf 89' lang='lat' dir='ltr'><strong>dicta</strong></span> <span class='ocrx_word' id='word_1_560' title='bbox 2949 3286 3109 3338; x_wconf 89' lang='lat' dir='ltr'><strong>sunt,</strong></span> <span class='ocrx_word' id='word_1_561' title='bbox 3142 3282 3201 3328; x_wconf 94' lang='lat' dir='ltr'><strong>ut</strong></span> <span class='ocrx_word' id='word_1_562' title='bbox 3228 3289 3257 3326; x_wconf 90' lang='lat' dir='ltr'><strong>a</strong></span> <span class='ocrx_word' id='word_1_563' title='bbox 3289 3268 3447 3325; x_wconf 89' lang='lat' dir='ltr'><strong>nobis</strong></span> 
     </span>
    </p>
   </div>
   <div class='ocr_carea' id='block_1_77' title="bbox 1886 3360 3449 3453">
    <p class='ocr_par' dir='ltr' id='par_1_77' title="bbox 1886 3360 3449 3453">
     <span class='ocr_line' id='line_1_77' title="bbox 1886 3360 3449 3453; baseline -0.017 -13"><span class='ocrx_word' id='word_1_564' title='bbox 1886 3381 2137 3453; x_wconf 88' lang='lat' dir='ltr'><strong>superius</strong></span> <span class='ocrx_word' id='word_1_565' title='bbox 2160 3378 2456 3433; x_wconf 84' lang='lat' dir='ltr'><strong>indicatum</strong></span> <span class='ocrx_word' id='word_1_566' title='bbox 2485 3385 2585 3439; x_wconf 81' lang='lat' dir='ltr'><strong>est,</strong></span> <span class='ocrx_word' id='word_1_567' title='bbox 2618 3373 2723 3427; x_wconf 90' lang='lat' dir='ltr'><strong>nisi</strong></span> <span class='ocrx_word' id='word_1_568' title='bbox 2755 3387 2820 3425; x_wconf 78' lang='lat' dir='ltr'><strong>ex</strong></span> <span class='ocrx_word' id='word_1_569' title='bbox 2871 3383 3101 3439; x_wconf 87' lang='lat' dir='ltr'><strong>persona</strong></span> <span class='ocrx_word' id='word_1_570' title='bbox 3130 3378 3315 3419; x_wconf 89' lang='lat' dir='ltr'><strong>eorum</strong></span> <span class='ocrx_word' id='word_1_571' title='bbox 3356 3360 3449 3429; x_wconf 87' lang='lat' dir='ltr'><strong>qui</strong></span> 
     </span>
    </p>
   </div>
   <div class='ocr_carea' id='block_1_78' title="bbox 1886 3461 3446 3546">
    <p class='ocr_par' dir='ltr' id='par_1_78' title="bbox 1886 3461 3446 3546">
     <span class='ocr_line' id='line_1_78' title="bbox 1886 3461 3446 3546; baseline -0.015 -11"><span class='ocrx_word' id='word_1_572' title='bbox 1886 3496 1951 3536; x_wconf 81' lang='lat' dir='ltr'><strong>ex</strong></span> <span class='ocrx_word' id='word_1_573' title='bbox 1981 3476 2353 3546; x_wconf 81' lang='lat' dir='ltr'><strong>Hierosolyma</strong></span> <span class='ocrx_word' id='word_1_574' title='bbox 2400 3472 2600 3541; x_wconf 89' lang='lat' dir='ltr'><strong>captivi</strong></span> <span class='ocrx_word' id='word_1_575' title='bbox 2638 3469 2783 3525; x_wconf 88' lang='lat' dir='ltr'><strong>ducti</strong></span> <span class='ocrx_word' id='word_1_576' title='bbox 2828 3466 3043 3521; x_wconf 80' lang='lat' dir='ltr'><strong>fuerant</strong></span> <span class='ocrx_word' id='word_1_577' title='bbox 3101 3461 3446 3532; x_wconf 79' lang='lat' dir='ltr'><strong>Babylonem.</strong></span> 
     </span>
    </p>
   </div>
   <div class='ocr_carea' id='block_1_79' title="bbox 1886 3556 3450 3631">
    <p class='ocr_par' dir='ltr' id='par_1_79' title="bbox 1886 3556 3450 3631">
     <span class='ocr_line' id='line_1_79' title="bbox 1886 3556 3450 3631; baseline -0.015 -6"><span class='ocrx_word' id='word_1_578' title='bbox 1886 3570 1977 3625; x_wconf 86' lang='lat' dir='ltr'><strong>Ait</strong></span> <span class='ocrx_word' id='word_1_579' title='bbox 2020 3576 2200 3622; x_wconf 90' lang='lat' dir='ltr'><strong>autem</strong></span> <span class='ocrx_word' id='word_1_580' title='bbox 2229 3607 2244 3631; x_wconf 88' lang='lat'><strong>,</strong></span> <span class='ocrx_word' id='word_1_581' title='bbox 2283 3563 2346 3617; x_wconf 87' lang='lat' dir='ltr'><strong>Et</strong></span> <span class='ocrx_word' id='word_1_582' title='bbox 2380 3576 2664 3617; x_wconf 91' lang='lat' dir='ltr'><strong>numerum</strong></span> <span class='ocrx_word' id='word_1_583' title='bbox 2703 3566 2959 3627; x_wconf 84' lang='lat' dir='ltr'><strong>superant</strong></span> <span class='ocrx_word' id='word_1_584' title='bbox 2990 3556 3207 3614; x_wconf 87' lang='lat' dir='ltr'><strong>hostes,</strong></span> <span class='ocrx_word' id='word_1_585' title='bbox 3245 3560 3298 3603; x_wconf 91' lang='lat' dir='ltr'><strong>et</strong></span> <span class='ocrx_word' id='word_1_586' title='bbox 3333 3563 3450 3602; x_wconf 85' lang='lat' dir='ltr'><strong>ma-</strong></span> 
     </span>
    </p>
   </div>
   <div class='ocr_carea' id='block_1_80' title="bbox 1887 3650 3447 3731">
    <p class='ocr_par' dir='ltr' id='par_1_80' title="bbox 1887 3650 3447 3731">
     <span class='ocr_line' id='line_1_80' title="bbox 1887 3650 3447 3731; baseline -0.015 -17"><span class='ocrx_word' id='word_1_587' title='bbox 1887 3676 2043 3731; x_wconf 79' lang='lat' dir='ltr'><strong>gnam</strong></span> <span class='ocrx_word' id='word_1_588' title='bbox 2077 3658 2276 3712; x_wconf 85' lang='lat' dir='ltr'><strong>habent</strong></span> <span class='ocrx_word' id='word_1_589' title='bbox 2307 3653 2625 3724; x_wconf 90' lang='lat' dir='ltr'><strong>potentiam,</strong></span> <span class='ocrx_word' id='word_1_590' title='bbox 2658 3659 2712 3704; x_wconf 90' lang='lat' dir='ltr'><strong>et</strong></span> <span class='ocrx_word' id='word_1_591' title='bbox 2745 3650 2871 3704; x_wconf 87' lang='lat' dir='ltr'><strong>odio</strong></span> <span class='ocrx_word' id='word_1_592' title='bbox 2910 3662 2994 3700; x_wconf 89' lang='lat' dir='ltr'><strong>me</strong></span> <span class='ocrx_word' id='word_1_593' title='bbox 3026 3650 3447 3714; x_wconf 88' lang='lat' dir='ltr'><strong>prosequuntur,</strong></span> 
     </span>
    </p>
   </div>
   <div class='ocr_carea' id='block_1_81' title="bbox 1888 3733 3451 3810">
    <p class='ocr_par' dir='ltr' id='par_1_81' title="bbox 1888 3733 3451 3810">
     <span class='ocr_line' id='line_1_81' title="bbox 1888 3733 3451 3810; baseline -0.013 -9"><span class='ocrx_word' id='word_1_594' title='bbox 1888 3748 2007 3801; x_wconf 82' lang='lat' dir='ltr'><strong>licet</strong></span> <span class='ocrx_word' id='word_1_595' title='bbox 2047 3746 2157 3801; x_wconf 90' lang='lat' dir='ltr'><strong>odii</strong></span> <span class='ocrx_word' id='word_1_596' title='bbox 2200 3758 2422 3798; x_wconf 86' lang='lat' dir='ltr'><strong>causam</strong></span> <span class='ocrx_word' id='word_1_597' title='bbox 2474 3741 2607 3810; x_wconf 90' lang='lat' dir='ltr'><strong>ipsis</strong></span> <span class='ocrx_word' id='word_1_598' title='bbox 2652 3755 2761 3793; x_wconf 90' lang='lat' dir='ltr'><strong>non</strong></span> <span class='ocrx_word' id='word_1_599' title='bbox 2800 3736 3060 3792; x_wconf 87' lang='lat' dir='ltr'><strong>dederim.</strong></span> <span class='ocrx_word' id='word_1_600' title='bbox 3115 3752 3133 3784; x_wconf 78' lang='grc' dir='ltr'>ι</span> <span class='ocrx_word' id='word_1_601' title='bbox 3166 3733 3297 3797; x_wconf 64' lang='grc' dir='ltr'>ροβε</span> <span class='ocrx_word' id='word_1_602' title='bbox 3340 3742 3451 3783; x_wconf 89' lang='lat' dir='ltr'><strong>non</strong></span> 
     </span>
    </p>
   </div>
   <div class='ocr_carea' id='block_1_82' title="bbox 1888 3825 3452 3908">
    <p class='ocr_par' dir='ltr' id='par_1_82' title="bbox 1888 3825 3452 3908">
     <span class='ocr_line' id='line_1_82' title="bbox 1888 3825 3452 3908; baseline -0.011 -16"><span class='ocrx_word' id='word_1_603' title='bbox 1888 3837 2062 3908; x_wconf 91' lang='lat' dir='ltr'><strong>rapui,</strong></span> <span class='ocrx_word' id='word_1_604' title='bbox 2098 3845 2227 3889; x_wconf 86' lang='lat' dir='ltr'><strong>tunc</strong></span> <span class='ocrx_word' id='word_1_605' title='bbox 2253 3833 2619 3888; x_wconf 76' lang='lat' dir='ltr'><strong>exsolvebam.</strong></span> <span class='ocrx_word' id='word_1_606' title='bbox 2652 3850 2670 3882; x_wconf 76' lang='grc' dir='ltr'>ι</span> <span class='ocrx_word' id='word_1_607' title='bbox 2709 3829 2904 3882; x_wconf 87' lang='lat' dir='ltr'><strong>Earum</strong></span> <span class='ocrx_word' id='word_1_608' title='bbox 2937 3825 3284 3893; x_wconf 73' lang='lat' dir='ltr'><strong>iniuriarum,</strong></span> <span class='ocrx_word' id='word_1_609' title='bbox 3312 3834 3452 3891; x_wconf 89' lang='lat' dir='ltr'><strong>quas</strong></span> 
     </span>
    </p>
   </div>
   <div class='ocr_carea' id='block_1_83' title="bbox 1890 3912 3452 3992">
    <p class='ocr_par' dir='ltr' id='par_1_83' title="bbox 1890 3912 3452 3992">
     <span class='ocr_line' id='line_1_83' title="bbox 1890 3912 3452 3992; baseline -0.012 -9"><span class='ocrx_word' id='word_1_610' title='bbox 1890 3945 1996 3983; x_wconf 91' lang='lat' dir='ltr'><strong>non</strong></span> <span class='ocrx_word' id='word_1_611' title='bbox 2031 3927 2225 3988; x_wconf 88' lang='lat' dir='ltr'><strong>intuli,</strong></span> <span class='ocrx_word' id='word_1_612' title='bbox 2261 3925 2461 3992; x_wconf 87' lang='lat' dir='ltr'><strong>injuste</strong></span> <span class='ocrx_word' id='word_1_613' title='bbox 2500 3937 2693 3991; x_wconf 65' lang='lat' dir='ltr'><strong>poenas</strong></span> <span class='ocrx_word' id='word_1_614' title='bbox 2721 3922 2830 3973; x_wconf 83' lang='lat' dir='ltr'><strong>Iun.</strong></span> <span class='ocrx_word' id='word_1_615' title='bbox 2862 3918 2981 3972; x_wconf 86' lang='lat' dir='ltr'><strong>Non</strong></span> <span class='ocrx_word' id='word_1_616' title='bbox 3016 3918 3161 3971; x_wconf 91' lang='lat' dir='ltr'><strong>enim</strong></span> <span class='ocrx_word' id='word_1_617' title='bbox 3197 3930 3333 3985; x_wconf 81' lang='lat' dir='ltr'><strong>ego,</strong></span> <span class='ocrx_word' id='word_1_618' title='bbox 3375 3912 3452 3967; x_wconf 89' lang='lat' dir='ltr'><strong>ait</strong></span> 
     </span>
    </p>
   </div>
   <div class='ocr_carea' id='block_1_84' title="bbox 1889 4006 3449 4092">
    <p class='ocr_par' dir='ltr' id='par_1_84' title="bbox 1889 4006 3449 4092">
     <span class='ocr_line' id='line_1_84' title="bbox 1889 4006 3449 4092; baseline -0.009 -18"><span class='ocrx_word' id='word_1_619' title='bbox 1889 4021 2137 4092; x_wconf 88' lang='lat' dir='ltr'><strong>populus,</strong></span> <span class='ocrx_word' id='word_1_620' title='bbox 2179 4027 2238 4071; x_wconf 93' lang='lat' dir='ltr'><strong>ut</strong></span> <span class='ocrx_word' id='word_1_621' title='bbox 2266 4032 2450 4085; x_wconf 72' lang='lat' dir='ltr'><strong>rapax,</strong></span> <span class='ocrx_word' id='word_1_622' title='bbox 2488 4026 2581 4070; x_wconf 89' lang='lat' dir='ltr'><strong>aut</strong></span> <span class='ocrx_word' id='word_1_623' title='bbox 2620 4013 2835 4083; x_wconf 79' lang='lat'><strong>1078</strong></span> <span class='ocrx_word' id='word_1_624' title='bbox 2872 4010 3019 4080; x_wconf 86' lang='lat' dir='ltr'><strong>prior</strong></span> <span class='ocrx_word' id='word_1_625' title='bbox 3045 4008 3193 4078; x_wconf 88' lang='lat' dir='ltr'><strong>ipsos</strong></span> <span class='ocrx_word' id='word_1_626' title='bbox 3231 4006 3449 4070; x_wconf 62' lang='lat' dir='ltr'><strong>ladens,</strong></span> 
     </span>
    </p>
   </div>
   <div class='ocr_carea' id='block_1_85' title="bbox 1888 4105 2986 4165">
    <p class='ocr_par' dir='ltr' id='par_1_85' title="bbox 1888 4105 2986 4165">
     <span class='ocr_line' id='line_1_85' title="bbox 1888 4105 2986 4165; baseline -0.014 0"><span class='ocrx_word' id='word_1_627' title='bbox 1888 4112 1955 4165; x_wconf 86' lang='lat' dir='ltr'><strong>ab</strong></span> <span class='ocrx_word' id='word_1_628' title='bbox 1984 4110 2090 4163; x_wconf 93' lang='lat' dir='ltr'><strong>illis</strong></span> <span class='ocrx_word' id='word_1_629' title='bbox 2120 4109 2171 4161; x_wconf 92' lang='lat' dir='ltr'><strong>in</strong></span> <span class='ocrx_word' id='word_1_630' title='bbox 2207 4108 2523 4162; x_wconf 86' lang='lat' dir='ltr'><strong>servitutem</strong></span> <span class='ocrx_word' id='word_1_631' title='bbox 2560 4105 2813 4158; x_wconf 86' lang='lat' dir='ltr'><strong>redactus</strong></span> <span class='ocrx_word' id='word_1_632' title='bbox 2843 4116 2986 4155; x_wconf 91' lang='lat' dir='ltr'><strong>sum.</strong></span> 
     </span>
    </p>
   </div>
   <div class='ocr_carea' id='block_1_86' title="bbox 1960 4190 3454 4261">
    <p class='ocr_par' dir='ltr' id='par_1_86' title="bbox 1960 4190 3454 4261">
     <span class='ocr_line' id='line_1_86' title="bbox 1960 4190 3454 4261; baseline -0.013 -6"><span class='ocrx_word' id='word_1_633' title='bbox 1960 4200 2124 4255; x_wconf 74' lang='lat' dir='ltr'><strong>Vsus.</strong></span> <span class='ocrx_word' id='word_1_634' title='bbox 2155 4200 2209 4252; x_wconf 84' lang='lat'><em>6.</em></span> <span class='ocrx_word' id='word_1_635' title='bbox 2251 4218 2268 4249; x_wconf 78' lang='grc' dir='ltr'><strong>ι</strong></span> <span class='ocrx_word' id='word_1_636' title='bbox 2306 4198 2468 4259; x_wconf 88' lang='lat' dir='ltr'><strong>Deus,</strong></span> <span class='ocrx_word' id='word_1_637' title='bbox 2517 4204 2574 4250; x_wconf 93' lang='lat' dir='ltr'><strong>tu</strong></span> <span class='ocrx_word' id='word_1_638' title='bbox 2620 4196 2728 4250; x_wconf 89' lang='lat' dir='ltr'><strong>scis</strong></span> <span class='ocrx_word' id='word_1_639' title='bbox 2765 4191 3127 4261; x_wconf 88' lang='lat' dir='ltr'><strong>insipientiam</strong></span> <span class='ocrx_word' id='word_1_640' title='bbox 3148 4201 3354 4247; x_wconf 87' lang='lat' dir='ltr'><strong>meam,</strong></span> <span class='ocrx_word' id='word_1_641' title='bbox 3400 4190 3454 4237; x_wconf 89' lang='lat' dir='ltr'><strong>et</strong></span> 
     </span>
    </p>
   </div>
   <div class='ocr_carea' id='block_1_87' title="bbox 1889 4277 3457 4350">
    <p class='ocr_par' dir='ltr' id='par_1_87' title="bbox 1889 4277 3457 4350">
     <span class='ocr_line' id='line_1_87' title="bbox 1889 4277 3457 4350; baseline -0.013 -3"><span class='ocrx_word' id='word_1_642' title='bbox 1889 4293 2083 4350; x_wconf 90' lang='lat' dir='ltr'><strong>delicta</strong></span> <span class='ocrx_word' id='word_1_643' title='bbox 2117 4306 2235 4346; x_wconf 86' lang='lat' dir='ltr'><strong>mea</strong></span> <span class='ocrx_word' id='word_1_644' title='bbox 2264 4306 2292 4344; x_wconf 90' lang='lat' dir='ltr'><strong>a</strong></span> <span class='ocrx_word' id='word_1_645' title='bbox 2323 4302 2374 4345; x_wconf 91' lang='lat' dir='ltr'><strong>te</strong></span> <span class='ocrx_word' id='word_1_646' title='bbox 2402 4304 2510 4342; x_wconf 91' lang='lat' dir='ltr'><strong>non</strong></span> <span class='ocrx_word' id='word_1_647' title='bbox 2540 4296 2671 4341; x_wconf 90' lang='lat' dir='ltr'><strong>sunt</strong></span> <span class='ocrx_word' id='word_1_648' title='bbox 2700 4283 3042 4339; x_wconf 88' lang='lat' dir='ltr'><strong>abscondita.</strong></span> <span class='ocrx_word' id='word_1_649' title='bbox 3075 4300 3094 4333; x_wconf 71' lang='grc' dir='ltr'>ι</span> <span class='ocrx_word' id='word_1_650' title='bbox 3146 4277 3341 4333; x_wconf 87' lang='lat' dir='ltr'><strong>Omnia</strong></span> <span class='ocrx_word' id='word_1_651' title='bbox 3364 4315 3380 4339; x_wconf 89' lang='lat'><strong>,</strong></span> <span class='ocrx_word' id='word_1_652' title='bbox 3420 4291 3457 4328; x_wconf 90' lang='lat' dir='ltr'><strong>o</strong></span> 
     </span>
    </p>
   </div>
   <div class='ocr_carea' id='block_1_88' title="bbox 3299 327 3547 395">
    <p class='ocr_par' dir='ltr' id='par_1_88' title="bbox 3299 327 3547 395">
     <span class='ocr_line' id='line_1_88' title="bbox 3299 327 3547 395; baseline -0.044 -3"><span class='ocrx_word' id='word_1_653' title='bbox 3299 327 3435 395; x_wconf 76' lang='grc'><strong>1402</strong></span> <span class='ocrx_word' id='word_1_654' title='bbox 3543 377 3547 381; x_wconf 87' lang='grc'><strong>.</strong></span> 
     </span>
    </p>
   </div>
   <div class='ocr_carea' id='block_1_89' title="bbox 230 4370 1782 4450">
    <p class='ocr_par' dir='ltr' id='par_1_89' title="bbox 230 4379 1782 4450">
     <span class='ocr_line' id='line_1_89' title="bbox 230 4379 1782 4450; baseline 0 -15"><span class='ocrx_word' id='word_1_655' title='bbox 230 4381 435 4443; x_wconf 86' lang='grc' dir='ltr'>Πάντα,</span> <span class='ocrx_word' id='word_1_656' title='bbox 468 4380 732 4445; x_wconf 87' lang='grc' dir='ltr'>Δέσποτα,</span> <span class='ocrx_word' id='word_1_657' title='bbox 768 4380 832 4432; x_wconf 84' lang='grc' dir='ltr'><strong>σὺ</strong></span> <span class='ocrx_word' id='word_1_658' title='bbox 865 4379 1173 4447; x_wconf 88' lang='grc' dir='ltr'>γινώσκεις,</span> <span class='ocrx_word' id='word_1_659' title='bbox 1204 4380 1300 4433; x_wconf 72' lang='grc' dir='ltr'><strong>καὶ</strong></span> <span class='ocrx_word' id='word_1_660' title='bbox 1333 4380 1603 4450; x_wconf 80' lang='grc' dir='ltr'>λέληθέσε</span> <span class='ocrx_word' id='word_1_661' title='bbox 1643 4397 1782 4449; x_wconf 91' lang='grc' dir='ltr'>γινο-</span> 
     </span>
    </p>
   </div>
   <div class='ocr_carea' id='block_1_90' title="bbox 1888 4370 3453 4450">
    <p class='ocr_par' dir='ltr' id='par_1_90' title="bbox 1891 4370 3453 4449">
     <span class='ocr_line' id='line_1_90' title="bbox 1891 4370 3453 4449; baseline -0.012 -11"><span class='ocrx_word' id='word_1_662' title='bbox 1891 4384 2149 4447; x_wconf 89' lang='lat' dir='ltr'><strong>Domine,</strong></span> <span class='ocrx_word' id='word_1_663' title='bbox 2187 4392 2242 4436; x_wconf 91' lang='lat' dir='ltr'><strong>tu</strong></span> <span class='ocrx_word' id='word_1_664' title='bbox 2272 4379 2558 4449; x_wconf 77' lang='lat' dir='ltr'><strong>cognoscis</strong></span> <span class='ocrx_word' id='word_1_665' title='bbox 2579 4418 2594 4442; x_wconf 94' lang='lat'><strong>,</strong></span> <span class='ocrx_word' id='word_1_666' title='bbox 2625 4387 2680 4432; x_wconf 87' lang='lat' dir='ltr'><strong>et</strong></span> <span class='ocrx_word' id='word_1_667' title='bbox 2709 4377 2843 4431; x_wconf 90' lang='lat' dir='ltr'><strong>nihil</strong></span> <span class='ocrx_word' id='word_1_668' title='bbox 2876 4389 3063 4429; x_wconf 90' lang='lat' dir='ltr'><strong>eorum</strong></span> <span class='ocrx_word' id='word_1_669' title='bbox 3088 4412 3102 4437; x_wconf 95' lang='lat'><strong>,</strong></span> <span class='ocrx_word' id='word_1_670' title='bbox 3135 4385 3255 4440; x_wconf 69' lang='lat' dir='ltr'><strong>quae</strong></span> <span class='ocrx_word' id='word_1_671' title='bbox 3283 4370 3453 4430; x_wconf 85' lang='lat' dir='ltr'><strong>ﬁunt,</strong></span> 
     </span>
    </p>
   </div>
   <div class='ocr_carea' id='block_1_91' title="bbox 233 4461 1782 4545">
    <p class='ocr_par' dir='ltr' id='par_1_91' title="bbox 233 4467 1782 4542">
     <span class='ocr_line' id='line_1_91' title="bbox 233 4467 1782 4542; baseline 0.001 -17"><span class='ocrx_word' id='word_1_672' title='bbox 233 4473 409 4542; x_wconf 82' lang='grc' dir='ltr'>μένων</span> <span class='ocrx_word' id='word_1_673' title='bbox 433 4472 455 4504; x_wconf 73' lang='grc'><strong>’⁵</strong></span> <span class='ocrx_word' id='word_1_674' title='bbox 476 4472 648 4526; x_wconf 79' lang='grc' dir='ltr'>οὐδέν.</span> <span class='ocrx_word' id='word_1_675' title='bbox 678 4467 840 4534; x_wconf 67' lang='grc' dir='ltr'>Οἶδας</span> <span class='ocrx_word' id='word_1_676' title='bbox 864 4468 1178 4541; x_wconf 88' lang='grc' dir='ltr'>τοιγαροῦν,</span> <span class='ocrx_word' id='word_1_677' title='bbox 1208 4469 1285 4534; x_wconf 89' lang='grc' dir='ltr'><strong>ώς</strong></span> <span class='ocrx_word' id='word_1_678' title='bbox 1318 4472 1397 4536; x_wconf 89' lang='grc' dir='ltr'><strong>είς</strong></span> <span class='ocrx_word' id='word_1_679' title='bbox 1421 4472 1661 4536; x_wconf 81' lang='grc' dir='ltr'>ἐκείνους</span> <span class='ocrx_word' id='word_1_680' title='bbox 1687 4473 1782 4542; x_wconf 83' lang='grc' dir='ltr'><strong>μὲν</strong></span> 
     </span>
    </p>
   </div>
   <div class='ocr_carea' id='block_1_92' title="bbox 1888 4461 3454 4545">
    <p class='ocr_par' dir='ltr' id='par_1_92' title="bbox 1890 4461 3454 4545">
     <span class='ocr_line' id='line_1_92' title="bbox 1890 4461 3454 4545; baseline -0.014 -12"><span class='ocrx_word' id='word_1_681' title='bbox 1890 4487 1942 4534; x_wconf 87' lang='lat' dir='ltr'><strong>te</strong></span> <span class='ocrx_word' id='word_1_682' title='bbox 1989 4478 2139 4532; x_wconf 88' lang='lat' dir='ltr'><strong>latet.</strong></span> <span class='ocrx_word' id='word_1_683' title='bbox 2180 4475 2300 4531; x_wconf 86' lang='lat' dir='ltr'><strong>Scis</strong></span> <span class='ocrx_word' id='word_1_684' title='bbox 2329 4475 2525 4545; x_wconf 83' lang='lat' dir='ltr'><strong>igitur,</strong></span> <span class='ocrx_word' id='word_1_685' title='bbox 2575 4486 2661 4525; x_wconf 92' lang='lat' dir='ltr'><strong>me</strong></span> <span class='ocrx_word' id='word_1_686' title='bbox 2706 4472 2758 4525; x_wconf 91' lang='lat' dir='ltr'><strong>in</strong></span> <span class='ocrx_word' id='word_1_687' title='bbox 2790 4469 2910 4523; x_wconf 89' lang='lat' dir='ltr'><strong>illos</strong></span> <span class='ocrx_word' id='word_1_688' title='bbox 2938 4466 3072 4521; x_wconf 90' lang='lat' dir='ltr'><strong>nihil</strong></span> <span class='ocrx_word' id='word_1_689' title='bbox 3097 4461 3454 4524; x_wconf 87' lang='lat' dir='ltr'><strong>commisisse,</strong></span> 
     </span>
    </p>
   </div>
   <div class='ocr_carea' id='block_1_93' title="bbox 229 4552 1782 4637">
    <p class='ocr_par' dir='ltr' id='par_1_93' title="bbox 229 4562 1782 4636">
     <span class='ocr_line' id='line_1_93' title="bbox 229 4562 1782 4636; baseline 0.003 -20"><span class='ocrx_word' id='word_1_690' title='bbox 229 4565 380 4618; x_wconf 73' lang='grc' dir='ltr'>οὐδὲν</span> <span class='ocrx_word' id='word_1_691' title='bbox 412 4566 434 4596; x_wconf 85' lang='grc'><strong><em>⁸</em></strong></span> <span class='ocrx_word' id='word_1_692' title='bbox 459 4563 856 4635; x_wconf 82' lang='grc' dir='ltr'>ὲπλημμὲλησα</span> <span class='ocrx_word' id='word_1_693' title='bbox 874 4580 889 4595; x_wconf 82' lang='grc'><em>’</em></span> <span class='ocrx_word' id='word_1_694' title='bbox 923 4563 1049 4627; x_wconf 82' lang='grc' dir='ltr'>τοὺς</span> <span class='ocrx_word' id='word_1_695' title='bbox 1074 4562 1130 4616; x_wconf 83' lang='grc' dir='ltr'>δὲ</span> <span class='ocrx_word' id='word_1_696' title='bbox 1161 4565 1287 4626; x_wconf 82' lang='grc' dir='ltr'>σοὺς</span> <span class='ocrx_word' id='word_1_697' title='bbox 1319 4564 1678 4636; x_wconf 83' lang='grc' dir='ltr'>παραϐέϐηκα</span> <span class='ocrx_word' id='word_1_698' title='bbox 1700 4566 1782 4619; x_wconf 79' lang='grc' dir='ltr'>νό-</span> 
     </span>
    </p>
   </div>
   <div class='ocr_carea' id='block_1_94' title="bbox 1888 4552 3457 4637">
    <p class='ocr_par' dir='ltr' id='par_1_94' title="bbox 1896 4552 3457 4637">
     <span class='ocr_line' id='line_1_94' title="bbox 1896 4552 3457 4637; baseline -0.013 -11"><span class='ocrx_word' id='word_1_699' title='bbox 1896 4580 2021 4626; x_wconf 85' lang='lat' dir='ltr'><strong>tuas</strong></span> <span class='ocrx_word' id='word_1_700' title='bbox 2054 4578 2233 4623; x_wconf 89' lang='lat' dir='ltr'><strong>autem</strong></span> <span class='ocrx_word' id='word_1_701' title='bbox 2264 4568 2408 4637; x_wconf 81' lang='lat' dir='ltr'><strong>leges</strong></span> <span class='ocrx_word' id='word_1_702' title='bbox 2434 4580 2556 4620; x_wconf 80' lang='lat' dir='ltr'><strong>esse</strong></span> <span class='ocrx_word' id='word_1_703' title='bbox 2590 4574 3007 4632; x_wconf 77' lang='lat' dir='ltr'><strong>transgressum.</strong></span> <span class='ocrx_word' id='word_1_704' title='bbox 3033 4559 3145 4611; x_wconf 83' lang='lat' dir='ltr'><strong>Hoc</strong></span> <span class='ocrx_word' id='word_1_705' title='bbox 3176 4556 3252 4608; x_wconf 90' lang='lat' dir='ltr'><strong>illi</strong></span> <span class='ocrx_word' id='word_1_706' title='bbox 3281 4552 3457 4608; x_wconf 88' lang='lat' dir='ltr'><strong>simile</strong></span> 
     </span>
    </p>
   </div>
   <div class='ocr_carea' id='block_1_95' title="bbox 234 4643 1782 4727">
    <p class='ocr_par' dir='ltr' id='par_1_95' title="bbox 234 4652 1782 4726">
     <span class='ocr_line' id='line_1_95' title="bbox 234 4652 1782 4726; baseline 0.002 -18"><span class='ocrx_word' id='word_1_707' title='bbox 234 4673 383 4724; x_wconf 81' lang='grc' dir='ltr'>μους.</span> <span class='ocrx_word' id='word_1_708' title='bbox 420 4654 605 4725; x_wconf 81' lang='grc' dir='ltr'>Τούτῳ</span> <span class='ocrx_word' id='word_1_709' title='bbox 630 4653 772 4707; x_wconf 77' lang='grc' dir='ltr'>ἔοικε</span> <span class='ocrx_word' id='word_1_710' title='bbox 796 4652 857 4707; x_wconf 84' lang='grc' dir='ltr'><strong>τὸ</strong></span> <span class='ocrx_word' id='word_1_711' title='bbox 889 4653 931 4721; x_wconf 79' lang='grc'><strong>⁸,</strong></span> <span class='ocrx_word' id='word_1_712' title='bbox 967 4671 987 4705; x_wconf 81' lang='grc' dir='ltr'><strong>ι</strong></span> <span class='ocrx_word' id='word_1_713' title='bbox 1025 4653 1116 4706; x_wconf 75' lang='grc' dir='ltr'>Σοὶ</span> <span class='ocrx_word' id='word_1_714' title='bbox 1151 4654 1295 4724; x_wconf 85' lang='grc' dir='ltr'>μόνῳ</span> <span class='ocrx_word' id='word_1_715' title='bbox 1324 4654 1586 4726; x_wconf 73' lang='grc' dir='ltr'>ἥμαρτον,</span> <span class='ocrx_word' id='word_1_716' title='bbox 1613 4658 1708 4710; x_wconf 77' lang='grc' dir='ltr'>καὶ</span> <span class='ocrx_word' id='word_1_717' title='bbox 1729 4658 1782 4711; x_wconf 65' lang='grc' dir='ltr'>τὸ</span> 
     </span>
    </p>
   </div>
   <div class='ocr_carea' id='block_1_96' title="bbox 1888 4643 3456 4727">
    <p class='ocr_par' dir='ltr' id='par_1_96' title="bbox 1895 4643 3456 4727">
     <span class='ocr_line' id='line_1_96' title="bbox 1895 4643 3456 4727; baseline -0.012 -11"><span class='ocrx_word' id='word_1_718' title='bbox 1895 4672 1979 4716; x_wconf 87' lang='lat' dir='ltr'><strong>est</strong></span> <span class='ocrx_word' id='word_1_719' title='bbox 2019 4681 2032 4716; x_wconf 89' lang='lat'><strong>:</strong></span> <span class='ocrx_word' id='word_1_720' title='bbox 2076 4681 2095 4713; x_wconf 84' lang='grc'>‹</span> <span class='ocrx_word' id='word_1_721' title='bbox 2136 4659 2255 4715; x_wconf 84' lang='lat' dir='ltr'><strong>Tibi</strong></span> <span class='ocrx_word' id='word_1_722' title='bbox 2298 4659 2399 4715; x_wconf 92' lang='lat' dir='ltr'><strong>soli</strong></span> <span class='ocrx_word' id='word_1_723' title='bbox 2437 4659 2698 4727; x_wconf 84' lang='lat' dir='ltr'><strong>peccavi,</strong></span> <span class='ocrx_word' id='word_1_724' title='bbox 2735 4663 2791 4709; x_wconf 90' lang='lat' dir='ltr'><strong>et</strong></span> <span class='ocrx_word' id='word_1_725' title='bbox 2829 4652 3029 4705; x_wconf 89' lang='lat' dir='ltr'><strong>malum</strong></span> <span class='ocrx_word' id='word_1_726' title='bbox 3066 4662 3250 4703; x_wconf 89' lang='lat' dir='ltr'><strong>coram</strong></span> <span class='ocrx_word' id='word_1_727' title='bbox 3290 4654 3343 4699; x_wconf 90' lang='lat' dir='ltr'><strong>te</strong></span> <span class='ocrx_word' id='word_1_728' title='bbox 3378 4643 3456 4698; x_wconf 81' lang='lat' dir='ltr'><strong>fe-</strong></span> 
     </span>
    </p>
   </div>
   <div class='ocr_carea' id='block_1_97' title="bbox 231 4734 3289 4817">
    <p class='ocr_par' dir='ltr' id='par_1_97' title="bbox 231 4734 3289 4817">
     <span class='ocr_line' id='line_1_97' title="bbox 231 4734 3289 4817; baseline 0.004 -19"><span class='ocrx_word' id='word_1_729' title='bbox 231 4747 463 4817; x_wconf 72' lang='grc' dir='ltr'>πονηρὸν</span> <span class='ocrx_word' id='word_1_730' title='bbox 492 4744 722 4799; x_wconf 78' lang='grc' dir='ltr'>ἐνώπιόν</span> <span class='ocrx_word' id='word_1_731' title='bbox 754 4762 845 4798; x_wconf 83' lang='grc' dir='ltr'><strong>σου</strong></span> <span class='ocrx_word' id='word_1_732' title='bbox 880 4744 1133 4815; x_wconf 75' lang='grc' dir='ltr'>ἐποίησα.</span> <span class='ocrx_word' id='word_1_733' title='bbox 1182 4764 1201 4797; x_wconf 75' lang='lat' dir='ltr'><strong>t</strong></span> <span class='ocrx_word' id='word_1_734' title='bbox 1229 4786 1234 4791; x_wconf 86' lang='lat'><strong>.</strong></span> <span class='ocrx_word' id='word_1_735' title='bbox 1897 4755 1944 4808; x_wconf 87' lang='lat' dir='ltr'><strong>ci</strong></span> <span class='ocrx_word' id='word_1_736' title='bbox 1972 4763 2021 4808; x_wconf 71' lang='grc'>1,</span> <span class='ocrx_word' id='word_1_737' title='bbox 2070 4772 2088 4805; x_wconf 75' lang='grc' dir='ltr'><strong>ι</strong></span> <span class='ocrx_word' id='word_1_738' title='bbox 3284 4734 3289 4741; x_wconf 10' lang='grc' dir='ltr'>ἡ</span> 
     </span>
    </p>
   </div>
   <div class='ocr_carea' id='block_1_98' title="bbox 296 4832 1782 4921">
    <p class='ocr_par' dir='ltr' id='par_1_98' title="bbox 296 4834 1782 4909">
     <span class='ocr_line' id='line_1_98' title="bbox 296 4834 1782 4909; baseline 0.006 -24"><span class='ocrx_word' id='word_1_739' title='bbox 296 4841 365 4906; x_wconf 71' lang='grc' dir='ltr'><strong>ζ’,</strong></span> <span class='ocrx_word' id='word_1_740' title='bbox 413 4859 434 4891; x_wconf 70' lang='grc' dir='ltr'><strong>ι</strong></span> <span class='ocrx_word' id='word_1_741' title='bbox 477 4836 572 4909; x_wconf 80' lang='grc' dir='ltr'><strong>Μὴ</strong></span> <span class='ocrx_word' id='word_1_742' title='bbox 601 4836 1018 4909; x_wconf 77' lang='grc' dir='ltr'>αἰσχυνθείησαν</span> <span class='ocrx_word' id='word_1_743' title='bbox 1050 4834 1137 4888; x_wconf 76' lang='grc' dir='ltr'><strong>ἐπ’</strong></span> <span class='ocrx_word' id='word_1_744' title='bbox 1180 4834 1281 4906; x_wconf 77' lang='grc' dir='ltr'><strong>ἐμὲ</strong></span> <span class='ocrx_word' id='word_1_745' title='bbox 1325 4838 1372 4889; x_wconf 77' lang='grc' dir='ltr'>οἱ</span> <span class='ocrx_word' id='word_1_746' title='bbox 1426 4837 1782 4908; x_wconf 73' lang='grc' dir='ltr'>ὑπομένοντες</span> 
     </span>
    </p>
   </div>
   <div class='ocr_carea' id='block_1_99' title="bbox 1888 4832 3459 4921">
    <p class='ocr_par' dir='ltr' id='par_1_99' title="bbox 1967 4832 3459 4921">
     <span class='ocr_line' id='line_1_99' title="bbox 1967 4832 3459 4921; baseline -0.013 -21"><span class='ocrx_word' id='word_1_747' title='bbox 1967 4845 2133 4901; x_wconf 74' lang='lat' dir='ltr'><strong>Vens.</strong></span> <span class='ocrx_word' id='word_1_748' title='bbox 2171 4845 2224 4921; x_wconf 73' lang='grc'>7.</span> <span class='ocrx_word' id='word_1_749' title='bbox 2262 4862 2281 4896; x_wconf 77' lang='grc' dir='ltr'><strong>ι</strong></span> <span class='ocrx_word' id='word_1_750' title='bbox 2308 4843 2427 4899; x_wconf 90' lang='lat' dir='ltr'><strong>Non</strong></span> <span class='ocrx_word' id='word_1_751' title='bbox 2456 4842 2785 4897; x_wconf 88' lang='lat' dir='ltr'><strong>erubescant</strong></span> <span class='ocrx_word' id='word_1_752' title='bbox 2813 4838 2866 4891; x_wconf 90' lang='lat' dir='ltr'><strong>in</strong></span> <span class='ocrx_word' id='word_1_753' title='bbox 2897 4850 2985 4889; x_wconf 93' lang='lat' dir='ltr'><strong>me</strong></span> <span class='ocrx_word' id='word_1_754' title='bbox 3012 4832 3105 4903; x_wconf 90' lang='lat' dir='ltr'><strong>qui</strong></span> <span class='ocrx_word' id='word_1_755' title='bbox 3142 4837 3459 4899; x_wconf 81' lang='lat' dir='ltr'><strong>exspectant</strong></span> 
     </span>
    </p>
   </div>
   <div class='ocr_carea' id='block_1_100' title="bbox 233 4920 1782 5003">
    <p class='ocr_par' dir='ltr' id='par_1_100' title="bbox 233 4927 1782 5003">
     <span class='ocr_line' id='line_1_100' title="bbox 233 4927 1782 5003; baseline -0.003 -16"><span class='ocrx_word' id='word_1_756' title='bbox 233 4950 313 5000; x_wconf 85' lang='grc' dir='ltr'><strong>σε,</strong></span> <span class='ocrx_word' id='word_1_757' title='bbox 336 4931 536 5003; x_wconf 80' lang='grc' dir='ltr'>Κύριε,</span> <span class='ocrx_word' id='word_1_758' title='bbox 563 4930 740 5001; x_wconf 83' lang='grc' dir='ltr'>Κύριε</span> <span class='ocrx_word' id='word_1_759' title='bbox 760 4929 869 4982; x_wconf 90' lang='grc' dir='ltr'><strong>τῶν</strong></span> <span class='ocrx_word' id='word_1_760' title='bbox 892 4927 1195 4995; x_wconf 88' lang='grc' dir='ltr'>δυνάμεων.</span> <span class='ocrx_word' id='word_1_761' title='bbox 1218 4928 1369 4996; x_wconf 86' lang='grc' dir='ltr'>Μηδὲ</span> <span class='ocrx_word' id='word_1_762' title='bbox 1398 4929 1782 5000; x_wconf 65' lang='grc' dir='ltr'>ἐντραπείησαι</span> 
     </span>
    </p>
   </div>
   <div class='ocr_carea' id='block_1_101' title="bbox 1888 4920 3459 5003">
    <p class='ocr_par' dir='ltr' id='par_1_101' title="bbox 1901 4920 3459 5000">
     <span class='ocr_line' id='line_1_101' title="bbox 1901 4920 3459 5000; baseline -0.013 -11"><span class='ocrx_word' id='word_1_763' title='bbox 1901 4946 1973 5000; x_wconf 84' lang='grc' dir='ltr'><strong>ιε,</strong></span> <span class='ocrx_word' id='word_1_764' title='bbox 2006 4920 2233 4991; x_wconf 87' lang='lat' dir='ltr'><strong>Domine</strong></span> <span class='ocrx_word' id='word_1_765' title='bbox 2255 4974 2271 4997; x_wconf 89' lang='lat'><strong>,</strong></span> <span class='ocrx_word' id='word_1_766' title='bbox 2296 4934 2524 4990; x_wconf 87' lang='lat' dir='ltr'><strong>Domine</strong></span> <span class='ocrx_word' id='word_1_767' title='bbox 2556 4932 2839 4985; x_wconf 90' lang='lat' dir='ltr'><strong>virtutum.</strong></span> <span class='ocrx_word' id='word_1_768' title='bbox 2891 4924 3010 4980; x_wconf 86' lang='lat' dir='ltr'><strong>Non</strong></span> <span class='ocrx_word' id='word_1_769' title='bbox 3057 4920 3459 4995; x_wconf 79' lang='lat' dir='ltr'><strong>confundantur</strong></span> 
     </span>
    </p>
   </div>
   <div class='ocr_carea' id='block_1_102' title="bbox 232 5012 1782 5099">
    <p class='ocr_par' dir='ltr' id='par_1_102' title="bbox 232 5017 1782 5093">
     <span class='ocr_line' id='line_1_102' title="bbox 232 5017 1782 5093; baseline -0.001 -16"><span class='ocrx_word' id='word_1_770' title='bbox 232 5027 319 5078; x_wconf 69' lang='grc' dir='ltr'><strong>ἐπ’</strong></span> <span class='ocrx_word' id='word_1_771' title='bbox 348 5023 451 5092; x_wconf 76' lang='grc' dir='ltr'>ἐμὲ</span> <span class='ocrx_word' id='word_1_772' title='bbox 479 5023 531 5075; x_wconf 78' lang='grc' dir='ltr'>οἱ</span> <span class='ocrx_word' id='word_1_773' title='bbox 573 5020 861 5092; x_wconf 75' lang='grc' dir='ltr'>ζητοῦντές</span> <span class='ocrx_word' id='word_1_774' title='bbox 893 5034 975 5085; x_wconf 87' lang='grc' dir='ltr'><strong>σε,</strong></span> <span class='ocrx_word' id='word_1_775' title='bbox 1008 5018 1038 5071; x_wconf 85' lang='grc' dir='ltr'>ὁ</span> <span class='ocrx_word' id='word_1_776' title='bbox 1069 5017 1202 5081; x_wconf 84' lang='grc' dir='ltr'>Θεὸς</span> <span class='ocrx_word' id='word_1_777' title='bbox 1229 5017 1325 5073; x_wconf 84' lang='grc' dir='ltr'><strong>τοῦ</strong></span> <span class='ocrx_word' id='word_1_778' title='bbox 1362 5020 1603 5091; x_wconf 86' lang='grc' dir='ltr'>Ἰσραήλ.</span> <span class='ocrx_word' id='word_1_779' title='bbox 1641 5041 1660 5075; x_wconf 78' lang='grc' dir='ltr'><strong>ι</strong></span> <span class='ocrx_word' id='word_1_780' title='bbox 1700 5023 1782 5093; x_wconf 69' lang='grc' dir='ltr'><strong>Μὴ</strong></span> 
     </span>
    </p>
   </div>
   <div class='ocr_carea' id='block_1_103' title="bbox 1888 5012 3457 5099">
    <p class='ocr_par' dir='ltr' id='par_1_103' title="bbox 1898 5012 3457 5099">
     <span class='ocr_line' id='line_1_103' title="bbox 1898 5012 3457 5099; baseline -0.012 -16"><span class='ocrx_word' id='word_1_781' title='bbox 1898 5044 2055 5098; x_wconf 86' lang='lat' dir='ltr'><strong>super</strong></span> <span class='ocrx_word' id='word_1_782' title='bbox 2096 5044 2181 5083; x_wconf 90' lang='lat' dir='ltr'><strong>me</strong></span> <span class='ocrx_word' id='word_1_783' title='bbox 2213 5028 2305 5099; x_wconf 89' lang='lat' dir='ltr'><strong>qui</strong></span> <span class='ocrx_word' id='word_1_784' title='bbox 2344 5035 2597 5097; x_wconf 62' lang='lat' dir='ltr'><strong>quaerunt</strong></span> <span class='ocrx_word' id='word_1_785' title='bbox 2635 5034 2687 5079; x_wconf 92' lang='lat' dir='ltr'><strong>te</strong></span> <span class='ocrx_word' id='word_1_786' title='bbox 2713 5063 2730 5089; x_wconf 93' lang='lat'><strong>,</strong></span> <span class='ocrx_word' id='word_1_787' title='bbox 2764 5022 2903 5076; x_wconf 92' lang='lat' dir='ltr'><strong>Deus</strong></span> <span class='ocrx_word' id='word_1_788' title='bbox 2939 5017 3127 5074; x_wconf 90' lang='lat' dir='ltr'><strong>lsracl.</strong></span> <span class='ocrx_word' id='word_1_789' title='bbox 3164 5035 3182 5067; x_wconf 72' lang='grc' dir='ltr'>ι</span> <span class='ocrx_word' id='word_1_790' title='bbox 3235 5013 3311 5067; x_wconf 81' lang='lat' dir='ltr'><strong>Ne</strong></span> <span class='ocrx_word' id='word_1_791' title='bbox 3354 5012 3457 5067; x_wconf 89' lang='lat' dir='ltr'><strong>sim</strong></span> 
     </span>
    </p>
   </div>
   <div class='ocr_carea' id='block_1_104' title="bbox 302 5135 704 5200">
    <p class='ocr_par' dir='ltr' id='par_1_104' title="bbox 302 5135 704 5200">
     <span class='ocr_line' id='line_1_104' title="bbox 302 5135 704 5200; baseline 0.002 -14"><span class='ocrx_word' id='word_1_792' title='bbox 302 5145 332 5186; x_wconf 75' lang='lat'><strong><em>7</em></strong></span> <span class='ocrx_word' id='word_1_793' title='bbox 366 5135 513 5191; x_wconf 88' lang='lat' dir='ltr'><strong>Psal.</strong></span> <span class='ocrx_word' id='word_1_794' title='bbox 545 5152 576 5190; x_wconf 81' lang='grc' dir='ltr'><strong>ι.</strong></span> <span class='ocrx_word' id='word_1_795' title='bbox 597 5176 613 5200; x_wconf 88' lang='grc'><strong>,</strong></span> <span class='ocrx_word' id='word_1_796' title='bbox 648 5137 704 5190; x_wconf 74' lang='grc'>4.</span> 
     </span>
    </p>
   </div>
   <div class='ocr_carea' id='block_1_105' title="bbox 1309 5290 2353 5348">
    <p class='ocr_par' dir='ltr' id='par_1_105' title="bbox 1309 5290 2353 5348">
     <span class='ocr_line' id='line_1_105' title="bbox 1309 5290 2353 5348; baseline -0.001 -2"><span class='ocrx_word' id='word_1_797' title='bbox 1309 5290 1543 5347; x_wconf 68' lang='lat' dir='ltr'><strong>VARIE</strong></span> <span class='ocrx_word' id='word_1_798' title='bbox 1581 5290 1961 5348; x_wconf 82' lang='lat' dir='ltr'><strong>LECTIONES</strong></span> <span class='ocrx_word' id='word_1_799' title='bbox 1999 5290 2087 5346; x_wconf 88' lang='lat' dir='ltr'><strong>ET</strong></span> <span class='ocrx_word' id='word_1_800' title='bbox 2118 5290 2353 5348; x_wconf 61' lang='lat' dir='ltr'><strong>NOTAI.</strong></span> 
     </span>
    </p>
   </div>
   <div class='ocr_carea' id='block_1_106' title="bbox 304 5411 1782 5537">
    <p class='ocr_par' dir='ltr' id='par_1_106' title="bbox 304 5431 1782 5537">
     <span class='ocr_line' id='line_1_106' title="bbox 304 5431 1782 5502; baseline -0.001 -14"><span class='ocrx_word' id='word_1_801' title='bbox 304 5436 349 5466; x_wconf 78' lang='lat'><strong>“</strong></span> <span class='ocrx_word' id='word_1_802' title='bbox 396 5435 707 5489; x_wconf 71' lang='lat' dir='ltr'><strong>&#39;Iuetslar.</strong></span> <span class='ocrx_word' id='word_1_803' title='bbox 746 5435 866 5488; x_wconf 88' lang='lat' dir='ltr'><strong>cod.</strong></span> <span class='ocrx_word' id='word_1_804' title='bbox 906 5436 927 5488; x_wconf 90' lang='grc'><strong>1</strong></span> <span class='ocrx_word' id='word_1_805' title='bbox 960 5434 1084 5489; x_wconf 82' lang='lat' dir='ltr'><strong>add.</strong></span> <span class='ocrx_word' id='word_1_806' title='bbox 1124 5431 1351 5502; x_wconf 86' lang='grc' dir='ltr'>ταύτην.</span> <span class='ocrx_word' id='word_1_807' title='bbox 1426 5434 1471 5464; x_wconf 80' lang='grc'><strong>⁹¹</strong></span> <span class='ocrx_word' id='word_1_808' title='bbox 1508 5433 1782 5499; x_wconf 77' lang='grc' dir='ltr'>Περικλύέ</span> 
     </span>
     <span class='ocr_line' id='line_1_107' title="bbox 306 5501 1782 5537; baseline 0 0"><span class='ocrx_word' id='word_1_809' title='bbox 306 5524 334 5537; x_wconf 82' lang='grc'><strong>..</strong></span> <span class='ocrx_word' id='word_1_810' title='bbox 436 5506 480 5537; x_wconf 74' lang='lat'><strong>9:</strong></span> <span class='ocrx_word' id='word_1_811' title='bbox 535 5505 891 5537; x_wconf 59' lang='grc' dir='ltr'><strong>ονπιςηηηΜ</strong></span> <span class='ocrx_word' id='word_1_812' title='bbox 960 5504 1101 5537; x_wconf 71' lang='grc' dir='ltr'>μοι...</span> <span class='ocrx_word' id='word_1_813' title='bbox 1156 5513 1331 5537; x_wconf 63' lang='lat' dir='ltr'><strong>mm</strong></span> <span class='ocrx_word' id='word_1_814' title='bbox 1390 5501 1533 5537; x_wconf 60' lang='grc' dir='ltr'>ιρις...</span> <span class='ocrx_word' id='word_1_815' title='bbox 1570 5501 1637 5537; x_wconf 66' lang='grc' dir='ltr'><strong>..Α</strong></span> <span class='ocrx_word' id='word_1_816' title='bbox 1677 5519 1782 5537; x_wconf 61' lang='grc' dir='ltr'>μη..</span> 
     </span>
    </p>
   </div>
   <div class='ocr_carea' id='block_1_107' title="bbox 1888 5411 3464 5537">
    <p class='ocr_par' dir='ltr' id='par_1_107' title="bbox 1888 5411 3464 5537">
     <span class='ocr_line' id='line_1_108' title="bbox 1888 5411 3464 5496; baseline -0.011 -11"><span class='ocrx_word' id='word_1_817' title='bbox 1888 5451 1949 5486; x_wconf 76' lang='grc' dir='ltr'><strong>ιι.</strong></span> <span class='ocrx_word' id='word_1_818' title='bbox 1991 5434 2112 5489; x_wconf 92' lang='lat' dir='ltr'><strong>cod.</strong></span> <span class='ocrx_word' id='word_1_819' title='bbox 2146 5433 2171 5486; x_wconf 97' lang='grc'><strong>1</strong></span> <span class='ocrx_word' id='word_1_820' title='bbox 2208 5430 2332 5484; x_wconf 90' lang='lat' dir='ltr'><strong>add.</strong></span> <span class='ocrx_word' id='word_1_821' title='bbox 2362 5428 2521 5481; x_wconf 84' lang='grc' dir='ltr'>τοῦτο</span> <span class='ocrx_word' id='word_1_822' title='bbox 2549 5426 2657 5496; x_wconf 89' lang='grc' dir='ltr'>γὰρ</span> <span class='ocrx_word' id='word_1_823' title='bbox 2700 5422 2789 5477; x_wconf 83' lang='grc' dir='ltr'>διὰ</span> <span class='ocrx_word' id='word_1_824' title='bbox 2833 5411 2941 5475; x_wconf 82' lang='grc' dir='ltr'><strong>τῶν</strong></span> <span class='ocrx_word' id='word_1_825' title='bbox 2970 5416 3098 5487; x_wconf 77' lang='grc' dir='ltr'>ἑξῆς</span> <span class='ocrx_word' id='word_1_826' title='bbox 3130 5416 3464 5486; x_wconf 79' lang='grc' dir='ltr'>σαφέστερον</span> 
     </span>
     <span class='ocr_line' id='line_1_109' title="bbox 1888 5484 3464 5537; baseline 0 0"><span class='ocrx_word' id='word_1_827' title='bbox 1888 5505 2061 5537; x_wconf 61' lang='grc' dir='ltr'>νηπίη...</span> <span class='ocrx_word' id='word_1_828' title='bbox 2160 5501 2207 5534; x_wconf 78' lang='lat' dir='ltr'><strong><em>u</em></strong></span> <span class='ocrx_word' id='word_1_829' title='bbox 2252 5500 2320 5537; x_wconf 59' lang='grc' dir='ltr'>Λίκ</span> <span class='ocrx_word' id='word_1_830' title='bbox 2389 5498 2546 5537; x_wconf 67' lang='grc' dir='ltr'>Διιρςι</span> <span class='ocrx_word' id='word_1_831' title='bbox 2592 5512 2618 5537; x_wconf 70' lang='grc' dir='ltr'>ιι</span> <span class='ocrx_word' id='word_1_832' title='bbox 2659 5495 2777 5537; x_wconf 67' lang='grc' dir='ltr'>ιιηιὶ,</span> <span class='ocrx_word' id='word_1_833' title='bbox 2834 5495 2882 5537; x_wconf 77' lang='grc'><strong>1,</strong></span> <span class='ocrx_word' id='word_1_834' title='bbox 2959 5491 3007 5522; x_wconf 64' lang='grc'><strong>⁸⁵</strong></span> <span class='ocrx_word' id='word_1_835' title='bbox 3043 5488 3286 5537; x_wconf 76' lang='grc' dir='ltr'>Συαϐεϐ.</span> <span class='ocrx_word' id='word_1_836' title='bbox 3341 5484 3464 5537; x_wconf 75' lang='grc' dir='ltr'>τοῖο</span> 
     </span>
    </p>
   </div>
   <div class='ocr_carea' id='block_1_108' title="bbox 234 5488 3465 5643">
    <p class='ocr_par' dir='ltr' id='par_1_108' title="bbox 234 5488 3465 5643">
     <span class='ocr_line' id='line_1_110' title="bbox 235 5488 3465 5628; baseline -0.008 -66"><span class='ocrx_word' id='word_1_837' title='bbox 235 5506 360 5628; x_wconf 43' lang='grc' dir='ltr'>ἔφη.</span> <span class='ocrx_word' id='word_1_838' title='bbox 436 5506 480 5537; x_wconf 79' lang='grc'><strong>⁹²</strong></span> <span class='ocrx_word' id='word_1_839' title='bbox 535 5505 911 5585; x_wconf 59' lang='grc' dir='ltr'>’Υπόσζασιςκ</span> <span class='ocrx_word' id='word_1_840' title='bbox 957 5488 1121 5558; x_wconf 86' lang='lat' dir='ltr'><strong>Hebr.</strong></span> <span class='ocrx_word' id='word_1_841' title='bbox 1156 5488 1351 5565; x_wconf 65' lang='lat' dir='ltr'><strong>112mb,</strong></span> <span class='ocrx_word' id='word_1_842' title='bbox 1388 5501 1534 5581; x_wconf 60' lang='lat' dir='ltr'><strong>locus</strong></span> <span class='ocrx_word' id='word_1_843' title='bbox 1569 5488 1637 5554; x_wconf 76' lang='grc' dir='ltr'>ἇά</span> <span class='ocrx_word' id='word_1_844' title='bbox 1676 5488 2085 5557; x_wconf 58' lang='lat' dir='ltr'><strong>consistendum.</strong></span> <span class='ocrx_word' id='word_1_845' title='bbox 2160 5501 2207 5534; x_wconf 79' lang='lat'><strong>&quot;</strong></span> <span class='ocrx_word' id='word_1_846' title='bbox 2248 5500 2339 5552; x_wconf 88' lang='grc' dir='ltr'>Δέ.</span> <span class='ocrx_word' id='word_1_847' title='bbox 2382 5488 2779 5573; x_wconf 54' lang='grc' dir='ltr'><strong>Αδεεῑίιίτοιιἱ</strong></span> <span class='ocrx_word' id='word_1_848' title='bbox 2834 5495 2883 5547; x_wconf 89' lang='grc'><strong>1.</strong></span> <span class='ocrx_word' id='word_1_849' title='bbox 2959 5491 3007 5522; x_wconf 70' lang='grc'><strong>⁸⁵</strong></span> <span class='ocrx_word' id='word_1_850' title='bbox 3040 5488 3286 5558; x_wconf 79' lang='grc' dir='ltr'>Συμϐεϐ.</span> <span class='ocrx_word' id='word_1_851' title='bbox 3341 5488 3465 5552; x_wconf 79' lang='grc' dir='ltr'>τοῖς</span> 
     </span>
     <span class='ocr_line' id='line_1_111' title="bbox 234 5554 3458 5643; baseline -0.007 -14"><span class='ocrx_word' id='word_1_852' title='bbox 234 5593 313 5629; x_wconf 82' lang='lat' dir='ltr'><strong>ar</strong></span> <span class='ocrx_word' id='word_1_853' title='bbox 344 5574 561 5643; x_wconf 77' lang='grc' dir='ltr'>ραποδ.</span> <span class='ocrx_word' id='word_1_854' title='bbox 592 5574 713 5628; x_wconf 85' lang='lat' dir='ltr'><strong>Des.</strong></span> <span class='ocrx_word' id='word_1_855' title='bbox 740 5591 794 5628; x_wconf 90' lang='lat' dir='ltr'><strong>tn</strong></span> <span class='ocrx_word' id='word_1_856' title='bbox 824 5576 942 5629; x_wconf 87' lang='lat' dir='ltr'><strong>cod.</strong></span> <span class='ocrx_word' id='word_1_857' title='bbox 973 5574 1027 5627; x_wconf 71' lang='grc'><strong>2.</strong></span> <span class='ocrx_word' id='word_1_858' title='bbox 1103 5576 1148 5606; x_wconf 80' lang='grc'><strong>⁹⁵</strong></span> <span class='ocrx_word' id='word_1_859' title='bbox 1200 5575 1497 5643; x_wconf 70' lang='grc' dir='ltr'>Ἀνιαρων.</span> <span class='ocrx_word' id='word_1_860' title='bbox 1534 5572 1653 5643; x_wconf 82' lang='lat' dir='ltr'><strong>cod.</strong></span> <span class='ocrx_word' id='word_1_861' title='bbox 1684 5574 1711 5643; x_wconf 83' lang='grc'><strong>1</strong></span> <span class='ocrx_word' id='word_1_862' title='bbox 1747 5574 1870 5627; x_wconf 89' lang='lat' dir='ltr'><strong>add.</strong></span> <span class='ocrx_word' id='word_1_863' title='bbox 1897 5574 1987 5625; x_wconf 84' lang='grc' dir='ltr'>διὰ</span> <span class='ocrx_word' id='word_1_864' title='bbox 2013 5574 2079 5642; x_wconf 81' lang='grc' dir='ltr'>δὴ</span> <span class='ocrx_word' id='word_1_865' title='bbox 2107 5571 2284 5625; x_wconf 89' lang='grc' dir='ltr'>ταῦτα</span> <span class='ocrx_word' id='word_1_866' title='bbox 2302 5568 2434 5643; x_wconf 66' lang='grc' dir='ltr'>βοᾷ.</span> <span class='ocrx_word' id='word_1_867' title='bbox 2506 5565 2552 5597; x_wconf 81' lang='grc'><strong>⁹⁶</strong></span> <span class='ocrx_word' id='word_1_868' title='bbox 2590 5569 2829 5643; x_wconf 49' lang='grc' dir='ltr'>βαρειῃ</span> <span class='ocrx_word' id='word_1_869' title='bbox 2885 5562 3072 5643; x_wconf 54' lang='grc' dir='ltr'>(ζῳιλῖ</span> <span class='ocrx_word' id='word_1_870' title='bbox 3104 5554 3458 5643; x_wconf 64' lang='grc' dir='ltr'><strong>κρριυγάζεινΣ</strong></span> 
     </span>
    </p>
   </div>
   <div class='ocr_carea' id='block_1_109' title="bbox 237 5607 1782 5720">
    <p class='ocr_par' dir='ltr' id='par_1_109' title="bbox 237 5607 1782 5720">
     <span class='ocr_line' id='line_1_112' title="bbox 237 5607 1782 5720; baseline 0.015 -22"><span class='ocrx_word' id='word_1_871' title='bbox 237 5607 299 5720; x_wconf 71' lang='lat'><strong>:5:</strong></span> <span class='ocrx_word' id='word_1_872' title='bbox 314 5607 802 5720; x_wconf 62' lang='grc' dir='ltr'><strong>ὶῖἓῗῖνέἵὶἕιὲῖῗ</strong></span> <span class='ocrx_word' id='word_1_873' title='bbox 822 5607 1105 5720; x_wconf 55' lang='lat' dir='ltr'><strong>Wa</strong></span> <span class='ocrx_word' id='word_1_874' title='bbox 1132 5607 1507 5720; x_wconf 46' lang='lat' dir='ltr'><strong>£33m</strong></span> <span class='ocrx_word' id='word_1_875' title='bbox 1534 5607 1653 5693; x_wconf 55' lang='grc' dir='ltr'>εἴ</span> <span class='ocrx_word' id='word_1_876' title='bbox 1689 5607 1782 5720; x_wconf 61' lang='lat' dir='ltr'><strong>ba</strong></span> 
     </span>
    </p>
   </div>
   <div class='ocr_carea' id='block_1_110' title="bbox 1888 5607 3462 5720">
    <p class='ocr_par' dir='ltr' id='par_1_110' title="bbox 1888 5607 3462 5720">
     <span class='ocr_line' id='line_1_113' title="bbox 1888 5607 3462 5720; baseline -0.012 -24"><span class='ocrx_word' id='word_1_877' title='bbox 1888 5644 1940 5696; x_wconf 91' lang='lat' dir='ltr'><strong>in</strong></span> <span class='ocrx_word' id='word_1_878' title='bbox 1962 5607 2092 5720; x_wconf 51' lang='lat' dir='ltr'><strong>popl.</strong></span> <span class='ocrx_word' id='word_1_879' title='bbox 2143 5643 2209 5720; x_wconf 75' lang='lat'><strong>2._</strong></span> <span class='ocrx_word' id='word_1_880' title='bbox 2273 5607 2451 5720; x_wconf 48' lang='grc' dir='ltr'><strong>υἷ”Ᾰε</strong></span> <span class='ocrx_word' id='word_1_881' title='bbox 2512 5607 2713 5720; x_wconf 45' lang='grc' dir='ltr'>ειμι.ιὲ</span> <span class='ocrx_word' id='word_1_882' title='bbox 2745 5625 2879 5720; x_wconf 36' lang='grc' dir='ltr'>,ῶνυ</span> <span class='ocrx_word' id='word_1_883' title='bbox 2938 5630 2955 5660; x_wconf 82' lang='grc'>¹</span> <span class='ocrx_word' id='word_1_884' title='bbox 2998 5612 3153 5720; x_wconf 32' lang='lat' dir='ltr'><strong>nec;</strong></span> <span class='ocrx_word' id='word_1_885' title='bbox 3181 5607 3351 5720; x_wconf 45' lang='lat' dir='ltr'><strong>lectio.</strong></span> <span class='ocrx_word' id='word_1_886' title='bbox 3379 5632 3462 5679; x_wconf 89' lang='lat' dir='ltr'><strong>est</strong></span> 
     </span>
    </p>
   </div>
   <div class='ocr_carea' id='block_1_111' title="bbox 237 5696 1782 5818">
    <p class='ocr_par' dir='ltr' id='par_1_111' title="bbox 237 5696 1782 5818">
     <span class='ocr_line' id='line_1_114' title="bbox 237 5696 1782 5783; baseline -0.004 -14"><span class='ocrx_word' id='word_1_887' title='bbox 237 5716 482 5783; x_wconf 71' lang='grc' dir='ltr'>ἧρπασα.</span> <span class='ocrx_word' id='word_1_888' title='bbox 557 5717 579 5746; x_wconf 82' lang='grc'>³</span> <span class='ocrx_word' id='word_1_889' title='bbox 618 5696 743 5768; x_wconf 66' lang='lat' dir='ltr'><strong>Eo&#39;J.</strong></span> <span class='ocrx_word' id='word_1_890' title='bbox 773 5714 809 5767; x_wconf 73' lang='lat'><strong>2</strong></span> <span class='ocrx_word' id='word_1_891' title='bbox 836 5714 1057 5775; x_wconf 87' lang='grc' dir='ltr'>ἀδίκως.</span> <span class='ocrx_word' id='word_1_892' title='bbox 1133 5714 1153 5744; x_wconf 85' lang='grc'>³</span> <span class='ocrx_word' id='word_1_893' title='bbox 1195 5696 1375 5766; x_wconf 54' lang='grc' dir='ltr'><strong>Οὐέ-</strong></span> <span class='ocrx_word' id='word_1_894' title='bbox 1398 5711 1603 5764; x_wconf 83' lang='grc' dir='ltr'>ταῦτα.</span> <span class='ocrx_word' id='word_1_895' title='bbox 1633 5696 1782 5765; x_wconf 75' lang='lat' dir='ltr'><strong>cod.‘</strong></span> 
     </span>
     <span class='ocr_line' id='line_1_115' title="bbox 242 5782 1778 5818; baseline 0 0"><span class='ocrx_word' id='word_1_896' title='bbox 242 5786 339 5818; x_wconf 66' lang='grc' dir='ltr'>..ηδ</span> <span class='ocrx_word' id='word_1_897' title='bbox 397 5788 417 5818; x_wconf 75' lang='grc' dir='ltr'><strong>ι</strong></span> <span class='ocrx_word' id='word_1_898' title='bbox 454 5794 505 5818; x_wconf 70' lang='grc' dir='ltr'>..ο</span> <span class='ocrx_word' id='word_1_899' title='bbox 537 5786 573 5818; x_wconf 77' lang='grc' dir='ltr'><strong>ο</strong></span> <span class='ocrx_word' id='word_1_900' title='bbox 603 5800 767 5818; x_wconf 65' lang='grc' dir='ltr'>...ηοω</span> <span class='ocrx_word' id='word_1_901' title='bbox 818 5784 924 5818; x_wconf 63' lang='grc' dir='ltr'>ηπ...</span> <span class='ocrx_word' id='word_1_902' title='bbox 1018 5785 1038 5815; x_wconf 77' lang='grc' dir='ltr'>ις</span> <span class='ocrx_word' id='word_1_903' title='bbox 1077 5783 1175 5818; x_wconf 65' lang='grc' dir='ltr'><strong>μηδ</strong></span> <span class='ocrx_word' id='word_1_904' title='bbox 1242 5782 1263 5818; x_wconf 72' lang='grc'><strong>4</strong></span> <span class='ocrx_word' id='word_1_905' title='bbox 1307 5782 1555 5818; x_wconf 51' lang='lat' dir='ltr'><strong>manans...</strong></span> <span class='ocrx_word' id='word_1_906' title='bbox 1660 5783 1680 5813; x_wconf 75' lang='grc' dir='ltr'><strong><em>ο</em></strong></span> <span class='ocrx_word' id='word_1_907' title='bbox 1724 5783 1778 5818; x_wconf 68' lang='grc' dir='ltr'><strong>νινι</strong></span> 
     </span>
    </p>
   </div>
   <div class='ocr_carea' id='block_1_112' title="bbox 1888 5696 3462 5818">
    <p class='ocr_par' dir='ltr' id='par_1_112' title="bbox 1888 5696 3462 5818">
     <span class='ocr_line' id='line_1_116' title="bbox 1888 5696 3462 5818; baseline -0.011 -54"><span class='ocrx_word' id='word_1_908' title='bbox 1888 5711 2258 5818; x_wconf 39' lang='grc' dir='ltr'>έκὶάρξὲςαγηάρ</span> <span class='ocrx_word' id='word_1_909' title='bbox 2283 5709 2386 5818; x_wconf 53' lang='grc' dir='ltr'><strong>τῆς</strong></span> <span class='ocrx_word' id='word_1_910' title='bbox 2400 5709 2480 5771; x_wconf 85' lang='grc' dir='ltr'><strong>είς</strong></span> <span class='ocrx_word' id='word_1_911' title='bbox 2511 5705 2704 5766; x_wconf 78' lang='grc' dir='ltr'>αὐτοὺς</span> <span class='ocrx_word' id='word_1_912' title='bbox 2734 5700 2987 5769; x_wconf 71' lang='grc' dir='ltr'>ἀδικίας.</span> <span class='ocrx_word' id='word_1_913' title='bbox 3042 5699 3064 5731; x_wconf 72' lang='grc'><strong>⁸</strong></span> <span class='ocrx_word' id='word_1_914' title='bbox 3099 5696 3462 5768; x_wconf 63' lang='grc' dir='ltr'>Γινομένων,</span> 
     </span>
    </p>
   </div>
   <div class='ocr_carea' id='block_1_113' title="bbox 242 5778 1782 5855">
    <p class='ocr_par' dir='ltr' id='par_1_113' title="bbox 242 5778 1782 5855">
     <span class='ocr_line' id='line_1_117' title="bbox 242 5778 1782 5855; baseline -0.001 -16"><span class='ocrx_word' id='word_1_915' title='bbox 242 5778 363 5839; x_wconf 76' lang='lat' dir='ltr'><strong>cod.</strong></span> <span class='ocrx_word' id='word_1_916' title='bbox 397 5788 422 5841; x_wconf 88' lang='grc'><strong>1</strong></span> <span class='ocrx_word' id='word_1_917' title='bbox 454 5794 509 5842; x_wconf 91' lang='lat' dir='ltr'><strong>et</strong></span> <span class='ocrx_word' id='word_1_918' title='bbox 537 5786 573 5839; x_wconf 75' lang='grc'>2</span> <span class='ocrx_word' id='word_1_919' title='bbox 603 5800 788 5855; x_wconf 75' lang='lat' dir='ltr'><strong>przem.</strong></span> <span class='ocrx_word' id='word_1_920' title='bbox 818 5784 943 5838; x_wconf 88' lang='grc' dir='ltr'>τῶν.</span> <span class='ocrx_word' id='word_1_921' title='bbox 1018 5785 1038 5815; x_wconf 83' lang='grc'><strong><em>⁵</em></strong></span> <span class='ocrx_word' id='word_1_922' title='bbox 1077 5783 1199 5839; x_wconf 90' lang='lat' dir='ltr'><strong>cod.</strong></span> <span class='ocrx_word' id='word_1_923' title='bbox 1242 5782 1267 5837; x_wconf 89' lang='grc'><strong>1</strong></span> <span class='ocrx_word' id='word_1_924' title='bbox 1307 5782 1580 5852; x_wconf 79' lang='grc' dir='ltr'>οὐδαμῶς.</span> <span class='ocrx_word' id='word_1_925' title='bbox 1660 5783 1680 5813; x_wconf 76' lang='grc'>⁸</span> <span class='ocrx_word' id='word_1_926' title='bbox 1724 5783 1782 5837; x_wconf 83' lang='grc' dir='ltr'><strong>Τι</strong></span> 
     </span>
    </p>
   </div>
   <div class='ocr_carea' id='block_1_114' title="bbox 1888 5778 2407 5855">
    <p class='ocr_par' dir='ltr' id='par_1_114' title="bbox 1888 5778 2407 5850">
     <span class='ocr_line' id='line_1_118' title="bbox 1888 5778 2407 5850; baseline -0.015 -13"><span class='ocrx_word' id='word_1_927' title='bbox 1888 5785 1964 5838; x_wconf 58' lang='lat' dir='ltr'><strong>ad.</strong></span> <span class='ocrx_word' id='word_1_928' title='bbox 1991 5778 2026 5835; x_wconf 73' lang='grc' dir='ltr'><strong>’Ξ</strong></span> <span class='ocrx_word' id='word_1_929' title='bbox 2056 5778 2246 5850; x_wconf 70' lang='lat' dir='ltr'><strong>praem.</strong></span> <span class='ocrx_word' id='word_1_930' title='bbox 2293 5778 2407 5831; x_wconf 88' lang='grc' dir='ltr'>καί.</span> 
     </span>
    </p>
   </div>
  </div>
