3902 6490
499 324 636 393 1103
1488 326 1973 394 THEODORETI
2002 332 2339 395 EPISCOPI
2378 330 2745 393 CYRENSIS
3578 334 3706 397 140$

491 441 647 504 aliis,
688 438 892 509 inquit,
946 454 1102 495 noxa:
1134 442 1443 512 exemplar,
1483 454 1542 499 ut
1579 454 1901 514 exspectans
1941 446 2063 514 qui-

2181 445 2431 517 (ένωμαι,
2465 443 2621 515 φησὶ,
2648 438 2854 512 βλάϐης
2884 439 2998 502 τοῖς
3018 438 3201 501 ἄλλοις
3229 438 3544 511 ἀρχέτυπον,
3567 461 3711 513 προσ.

489 538 612 587 dem
663 549 693 587 a
732 543 783 588 te
820 535 1087 601 salutem,
1122 535 1366 603 decipiar
1398 554 1515 592 mea
1550 554 1665 608 spe.
1701 537 1805 592 Sed
1838 539 2071 607 discant,

2181 538 2367 608 μείνας
2399 537 2497 608 μὲν
2532 535 2633 604 τὴν
2667 532 2817 602 παρά
2862 531 2955 585 σοῦ
3007 532 3304 601 σωτηρίαν,
3343 531 3634 603 διαμαρτὼν
3660 538 3712 591 δὲ

493 642 591 697 per
627 643 688 682 ea
730 644 852 697 qua:
886 629 1021 682 mihi
1065 631 1429 702 contingunt,
1470 634 1561 702 qui
1590 632 1666 687 tui
1699 631 1948 687 notitiam
1975 633 2071 686 ha-

2181 630 2275 700 τῆς
2308 628 2520 690 ἐλπίδος
2566 642 2683 678 σου.
2745 622 2905 676 Ἀλλὰ
2955 621 3278 693 μαθέτωσαν
3326 623 3411 676 διὰ
3457 625 3559 677 τῶν
3598 628 3713 697 περὶ

501 720 652 785 bent,
682 723 828 792 quod
860 723 1207 792 sperantibus
1235 725 1289 779 in
1324 735 1407 790 te,
1434 727 1646 792 salutis,
1687 735 1745 782 et
1774 742 1881 781 non
1913 725 2071 781 dede-

2181 721 2272 791 ὲμὲ
2304 719 2633 789 γενομένων,
2663 717 2713 770 οἱ
2743 716 2842 787 τὴν
2882 715 2983 786 σὴν
3017 715 3236 785 ἔχοντες
3279 714 3492 783 γνῶσιν,
3521 718 3589 781 ὡς
3618 719 3712 773 τῶν

497 813 662 876 coris,
690 814 766 867 sis
796 826 1007 870 auctor.

2181 813 2500 877 ἐλπιζόντων
2523 811 2602 874 εἰς
2634 809 2695 863 σὲ
2718 809 3010 879 σωτηρίας,
3034 808 3129 862 καὶ
3154 808 3255 861 οὐκ
3279 808 3529 877 αἰσχύνης
3559 811 3714 882 ὑπάρ-

2172 921 2286 974 χεις
2317 902 2547 973 καρπός.

2240 994 2311 1067 η’.
2356 1015 2375 1048 ι
2423 996 2546 1050 Ὅτι
2580 994 2745 1048 ἓνεκά
2787 1011 2883 1048 σου
2926 992 3213 1059 ὑπήνεγκα
3241 991 3568 1061 ὁνειδισμόνο
3599 996 3712 1049 ὲκά-

2171 1087 2338 1157 λυψεν
2374 1086 2607 1159 ἐντροπὴ
2652 1087 2714 1140 τὸ
2743 1086 3033 1157 πρόσωπόν
3080 1102 3206 1155 μου.
3250 1103 3270 1136 ι
3312 1085 3574 1157 Αἰσχύνης
3600 1091 3713 1143 ἀνα.

2172 1180 2495 1251 πίμπλαμαι
2523 1179 2592 1232 τά
2642 1180 2709 1233 σά
2738 1179 2914 1249 ὀνείδη
2957 1177 3285 1248 δεχόμενος⁹
3320 1179 3715 1250 ὲπικερτομοῦσι

570 989 734 1071 Vens.
764 993 817 1046 8.
880 1012 899 1043 ι
931 993 1196 1059 Quoniam
1246 1002 1467 1064 propter
1505 1002 1558 1045 te
1600 991 1836 1046 sustinui
1874 1005 2073 1061 oppro-

498 1082 701 1147 brium,
735 1085 947 1152 operuit
976 1083 1229 1138 confusio
1265 1084 1457 1137 faciem
1497 1099 1691 1138 meam.
1734 1102 1752 1134 ι
1802 1082 2072 1137 Dedecore

495 1176 736 1245 repletus
775 1191 895 1229 sum
923 1214 937 1237 ,
970 1187 1059 1230 tua
1094 1176 1383 1244 Opprobria
1415 1182 1433 1197 '
1469 1177 1737 1245 recipiens
1776 1193 1789 1229 :
1825 1175 2071 1245 quando-

493 1269 712 1336 quidem
752 1269 971 1323 assidue
1009 1270 1305 1323 adversarii
1355 1268 1485 1323 mihi
1518 1270 1861 1333 obtrectant,
1894 1267 2069 1321 imbe-

494 1361 704 1416 cillitati
733 1371 839 1416 tum
872 1361 1188 1415 servitutem
1228 1377 1399 1414 meam
1435 1362 1816 1415 attribuentcs.

565 1451 727 1507 Vens.
753 1455 806 1509 9.
846 1472 863 1503 ι
893 1451 1197 1505 Extraneus
1226 1451 1401 1506 factus
1460 1467 1579 1505 sum
1607 1450 1867 1505 fratribus
1890 1449 2025 1504 meis
2049 1490 2065 1513 ,

492 1557 545 1599 et
576 1546 894 1615 peregrinus
924 1546 1047 1599 (iliis
1078 1545 1269 1597 matris
1298 1559 1446 1597 meae.
1479 1562 1496 1594 ι
1534 1543 1827 1597 Enumerat
1855 1541 2067 1596 maesti-

494 1640 584 1693 tia:
622 1653 817 1692 causas
852 1638 917 1692 ad
961 1638 1387 1692 misericordiam
1438 1636 1605 1690 Deum
1656 1635 2064 1690 misericordem

494 1731 760 1787 excitans.
794 1729 856 1783 Et
883 1730 1034 1799 prius
1057 1731 1275 1799 quidem
1307 1729 1598 1798 impiorum
1634 1730 1831 1798 probra
1860 1727 2061 1796 posuit,

494 1821 689 1877 deinde
743 1830 1096 1891 cognatorum
1155 1830 1209 1873 et
1273 1820 1548 1874 sociorum
1607 1818 2061 1887 segregationem.

495 1911 777 1980 Tanquam
808 1911 1076 1980 mancipia
1108 1910 1255 1964 enim
1291 1908 1431 1963 bello
1460 1916 1617 1977 capta
1651 1924 1758 1960 non
1795 1907 2065 1977 permitte-

494 2005 625 2059 bant
651 2005 771 2058 illos
804 2006 943 2059 inter
969 2012 1231 2075 cognatos
1264 2001 1499 2055 versari.

565 2094 731 2151 Vens.
765 2096 851 2150 10.
904 2115 921 2147 ι
954 2095 1224 2162 Quoniam
1259 2094 1408 2148 zelus
1445 2092 1642 2147 domus
1688 2100 1795 2144 tuae
1834 2091 2068 2146 comedit

494 2200 582 2239 me
603 2225 618 2251 ,
659 2195 710 2239 et
747 2185 1038 2255 opprobria
1072 2183 1513 2254 exprobrantium
1547 2181 1646 2236 tibi
1682 2180 1896 2250 1079
1919 2180 2066 2235 ceci-

494 2279 693 2332 derunt
748 2294 914 2349 super
964 2292 1071 2333 me.
1109 2296 1127 2330 ι
1183 2275 1297 2331 Νοιι
1351 2291 1540 2346 parum
1596 2284 1777 2328 autem
1829 2272 2069 2327 solitudo

497 2378 700 2425 sancta:
728 2379 833 2425 tuae
862 2370 1091 2431 domus,
1134 2380 1188 2424 et
1223 2368 1515 2438 impiorum
1552 2365 1732 2420 irrisio
1773 2364 2070 2420 discruciat

496 2471 550 2515 et
585 2462 733 2531 angit
763 2476 871 2516 me.
904 2460 1020 2516 Non
1059 2461 1201 2515 enim
1239 2459 1453 2514 delictis
1488 2458 1658 2523 meis,
1691 2455 1786 2511 sed
1823 2454 2070 2510 imbecil-

499 2553 631 2605 litati
668 2561 804 2618 tuze,
852 2568 973 2621 qua:
1002 2552 1056 2605 in
1090 2566 1210 2607 eam
1242 2558 1393 2620 gesta
1423 2558 1552 2603 sunt
1580 2549 1908 2602 attribuunt.
1939 2545 2072 2600 Pro-

501 2652 683 2711 pterea
721 2644 1022 2699 maledictis
1056 2654 1244 2697 contra
1276 2652 1328 2697 te
1362 2641 1590 2713 prolatis
1618 2656 1863 2711 pungur:
1893 2647 1956 2693 ut
1978 2638 2072 2707 qui

500 2736 699 2791 horum
729 2752 893 2791 causa
924 2735 1140 2791 fuerim.
1175 2736 1280 2791 Pro
1312 2736 1532 2789 comedit
1571 2749 1671 2800 me,
1712 2731 2074 2804 Symmachus

502 2830 823 2896 consumpsit
860 2846 960 2894 me,
985 2830 1140 2884 dixit.
1200 2896 1213 2908 λ

582 2918 747 2977 Vens.
806 2922 904 2987 11,
956 2922 1042 2976 12.
1087 2938 1105 2972 ι
1138 2922 1204 2976 Et
1242 2920 1430 2990 operui
1473 2928 1527 2973 In
1576 2916 1788 2987 jejunio
1835 2917 2073 2970 animam

2170 1273 2278 1343 γάρ
2316 1289 2384 1343 με
2416 1273 2436 1303 ’
2472 1271 2709 1342 συνεχῶς
2757 1271 2808 1324 oi
2843 1269 3115 1339 πολέμιοι,
3165 1268 3264 1338 σὴν
3314 1268 3588 1324 ἀσθένειαν
3627 1275 3716 1345 τὴν

2169 1364 2307 1435 ἐμὴν
2341 1363 2584 1417 δουλείαν
2611 1361 3014 1425 ἀποκαλοῦντες
3048 1361 3092 1415 ⁸.

2238 1456 2302 1509 θ’.
2327 1474 2346 1507 ‹
2383 1456 2837 1526 Ἀλλοτριωμένος
2860 1455 2880 1485 ⁸
2907 1454 3176 1525 ἐγενήθην
3198 1457 3315 1518 τοῖς
3334 1454 3575 1524 ἀδελφοῖς
3596 1473 3705 1526 μου,

2168 1550 2261 1600 καὶ
2279 1547 2427 1612 ξένος
2443 1550 2555 1610 τοῖς
2586 1547 2722 1619 υίοῖς
2750 1548 2848 1617 τῆς
2872 1545 3079 1616 μητρός
3103 1563 3228 1615 μου.
3263 1566 3280 1597 ι
3322 1547 3716 1617 Ἀπαριθμεῖται

2165 1639 2267 1707 τῆς
2299 1639 2591 1710 ἀχθηδόνος
2616 1628 2727 1702 τὰς’
2746 1638 3019 1707 ἀφορμὰς,
3047 1638 3337 1708 διεγείρων
3362 1639 3439 1701 είς
3470 1638 3609 1691 έλεον
3638 1640 3717 1693 τὸν

2168 1730 2358 1799 φιλάνθ
2369 1748 2547 1801 ρωπον
2567 1730 2719 1785 Θεόν.
2745 1731 2854 1783 Kal
2869 1731 3031 1802 πρότε
3040 1731 3256 1801 ρονζμέν
3271 1729 3479 1783 τέθεικε
3494 1730 3594 1781 τῶν
3609 1732 3718 1782 δυσ-

2167 1823 2340 1876 σεϐὦν
2360 1822 2429 1875 τά
2443 1822 2641 1893 ὀνείδη,
2661 1818 2780 1875 εἶτα
2811 1822 2920 1876 τῶν
2949 1822 3234 1891 συγγενῶν
3265 1822 3358 1874 καὶ
3388 1821 3616 1892 συνήθων
3639 1824 3719 1876 τὸν

2165 1916 2462 1987 χωρισμόν.
2479 1916 2567 1979 Ὠς
2583 1914 2930 1985 δωρυά).ωτοι
2948 1916 3077 1986 γάρ,
3101 1916 3199 1968 καὶ
3219 1913 3485 1967 δουλεύειν
3502 1916 3717 1983 ἠναγκα-

2168 2008 2375 2078 σμένοι,
2411 2007 2552 2060 κατὰ
2600 2008 2921 2076 συγγενείας
2971 2008 3032 2059 οὐ
3067 2006 3471 2077 συνεχωροῦντο
3510 2005 3714 2073 διάγειν.

2240 2098 2290 2152 ι’.
2318 2117 2336 2149 ι
2361 2099 2480 2152 ’Ότι
2513 2100 2541 2152 6
2562 2096 2721 2168 ζῆλος
2739 2098 2834 2152 τοῦ
2853 2098 3004 2153 οἴκου
3027 2116 3123 2153 σου
3151 2098 3431 2167 κατέφαγέ
3460 2116 3552 2168 με’
3577 2100 3661 2151 καὶ
3674 2102 3715 2152 oi

2166 2187 2458 2256 ὀνεισδιμοὶ
2500 2186 2611 2239 τῶν
2656 2187 3021 2251 ὀνειδιζόντων
3067 2205 3127 2241 σε
3158 2187 3355 2240 ἔπεσον
3384 2186 3425 2218 ¹⁰
3464 2187 3709 2254 ὲπ’ἐμέ.ι

2168 2282 2281 2352 Οὐχ
2291 2282 2490 2352 ἥκιστα
2506 2280 2562 2334 δέ
2581 2298 2648 2352 με
2672 2281 2800 2353 ἀνιᾷ
2823 2282 2918 2335 καὶ
2932 2280 3157 2349 ἀλγύνει
3183 2279 3279 2333 τοῦ
3307 2280 3458 2348 ἁγίου
3478 2280 3565 2332 σοῦ
3586 2280 3714 2332 οίκου

2170 2375 2203 2444 ἡ
2228 2373 2451 2445 ἐρημία,
2479 2372 2701 2426 καὶτῶν
2731 2370 3138 2425 δυσσεϐούντων
3164 2373 3193 2425 6
3224 2371 3415 2439 γέλως.
3437 2371 3510 2422 Οὐ
3541 2370 3638 2439 γάρ
3658 2372 3713 2440 τῇ

2171 2467 2277 2537 ἐμῇ
2307 2464 2676 2537 πλημμελείᾳ,
2699 2466 2763 2535 τῇ
2792 2464 2848 2517 δὲ
2872 2466 2937 2534 σῇ
2968 2464 3244 2535 ἀσθενείᾳ,
3270 2462 3339 2515 τά
3365 2462 3442 2527 είς
3472 2463 3657 2514 ἐκεῖνον
3675 2462 3711 2492 ⁸⁸

2171 2553 2509 2625 γεγενημένα
2527 2554 2850 2622 λογίζονται.
2888 2552 3091 2623 Διόπερ
3120 2555 3242 2614 ταῖς
3272 2552 3411 2605 κατὰ
3455 2551 3541 2603 σοῦ
3576 2552 3716 2621 βλασ-

2171 2647 2405 2717 φημίαις
2456 2645 2775 2717 κεντοῦμαι,
2805 2646 2880 2709 ὼς
2919 2645 3124 2698 τούτων
3156 2646 3445 2714 γενόμενος
3471 2643 3713 2714 πρόξενος.

2173 2738 2245 2791 Τὸ
2268 2739 2368 2809 μέν
2396 2755 2480 2791 τοι
2505 2737 2798 2808 κατέφαγέ
2813 2754 2910 2808 με,
2933 2734 3329 2804 κατηνάλωσέ
3352 2738 3392 2767 η
3409 2751 3502 2804 με,
3525 2736 3718 2806 εἴρηκεν

2173 2834 2201 2886 6
2234 2830 2567 2902 Σύμμαχοςδ

2248 2925 2335 2990 ια’,
2377 2924 2465 2995 ιβ’.
2510 2943 2529 2977 ί
2575 2927 2689 2981 Kal
2723 2926 2767 2959 ⁸⁸
2813 2925 3164 2996 συνεκάλυψα
3196 2925 3240 2956 ’⁸
3287 2926 3347 2977 ἐν
3390 2922 3600 2993 νηστείᾳ
3632 2920 3717 2989 τὴν

507 3032 704 3082 meam,
740 3023 793 3069 et
815 3013 1015 3067 factum
1046 3020 1130 3067 est
1164 3012 1217 3065 in
1249 3010 1603 3080 opprobrium
1636 3007 1791 3062 mihi.
1825 3006 1892 3060 Et
1918 3004 2071 3075 posui

2181 3018 2350 3088 ψυχήν
2389 3036 2513 3089 μου,
2549 3020 2643 3073 καὶ
2675 3019 2907 3091 ἐγενήθη
2951 3020 3033 3083 είς
3070 3017 3416 3087 ὀνειδισμοὺς
3460 3015 3593 3086 ἐμοί.
3624 3013 3717 3066 Καὶ

506 3111 886 3164 vestimentum
933 3120 1113 3158 meum
1180 3102 1457 3167 cilicium,
1506 3109 1560 3155 et
1606 3099 1780 3155 factus
1808 3113 1926 3152 sum
1968 3096 2071 3151 illis

2181 3108 2385 3180 ἐθέμην
2413 3109 2474 3162 τὸ
2501 3110 2704 3182 ἐνδυμά
2734 3128 2836 3181 μου
2879 3110 3103 3175 σάκκον,
3150 3110 3248 3163 καὶ
3278 3107 3532 3177 ἐγενόμην
3559 3105 3717 3166 αὐτοῖς

508 3201 819 3272 ρατοιιοιιω
854 3197 1080 3267 Propter
1113 3196 1228 3250 haac
1260 3194 1595 3257 discrucior,
1630 3204 1685 3247 et
1731 3191 1943 3261 jejunio
1961 3204 2071 3244 ma-

2184 3204 2265 3265 είς
2295 3201 2625 3274 παραδολήν.
2665 3220 2685 3254 ι
2732 3203 2853 3255 Ἐπὶ
2887 3202 3097 3265 τούτοις
3133 3201 3376 3271 ἀνιῶμαι
3417 3200 3477 3260 ’⁸,
3521 3197 3606 3250 καὶ
3634 3213 3715 3264 νη-

508 3309 635 3349 cero
681 3306 877 3359 corpus
927 3307 941 3343 :
1002 3298 1056 3343 at
1104 3288 1209 3342 hoc
1260 3288 1435 3357 ipsum
1484 3286 1591 3341 illis
1646 3284 1854 3339 ridendi
1893 3297 2071 3339 ansam

2186 3289 2338 3360 στείᾳ
2371 3290 2666 3361 κατατήκω
2692 3290 2753 3343 τὸ
2786 3290 2966 3360 σῶμα.
3019 3291 3185 3344 Ἀλλὰ
3221 3290 3317 3344 καὶ
3354 3289 3506 3342 τοῦτο
3534 3286 3719 3358 πρόφα-

510 3386 732 3455 praebet.
758 3382 948 3452 Alﬂigo
976 3391 1155 3435 autem
1188 3396 1274 3434 me
1302 3380 1475 3449 ipsum
1502 3379 1665 3433 etiam
1702 3377 1848 3432 sacci
1872 3376 2071 3431 amictu

2183 3397 2268 3444 σις
2296 3381 2523 3445 ἐκείνοις
2564 3381 2780 3450 ἐγένετο
2805 3381 3060 3450 γέλωτος.
3099 3381 3299 3454 Τρύχω
3331 3382 3373 3412 ’⁸
3401 3380 3454 3433 δὲ
3487 3376 3717 3449 ἐμαυτὸν,

511 3479 791 3549 lugubrem
823 3475 1066 3530 habitum
1112 3488 1334 3543 gerens;
1375 3480 1431 3526 et
1459 3471 1584 3526 hinc
1613 3469 1775 3525 etiam
1807 3467 2071 3524 illusionis

2181 3473 2277 3525 καὶ
2300 3475 2364 3543 τῇ
2394 3472 2487 3526 τοῦ
2526 3474 2730 3527 σάκκου
2764 3474 3023 3545 περιϐολῇ
3050 3474 3110 3526 τὸ
3135 3473 3399 3544 πένθιμον
3432 3469 3715 3542 περικείμε-
3794 3465 3799 3471 ’

510 3588 732 3628 causam
760 3569 1033 3640 arripiunt
1061 3566 1264 3637 iniqui.

2181 3582 2270 3628 νος
2316 3565 2521 3635 σχῆμα.
2574 3566 2684 3619 Kal
2731 3565 2891 3619 τοῦτο
2943 3566 3040 3631 μέν
3087 3583 3169 3619 τοι
3223 3563 3507 3634 κωμῳδίας
3550 3559 3716 3614 έλαὸον

2178 3656 2432 3727 ἀφορμὴν
2462 3657 2511 3709 οἱ
2545 3657 2853 3729 παράνομοι
2876 3660 2937 3712 ¹⁷.
2954 3678 2972 3710 ι

2253 3755 2339 3818 ιγ’.
2387 3767 2406 3800 ι
2450 3750 2586 3803 Κατ’
2622 3749 2754 3821 ἐμοῦ
2787 3749 3106 3821 ηδολέσχουν
3137 3749 3189 3801 οἱ
3220 3748 3506 3817 καθήμενοι
3532 3746 3586 3796 ἐν
3626 3741 3712 3795 πύ-

2179 3839 2299 3903 λαις
2334 3840 2399 3904 “,
2456 3840 2551 3892 καὶ
2590 3840 2670 3904 είς
2703 3841 2802 3910 ἐμὲ
2841 3840 3067 3909 ἔψαλλον
3120 3841 3169 3892 οί
3211 3840 3452 3898 πίνοντες
3497 3833 3634 3890 οἶνον.
3690 3852 3706 3884 ι

587 3747 745 3804 Vens.
780 3747 865 3801 15.
909 3766 926 3798 ‹
953 3726 1231 3800 Adversus
1264 3759 1350 3799 me
1381 3742 1764 3811 loquebantur,
1797 3741 1888 3810 qui
1924 3740 2080 3796 sede-

510 3844 642 3897 bant
672 3842 727 3895 in
763 3848 919 3910 porta
946 3880 961 3904 ,
994 3847 1048 3893 et
1080 3838 1136 3892 in
1183 3851 1271 3891 me
1308 3834 1652 3906 psallebant,
1685 3834 1778 3903 qui
1823 3832 2081 3897 bibebant

509 3936 716 3989 vinum.
754 3953 773 3986 ι
811 3934 876 3987 Et
898 3933 953 3986 in
986 3930 1368 3993 conventibus,
1396 3928 1596 3995 inquit,
1627 3938 1680 3981 et
1708 3928 1760 3981 in
1787 3926 2076 3991 conviviis,

508 4039 629 4078 mea
654 4024 868 4093 iactant
890 4031 944 4077 et
976 4020 1206 4075 irrident
1231 4019 1395 4074 mala.
1428 4018 1569 4075 Olim
1605 4018 1748 4073 enim
1773 4017 1928 4088 juxta
1956 4031 2078 4086 por-

508 4130 593 4173 tas
613 4127 911 4172 conventus
938 4116 1231 4171 habebant.

579 4210 745 4265 Vens.
788 4211 875 4264 14.
923 4228 941 4261 ‹
973 4209 1083 4280 Ego
1109 4225 1239 4264 vero
1277 4210 1527 4265 oratione
1568 4224 1690 4264 mea
1730 4208 1799 4264 ad
1844 4216 1899 4263 te
1945 4222 2078 4278 ‘me

508 4303 817 4372 converto),
851 4302 1098 4356 Domine.
1137 4321 1155 4353 ι
1202 4302 1563 4373 Symmachus
1596 4312 1777 4357 autem
1810 4302 1910 4361 sic.
1940 4299 2077 4354 Ora-

511 4398 582 4450 tio
606 4411 725 4449 vero
744 4410 858 4447 mea
882 4394 995 4458 tibi,
1024 4393 1263 4447 Domine.
1282 4395 1418 4448 Dum
1443 4396 1575 4459 haec,
1602 4394 1797 4463 inquit,
1822 4393 1895 4446 ita
1923 4393 2073 4455 ﬁunt,

2177 3933 2290 3999 Kal
2320 3934 2377 3984 ἐν
2408 3931 2703 3999 συλλόγοις,
2742 3932 2893 4003 φησὶ,
2930 3933 3023 3984 καὶ
3054 3933 3112 3984 ὲν
3142 3930 3485 4000 συμποσίοις,
3523 3928 3585 3979 τά
3620 3925 3711 3995 ἐμὰ

2178 4023 2463 4094 θρυλλοῦσι
2483 4025 2576 4077 καὶ
2603 4024 2923 4095 κωμῳδοῦσι
2952 4026 3119 4077 κακά.
3142 4023 3319 4077 Πάλαι
3341 4024 3446 4091 γάρ
3476 4019 3612 4092 παρά
3633 4019 3708 4080 τὰς

2177 4116 2349 4180 πύλας
2378 4118 2491 4181 τοῖς
2526 4118 2569 4149 ¹⁹
2598 4116 2894 4187 συνεδρίοις
2920 4116 3180 4187 ἐχρῶντο.

2249 4209 2331 4264 ιδ’.
2379 4230 2398 4262 ι
2451 4209 2592 4278 Ἐγὼ
2642 4210 2699 4263 δὲ
2751 4211 2815 4281 τῇ
2859 4212 3133 4281 προσευχῇ
3186 4227 3288 4281 μου
3339 4212 3470 4281 πρὸς
3514 4210 3587 4271 σὲ,
3611 4206 3707 4259 K6-

2179 4319 2261 4373 ριε
2292 4303 2354 4358 ³ο.
2387 4321 2406 4354 ι
2451 4303 2509 4356 '0
2540 4301 2598 4356 δὲ
2632 4300 2925 4373 Σύμμαχος
2953 4301 3162 4366 οὕτως’
3210 4303 3384 4373 Ἐμοῦ
3407 4301 3521 4368 ὃὲή
3549 4313 3705 4368 προσ-

2174 4392 2324 4462 ευχή
2352 4406 2471 4458 σοι,
2522 4393 2716 4461 Κύριε.
2770 4391 3010 4457 Τούτων,
3062 4392 3219 4464 φησὶ,
3265 4392 3571 4462 γινομένων,
3611 4386 3705 4455 ἐγὼ

509 4504 610 4560 ego
638 4487 830 4543 oculos
861 4487 928 4541 ad
962 4495 1013 4541 te
1047 4497 1305 4542 converto
1332 4527 1347 4552 ,
1388 4497 1443 4543 et
1467 4503 1497 4541 a
1532 4494 1587 4541 te
1612 4497 1866 4555 exspecto
1891 4499 2069 4554 Opem.

2181 4486 2313 4556 πρὸς
2343 4484 2401 4538 σὲ
2420 4486 2577 4538 τείνω
2603 4485 2662 4538 τὸ
2693 4484 2865 4555 ὄμμα,
2900 4483 2996 4538 καὶ
3013 4483 3112 4555 τὴν
3139 4485 3294 4555 παρά
3326 4482 3416 4537 σοῦ
3448 4481 3704 4553 προσμένω

515 4601 534 4633 ‹
576 4581 815 4649 Tempus
845 4579 1192 4649 beneplaciti,
1220 4595 1253 4635 ο
1286 4580 1480 4634 Deus.»
1509 4578 1871 4649 Symmachus
1900 4590 2079 4632 autem

510 4673 631 4736 sic,
670 4670 892 4742 Tempus
940 4670 1387 4725 reconciliationis
1433 4679 1509 4723 est
1560 4669 1723 4724 Deus.
1768 4669 1912 4723 Satis
1956 4677 2079 4731 est,

511 4763 707 4832 inquit,
733 4777 912 4832 paena,
935 4776 1042 4831 qua
1070 4777 1157 4815 me
1182 4760 1426 4816 aﬂ'ecisti.
1455 4759 1694 4829 Tempus
1723 4759 1937 4829 1080
1960 4758 2071 4828 jam

509 4867 594 4909 est
620 4864 678 4908 ut
727 4855 866 4909 hanc
886 4855 1170 4919 dissolvas,
1202 4864 1461 4923 tuamque
1482 4853 1911 4909 misericordiam
1941 4852 2072 4906 mihi

512 4945 783 5003 ostendas.
814 4946 1205 5017 Beneplacitum
1227 4945 1372 5000 enim
1404 4946 1598 5000 bonam
1629 4944 1860 5015 appellat
1883 4946 2072 4999 volun-

2173 4575 2445 4648 βοήθειαν.
2489 4594 2509 4627 ι
2546 4576 2755 4649 Καιρὸς
2781 4576 3050 4640 εὐδοκίας,
3079 4578 3108 4630 6
3127 4576 3278 4640 Θεός.
3308 4595 3327 4628 ι
3364 4575 3421 4629 '0
3444 4575 3495 4627 δὲ
3519 4575 3557 4605 ¹¹
3582 4570 3701 4639 Σύμ-

2175 4686 2346 4738 μαχος
2377 4668 2572 4736 οὓτως,
2620 4667 2833 4738 Καιρὸς
2870 4668 3203 4739 διαλλαγῆς
3232 4673 3267 4724 ὁ
3320 4669 3475 4735 Θεός.
3523 4665 3696 4734 Ἰκανὴ.

2180 4758 2333 4829 φησὶ,
2366 4759 2400 4828 ἠ
2453 4758 2805 4829 ἐπενεχθεϊσά
2850 4776 2940 4829 μοι
2979 4760 3238 4831 τιμωρία.
3291 4758 3489 4830 Καιρὸς
3525 4753 3697 4822 ταύτην

2179 4850 2429 4921 λυθῆναι,
2483 4851 2579 4905 καὶ
2624 4850 2722 4922 τὴν
2772 4850 2870 4923 σὴν
2921 4851 3326 4924 φιλανθρωπίαν
3373 4848 3696 4918 ἀναφανῆναι.

2179 4940 2479 4995 Εὺδοκίαν
2511 4940 2619 5012 γὰρ
2651 4942 2712 4996 τὸ
2767 4942 2971 5011 ἀγαθὸν
3017 4942 3229 5015 θέλημα
3268 4943 3360 4998 τοῦ
3399 4940 3526 4995 Θεοῦ
3556 4941 3596 4970 ¹²
3619 4952 3697 4991 κα-

1600 5126 1833 5182 ΥΑΒΙᾹΞ
1869 5124 2254 5182 LECTIONES
2292 5125 2381 5182 ET
2419 5124 2652 5182 NOTAE.

591 5270 609 5299 ⁷
649 5270 761 5323 Ms.
796 5269 919 5323 cod.
956 5270 979 5322 1
1015 5278 1069 5325 et
1097 5269 1137 5343 2
1160 5285 1271 5343 μοι.
1345 5270 1368 5301 ⁸
1390 5268 1591 5343 cod._i
1625 5266 2045 5343 ἀνακαλοῦντες,

2181 5269 2314 5337 ripta
2346 5276 2525 5343 tamen
2570 5247 2800 5343 .eetione
2826 5272 3043 5343 altera,
3090 5275 3111 5306 ⁹
3150 5273 3272 5329 cod.
3304 5274 3327 5326 1
3361 5269 3693 5343 ἀπηλλοτριω-

518 5339 699 5409 μένος,
731 5356 871 5419 qua;
882 5352 962 5419 est
994 5342 1305 5419 rec._lecti_o.
1384 5341 1436 5419 ‘°_
1460 5339 1584 5419 cod.
1617 5341 1641 5393 1
1675 5338 1966 5419 ἐπέπεσον,
1994 5354 2066 5408 qu

2182 5340 2649 5419 st‘receptale-ctio
2774 5342 2809 5394 Ι.
2871 5342 3059 5419 cod._2
3102 5344 3398 5419 ἐπέπεσεν..
3457 5338 3495 5372 δ’

515 5426 645 5481 νον.
674 5411 794 5463 cod.
840 5409 875 5462 2
908 5409 1039 5481 ἐμέ.
1118 5412 1161 5442 ¹¹
1202 5413 1621 5478 Koma-cauas.
1670 5409 1790 5461 cod.
1824 5410 1847 5461 1
1900 5424 2063 5481 praem

2181 5410 2249 5462 ml
2310 5409 2431 5481 τοῦ.
2511 5411 2552 5441 ⁸³
2590 5411 2699 5481 Kal
2757 5442 2815 5458 ..-

517 5480 653 5541 rain:
691 5489 861 5541 :13:
896 5480 965 5535 Et
1003 5482 1122 5550 ﬂevi
1165 5482 1218 5535 in
1270 5482 1478 5548 jejunio
1525 5481 1715 5534 anima:
1754 5495 1899 5550 meaz.

2871 5344 2991 5396 cod.
3023 5342 3059 5395 2
3102 5344 3387 5396 ἐπέπεσεν.
3457 5339 3495 5372 δ’
3552 5339 3690 5387 Επεὶ·

2844 5411 3057 5479 ψυχήν
3110 5431 3250 5482 μου.
3310 5412 3461 5482 Hebr.
3517 5411 3690 5482 ngam

2009 5480 2053 5509 “
2089 5479 2510 5551 Συνεκάλυψιι.
2552 5481 2625 5535 Ita
2677 5480 2775 5551 leg.
2826 5474 2878 5535 in
2921 5474 3051 5536 edit.
3103 5474 3228 5536 λιά.
3282 5492 3333 5536 et
3358 5474 3548 5547 Compl.
3576 5474 3689 5551 ﬁce-

518 5553 682 5623 lectio
716 5559 799 5608 est
830 5544 1171 5623 συνέκαμψα.
1232 5544 1294 5623 ίίῖ
1321 5544 1626 5623 "Av-(timui.
1658 5550 1780 5623 cod.
1806 5549 1832 5601 1
1867 5549 1991 5603 add.
2016 5548 2316 5623 καζταῦτά
2350 5544 2481 5618 φασι
2510 5553 2571 5623 oi,
2591 5544 3105 5623 ἀνδραποδισθέντες
3133 5555 3199 5607 ὲκ
3223 5553 3320 5623 τῆς
3358 5544 3684 5623 Ἰεροὺσαλήμι

526 5621 651 5694 [Iatc
679 5638 878 5694 quoque
911 5617 1242 5694 _dicunt,hqui
1280 5622 1473 5694 captivi
1501 5617 1727 5694 abducti
1751 5629 1918 5694 erant,
1951 5635 2015 5694 ea;
2067 5663 2071 5672 .

2181 5617 2454 5694 rosolyma.
2489 5692 2506 5694 _
2534 5622 2576 5652 ⁸⁵
2615 5617 2737 5694 cod.
2769 5622 2813 5694 2
2838 5622 3141 5694 τρύχομαι.
3210 5625 3258 5694 "7
3279 5617 3352 5676 ’οί
3382 5617 3682 5694 παράνομρι.

524 5690 646 5762 Des.
678 5681 730 5743 i'n
760 5681 980 5762 clima.
1034 5693 1077 5723 η
1120 5681 1249 5744 nec.
1285 5681 1443 5762 lectio
1465 5689 1761 5762 εειπύλῃ.
1818 5690 1860 5762 εξ
1908 5690 2053 5755 Τοῖς.

2181 5700 2243 5746 :st
2268 5681 2444 5762 acod.
2480 5692 2535 5762 2.
2612 5691 2657 5722 ’θ
2696 5681 2890 5760 Κύριεῖ
2924 5681 3078 5762 féo'o.
3125 5693 3149 5747 1
3197 5693 3317 5749 add.
3352 5681 3523 5761 καιρὸς
3561 5681 3684 5736 £660-

523 5759 666 5823 κίας.
739 5762 782 5793 ’⁸
835 5762 895 5814 '0
957 5761 1025 5814 δὲ
1064 5762 1319 5826 -Θεός.
1396 5760 1517 5816 Des.
1566 5762 1619 5816 in
1666 5759 1785 5816 c'oil.
1830 5759 1886 5815 2.
1962 5762 2006 5792 ³³
2086 5759 2197 5815 Τοῦ

2266 5761 2433 5816 Θεοῦ.
2488 5761 2609 5818 Des.
2669 5762 2723 5816 in
2762 5763 2881 5819 cod.
2914 5761 2969 5818 2.
