3902 6486
204 359 341 426 1405
1539 362 1621 421 ΙΝ
1650 360 1795 421 PSA.

1910 359 2170 421 LXVIII.
3292 352 3427 418 1406

201 474 299 526 λεῖ.
328 490 349 524 t
390 470 479 524 'Ev
506 470 586 541 τῷ
614 472 807 543 πλήθει
839 471 931 525 τοῦ
968 471 1149 533 ἐλέους
1177 486 1268 522 σου
1299 467 1601 521 ἐπάκουσόν
1626 482 1725 534 μου
1745 478 1760 494 ⁸
1791 509 1795 522 .

1910 475 2052 519 item.
2110 486 2128 517 ι
2169 464 2222 519 In
2267 465 2615 519 multitudine
2659 461 3048 520 misericordia!
3091 469 3194 514 tua:
3230 462 3443 516 exaudi'

201 568 258 620 ἐν
288 565 522 636 ἀληθείᾳ
548 568 646 636 τῆς
669 567 942 636 σωτηρίας
968 582 1081 617 σου.
1118 583 1136 614 ι
1160 563 1251 631 Μὴ
1281 562 1391 622 τοῖς
1410 562 1562 629 ἐμοῖς
1588 558 1691 626 πλη
1702 573 1767 625 μ·

1910 572 1987 618 ιο,
2024 557 2077 610 in
2114 558 2337 611 veritate
2365 558 2555 611 salutis
2582 565 2706 609 tuae.
2740 574 2757 606 ι
2796 553 2873 608 Ne
2902 569 3000 622 pro
3032 551 3165 604 meis
3197 551 3433 619 peccatis

204 658 485 727 μελήμασι
540 656 815 728 μετρήσῃς
856 656 955 724 τὴν
1000 655 1288 724 τιμωρίαν,
1324 650 1459 704 ἀλλὰ
1504 648 1582 718 τῷ
1630 648 1767 714 ἀμε-

1910 648 2195 717 upplicium
2229 648 2489 712 metiaris,
2521 649 2613 703 sed
2643 662 2742 716 pro
2775 648 3040 700 immensa
3078 641 3433 709 benignitatis

201 749 390 820 τρήτῳ
420 747 523 817 τῆς
578 752 679 818 σῆς
706 748 749 781 ’³
809 746 1216 816 φιλανθρωπίας
1257 743 1391 813 ἐλέῳ
1436 742 1502 796 ’⁵.
1552 738 1769 808 Χρῆσαι

1871 748 1977 792 tua:
2011 736 2402 803 misericordia.
2439 735 2597 789 Utere
2645 738 2661 756 ⁴
2712 742 2892 787 autem
2918 747 3046 785 vero
3080 741 3133 784 et
3159 731 3310 799 justo
3342 738 3435 783 tuo

203 842 260 894 δὲ
302 844 368 910 τῇ
404 840 579 910 ἀληθῇ
610 841 655 872 ’⁸
702 840 796 893 καὶ
844 839 1027 908 δικαίᾳ
1058 854 1148 890 σου
1185 835 1348 904 ψήφῳ
1384 833 1522 884 κατὰ
1552 830 1660 882 τῶν
1693 831 1770 891 είς

1910 836 2085 880 ecreto
2115 836 2303 880 contra
2334 836 2411 879 tot
2445 826 2583 879 mala
2636 826 2691 880 in
2749 839 2835 877 me
2884 831 3179 892 patrantes.
3232 819 3437 873 Deinde

204 931 308 998 ἐμὲ
342 929 584 982 τοσαῦτα
620 929 869 999 δρώντων
902 928 1065 982 κακά.
1111 923 1242 979 Εἶτα
1285 922 1562 994 τροπικῶς
1611 920 1771 973 πάλιν

206 1023 603 1093 ἀπαριθμεῖται
634 1022 730 1085 τὰς
781 1021 1082 1092 συμφορὰς,
1117 1021 1389 1073 ἀνακινεῖν
1432 1014 1773 1086 πειρώμενος

208 1117 274 1184 τῇ
301 1115 552 1183 διηγήσει
580 1114 671 1166 τὸν
702 1113 870 1167 ἔλεον.

282 1201 365 1257 ιε’.
414 1222 433 1254 t
479 1203 660 1257 Σῶσόν
702 1222 771 1273 με
818 1203 924 1257 ἀπὸ
972 1199 1167 1273 πηλοῦ,
1201 1199 1289 1253 ἴνα
1339 1197 1413 1268 μὴ
1448 1192 1699 1261 ὲμπαγῶ.
1749 1210 1768 1244 ι

216 1297 410 1348 Ἔοικα
444 1298 555 1357 τοῖς
587 1295 887 1366 εἰςβόθρον
914 1292 1230 1364 τελματώδη
1259 1291 1531 1352 πίπτουσι,
1557 1286 1651 1339 καὶ
1682 1286 1776 1339 θά-

213 1406 370 1441 νατον
428 1388 789 1455 ὑπομένουσιο
853 1387 933 1440 διὸ
985 1384 1136 1455 παρὰ
1200 1382 1293 1436 σοῦ
1359 1382 1457 1451 τὴν
1510 1377 1777 1448 σωτηρίαν

216 1480 353 1534 αἰτῶ
380 1482 450 1532 ’⁸.
476 1500 492 1528 ι
518 1478 796 1548 Ῥυσθείην
824 1481 888 1531 ὲκ
912 1479 1017 1531 τῶν
1041 1476 1340 1546 μισούντων
1360 1491 1446 1542 με,
1473 1471 1566 1524 καὶ
1594 1469 1779 1521 ἐκτῶν

220 1572 426 1642 βαθέων
450 1572 492 1603 ¹⁷
518 1570 626 1623 τῶν
652 1570 879 1622 ὑδάτων.
920 1588 938 1620 ›
972 1568 1118 1621 Αίτῶ
1137 1568 1193 1619 δὲ
1214 1562 1596 1631 ἀπαλλαγῆναι
1620 1559 1712 1612 καὶ
1733 1557 1778 1589 ’⁸

219 1665 323 1718 τῶν
356 1662 655 1732 πολεμίων,
705 1662 799 1714 καὶ
842 1661 951 1713 τῶν
985 1660 1088 1712 ὑπὸ
1118 1659 1324 1710 τούτων
1367 1653 1707 1722 ὲναγομένων
1735 1650 1779 1680 ’⁸

222 1755 429 1809 κακῶν.
460 1754 649 1817 Βάθος
664 1744 772 1822 γὰρ
803 1750 1037 1805 ὑδάτων
1061 1749 1161 1813 τὰς
1213 1750 1303 1801 ὑπ’
1338 1745 1563 1799 ἐκείνων
1579 1744 1781 1808 ἐπαγο-

226 1849 389 1919 μένας
420 1849 463 1879 ³⁰
500 1845 729 1899 ἐκάλεσε
756 1845 1043 1914 τιμωρίας.

294 1946 390 2004 ις’.
441 1957 459 1990 t
516 1939 605 2008 Μή
660 1954 727 2005 με
768 1934 1216 1989 καταποντισάτω
1271 1930 1519 1997 καταιγὶς
1571 1926 1780 1988 ὓδατος,

227 2031 358 2101 μηδὲ
392 2030 710 2083 καταπιέτω
747 2045 813 2097 με
845 2026 1025 2096 βυθός.
1066 2043 1084 2075 ο
1120 2024 1210 2093 Μὴ
1241 2023 1502 2091 γένωμαι,
1531 2019 1684 2089 φησὶ.
1708 2015 1786 2085 τῷ

226 2123 424 2193 πλήθει
445 2121 630 2192 καὶτῷ
653 2120 869 2191 μεγέθει
894 2118 998 2173 τῶν
1019 2116 1203 2171 κακῶν
1224 2114 1569 2183 ὑποϐρύχιος.
1594 2130 1611 2162 t
1639 2108 1787 2180 Μηδὲ

226 2214 474 2283 συσχέτω
502 2212 587 2265 ἐπ’
622 2212 721 2281 ἐμὲ
754 2209 928 2282 φρέαρ
953 2208 1014 2262 τὸ
1060 2209 1231 2277 στόμα
1261 2205 1446 2260 αὐτοῦ.
1486 2224 1505 2256 ›
1539 2204 1630 2273 Μὴ
1684 2202 1790 2254 ἀπ-

226 2304 557 2375 αγορεύσῃς,
594 2303 744 2375 φησὶ,
773 2302 1037 2364 Δέσποτα,
1061 2299 1159 2369 τὴν
1180 2298 1317 2369 ἐμὴν
1345 2296 1637 2368 σωτηρίαν·
1660 2294 1792 2364 μηδὲ

227 2397 454 2467 κλείσῃς
480 2397 524 2427 ³⁸
559 2412 648 2466 μοι
684 2394 782 2463 τῆς
833 2390 1240 2463 φιλανθρωπίας
1273 2391 1318 2421 ³³
1354 2388 1451 2459 τὴν
1497 2386 1683 2457 θύραν.
1730 2384 1791 2437 Οἱ

230 2488 334 2558 γὰρ
353 2490 437 2551 είς
453 2488 629 2558 φρέαρ
647 2485 1007 2554 ἐμπίπτοντες
1030 2482 1095 2547 ³³,
1112 2480 1410 2551 ἀνεῳγότος
1433 2478 1531 2548 μὲν
1551 2477 1731 2548 ἔχουσι
1749 2474 1793 2506 ³⁸

230 2581 323 2634 τοῦ
356 2580 625 2649 στόματός
650 2594 772 2632 τινα
806 2575 1005 2646 μικρὰν
1034 2573 1225 2627 ἐλπίδα
1254 2572 1355 2643 τῆς
1382 2570 1587 2625 ἐκεῖθεν
1619 2567 1795 2622 ἀπαλ-

233 2673 407 2741 λαγῆς
426 2689 442 2702 °
473 2671 847 2741 ἐμφραγέντος
873 2668 928 2721 δὲ
954 2666 1050 2721 καὶ
1078 2666 1120 2698 ³⁸
1150 2666 1363 2730 τούτου,
1396 2663 1493 2734 τὴν
1524 2661 1796 2732 σωτηρίαν

236 2764 693 2834 ἀπαγορεύουσιν.

307 2854 396 2918 ιζ’.
444 2873 460 2903 t
512 2851 842 2906 Εἰσάκουσόν
893 2867 1015 2919 μου,
1046 2846 1246 2917 Κύριε·
1309 2846 1391 2899 ὅτι
1445 2842 1677 2915 χρηστὸν
1738 2841 1800 2895 τὸ

239 2948 381 3010 ἔλεός
412 2965 506 3000 σου
527 2965 541 2977 ο
579 2946 720 3001 κατὰ
748 2945 807 2999 τὸ
844 2944 1050 3013 πλῆθος
1079 2942 1186 2995 τῶν
1227 2940 1522 3011 οἰκτιρμῶν
1553 2955 1646 2990 σου
1676 2938 1797 2990 ἐπί-

241 3040 437 3108 ϐλεψον
470 3040 555 3091 ἐπ’
586 3038 712 3108 ἐμέ.
752 3057 769 3088 ι
805 3037 904 3089 Διά
927 3037 1026 3105 τὴν
1058 3034 1155 3105 σὴν
1185 3030 1691 3103 φιλανθρωπίαν,οὐ
1714 3028 1800 3082 διά

243 3132 335 3202 τὴν
368 3130 511 3202 ἐμὴν
541 3129 717 3194 ἀξίαν,
757 3122 831 3181 ὧν
865 3127 1237 3195 ἀφηγησάμην
1275 3122 1457 3176 κακῶν
1497 3122 1594 3191 τὴν
1627 3117 1800 3173 ἀπαλ-
1828 3145 1870 3204 c

244 3225 414 3294 λαγὴν
445 3223 709 3290 ἐπάγαγε.
745 3220 914 3272 Βλέπε
954 3235 1020 3287 με
1061 3218 1105 3249 ³⁵
1130 3216 1309 3269 τοίνυν
1340 3216 1383 3246 ³⁷
1414 3210 1804 3282 περικλυζόμε-

248 3334 331 3369 νον
361 3319 475 3378 τοῖς
515 3316 726 3379 κακοῖς,
762 3312 857 3363 καὶ
903 3310 1064 3361 λῦσον
1114 3308 1212 3371 τὰς
1254 3306 1558 3377 συμφοράς.
1619 3301 1805 3372 Ἀρκεῖ

248 3409 349 3475 γάρ
401 3422 496 3457 σου
532 3405 626 3456 καὶ
676 3402 836 3473 μόνον
868 3401 911 3433 ³⁸
944 3402 976 3471 ἡ
1027 3400 1319 3468 ἐπιφάνεια
1344 3397 1409 3461 ³³,
1458 3393 1715 3447 σκεδάσαι
1746 3391 1806 3445 τὸ

250 3502 403 3568 νέφος
441 3499 550 3552 τῶν
577 3495 857 3565 λυπηρῶν.

318 3598 411 3661 ιη’.
463 3611 481 3643 ι
528 3589 619 3660 Μὴ
650 3589 692 3619 ⁵ο
740 3583 1085 3655 ἀποστρέψῃς
1133 3583 1193 3637 τὸ
1235 3582 1522 3652 πρόσωπόν
1556 3597 1648 3633 σου
1703 3578 1809 3632 ἀπὸ

251 3685 338 3736 τοῦ
374 3681 564 3743 παιδός
595 3696 708 3732 σου.
750 3696 768 3728 ι
807 3675 977 3728 Τοῦτο
1005 3675 1113 3744 γὰρ
1144 3672 1263 3736 ἔθος
1296 3675 1406 3734 τοῖς
1439 3669 1812 3740 ὀργιζομένοις

255 3775 445 3836 ποιεῖν,
495 3768 902 3837 ἀποσειομένοις
957 3765 1066 3818 τῶν
1109 3763 1507 3835 ἡμαρτηκότων
1558 3762 1660 3823 τὰς
1697 3762 1812 3812 ἱκε-

256 3867 398 3928 τείας
432 3864 499 3917 ⁸¹.
543 3882 560 3914 t
621 3862 740 3915 Ὅτι
780 3858 1050 3928 θλίϐομαι,
1095 3858 1231 3926 ταχὺ
1279 3856 1578 3908 ἐπάκουσον
1632 3871 1750 3922 μου.
1790 3870 1810 3903 ι

257 3960 347 4010 Διὰ
376 3957 481 4025 τὴν
520 3958 621 4025 τῆς
658 3954 847 4022 ὀδύνης
893 3949 1197 4021 ὑπερϐολὴν
1228 3950 1446 4016 ταχεῖαν
1484 3963 1575 4015 μοι
1634 3943 1814 4013 παρά-

259 4068 389 4120 σχου
424 4067 502 4101 πα
512 4047 755 4118 ραψυχὴν
782 4045 848 4098 δ’.

328 4141 419 4193 ιθί.
466 4159 484 4190 ι
534 4138 773 4209 Πρόσχες
803 4137 869 4206 τῇ
900 4134 1045 4205 ψυχῇ
1094 4150 1217 4203 μου,
1275 4131 1367 4184 καὶ
1413 4128 1686 4199 λύτρωσαι
1720 4128 1819 4180 αὑ-

1874 925 2079 993 tropice
2128 939 2319 978 rursus
2364 924 2699 978 calamitates
2750 929 3075 984 enumerat,
3123 916 3437 972 narratione

1873 1028 1971 1068 sua
2004 1014 2434 1069 misericordiam
2466 1024 2680 1070 tentans
2717 1028 3079 1069 commovere.

1946 1193 2107 1251 Vnus.
2138 1195 2226 1249 15.
2265 1214 2283 1247 ι
2317 1194 2474 1264 Eripe
2501 1210 2587 1249 me
2612 1194 2679 1249 de
2711 1195 2847 1259 luto,
2881 1208 2947 1249 ne
2977 1191 3190 1262 inligar.
3224 1207 3243 1240 ι
3280 1185 3440 1240 Simi.

1876 1287 1943 1342 lis
1982 1303 2103 1342 sum
2136 1288 2223 1343 his
2249 1330 2263 1353 ,
2297 1288 2389 1358 qui
2428 1288 2481 1342 in
2518 1289 2765 1342 limosam
2809 1288 3019 1340 foveam
3062 1280 3345 1338 incidunt,
3386 1288 3442 1332 et

1876 1388 2101 1433 mortem
2133 1388 2492 1447 exspectant:
2543 1388 2826 1449 propterea
2858 1392 2887 1430 a
2934 1386 2983 1429 te
3035 1374 3262 1428 salutem
3294 1366 3442 1421 cilia--

1878 1475 2006 1543 gito.
2038 1492 2057 1526 t
2090 1474 2310 1529 Liberer
2343 1475 2411 1529 ab
2436 1475 2502 1529 iis
2527 1475 2620 1544 qui
2650 1476 2880 1528 oderunt
2914 1487 2999 1525 me
3019 1512 3031 1529 .
3077 1478 3129 1522 et
3158 1483 3187 1521 e
3217 1462 3441 1535 profun-

1878 1568 1962 1621 dis
1991 1566 2165 1635 aquis.
2198 1585 2215 1617 ι
2251 1564 2356 1621 Oro
2386 1576 2563 1620 autem
2601 1565 2815 1619 liberari
2851 1572 2904 1617 et
2930 1562 2996 1616 ah
3025 1558 3295 1620 hostibus,
3328 1564 3382 1607 et
3410 1568 3440 1606 a

1882 1658 2037 1713 malis
2104 1673 2226 1727 quae
2280 1658 2411 1711 mihi
2483 1658 2751 1724 inﬂigunt.
2827 1652 3251 1722 Profunditatem
3297 1648 3440 1700 cuitu

1884 1763 2162 1818 aquarum,
2204 1763 2391 1818 poenas
2422 1748 2489 1803 ab
2524 1748 2630 1802 illis
2660 1748 2924 1816 irrogatas
2961 1740 3266 1812 appellavit.

1954 1929 2117 1985 Vens.
2156 1925 2243 1981 16.
2298 1945 2315 1977 ι
2341 1926 2459 1980 Non
2502 1926 2777 1993 demergat
2813 1937 2898 1975 me
2939 1930 3230 1988 tempestas
3258 1925 3443 1981 aquae,

1887 2040 2061 2094 neque
2086 2022 2374 2078 absorbeat
2417 2034 2501 2073 me
2538 2016 2886 2088 profundum.
2918 2033 2935 2064 ι
2984 2010 3059 2065 Ne
3104 2004 3447 2075 multitudine

1887 2132 1951 2171 ac
1979 2113 2351 2184 magnitudine
2408 2112 2670 2165 malorum
2728 2107 2929 2161 obruar
2996 2112 3050 2158 et
3108 2102 3440 2167 submergar.

1894 2226 1913 2259 ι
1955 2205 2141 2277 Neque
2175 2204 2450 2259 contineat
2480 2218 2641 2270 super
2676 2216 2761 2255 me
2793 2208 2981 2269 puteus
3012 2212 3074 2250 os
3101 2209 3281 2250 suum.
3317 2209 3335 2241 ι
3371 2186 3448 2241 Ne

1889 2299 1956 2352 de
1989 2311 2108 2351 mea
2143 2294 2317 2351 salute
2342 2308 2491 2363 spem
2520 2291 2764 2360 abjicias,
2791 2288 2982 2358 inquit,
3007 2286 3249 2347 Domine,
3272 2294 3450 2347 neque

1892 2384 2113 2440 claudas
2162 2382 2294 2436 mihi
2337 2380 2684 2451 benignitatis
2740 2377 2960 2431 ostium.
2992 2372 3196 2427 Etenim
3246 2369 3337 2438 qui
3393 2368 3449 2420 in

1892 2482 2114 2543 puteum
2146 2469 2412 2533 incidunt,
2439 2469 2612 2522 donec
2650 2466 2794 2536 putei
2826 2463 3023 2518 ostium
3053 2468 3294 2528 apertum
3329 2462 3410 2508 est
3430 2493 3447 2518 ,

1895 2564 2097 2618 habent
2116 2561 2404 2633 quamdam
2434 2568 2645 2613 tenuem
2670 2572 2841 2626 spem,
2868 2566 2928 2608 ut
2952 2553 3100 2607 illinc
3123 2549 3448 2604 liberentur:

1895 2667 2081 2729 operto
2106 2666 2284 2711 autem
2318 2654 2437 2725 ejus
2462 2668 2577 2715 ore,
2599 2650 2665 2705 de
2696 2649 2869 2703 salute
2897 2645 3208 2713 desperant.

1968 2836 2132 2891 Vens.
2166 2835 2250 2888 17.
2276 2829 2513 2885 «Exaudi
2541 2844 2646 2892 me,
2673 2825 2918 2891 Domine,
2942 2821 3200 2891 quoniam
3223 2814 3453 2882 benigna

1899 2941 1982 2987 est
2019 2925 2390 2984 misericordia
2442 2932 2564 2984 tua,
2611 2932 2663 2975 et
2708 2916 3005 2972 secundum
3056 2907 3454 2966 multitudinem

1905 3023 2111 3093 1081
2149 3019 2558 3074 miserationum
2600 3023 2814 3065 tuarum
2846 3007 3054 3075 respice
3080 3002 3146 3056 ad
3182 3013 3286 3054 me.
3323 2994 3457 3063 [01)

1903 3127 2051 3170 tuam
2084 3110 2466 3181 benignitatem
2488 3149 2502 3172 ,
2545 3122 2649 3158 non
2690 3112 2908 3169 propter
2945 3111 3122 3151 meum
3157 3091 3408 3147 meritum
3436 3126 3452 3149 ,

1902 3207 2033 3263 affer
2063 3203 2431 3259 liberationem
2460 3200 2526 3252 ab
2561 3198 2643 3251 bis
2672 3194 2829 3247 malis
2858 3206 2978 3260 qua:
3009 3185 3244 3241 narravi.
3277 3182 3459 3237 Intue-

1904 3314 1962 3353 re
1992 3314 2079 3351 tne
2108 3298 2272 3365 igitur
2298 3292 2454 3347 malis
2486 3285 2886 3344 circumdatum
2918 3323 2933 3344 ,
2978 3289 3031 3335 et
3064 3278 3212 3333 solve
3240 3270 3462 3328 calami-

1906 3402 2062 3446 tates.
2091 3389 2237 3443 Satis
2265 3387 2411 3442 enim
2442 3392 2525 3437 est
2558 3381 2639 3435 vel
2682 3379 2832 3434 solus
2868 3385 2994 3429 tuus
3032 3376 3357 3438 conspectus
3394 3362 3461 3417 ad

1904 3481 2269 3553 dissipandam
2302 3478 2499 3531 nubem
2531 3486 2710 3527 rerum
2739 3469 3109 3522 adversarum.

1978 3577 2137 3630 Vens.
2166 3574 2253 3629 18.
2286 3590 2304 3621 ι
2337 3569 2412 3624 Ne
2434 3576 2647 3622 avertas
2675 3562 2868 3616 faciem
2902 3566 3050 3610 tuam
3077 3569 3106 3607 a
3138 3563 3293 3605 servo
3312 3557 3457 3599 tuo.»

1912 3670 2021 3724 Hoc
2060 3668 2203 3722 enim
2254 3663 2378 3718 irati
2430 3660 2607 3713 facere
2644 3656 2849 3717 solent,
2881 3650 3011 3704 dum
3051 3651 3311 3712 reSpuunt
3343 3652 3466 3708 prc-

1910 3776 1999 3815 ces
2026 3773 2213 3813 eorum
2272 3754 2367 3823 qui
2424 3750 2787 3817 deliquerunt.
2850 3737 3163 3805 «Quoniam
3207 3731 3465 3791 tribulor,

1912 3853 2163 3906 velociter
2187 3846 2380 3903 exaudi
2410 3859 2515 3897 me.
2549 3860 2566 3890 ι
2602 3838 2683 3893 Ol)
2704 3834 2907 3891 doloris
2926 3840 3210 3887 excessum
3238 3823 3467 3878 celerem

1913 3943 2341 4002 consolationem
2376 3935 2505 3990 mihi
2545 3930 2800 3987 concede.

1990 4125 2150 4178 Vens.
2182 4121 2269 4174 19.
2306 4137 2324 4169 ι
2351 4114 2580 4169 Attende
2603 4109 2668 4164 ad
2705 4107 2941 4161 animam
2967 4112 3141 4154 meam
3170 4135 3184 4159 ,
3223 4103 3279 4149 et
3302 4090 3499 4169 libera.

263 4234 375 4302 τήν.
436 4249 453 4281 ι
514 4182 725 4297 Ἀρκεὲ
748 4182 877 4299 ἶγάρ
909 4182 1426 4294 ἶκαλήμθνη’τῇ-θέᾳ
1468 4182 1714 4272 διαλῦσαι
1753 4234 1795 4270 τι

1920 4232 2059 4272 eam.
2104 4232 2122 4265 ι
2182 4210 2311 4265 Solo
2351 4205 2495 4261 enim
2542 4209 2759 4271 aspectu
2799 4205 2953 4265 potes
2984 4186 3259 4243 molestias
3297 4182 3471 4236 linire.

2380 4299 2390 4302 λ
2713 4291 2764 4302 ιο.
2985 4301 2992 4302 ,
3052 4300 3061 4302 _
3107 4278 3326 4302 ἰτηηειιηυι.
3359 4271 3471 4302 n..:_

265 4321 585 4393 σκυθρωπά.
635 4337 653 4369 ι
704 4319 905 4370 Ἕνεκα
955 4316 1064 4369 τῶν
1094 4314 1303 4385 ἐχθρῶν
1335 4329 1437 4382 μου
1472 4309 1631 4381 ῥῦσαί
1661 4327 1749 4381 με.
1798 4327 1818 4359 ›

275 4415 403 4466 Ὑπε
413 4411 621 4482 ρϐαίνει
646 4409 743 4478 μὲν
774 4406 1100 4477 συγγνώμην
1126 4405 1194 4457 τά
1217 4402 1325 4474 ἐμὰ
1348 4400 1788 4471 πλημμελήματα
1806 4415 1822 4429 ·

1927 4328 1945 4362 ι
1980 4308 2203 4376 Propter
2244 4299 2491 4355 inimicos
2526 4309 2676 4348 meos
2712 4291 2876 4343 libera
2917 4301 3021 4339 me.
3049 4300 3068 4332 ι
3107 4278 3328 4333 Veniam
3358 4271 3480 4343 qui-

1926 4403 2046 4457 dem
2078 4360 2471 4451 transcendunt
2501 4392 2721 4457 peccata
2756 4395 2905 4438 mea,
2953 4375 3045 4430 sed
3096 4372 3276 4425 hostes
3327 4360 3477 4430 impii

300 4456 620 4482 ""l'"'""
646 4456 735 4478 5""
780 4456 1089 4477 "||"'C‘"I'
1168 4456 1189 4457 ⁷⁷
1249 4456 1261 4474 I
1441 4456 1472 4471 II
1504 4456 1516 4471 ι
1625 4456 1657 4471 ιι

266 4506 399 4557 ἀλλά
436 4502 715 4565 δυσσεϐεῖς
755 4502 803 4553 οἱ
841 4498 1107 4568 πολέμιοι,
1156 4496 1251 4549 καὶ
1284 4495 1516 4565 πονηρίᾳ
1558 4493 1795 4545 δουλεύοι

1930 4499 2089 4551 sunt,
2134 4496 2189 4541 et
2229 4480 2419 4554 privati
2472 4456 2735 4533 serviunt.
2779 4470 3004 4537 Propter
3052 4463 3267 4518 illorum
3316 4456 3480 4525 igitur

2662 4566 2670 4568 μ
2762 4564 2771 4568 ,
3122 4555 3153 4568 _.
3371 4544 3454 4568 ,η

267 4615 377 4660 τες.
414 4596 515 4648 Διὰ
559 4593 691 4662 γοῦν
719 4594 764 4624 ⁵³
791 4590 862 4645 τά
892 4544 1022 4662 παὲ
1051 4589 1274 4642 ἐκείνων
1290 4588 1335 4618 ⁸⁸
1360 4544 1559 4654 δύείδη,
1603 4586 1699 4654 τῆς
1728 4584 1794 4652 σῆ

1929 4544 2256 4653 opprobria,
2307 4583 2412 4628 tuae
2460 4564 2805 4634 benignitatis
2878 4573 2962 4612 me
3023 4551 3333 4623 participem
3371 4544 3477 4607 fac,

3308 4638 3448 4662 ,ηιη

273 4707 359 4755 μοι
392 4638 640 4756 μεταδιλς,
668 4686 930 4747 Δέσποτα,
953 4638 1382 4751 φιλανθρωπίας.
1402 4638 1571 4731 Τοῦτο
1734 4638 1795 4728 κα

1931 4674 2175 4731 Domine.
2210 4668 2323 4723 Hoc
2367 4664 2511 4720 enim
2556 4675 2648 4731 per
2693 4671 2755 4711 ea
2805 4668 2927 4722 qua:
2969 4652 3273 4716 sequuntur
3303 4638 3481 4694 decla-

269 4781 355 4833 διὰ
389 4780 497 4834 τῶν
535 4777 888 4847 ἐπαγομένων
915 4774 1174 4845 ἐδήλωσε.

341 4872 411 4934 κ’,
439 4870 547 4923 κα’.
593 4889 611 4919 ι
658 4868 729 4920 Σὺ
768 4868 875 4936 γὰρ
907 4864 1194 4932 γινώσκεις
1234 4864 1323 4916 τὸν
1356 4860 1653 4929 ὀνειδισμὸν
1688 4877 1787 4927 μου
1809 4899 1823 4922 ,

275 4964 366 5020 καὶ
388 4964 484 5034 τὴν
504 4960 765 5032 αἰσχύνην
795 4974 918 5026 μου,
950 4956 1043 5010 καὶ
1063 4956 1160 5026 τὴν
1180 4955 1443 5024 ἐντροπήν
1476 4970 1599 5023 μου.
1642 4952 1829 5005 Ἐνανε

1929 4767 2088 4822 ravit.

2005 4860 2021 4877 '
2049 4848 2314 4909 Vens.20,
2336 4846 2424 4899 ει.
2460 4862 2478 4895 ι
2503 4841 2584 4894 Tu
2609 4838 2752 4893 enim
2775 4834 2883 4889 seis
2903 4826 3251 4900 Opprobriutu
3279 4834 3484 4882 meum,

1933 4958 1985 5004 et
2012 4945 2269 5015 pudorem
2300 4949 2478 4991 meum
2503 4974 2518 4999 ,
2548 4940 2602 4987 et
2634 4923 2987 4999 ignominiam
3018 4930 3215 4973 meam.
3259 4913 3318 4967 lu
3353 4924 3487 4966 con-

1403 5122 1635 5177 VARl/E
1670 5116 2051 5175 LECTlONES
2089 5110 2178 5167 ET
2216 5103 2448 5163 NOTAE.

357 5319 400 5349 ’³
442 5315 760 5382 Σῆς.Α1)εει
788 5329 817 5366 a
853 5312 973 5367 cod.
998 5311 1065 5382 _2.
1100 5311 1179 5359 .“
1215 5310 1335 5382 cod.
1461 5307 1621 5382 ἐλέει.
1665 5306 1740 5382 _”
1785 5297 1862 5370 Τῇ

856 5385 900 5414 ²⁷
946 5380 1067 5435 Τῶν
1095 5378 1351 5445 βαθέων.
1394 5378 1521 5431 Rec.
1559 5375 1715 5428 lectio
1744 5385 1825 5427 est
1852 5372 1945 5445 τού
1973 5370 2193 5445 βάθους.

285 5428 585 5526 διῖέηςαῑξ.
613 5428 1433 5526 ’ἶῖ’Ἕπαγόᾗένῖἱςῖξᾌῇέέι-ιι
1459 5428 1597 5500 eo...
1629 5447 1712 5526 ε,
1762 5446 1795 5475 ει

1910 5443 1957 5526 ll:
1973 5429 1984 5442 ’
2002 5441 2022 5493 ί
2039 5438 2177 5526 ⁸(δι’-εὶ
2223 5428 2574 5526 (ξιττοκλείλιξῃςἒ

528 5507 581 5558 ³⁸7
612 5524 733 5579 cod.
763 5525 799 5576 2
835 5507 1184 5592 ἐμπεσόντες.
1260 5518 1305 5550 ³⁵
1346 5520 1618 5592 Ἐχοιίονι.
1696 5515 1751 5568 1η
1781 5512 1957 5592 cotj.__l
1992 5507 2213 5592 ponitur

1830 5548 2542 5633 ἓῗ’έοί¹ἰέῧῷῖῖ“ὲόίῖ.”’ί’άέιίι.
2602 5548 2713 5626 τοῖς
2745 5558 3067 5627 ἀκοιμήτοις
3099 5569 3192 5633 σο,υ
3224 5548 3489 5633 ait???”

280 5392 436 5441 τοῦτο
463 5386 537 5454 γά
544 5403 576 5456 ρ
611 5384 734 5456 λέγε
745 5402 779 5456 ι.

283 5527 449 5589 λείας.

288 5598 453 5651 ³⁸Μέ.
496 5597 553 5649 In
595 5593 721 5647 cod.
759 5596 780 5646 1

845 5586 1246 5663 μοηὶιυιχροδι-
1275 5606 1340 5640 πε
1351 5586 1752 5663 ρικλυςρμενονἶ

291 5665 334 5698 ³⁸
365 5667 490 5721 cod.
528 5669 546 5719 1
584 5664 694 5719 (θιὲ
728 5664 886 5733 μόνη.

961 5662 1004 5693 ³⁹
1042 5632 1400 5727 Ἐξειςράνειᾶ.
1452 5632 1631 5709 codri
1691 5632 1791 5727 add

1910 5667 1992 5727 ουἱ
2055 5647 2108 5727 ξθ
2278 5641 2350 5721 In~
2393 5648 2541 5727 textu
2578 5634 2705 5727 τῶν
2759 5632 2896 5727 O'up

2147 5295 2268 5351 cod.
2310 5293 2346 5346 2
2372 5290 2507 5359 αὐτῇ
2546 5282 2793 5359 ἀληθείᾳ.
2867 5279 2913 5359 ξθ
2934 5270 3279 5359 fug-cod.)
3310 5267 3491 5359 inadd.

2268 5338 2685 5414 "-IEeLHAbe'st
2722 5338 2760 5405 a'
2783 5349 2903 5403 cod.
2932 5348 2986 5400 2.
3096 5344 3140 5375 “
3177 5338 3302 5414 cod.
3332 5339 3367 5414 ἓ
3400 5338 3495 5387 ἐπ·

2681 5424 2725 5453 "
2765 5419 3043 5484 Φιλανθρ.
3089 5413 3211 5467 cod.
3256 5410 3293 5463 2
3343 5408 3495 5484 βασιο

2238 5475 2685 5571 ᾖύξῖστόρἷτος.
2752 5491 2795 5571 ξ’
2839 5475 3165 5571 Ιιάζ.Ἀὶιρει
3205 5494 3247 5571 ξ
3279 5475 3399 5533 cod.
3442 5475 3498 5527 ‘2.

2902 5617 3027 5680 rice.
3053 5617 3058 5618 7
3074 5621 3186 5677 καί.
3266 5620 3309 5649 ⁸¹
3354 5617 3493 5671 Ἰκεο

291 5683 334 5698 ⁸⁸³
365 5683 490 5721 00‘].
528 5683 546 5719 ‘l
584 5683 694 5719 (ξι-,ι
728 5683 886 5733 μονη.
961 5683 1002 5693 ⁷·
1054 5683 1400 5727 Επιφανειιι.
1452 5683 1571 5709 cun.
1619 5683 1631 5706 ι
1691 5683 1789 5705 .qu

290 5739 468 5801 τείας.
494 5738 615 5790 cmi.
650 5736 688 5789 ‘2
709 5749 893 5803 prtem.
923 5732 1167 5803 αἰτήσεις
1197 5729 1311 5803 καί.
1348 5799 1360 5803 _
1385 5726 1432 5803 ξ’
1462 5721 1794 5803 Πηραψυχή

2050 5719 2071 5771 1
2109 5683 2556 5779 {Si}
2578 5683 2747 5773 λέγει.
2824 5683 2879 5732 ἠ’
2900 5695 3084 5753 Γοῦν.
3112 5693 3280 5748 Abest
3310 5703 3341 5743 a
3372 5683 3493 5742 cod.

297 5805 399 5860 let
423 5796 457 5859 Ξ
532 5807 575 5837 ⁸³
621 5796 910 5859 Ἐκείνων.
944 5796 1063 5858 cod.
1098 5801 1116 5853 1
1153 5811 1206 5855 et
1230 5801 1264 5853 ‘2
1299 5798 1504 5853 addunt
1538 5796 1740 5847 τοίνυν.
