  <div class='ocr_page' id='page_1' title='image "/cluster/home/n/w/nwhite01/storage/ocr_20150623/80/hvd.32044009825613/721.png"; bbox 0 0 3902 6496; ppageno 0'>
   <div class='ocr_carea' id='block_1_1' title="bbox 507 328 641 394">
    <p class='ocr_par' dir='ltr' id='par_1_1' title="bbox 507 328 641 394">
     <span class='ocr_line' id='line_1_1' title="bbox 507 328 641 394; baseline -0.015 0"><span class='ocrx_word' id='word_1_1' title='bbox 507 328 641 394; x_wconf 68' lang='grc'><strong>1407</strong></span> 
     </span>
    </p>
   </div>
   <div class='ocr_carea' id='block_1_2' title="bbox 1494 320 2766 394">
    <p class='ocr_par' dir='ltr' id='par_1_2' title="bbox 1494 320 2766 394">
     <span class='ocr_line' id='line_1_2' title="bbox 1494 320 2766 394; baseline 0.002 -3"><span class='ocrx_word' id='word_1_2' title='bbox 1494 320 1988 392; x_wconf 82' lang='lat' dir='ltr'><strong>THEODORETI</strong></span> <span class='ocrx_word' id='word_1_3' title='bbox 2024 329 2365 392; x_wconf 85' lang='lat' dir='ltr'><strong>EPISCOPI</strong></span> <span class='ocrx_word' id='word_1_4' title='bbox 2401 332 2766 394; x_wconf 82' lang='lat' dir='ltr'><strong>CYRENSIS</strong></span> 
     </span>
    </p>
   </div>
   <div class='ocr_carea' id='block_1_3' title="bbox 3598 330 3728 397">
    <p class='ocr_par' dir='ltr' id='par_1_3' title="bbox 3598 330 3728 397">
     <span class='ocr_line' id='line_1_3' title="bbox 3598 330 3728 397; baseline 0.031 -4"><span class='ocrx_word' id='word_1_5' title='bbox 3598 330 3728 397; x_wconf 73' lang='grc'><strong>1408</strong></span> 
     </span>
    </p>
   </div>
   <div class='ocr_carea' id='block_1_4' title="bbox 506 435 2084 510">
    <p class='ocr_par' dir='ltr' id='par_1_4' title="bbox 506 439 2065 509">
     <span class='ocr_line' id='line_1_4' title="bbox 506 439 2065 509; baseline -0.001 -14"><span class='ocrx_word' id='word_1_6' title='bbox 506 448 694 509; x_wconf 83' lang='lat' dir='ltr'><strong>specta</strong></span> <span class='ocrx_word' id='word_1_7' title='bbox 741 448 837 492; x_wconf 91' lang='lat' dir='ltr'><strong>tuo</strong></span> <span class='ocrx_word' id='word_1_8' title='bbox 884 447 1011 493; x_wconf 89' lang='lat' dir='ltr'><strong>sunt</strong></span> <span class='ocrx_word' id='word_1_9' title='bbox 1058 454 1248 494; x_wconf 81' lang='lat' dir='ltr'><strong>otnnes</strong></span> <span class='ocrx_word' id='word_1_10' title='bbox 1289 440 1382 509; x_wconf 95' lang='lat' dir='ltr'><strong>qui</strong></span> <span class='ocrx_word' id='word_1_11' title='bbox 1428 439 1687 495; x_wconf 90' lang='lat' dir='ltr'><strong>tribulant</strong></span> <span class='ocrx_word' id='word_1_12' title='bbox 1728 456 1833 497; x_wconf 89' lang='lat' dir='ltr'><strong>me.</strong></span> <span class='ocrx_word' id='word_1_13' title='bbox 1866 461 1885 493; x_wconf 87' lang='grc'><strong>›</strong></span> <span class='ocrx_word' id='word_1_14' title='bbox 1921 439 2065 495; x_wconf 88' lang='lat' dir='ltr'><strong>Nihil</strong></span> 
     </span>
    </p>
   </div>
   <div class='ocr_carea' id='block_1_5' title="bbox 2191 435 3729 510">
    <p class='ocr_par' dir='ltr' id='par_1_5' title="bbox 2191 435 3729 510">
     <span class='ocr_line' id='line_1_5' title="bbox 2191 435 3729 510; baseline 0.002 -19"><span class='ocrx_word' id='word_1_15' title='bbox 2191 439 2275 493; x_wconf 73' lang='grc' dir='ltr'>ἐον</span> <span class='ocrx_word' id='word_1_16' title='bbox 2305 456 2399 493; x_wconf 90' lang='grc' dir='ltr'><strong>σου</strong></span> <span class='ocrx_word' id='word_1_17' title='bbox 2431 440 2631 505; x_wconf 81' lang='grc' dir='ltr'>πάντες</span> <span class='ocrx_word' id='word_1_18' title='bbox 2660 442 2711 494; x_wconf 81' lang='lat' dir='ltr'><strong>oi</strong></span> <span class='ocrx_word' id='word_1_19' title='bbox 2745 439 3015 503; x_wconf 87' lang='grc' dir='ltr'>θλίϐοντές</span> <span class='ocrx_word' id='word_1_20' title='bbox 3046 456 3117 510; x_wconf 87' lang='grc' dir='ltr'><strong>με</strong></span> <span class='ocrx_word' id='word_1_21' title='bbox 3193 456 3214 490; x_wconf 74' lang='grc' dir='ltr'><strong>ι</strong></span> <span class='ocrx_word' id='word_1_22' title='bbox 3262 437 3431 492; x_wconf 78' lang='grc' dir='ltr'>Οὐδέν</span> <span class='ocrx_word' id='word_1_23' title='bbox 3461 454 3521 489; x_wconf 89' lang='grc' dir='ltr'><strong>σε</strong></span> <span class='ocrx_word' id='word_1_24' title='bbox 3546 435 3729 509; x_wconf 75' lang='grc' dir='ltr'>λέληθε</span> 
     </span>
    </p>
   </div>
   <div class='ocr_carea' id='block_1_6' title="bbox 505 533 2069 604">
    <p class='ocr_par' dir='ltr' id='par_1_6' title="bbox 505 533 2069 604">
     <span class='ocr_line' id='line_1_6' title="bbox 505 533 2069 604; baseline 0.002 -19"><span class='ocrx_word' id='word_1_25' title='bbox 505 547 695 585; x_wconf 90' lang='lat' dir='ltr'><strong>eorum</strong></span> <span class='ocrx_word' id='word_1_26' title='bbox 725 547 843 601; x_wconf 71' lang='lat' dir='ltr'><strong>qua:</strong></span> <span class='ocrx_word' id='word_1_27' title='bbox 870 533 1003 585; x_wconf 84' lang='lat' dir='ltr'><strong>liunt</strong></span> <span class='ocrx_word' id='word_1_28' title='bbox 1029 542 1079 585; x_wconf 88' lang='lat' dir='ltr'><strong>te</strong></span> <span class='ocrx_word' id='word_1_29' title='bbox 1115 533 1275 596; x_wconf 86' lang='lat' dir='ltr'><strong>latet,</strong></span> <span class='ocrx_word' id='word_1_30' title='bbox 1320 533 1413 588; x_wconf 87' lang='lat' dir='ltr'><strong>sed</strong></span> <span class='ocrx_word' id='word_1_31' title='bbox 1451 536 1633 588; x_wconf 87' lang='lat' dir='ltr'><strong>omnia</strong></span> <span class='ocrx_word' id='word_1_32' title='bbox 1672 534 1936 604; x_wconf 88' lang='lat' dir='ltr'><strong>perspicis</strong></span> <span class='ocrx_word' id='word_1_33' title='bbox 1961 577 1975 601; x_wconf 93' lang='lat'><strong>,</strong></span> <span class='ocrx_word' id='word_1_34' title='bbox 2015 544 2069 588; x_wconf 87' lang='lat' dir='ltr'><strong>et</strong></span> 
     </span>
    </p>
   </div>
   <div class='ocr_carea' id='block_1_7' title="bbox 508 623 2070 693">
    <p class='ocr_par' dir='ltr' id='par_1_7' title="bbox 508 623 2070 693">
     <span class='ocr_line' id='line_1_7' title="bbox 508 623 2070 693; baseline 0.003 -18"><span class='ocrx_word' id='word_1_35' title='bbox 508 624 724 677; x_wconf 91' lang='lat' dir='ltr'><strong>illorum</strong></span> <span class='ocrx_word' id='word_1_36' title='bbox 759 623 1082 690; x_wconf 66' lang='lat' dir='ltr'><strong>opprobria,</strong></span> <span class='ocrx_word' id='word_1_37' title='bbox 1129 636 1181 676; x_wconf 89' lang='lat' dir='ltr'><strong>et</strong></span> <span class='ocrx_word' id='word_1_38' title='bbox 1224 640 1402 677; x_wconf 88' lang='lat' dir='ltr'><strong>meum</strong></span> <span class='ocrx_word' id='word_1_39' title='bbox 1453 627 1735 693; x_wconf 88' lang='lat' dir='ltr'><strong>pudorem.</strong></span> <span class='ocrx_word' id='word_1_40' title='bbox 1775 625 2070 680; x_wconf 82' lang='lat' dir='ltr'><strong>Perturbor</strong></span> 
     </span>
    </p>
   </div>
   <div class='ocr_carea' id='block_1_8' title="bbox 508 714 2067 786">
    <p class='ocr_par' dir='ltr' id='par_1_8' title="bbox 508 714 2067 786">
     <span class='ocr_line' id='line_1_8' title="bbox 508 714 2067 786; baseline 0.003 -20"><span class='ocrx_word' id='word_1_41' title='bbox 508 714 671 779; x_wconf 75' lang='lat' dir='ltr'><strong>enim,</strong></span> <span class='ocrx_word' id='word_1_42' title='bbox 700 725 753 768; x_wconf 91' lang='lat' dir='ltr'><strong>et</strong></span> <span class='ocrx_word' id='word_1_43' title='bbox 780 730 1003 774; x_wconf 70' lang='lat' dir='ltr'><strong>maereo.</strong></span> <span class='ocrx_word' id='word_1_44' title='bbox 1027 714 1154 768; x_wconf 91' lang='lat' dir='ltr'><strong>dum</strong></span> <span class='ocrx_word' id='word_1_45' title='bbox 1188 715 1255 767; x_wconf 86' lang='lat' dir='ltr'><strong>ab</strong></span> <span class='ocrx_word' id='word_1_46' title='bbox 1282 715 1388 768; x_wconf 89' lang='lat' dir='ltr'><strong>illis</strong></span> <span class='ocrx_word' id='word_1_47' title='bbox 1419 715 1633 782; x_wconf 86' lang='lat' dir='ltr'><strong>injuriis</strong></span> <span class='ocrx_word' id='word_1_48' title='bbox 1659 714 1882 771; x_wconf 83' lang='lat' dir='ltr'><strong>allicior.</strong></span> <span class='ocrx_word' id='word_1_49' title='bbox 1916 734 1934 768; x_wconf 78' lang='grc' dir='ltr'><strong>ι</strong></span> <span class='ocrx_word' id='word_1_50' title='bbox 1960 714 2067 786; x_wconf 83' lang='lat' dir='ltr'><strong>0p-</strong></span> 
     </span>
    </p>
   </div>
   <div class='ocr_carea' id='block_1_9' title="bbox 510 806 2072 876">
    <p class='ocr_par' dir='ltr' id='par_1_9' title="bbox 510 806 2072 876">
     <span class='ocr_line' id='line_1_9' title="bbox 510 806 2072 876; baseline 0.002 -18"><span class='ocrx_word' id='word_1_51' title='bbox 510 806 789 874; x_wconf 87' lang='lat' dir='ltr'><strong>probrium</strong></span> <span class='ocrx_word' id='word_1_52' title='bbox 825 806 1167 875; x_wconf 76' lang='lat' dir='ltr'><strong>exspectavit.</strong></span> <span class='ocrx_word' id='word_1_53' title='bbox 1204 806 1413 876; x_wconf 74' lang='lat'><strong>1082</strong></span> <span class='ocrx_word' id='word_1_54' title='bbox 1447 807 1627 861; x_wconf 92' lang='lat' dir='ltr'><strong>anima</strong></span> <span class='ocrx_word' id='word_1_55' title='bbox 1657 822 1798 873; x_wconf 91' lang='lat' dir='ltr'><strong>mea,</strong></span> <span class='ocrx_word' id='word_1_56' title='bbox 1832 816 1886 863; x_wconf 90' lang='lat' dir='ltr'><strong>et</strong></span> <span class='ocrx_word' id='word_1_57' title='bbox 1909 809 2072 863; x_wconf 86' lang='lat' dir='ltr'><strong>mise-</strong></span> 
     </span>
    </p>
   </div>
   <div class='ocr_carea' id='block_1_10' title="bbox 512 896 2073 967">
    <p class='ocr_par' dir='ltr' id='par_1_10' title="bbox 512 896 2073 967">
     <span class='ocr_line' id='line_1_10' title="bbox 512 896 2073 967; baseline 0.004 -18"><span class='ocrx_word' id='word_1_58' title='bbox 512 899 676 962; x_wconf 88' lang='lat' dir='ltr'><strong>riam,</strong></span> <span class='ocrx_word' id='word_1_59' title='bbox 708 909 761 951; x_wconf 91' lang='lat' dir='ltr'><strong>et</strong></span> <span class='ocrx_word' id='word_1_60' title='bbox 802 896 1143 966; x_wconf 71' lang='lat' dir='ltr'><strong>exspectavi,</strong></span> <span class='ocrx_word' id='word_1_61' title='bbox 1179 898 1272 967; x_wconf 90' lang='lat' dir='ltr'><strong>qui</strong></span> <span class='ocrx_word' id='word_1_62' title='bbox 1327 898 1490 952; x_wconf 88' lang='lat' dir='ltr'><strong>simul</strong></span> <span class='ocrx_word' id='word_1_63' title='bbox 1530 900 1942 954; x_wconf 86' lang='lat' dir='ltr'><strong>contristaretur</strong></span> <span class='ocrx_word' id='word_1_64' title='bbox 1967 941 1983 966; x_wconf 91' lang='lat'><strong>,</strong></span> <span class='ocrx_word' id='word_1_65' title='bbox 2018 909 2073 955; x_wconf 88' lang='lat' dir='ltr'><strong>et</strong></span> 
     </span>
    </p>
   </div>
   <div class='ocr_carea' id='block_1_11' title="bbox 512 988 2071 1059">
    <p class='ocr_par' dir='ltr' id='par_1_11' title="bbox 512 988 2071 1059">
     <span class='ocr_line' id='line_1_11' title="bbox 512 988 2071 1059; baseline 0.003 -17"><span class='ocrx_word' id='word_1_66' title='bbox 512 1006 618 1043; x_wconf 83' lang='lat' dir='ltr'><strong>non</strong></span> <span class='ocrx_word' id='word_1_67' title='bbox 650 988 778 1055; x_wconf 87' lang='lat' dir='ltr'><strong>luit;</strong></span> <span class='ocrx_word' id='word_1_68' title='bbox 814 990 907 1059; x_wconf 88' lang='lat' dir='ltr'><strong>qui</strong></span> <span class='ocrx_word' id='word_1_69' title='bbox 942 989 1380 1052; x_wconf 75' lang='lat' dir='ltr'><strong>consolarentur,</strong></span> <span class='ocrx_word' id='word_1_70' title='bbox 1412 998 1466 1044; x_wconf 87' lang='lat' dir='ltr'><strong>et</strong></span> <span class='ocrx_word' id='word_1_71' title='bbox 1496 1006 1605 1045; x_wconf 91' lang='lat' dir='ltr'><strong>non</strong></span> <span class='ocrx_word' id='word_1_72' title='bbox 1638 991 1838 1046; x_wconf 86' lang='lat' dir='ltr'><strong>inveni.</strong></span> <span class='ocrx_word' id='word_1_73' title='bbox 1877 1010 1898 1044; x_wconf 73' lang='grc' dir='ltr'><strong>ι</strong></span> <span class='ocrx_word' id='word_1_74' title='bbox 1934 990 2071 1047; x_wconf 89' lang='lat' dir='ltr'><strong>Nam</strong></span> 
     </span>
    </p>
   </div>
   <div class='ocr_carea' id='block_1_12' title="bbox 512 1080 2070 1149">
    <p class='ocr_par' dir='ltr' id='par_1_12' title="bbox 512 1080 2070 1149">
     <span class='ocr_line' id='line_1_12' title="bbox 512 1080 2070 1149; baseline 0.004 -17"><span class='ocrx_word' id='word_1_75' title='bbox 512 1082 705 1134; x_wconf 75' lang='lat' dir='ltr'><strong>talibus</strong></span> <span class='ocrx_word' id='word_1_76' title='bbox 748 1080 988 1149; x_wconf 87' lang='lat' dir='ltr'><strong>undique</strong></span> <span class='ocrx_word' id='word_1_77' title='bbox 1032 1080 1317 1135; x_wconf 85' lang='lat' dir='ltr'><strong>doloribus</strong></span> <span class='ocrx_word' id='word_1_78' title='bbox 1356 1082 1598 1146; x_wconf 79' lang='lat' dir='ltr'><strong>cinctus,</strong></span> <span class='ocrx_word' id='word_1_79' title='bbox 1647 1093 1700 1137; x_wconf 91' lang='lat' dir='ltr'><strong>et</strong></span> <span class='ocrx_word' id='word_1_80' title='bbox 1740 1084 1876 1138; x_wconf 91' lang='lat' dir='ltr'><strong>alios</strong></span> <span class='ocrx_word' id='word_1_81' title='bbox 1910 1086 2070 1139; x_wconf 84' lang='lat' dir='ltr'><strong>etiam</strong></span> 
     </span>
    </p>
   </div>
   <div class='ocr_carea' id='block_1_13' title="bbox 512 1172 2072 1240">
    <p class='ocr_par' dir='ltr' id='par_1_13' title="bbox 512 1172 2072 1240">
     <span class='ocr_line' id='line_1_13' title="bbox 512 1172 2072 1240; baseline 0.004 -17"><span class='ocrx_word' id='word_1_82' title='bbox 512 1172 786 1239; x_wconf 80' lang='lat' dir='ltr'><strong>graviores</strong></span> <span class='ocrx_word' id='word_1_83' title='bbox 810 1184 1160 1240; x_wconf 79' lang='lat' dir='ltr'><strong>exspectans,</strong></span> <span class='ocrx_word' id='word_1_84' title='bbox 1199 1173 1401 1225; x_wconf 89' lang='lat' dir='ltr'><strong>nullam</strong></span> <span class='ocrx_word' id='word_1_85' title='bbox 1436 1173 1607 1227; x_wconf 83' lang='lat' dir='ltr'><strong>habeo</strong></span> <span class='ocrx_word' id='word_1_86' title='bbox 1627 1174 2072 1229; x_wconf 84' lang='lat' dir='ltr'><strong>consolationem.</strong></span> 
     </span>
    </p>
   </div>
   <div class='ocr_carea' id='block_1_14' title="bbox 514 1260 2077 1332">
    <p class='ocr_par' dir='ltr' id='par_1_14' title="bbox 514 1260 2077 1332">
     <span class='ocr_line' id='line_1_14' title="bbox 514 1260 2077 1332; baseline 0.004 -19"><span class='ocrx_word' id='word_1_87' title='bbox 514 1260 616 1314; x_wconf 81' lang='lat' dir='ltr'><strong>Sed</strong></span> <span class='ocrx_word' id='word_1_88' title='bbox 669 1261 763 1330; x_wconf 91' lang='lat' dir='ltr'><strong>qui</strong></span> <span class='ocrx_word' id='word_1_89' title='bbox 809 1278 894 1315; x_wconf 93' lang='lat' dir='ltr'><strong>me</strong></span> <span class='ocrx_word' id='word_1_90' title='bbox 929 1264 1227 1332; x_wconf 85' lang='lat' dir='ltr'><strong>angoribus</strong></span> <span class='ocrx_word' id='word_1_91' title='bbox 1272 1264 1604 1329; x_wconf 77' lang='lat' dir='ltr'><strong>coniiciunt,</strong></span> <span class='ocrx_word' id='word_1_92' title='bbox 1655 1264 2077 1319; x_wconf 89' lang='lat' dir='ltr'><strong>innumerabiles</strong></span> 
     </span>
    </p>
   </div>
   <div class='ocr_carea' id='block_1_15' title="bbox 510 1352 2079 1427">
    <p class='ocr_par' dir='ltr' id='par_1_15' title="bbox 510 1352 2079 1427">
     <span class='ocr_line' id='line_1_15' title="bbox 510 1352 2079 1427; baseline 0.005 -24"><span class='ocrx_word' id='word_1_93' title='bbox 510 1360 668 1404; x_wconf 85' lang='lat' dir='ltr'><strong>sunt:</strong></span> <span class='ocrx_word' id='word_1_94' title='bbox 696 1352 787 1419; x_wconf 85' lang='lat' dir='ltr'><strong>qui</strong></span> <span class='ocrx_word' id='word_1_95' title='bbox 810 1363 991 1407; x_wconf 85' lang='lat' dir='ltr'><strong>autem</strong></span> <span class='ocrx_word' id='word_1_96' title='bbox 1016 1354 1260 1407; x_wconf 87' lang='lat' dir='ltr'><strong>dolorem</strong></span> <span class='ocrx_word' id='word_1_97' title='bbox 1291 1354 1464 1420; x_wconf 84' lang='lat' dir='ltr'><strong>levet,</strong></span> <span class='ocrx_word' id='word_1_98' title='bbox 1495 1365 1549 1409; x_wconf 90' lang='lat' dir='ltr'><strong>et</strong></span> <span class='ocrx_word' id='word_1_99' title='bbox 1580 1357 1831 1412; x_wconf 71' lang='lat' dir='ltr'><strong>mmroris</strong></span> <span class='ocrx_word' id='word_1_100' title='bbox 1858 1356 2079 1427; x_wconf 87' lang='lat' dir='ltr'><strong>partici-</strong></span> 
     </span>
    </p>
   </div>
   <div class='ocr_carea' id='block_1_16' title="bbox 530 1443 1593 1512">
    <p class='ocr_par' dir='ltr' id='par_1_16' title="bbox 530 1443 1593 1512">
     <span class='ocr_line' id='line_1_16' title="bbox 530 1443 1593 1512; baseline 0.006 -17"><span class='ocrx_word' id='word_1_101' title='bbox 530 1443 746 1512; x_wconf 88' lang='lat' dir='ltr'><strong>patione</strong></span> <span class='ocrx_word' id='word_1_102' title='bbox 777 1444 1049 1503; x_wconf 86' lang='lat' dir='ltr'><strong>tristitiam</strong></span> <span class='ocrx_word' id='word_1_103' title='bbox 1088 1447 1321 1511; x_wconf 84' lang='lat' dir='ltr'><strong>minuat,</strong></span> <span class='ocrx_word' id='word_1_104' title='bbox 1354 1461 1463 1500; x_wconf 87' lang='lat' dir='ltr'><strong>non</strong></span> <span class='ocrx_word' id='word_1_105' title='bbox 1491 1456 1593 1502; x_wconf 89' lang='lat' dir='ltr'><strong>est.</strong></span> 
     </span>
    </p>
   </div>
   <div class='ocr_carea' id='block_1_17' title="bbox 600 1528 2081 1605">
    <p class='ocr_par' dir='ltr' id='par_1_17' title="bbox 600 1528 2081 1605">
     <span class='ocr_line' id='line_1_17' title="bbox 600 1528 2081 1605; baseline 0.007 -22"><span class='ocrx_word' id='word_1_106' title='bbox 600 1529 766 1586; x_wconf 65' lang='lat' dir='ltr'><strong>Vens.</strong></span> <span class='ocrx_word' id='word_1_107' title='bbox 793 1530 884 1585; x_wconf 73' lang='lat'><strong>22.</strong></span> <span class='ocrx_word' id='word_1_108' title='bbox 925 1551 943 1584; x_wconf 75' lang='grc' dir='ltr'><strong>ι</strong></span> <span class='ocrx_word' id='word_1_109' title='bbox 975 1532 1041 1587; x_wconf 90' lang='grc' dir='ltr'>Ει</span> <span class='ocrx_word' id='word_1_110' title='bbox 1069 1528 1333 1589; x_wconf 83' lang='lat' dir='ltr'><strong>dederunt</strong></span> <span class='ocrx_word' id='word_1_111' title='bbox 1365 1551 1465 1605; x_wconf 89' lang='lat' dir='ltr'><strong>pro</strong></span> <span class='ocrx_word' id='word_1_112' title='bbox 1494 1551 1617 1590; x_wconf 90' lang='lat' dir='ltr'><strong>esca</strong></span> <span class='ocrx_word' id='word_1_113' title='bbox 1649 1551 1768 1591; x_wconf 91' lang='lat' dir='ltr'><strong>mea</strong></span> <span class='ocrx_word' id='word_1_114' title='bbox 1798 1536 1906 1602; x_wconf 81' lang='lat' dir='ltr'><strong>fel,</strong></span> <span class='ocrx_word' id='word_1_115' title='bbox 1941 1546 1995 1592; x_wconf 91' lang='lat' dir='ltr'><strong>et</strong></span> <span class='ocrx_word' id='word_1_116' title='bbox 2026 1539 2081 1593; x_wconf 91' lang='lat' dir='ltr'><strong>in</strong></span> 
     </span>
    </p>
   </div>
   <div class='ocr_carea' id='block_1_18' title="bbox 526 1623 2079 1699">
    <p class='ocr_par' dir='ltr' id='par_1_18' title="bbox 526 1623 2079 1699">
     <span class='ocr_line' id='line_1_18' title="bbox 526 1623 2079 1699; baseline 0.006 -23"><span class='ocrx_word' id='word_1_117' title='bbox 526 1623 618 1677; x_wconf 87' lang='lat' dir='ltr'><strong>siti</strong></span> <span class='ocrx_word' id='word_1_118' title='bbox 656 1639 777 1679; x_wconf 90' lang='lat' dir='ltr'><strong>mea</strong></span> <span class='ocrx_word' id='word_1_119' title='bbox 813 1635 1137 1695; x_wconf 88' lang='lat' dir='ltr'><strong>potaverunt</strong></span> <span class='ocrx_word' id='word_1_120' title='bbox 1168 1643 1252 1681; x_wconf 90' lang='lat' dir='ltr'><strong>me</strong></span> <span class='ocrx_word' id='word_1_121' title='bbox 1278 1639 1450 1683; x_wconf 90' lang='lat' dir='ltr'><strong>aceto.</strong></span> <span class='ocrx_word' id='word_1_122' title='bbox 1492 1648 1510 1680; x_wconf 86' lang='grc'><strong>›</strong></span> <span class='ocrx_word' id='word_1_123' title='bbox 1564 1628 1630 1682; x_wconf 89' lang='grc' dir='ltr'>Ει</span> <span class='ocrx_word' id='word_1_124' title='bbox 1656 1628 1834 1699; x_wconf 89' lang='lat' dir='ltr'><strong>ipsum</strong></span> <span class='ocrx_word' id='word_1_125' title='bbox 1865 1630 2079 1697; x_wconf 87' lang='lat' dir='ltr'><strong>cibum,</strong></span> 
     </span>
    </p>
   </div>
   <div class='ocr_carea' id='block_1_19' title="bbox 513 1715 2083 1792">
    <p class='ocr_par' dir='ltr' id='par_1_19' title="bbox 513 1715 2083 1792">
     <span class='ocr_line' id='line_1_19' title="bbox 513 1715 2083 1792; baseline 0.006 -24"><span class='ocrx_word' id='word_1_126' title='bbox 513 1715 710 1785; x_wconf 88' lang='lat' dir='ltr'><strong>inquit,</strong></span> <span class='ocrx_word' id='word_1_127' title='bbox 740 1733 986 1772; x_wconf 87' lang='lat' dir='ltr'><strong>amarum</strong></span> <span class='ocrx_word' id='word_1_128' title='bbox 1012 1727 1066 1772; x_wconf 90' lang='lat' dir='ltr'><strong>et</strong></span> <span class='ocrx_word' id='word_1_129' title='bbox 1093 1721 1301 1773; x_wconf 85' lang='lat' dir='ltr'><strong>tristem</strong></span> <span class='ocrx_word' id='word_1_130' title='bbox 1338 1721 1466 1774; x_wconf 89' lang='lat' dir='ltr'><strong>mihi</strong></span> <span class='ocrx_word' id='word_1_131' title='bbox 1496 1721 1861 1778; x_wconf 87' lang='lat' dir='ltr'><strong>reddiderunt.</strong></span> <span class='ocrx_word' id='word_1_132' title='bbox 1896 1722 2083 1792; x_wconf 79' lang='lat' dir='ltr'><strong>Ingra-</strong></span> 
     </span>
    </p>
   </div>
   <div class='ocr_carea' id='block_1_20' title="bbox 2169 527 3733 602">
    <p class='ocr_par' dir='ltr' id='par_1_20' title="bbox 2169 527 3733 602">
     <span class='ocr_line' id='line_1_20' title="bbox 2169 527 3733 602; baseline -0.001 -18"><span class='ocrx_word' id='word_1_133' title='bbox 2169 531 2278 584; x_wconf 90' lang='grc' dir='ltr'><strong>τῶν</strong></span> <span class='ocrx_word' id='word_1_134' title='bbox 2306 532 2602 602; x_wconf 84' lang='grc' dir='ltr'><strong>γινομένων</strong></span> <span class='ocrx_word' id='word_1_135' title='bbox 2630 532 2675 563; x_wconf 67' lang='grc'><strong>⁸⁸</strong></span> <span class='ocrx_word' id='word_1_136' title='bbox 2694 571 2709 597; x_wconf 92' lang='grc'><strong>,</strong></span> <span class='ocrx_word' id='word_1_137' title='bbox 2733 531 2869 584; x_wconf 91' lang='grc' dir='ltr'><strong>ἀλλά</strong></span> <span class='ocrx_word' id='word_1_138' title='bbox 2896 532 3072 585; x_wconf 85' lang='grc' dir='ltr'>πάντα</span> <span class='ocrx_word' id='word_1_139' title='bbox 3096 530 3267 602; x_wconf 74' lang='grc' dir='ltr'>δρᾷςο</span> <span class='ocrx_word' id='word_1_140' title='bbox 3302 532 3398 581; x_wconf 81' lang='grc' dir='ltr'>καὶ</span> <span class='ocrx_word' id='word_1_141' title='bbox 3425 527 3494 581; x_wconf 78' lang='grc' dir='ltr'>τὰ</span> <span class='ocrx_word' id='word_1_142' title='bbox 3519 529 3733 583; x_wconf 76' lang='grc' dir='ltr'><strong>ἐκείνων</strong></span> 
     </span>
    </p>
   </div>
   <div class='ocr_carea' id='block_1_21' title="bbox 2168 620 3736 695">
    <p class='ocr_par' dir='ltr' id='par_1_21' title="bbox 2168 620 3736 695">
     <span class='ocr_line' id='line_1_21' title="bbox 2168 620 3736 695; baseline 0 -20"><span class='ocrx_word' id='word_1_143' title='bbox 2168 624 2366 695; x_wconf 87' lang='grc' dir='ltr'>όνείδη,</span> <span class='ocrx_word' id='word_1_144' title='bbox 2400 625 2494 678; x_wconf 83' lang='grc' dir='ltr'>καὶ</span> <span class='ocrx_word' id='word_1_145' title='bbox 2519 624 2617 693; x_wconf 77' lang='grc' dir='ltr'>τὴν</span> <span class='ocrx_word' id='word_1_146' title='bbox 2641 622 2781 695; x_wconf 76' lang='grc' dir='ltr'>ἐμὴν</span> <span class='ocrx_word' id='word_1_147' title='bbox 2807 623 3067 695; x_wconf 80' lang='grc' dir='ltr'><strong>αἰσχύνην</strong></span> <span class='ocrx_word' id='word_1_148' title='bbox 3087 638 3103 653; x_wconf 73' lang='grc' dir='ltr'><strong>ο</strong></span> <span class='ocrx_word' id='word_1_149' title='bbox 3134 620 3481 689; x_wconf 76' lang='grc' dir='ltr'><strong>καταδύομαι</strong></span> <span class='ocrx_word' id='word_1_150' title='bbox 3504 620 3611 691; x_wconf 73' lang='grc' dir='ltr'>γὰρ</span> <span class='ocrx_word' id='word_1_151' title='bbox 3646 624 3736 676; x_wconf 67' lang='grc' dir='ltr'>καὶ</span> 
     </span>
    </p>
   </div>
   <div class='ocr_carea' id='block_1_22' title="bbox 2168 712 3734 786">
    <p class='ocr_par' dir='ltr' id='par_1_22' title="bbox 2168 712 3734 786">
     <span class='ocr_line' id='line_1_22' title="bbox 2168 712 3734 786; baseline -0.001 -17"><span class='ocrx_word' id='word_1_152' title='bbox 2168 716 2405 785; x_wconf 78' lang='grc' dir='ltr'>ἀνιῶμαι</span> <span class='ocrx_word' id='word_1_153' title='bbox 2422 716 2539 786; x_wconf 74' lang='grc' dir='ltr'><strong>ἅμα</strong></span> <span class='ocrx_word' id='word_1_154' title='bbox 2554 716 2600 748; x_wconf 67' lang='grc'>⁸⁸</span> <span class='ocrx_word' id='word_1_155' title='bbox 2628 714 2756 786; x_wconf 86' lang='grc' dir='ltr'>παρ’</span> <span class='ocrx_word' id='word_1_156' title='bbox 2776 715 2999 768; x_wconf 78' lang='grc' dir='ltr'>ἐκείνων</span> <span class='ocrx_word' id='word_1_157' title='bbox 3012 713 3417 783; x_wconf 81' lang='grc' dir='ltr'>ὀνειδιζόμενος</span> <span class='ocrx_word' id='word_1_158' title='bbox 3432 712 3503 766; x_wconf 69' lang='grc'><strong>⁵⁷.</strong></span> <span class='ocrx_word' id='word_1_159' title='bbox 3524 730 3544 764; x_wconf 84' lang='grc'>‹</span> <span class='ocrx_word' id='word_1_160' title='bbox 3578 714 3734 767; x_wconf 83' lang='grc' dir='ltr'>Ὀνει-</span> 
     </span>
    </p>
   </div>
   <div class='ocr_carea' id='block_1_23' title="bbox 2167 803 3733 877">
    <p class='ocr_par' dir='ltr' id='par_1_23' title="bbox 2167 803 3733 877">
     <span class='ocr_line' id='line_1_23' title="bbox 2167 803 3733 877; baseline 0 -19"><span class='ocrx_word' id='word_1_161' title='bbox 2167 805 2354 877; x_wconf 81' lang='grc' dir='ltr'>δισμὺν</span> <span class='ocrx_word' id='word_1_162' title='bbox 2413 806 2809 877; x_wconf 84' lang='grc' dir='ltr'>προσεδόκησεν</span> <span class='ocrx_word' id='word_1_163' title='bbox 2842 805 2888 838; x_wconf 72' lang='grc'><strong>⁸⁸</strong></span> <span class='ocrx_word' id='word_1_164' title='bbox 2918 808 2951 876; x_wconf 85' lang='grc' dir='ltr'><strong>ή</strong></span> <span class='ocrx_word' id='word_1_165' title='bbox 2989 805 3138 876; x_wconf 78' lang='grc' dir='ltr'>ψυχή</span> <span class='ocrx_word' id='word_1_166' title='bbox 3197 821 3303 874; x_wconf 87' lang='grc' dir='ltr'><strong>μου</strong></span> <span class='ocrx_word' id='word_1_167' title='bbox 3346 804 3440 856; x_wconf 74' lang='grc' dir='ltr'><strong>καὶ</strong></span> <span class='ocrx_word' id='word_1_168' title='bbox 3469 803 3733 858; x_wconf 76' lang='grc' dir='ltr'>ταλαιπω-</span> 
     </span>
    </p>
   </div>
   <div class='ocr_carea' id='block_1_24' title="bbox 2175 893 3731 967">
    <p class='ocr_par' dir='ltr' id='par_1_24' title="bbox 2175 893 3731 967">
     <span class='ocr_line' id='line_1_24' title="bbox 2175 893 3731 967; baseline 0.002 -21"><span class='ocrx_word' id='word_1_169' title='bbox 2175 895 2296 967; x_wconf 90' lang='grc' dir='ltr'>ρίαν</span> <span class='ocrx_word' id='word_1_170' title='bbox 2316 913 2329 925; x_wconf 89' lang='grc'><strong>·</strong></span> <span class='ocrx_word' id='word_1_171' title='bbox 2357 897 2451 949; x_wconf 79' lang='grc' dir='ltr'><strong>καὶ</strong></span> <span class='ocrx_word' id='word_1_172' title='bbox 2469 896 2739 967; x_wconf 75' lang='grc' dir='ltr'>ὑπέμεινα</span> <span class='ocrx_word' id='word_1_173' title='bbox 2768 895 3231 966; x_wconf 87' lang='grc' dir='ltr'>συλλυπούμενον,</span> <span class='ocrx_word' id='word_1_174' title='bbox 3264 894 3361 947; x_wconf 77' lang='grc' dir='ltr'><strong>καὶ</strong></span> <span class='ocrx_word' id='word_1_175' title='bbox 3385 893 3482 962; x_wconf 76' lang='grc' dir='ltr'>οὐχ</span> <span class='ocrx_word' id='word_1_176' title='bbox 3505 894 3731 965; x_wconf 72' lang='grc' dir='ltr'>ὑπῆρξε*</span> 
     </span>
    </p>
   </div>
   <div class='ocr_carea' id='block_1_25' title="bbox 2172 981 3734 1060">
    <p class='ocr_par' dir='ltr' id='par_1_25' title="bbox 2172 981 3734 1060">
     <span class='ocr_line' id='line_1_25' title="bbox 2172 981 3734 1060; baseline 0.001 -21"><span class='ocrx_word' id='word_1_177' title='bbox 2172 985 2269 1039; x_wconf 77' lang='grc' dir='ltr'>καὶ</span> <span class='ocrx_word' id='word_1_178' title='bbox 2309 988 2775 1056; x_wconf 76' lang='grc' dir='ltr'>παρακαλοῦντας,</span> <span class='ocrx_word' id='word_1_179' title='bbox 2811 988 2906 1040; x_wconf 79' lang='grc' dir='ltr'>καὶ</span> <span class='ocrx_word' id='word_1_180' title='bbox 2927 987 3025 1057; x_wconf 89' lang='grc' dir='ltr'>ούχ</span> <span class='ocrx_word' id='word_1_181' title='bbox 3068 981 3258 1057; x_wconf 75' lang='grc' dir='ltr'>εὗρον.</span> <span class='ocrx_word' id='word_1_182' title='bbox 3311 986 3611 1049; x_wconf 87' lang='grc' dir='ltr'>Τοσαύταις</span> <span class='ocrx_word' id='word_1_183' title='bbox 3637 990 3734 1060; x_wconf 78' lang='grc' dir='ltr'><strong>γὰρ</strong></span> 
     </span>
    </p>
   </div>
   <div class='ocr_carea' id='block_1_26' title="bbox 2174 1075 3735 1149">
    <p class='ocr_par' dir='ltr' id='par_1_26' title="bbox 2174 1075 3735 1149">
     <span class='ocr_line' id='line_1_26' title="bbox 2174 1075 3735 1149; baseline 0.002 -19"><span class='ocrx_word' id='word_1_184' title='bbox 2174 1076 2510 1146; x_wconf 83' lang='grc' dir='ltr'>πανταχόθεν</span> <span class='ocrx_word' id='word_1_185' title='bbox 2538 1077 2750 1142; x_wconf 82' lang='grc' dir='ltr'>ὀδύναις</span> <span class='ocrx_word' id='word_1_186' title='bbox 2779 1077 3127 1148; x_wconf 86' lang='grc' dir='ltr'>βαλλόμενος,</span> <span class='ocrx_word' id='word_1_187' title='bbox 3169 1077 3267 1130; x_wconf 75' lang='grc' dir='ltr'><strong>καὶ</strong></span> <span class='ocrx_word' id='word_1_188' title='bbox 3304 1075 3470 1147; x_wconf 73' lang='grc' dir='ltr'>ἔτερα</span> <span class='ocrx_word' id='word_1_189' title='bbox 3495 1077 3552 1131; x_wconf 88' lang='grc' dir='ltr'>δὲ</span> <span class='ocrx_word' id='word_1_190' title='bbox 3580 1097 3735 1149; x_wconf 87' lang='grc' dir='ltr'>προσ-</span> 
     </span>
    </p>
   </div>
   <div class='ocr_carea' id='block_1_27' title="bbox 2177 1167 3736 1239">
    <p class='ocr_par' dir='ltr' id='par_1_27' title="bbox 2177 1167 3736 1239">
     <span class='ocr_line' id='line_1_27' title="bbox 2177 1167 3736 1239; baseline 0.002 -18"><span class='ocrx_word' id='word_1_191' title='bbox 2177 1167 2353 1238; x_wconf 82' lang='grc' dir='ltr'>μένων</span> <span class='ocrx_word' id='word_1_192' title='bbox 2380 1167 2742 1238; x_wconf 82' lang='grc' dir='ltr'>ἀνιαρὼτερα,</span> <span class='ocrx_word' id='word_1_193' title='bbox 2772 1168 3031 1238; x_wconf 80' lang='grc' dir='ltr'>οὐδεμίαν</span> <span class='ocrx_word' id='word_1_194' title='bbox 3068 1168 3183 1238; x_wconf 76' lang='grc' dir='ltr'><strong>ἔχω</strong></span> <span class='ocrx_word' id='word_1_195' title='bbox 3214 1171 3569 1239; x_wconf 74' lang='grc' dir='ltr'>παραψυχήν.</span> <span class='ocrx_word' id='word_1_196' title='bbox 3610 1172 3736 1224; x_wconf 77' lang='grc' dir='ltr'>Ἀλλ’</span> 
     </span>
    </p>
   </div>
   <div class='ocr_carea' id='block_1_28' title="bbox 2174 1259 3736 1331">
    <p class='ocr_par' dir='ltr' id='par_1_28' title="bbox 2174 1259 3736 1331">
     <span class='ocr_line' id='line_1_28' title="bbox 2174 1259 3736 1331; baseline 0.003 -18"><span class='ocrx_word' id='word_1_197' title='bbox 2174 1265 2222 1314; x_wconf 77' lang='lat' dir='ltr'><strong>oi</strong></span> <span class='ocrx_word' id='word_1_198' title='bbox 2257 1260 2355 1330; x_wconf 81' lang='grc' dir='ltr'><strong>μὲν</strong></span> <span class='ocrx_word' id='word_1_199' title='bbox 2377 1259 2632 1323; x_wconf 86' lang='grc' dir='ltr'>ἀνιῶντες</span> <span class='ocrx_word' id='word_1_200' title='bbox 2669 1260 2858 1313; x_wconf 88' lang='grc' dir='ltr'>νικῶσι</span> <span class='ocrx_word' id='word_1_201' title='bbox 2901 1260 2992 1313; x_wconf 76' lang='grc' dir='ltr'>τὸν</span> <span class='ocrx_word' id='word_1_202' title='bbox 3022 1260 3268 1331; x_wconf 88' lang='grc' dir='ltr'>ἀριθμόν</span> <span class='ocrx_word' id='word_1_203' title='bbox 3288 1276 3303 1289; x_wconf 87' lang='grc'><strong>·</strong></span> <span class='ocrx_word' id='word_1_204' title='bbox 3334 1262 3363 1313; x_wconf 85' lang='grc' dir='ltr'>ὁ</span> <span class='ocrx_word' id='word_1_205' title='bbox 3408 1260 3464 1314; x_wconf 86' lang='grc' dir='ltr'>δὲ</span> <span class='ocrx_word' id='word_1_206' title='bbox 3492 1261 3736 1331; x_wconf 81' lang='grc' dir='ltr'>ψυχαγω-</span> 
     </span>
    </p>
   </div>
   <div class='ocr_carea' id='block_1_29' title="bbox 2177 1351 3741 1423">
    <p class='ocr_par' dir='ltr' id='par_1_29' title="bbox 2177 1351 3741 1423">
     <span class='ocr_line' id='line_1_29' title="bbox 2177 1351 3741 1423; baseline 0.002 -18"><span class='ocrx_word' id='word_1_207' title='bbox 2177 1353 2308 1421; x_wconf 87' lang='grc' dir='ltr'>γῶν,</span> <span class='ocrx_word' id='word_1_208' title='bbox 2332 1353 2426 1406; x_wconf 74' lang='grc' dir='ltr'>καὶ</span> <span class='ocrx_word' id='word_1_209' title='bbox 2448 1352 2514 1422; x_wconf 80' lang='grc' dir='ltr'>τῇ</span> <span class='ocrx_word' id='word_1_210' title='bbox 2541 1352 2793 1423; x_wconf 79' lang='grc' dir='ltr'>κοινωνίᾳ</span> <span class='ocrx_word' id='word_1_211' title='bbox 2814 1351 2915 1422; x_wconf 82' lang='grc' dir='ltr'>τῆς</span> <span class='ocrx_word' id='word_1_212' title='bbox 2935 1351 3114 1423; x_wconf 85' lang='grc' dir='ltr'><strong>λύπης</strong></span> <span class='ocrx_word' id='word_1_213' title='bbox 3142 1351 3489 1422; x_wconf 78' lang='grc' dir='ltr'>κουφοτέραν</span> <span class='ocrx_word' id='word_1_214' title='bbox 3512 1351 3608 1423; x_wconf 83' lang='grc' dir='ltr'>τὴν</span> <span class='ocrx_word' id='word_1_215' title='bbox 3626 1353 3741 1409; x_wconf 84' lang='grc' dir='ltr'>ἀθυ-</span> 
     </span>
    </p>
   </div>
   <div class='ocr_carea' id='block_1_30' title="bbox 2181 1440 2815 1513">
    <p class='ocr_par' dir='ltr' id='par_1_30' title="bbox 2181 1440 2815 1513">
     <span class='ocr_line' id='line_1_30' title="bbox 2181 1440 2815 1513; baseline 0.002 -19"><span class='ocrx_word' id='word_1_216' title='bbox 2181 1443 2308 1513; x_wconf 84' lang='grc' dir='ltr'>μίαν</span> <span class='ocrx_word' id='word_1_217' title='bbox 2333 1440 2524 1505; x_wconf 88' lang='grc' dir='ltr'>ποιῶν,</span> <span class='ocrx_word' id='word_1_218' title='bbox 2549 1441 2649 1494; x_wconf 86' lang='grc' dir='ltr'><strong>ούκ</strong></span> <span class='ocrx_word' id='word_1_219' title='bbox 2681 1440 2815 1495; x_wconf 78' lang='grc' dir='ltr'>ἔστι.</span> 
     </span>
    </p>
   </div>
   <div class='ocr_carea' id='block_1_31' title="bbox 2248 1530 3737 1604">
    <p class='ocr_par' dir='ltr' id='par_1_31' title="bbox 2248 1530 3737 1604">
     <span class='ocr_line' id='line_1_31' title="bbox 2248 1530 3737 1604; baseline 0.001 -17"><span class='ocrx_word' id='word_1_220' title='bbox 2248 1534 2352 1604; x_wconf 86' lang='grc' dir='ltr'>κβ’.</span> <span class='ocrx_word' id='word_1_221' title='bbox 2397 1553 2416 1585; x_wconf 81' lang='lat' dir='ltr'><strong>t</strong></span> <span class='ocrx_word' id='word_1_222' title='bbox 2463 1533 2573 1585; x_wconf 78' lang='grc' dir='ltr'><strong>Καὶ</strong></span> <span class='ocrx_word' id='word_1_223' title='bbox 2604 1532 2808 1585; x_wconf 69' lang='grc' dir='ltr'>ἔδωκαν</span> <span class='ocrx_word' id='word_1_224' title='bbox 2836 1533 2915 1594; x_wconf 86' lang='grc' dir='ltr'><strong>είς</strong></span> <span class='ocrx_word' id='word_1_225' title='bbox 2942 1531 3005 1583; x_wconf 81' lang='grc' dir='ltr'>τὸ</span> <span class='ocrx_word' id='word_1_226' title='bbox 3049 1530 3257 1603; x_wconf 81' lang='grc' dir='ltr'>βρῶμὰ</span> <span class='ocrx_word' id='word_1_227' title='bbox 3293 1547 3396 1600; x_wconf 86' lang='grc' dir='ltr'><strong>μου</strong></span> <span class='ocrx_word' id='word_1_228' title='bbox 3428 1530 3623 1601; x_wconf 82' lang='grc' dir='ltr'>χολήν⁶</span> <span class='ocrx_word' id='word_1_229' title='bbox 3650 1532 3737 1588; x_wconf 80' lang='grc' dir='ltr'>καὶ</span> 
     </span>
    </p>
   </div>
   <div class='ocr_carea' id='block_1_32' title="bbox 2180 1621 3736 1695">
    <p class='ocr_par' dir='ltr' id='par_1_32' title="bbox 2180 1621 3736 1695">
     <span class='ocr_line' id='line_1_32' title="bbox 2180 1621 3736 1695; baseline 0 -18"><span class='ocrx_word' id='word_1_230' title='bbox 2180 1626 2260 1688; x_wconf 87' lang='grc' dir='ltr'><strong>είς</strong></span> <span class='ocrx_word' id='word_1_231' title='bbox 2298 1625 2395 1694; x_wconf 88' lang='grc' dir='ltr'>τὴν</span> <span class='ocrx_word' id='word_1_232' title='bbox 2434 1624 2593 1694; x_wconf 85' lang='grc' dir='ltr'>δίψαν</span> <span class='ocrx_word' id='word_1_233' title='bbox 2638 1640 2737 1693; x_wconf 92' lang='grc' dir='ltr'><strong>μου</strong></span> <span class='ocrx_word' id='word_1_234' title='bbox 2767 1622 3024 1675; x_wconf 80' lang='grc' dir='ltr'>ὲπότισὰν</span> <span class='ocrx_word' id='word_1_235' title='bbox 3069 1639 3138 1692; x_wconf 88' lang='grc' dir='ltr'><strong>με</strong></span> <span class='ocrx_word' id='word_1_236' title='bbox 3188 1621 3335 1688; x_wconf 77' lang='grc' dir='ltr'>ὅξος.</span> <span class='ocrx_word' id='word_1_237' title='bbox 3374 1640 3392 1672; x_wconf 74' lang='grc' dir='ltr'><strong>ι</strong></span> <span class='ocrx_word' id='word_1_238' title='bbox 3435 1622 3544 1674; x_wconf 78' lang='lat' dir='ltr'><strong>Kal.</strong></span> <span class='ocrx_word' id='word_1_239' title='bbox 3581 1623 3736 1695; x_wconf 81' lang='grc' dir='ltr'>αὐτήν</span> 
     </span>
    </p>
   </div>
   <div class='ocr_carea' id='block_1_33' title="bbox 2186 1712 3737 1784">
    <p class='ocr_par' dir='ltr' id='par_1_33' title="bbox 2186 1712 3737 1784">
     <span class='ocr_line' id='line_1_33' title="bbox 2186 1712 3737 1784; baseline 0 -17"><span class='ocrx_word' id='word_1_240' title='bbox 2186 1732 2295 1784; x_wconf 88' lang='grc' dir='ltr'>μοι,</span> <span class='ocrx_word' id='word_1_241' title='bbox 2341 1715 2492 1783; x_wconf 76' lang='grc' dir='ltr'>φησι,</span> <span class='ocrx_word' id='word_1_242' title='bbox 2540 1713 2640 1781; x_wconf 80' lang='grc' dir='ltr'>τὴν</span> <span class='ocrx_word' id='word_1_243' title='bbox 2682 1713 2886 1783; x_wconf 83' lang='grc' dir='ltr'>τροφὴν</span> <span class='ocrx_word' id='word_1_244' title='bbox 2926 1712 3134 1782; x_wconf 72' lang='grc' dir='ltr'>πικρὰν</span> <span class='ocrx_word' id='word_1_245' title='bbox 3182 1713 3281 1765; x_wconf 75' lang='grc' dir='ltr'><strong>καὶ</strong></span> <span class='ocrx_word' id='word_1_246' title='bbox 3340 1713 3570 1782; x_wconf 86' lang='grc' dir='ltr'>ἀνιαράν</span> <span class='ocrx_word' id='word_1_247' title='bbox 3618 1731 3737 1767; x_wconf 84' lang='grc' dir='ltr'>κατ-</span> 
     </span>
    </p>
   </div>
   <div class='ocr_carea' id='block_1_34' title="bbox 515 1802 2084 1879">
    <p class='ocr_par' dir='ltr' id='par_1_34' title="bbox 515 1806 2080 1879">
     <span class='ocr_line' id='line_1_34' title="bbox 515 1806 2080 1879; baseline 0.006 -21"><span class='ocrx_word' id='word_1_248' title='bbox 515 1815 604 1860; x_wconf 92' lang='lat' dir='ltr'><strong>tus</strong></span> <span class='ocrx_word' id='word_1_249' title='bbox 625 1806 770 1861; x_wconf 90' lang='lat' dir='ltr'><strong>enim</strong></span> <span class='ocrx_word' id='word_1_250' title='bbox 797 1814 880 1861; x_wconf 89' lang='lat' dir='ltr'><strong>est</strong></span> <span class='ocrx_word' id='word_1_251' title='bbox 912 1806 1000 1873; x_wconf 91' lang='lat' dir='ltr'><strong>iis,</strong></span> <span class='ocrx_word' id='word_1_252' title='bbox 1028 1806 1119 1876; x_wconf 92' lang='lat' dir='ltr'><strong>qui</strong></span> <span class='ocrx_word' id='word_1_253' title='bbox 1147 1822 1269 1862; x_wconf 91' lang='lat' dir='ltr'><strong>cum</strong></span> <span class='ocrx_word' id='word_1_254' title='bbox 1303 1824 1537 1865; x_wconf 83' lang='lat' dir='ltr'><strong>maerore</strong></span> <span class='ocrx_word' id='word_1_255' title='bbox 1567 1812 1888 1879; x_wconf 89' lang='lat' dir='ltr'><strong>comedunt,</strong></span> <span class='ocrx_word' id='word_1_256' title='bbox 1914 1813 2080 1869; x_wconf 89' lang='lat' dir='ltr'><strong>etiam</strong></span> 
     </span>
    </p>
   </div>
   <div class='ocr_carea' id='block_1_35' title="bbox 2191 1802 3738 1879">
    <p class='ocr_par' dir='ltr' id='par_1_35' title="bbox 2191 1802 3738 1875">
     <span class='ocr_line' id='line_1_35' title="bbox 2191 1802 3738 1875; baseline 0.001 -16"><span class='ocrx_word' id='word_1_257' title='bbox 2191 1805 2515 1859; x_wconf 76' lang='grc' dir='ltr'>εσκεύασαν·</span> <span class='ocrx_word' id='word_1_258' title='bbox 2553 1804 2805 1875; x_wconf 86' lang='grc' dir='ltr'>ἀνήδονος</span> <span class='ocrx_word' id='word_1_259' title='bbox 2828 1805 2936 1875; x_wconf 77' lang='grc' dir='ltr'><strong>γὰρ</strong></span> <span class='ocrx_word' id='word_1_260' title='bbox 2962 1807 3073 1868; x_wconf 88' lang='grc' dir='ltr'>τοῖς</span> <span class='ocrx_word' id='word_1_261' title='bbox 3122 1803 3247 1874; x_wconf 82' lang='grc' dir='ltr'>μετ’</span> <span class='ocrx_word' id='word_1_262' title='bbox 3277 1802 3471 1874; x_wconf 84' lang='grc' dir='ltr'>ὀδύνης</span> <span class='ocrx_word' id='word_1_263' title='bbox 3515 1804 3738 1862; x_wconf 75' lang='grc' dir='ltr'>ἐσθίουσι</span> 
     </span>
    </p>
   </div>
   <div class='ocr_carea' id='block_1_36' title="bbox 516 1900 1086 1956">
    <p class='ocr_par' dir='ltr' id='par_1_36' title="bbox 516 1900 1086 1956">
     <span class='ocr_line' id='line_1_36' title="bbox 516 1900 1086 1956; baseline 0 -3"><span class='ocrx_word' id='word_1_264' title='bbox 516 1900 878 1955; x_wconf 87' lang='lat' dir='ltr'><strong>suavissimus</strong></span> <span class='ocrx_word' id='word_1_265' title='bbox 908 1900 1086 1956; x_wconf 89' lang='lat' dir='ltr'><strong>cibus.</strong></span> 
     </span>
    </p>
   </div>
   <div class='ocr_carea' id='block_1_37' title="bbox 531 1989 2083 2069">
    <p class='ocr_par' dir='ltr' id='par_1_37' title="bbox 531 1989 2083 2069">
     <span class='ocr_line' id='line_1_37' title="bbox 531 1989 2083 2069; baseline 0.004 -20"><span class='ocrx_word' id='word_1_266' title='bbox 531 2045 534 2049; x_wconf 76' lang='grc'><strong><em>,</em></strong></span> <span class='ocrx_word' id='word_1_267' title='bbox 585 1989 747 2046; x_wconf 71' lang='lat' dir='ltr'><strong>Vsus.</strong></span> <span class='ocrx_word' id='word_1_268' title='bbox 785 1991 876 2048; x_wconf 74' lang='grc'>25.</span> <span class='ocrx_word' id='word_1_269' title='bbox 920 2011 938 2043; x_wconf 77' lang='grc' dir='ltr'><strong>ι</strong></span> <span class='ocrx_word' id='word_1_270' title='bbox 974 1991 1094 2047; x_wconf 85' lang='lat' dir='ltr'><strong>Fiat</strong></span> <span class='ocrx_word' id='word_1_271' title='bbox 1131 2008 1317 2050; x_wconf 88' lang='lat' dir='ltr'><strong>mensa</strong></span> <span class='ocrx_word' id='word_1_272' title='bbox 1358 2010 1549 2050; x_wconf 88' lang='lat' dir='ltr'><strong>eorum</strong></span> <span class='ocrx_word' id='word_1_273' title='bbox 1593 2011 1783 2052; x_wconf 86' lang='lat' dir='ltr'><strong>coram</strong></span> <span class='ocrx_word' id='word_1_274' title='bbox 1836 1998 1974 2069; x_wconf 87' lang='lat' dir='ltr'><strong>ipsis</strong></span> <span class='ocrx_word' id='word_1_275' title='bbox 2024 1998 2083 2055; x_wconf 90' lang='lat' dir='ltr'><strong>in</strong></span> 
     </span>
    </p>
   </div>
   <div class='ocr_carea' id='block_1_38' title="bbox 515 2080 2081 2153">
    <p class='ocr_par' dir='ltr' id='par_1_38' title="bbox 515 2080 2081 2153">
     <span class='ocr_line' id='line_1_38' title="bbox 515 2080 2081 2153; baseline 0.007 -21"><span class='ocrx_word' id='word_1_276' title='bbox 515 2080 810 2150; x_wconf 83' lang='lat' dir='ltr'><strong>laqueum,</strong></span> <span class='ocrx_word' id='word_1_277' title='bbox 857 2093 911 2136; x_wconf 90' lang='lat' dir='ltr'><strong>et</strong></span> <span class='ocrx_word' id='word_1_278' title='bbox 962 2083 1017 2137; x_wconf 91' lang='lat' dir='ltr'><strong>in</strong></span> <span class='ocrx_word' id='word_1_279' title='bbox 1054 2084 1437 2139; x_wconf 86' lang='lat' dir='ltr'><strong>retributiones</strong></span> <span class='ocrx_word' id='word_1_280' title='bbox 1462 2127 1477 2153; x_wconf 93' lang='lat'><strong>,</strong></span> <span class='ocrx_word' id='word_1_281' title='bbox 1521 2096 1576 2141; x_wconf 92' lang='lat' dir='ltr'><strong>et</strong></span> <span class='ocrx_word' id='word_1_282' title='bbox 1601 2087 1655 2141; x_wconf 91' lang='lat' dir='ltr'><strong>in</strong></span> <span class='ocrx_word' id='word_1_283' title='bbox 1691 2087 2025 2145; x_wconf 89' lang='lat' dir='ltr'><strong>scandalum.</strong></span> <span class='ocrx_word' id='word_1_284' title='bbox 2058 2110 2081 2143; x_wconf 51' lang='grc' dir='ltr'>»ν</span> 
     </span>
    </p>
   </div>
   <div class='ocr_carea' id='block_1_39' title="bbox 519 2175 2088 2246">
    <p class='ocr_par' dir='ltr' id='par_1_39' title="bbox 519 2175 2088 2246">
     <span class='ocr_line' id='line_1_39' title="bbox 519 2175 2088 2246; baseline 0.007 -17"><span class='ocrx_word' id='word_1_285' title='bbox 519 2175 782 2230; x_wconf 75' lang='lat' dir='ltr'><strong>Laetitiam</strong></span> <span class='ocrx_word' id='word_1_286' title='bbox 819 2176 986 2246; x_wconf 83' lang='lat' dir='ltr'><strong>igitur</strong></span> <span class='ocrx_word' id='word_1_287' title='bbox 1016 2193 1228 2243; x_wconf 87' lang='lat' dir='ltr'><strong>eorum,</strong></span> <span class='ocrx_word' id='word_1_288' title='bbox 1262 2178 1508 2246; x_wconf 90' lang='lat' dir='ltr'><strong>Domine,</strong></span> <span class='ocrx_word' id='word_1_289' title='bbox 1531 2180 1585 2234; x_wconf 91' lang='lat' dir='ltr'><strong>in</strong></span> <span class='ocrx_word' id='word_1_290' title='bbox 1606 2182 1939 2239; x_wconf 86' lang='lat' dir='ltr'><strong>calamitates</strong></span> <span class='ocrx_word' id='word_1_291' title='bbox 1966 2198 2088 2239; x_wconf 86' lang='lat' dir='ltr'><strong>con-</strong></span> 
     </span>
    </p>
   </div>
   <div class='ocr_carea' id='block_1_40' title="bbox 520 2267 2085 2337">
    <p class='ocr_par' dir='ltr' id='par_1_40' title="bbox 520 2267 2085 2337">
     <span class='ocr_line' id='line_1_40' title="bbox 520 2267 2085 2337; baseline 0.008 -20"><span class='ocrx_word' id='word_1_292' title='bbox 520 2278 688 2330; x_wconf 76' lang='lat' dir='ltr'><strong>verte.</strong></span> <span class='ocrx_word' id='word_1_293' title='bbox 719 2277 774 2321; x_wconf 89' lang='lat' dir='ltr'><strong>et</strong></span> <span class='ocrx_word' id='word_1_294' title='bbox 800 2267 852 2320; x_wconf 91' lang='lat' dir='ltr'><strong>in</strong></span> <span class='ocrx_word' id='word_1_295' title='bbox 876 2283 937 2322; x_wconf 92' lang='lat' dir='ltr'><strong>ea</strong></span> <span class='ocrx_word' id='word_1_296' title='bbox 969 2284 1089 2337; x_wconf 83' lang='lat' dir='ltr'><strong>quae</strong></span> <span class='ocrx_word' id='word_1_297' title='bbox 1123 2268 1365 2324; x_wconf 82' lang='lat' dir='ltr'><strong>fecerunt</strong></span> <span class='ocrx_word' id='word_1_298' title='bbox 1392 2271 1653 2325; x_wconf 90' lang='lat' dir='ltr'><strong>incidant.</strong></span> <span class='ocrx_word' id='word_1_299' title='bbox 1680 2270 1918 2326; x_wconf 78' lang='lat' dir='ltr'><strong>Mensam</strong></span> <span class='ocrx_word' id='word_1_300' title='bbox 1939 2275 2085 2329; x_wconf 89' lang='lat' dir='ltr'><strong>enim</strong></span> 
     </span>
    </p>
   </div>
   <div class='ocr_carea' id='block_1_41' title="bbox 522 2358 2084 2433">
    <p class='ocr_par' dir='ltr' id='par_1_41' title="bbox 522 2358 2084 2433">
     <span class='ocr_line' id='line_1_41' title="bbox 522 2358 2084 2433; baseline 0.006 -23"><span class='ocrx_word' id='word_1_301' title='bbox 522 2358 759 2411; x_wconf 64' lang='lat' dir='ltr'><strong>laetitiam</strong></span> <span class='ocrx_word' id='word_1_302' title='bbox 794 2359 1002 2412; x_wconf 86' lang='lat' dir='ltr'><strong>vocavit</strong></span> <span class='ocrx_word' id='word_1_303' title='bbox 1031 2376 1045 2411; x_wconf 91' lang='lat'><strong>:</strong></span> <span class='ocrx_word' id='word_1_304' title='bbox 1073 2360 1337 2429; x_wconf 88' lang='lat' dir='ltr'><strong>supplicia</strong></span> <span class='ocrx_word' id='word_1_305' title='bbox 1372 2377 1502 2416; x_wconf 91' lang='lat' dir='ltr'><strong>vero</strong></span> <span class='ocrx_word' id='word_1_306' title='bbox 1530 2362 1795 2433; x_wconf 77' lang='lat' dir='ltr'><strong>laqueum.</strong></span> <span class='ocrx_word' id='word_1_307' title='bbox 1824 2363 1913 2419; x_wconf 86' lang='lat' dir='ltr'><strong>Sic</strong></span> <span class='ocrx_word' id='word_1_308' title='bbox 1940 2365 2084 2420; x_wconf 90' lang='lat' dir='ltr'><strong>enim</strong></span> 
     </span>
    </p>
   </div>
   <div class='ocr_carea' id='block_1_42' title="bbox 520 2447 2087 2519">
    <p class='ocr_par' dir='ltr' id='par_1_42' title="bbox 520 2447 2087 2519">
     <span class='ocr_line' id='line_1_42' title="bbox 520 2447 2087 2519; baseline 0.007 -19"><span class='ocrx_word' id='word_1_309' title='bbox 520 2460 572 2501; x_wconf 85' lang='lat' dir='ltr'><strong>et</strong></span> <span class='ocrx_word' id='word_1_310' title='bbox 605 2447 962 2517; x_wconf 87' lang='lat' dir='ltr'><strong>Symmachus</strong></span> <span class='ocrx_word' id='word_1_311' title='bbox 988 2450 1372 2519; x_wconf 89' lang='lat' dir='ltr'><strong>interpretatus</strong></span> <span class='ocrx_word' id='word_1_312' title='bbox 1401 2461 1484 2507; x_wconf 88' lang='lat' dir='ltr'><strong>est</strong></span> <span class='ocrx_word' id='word_1_313' title='bbox 1501 2492 1518 2516; x_wconf 90' lang='lat'><strong>,</strong></span> <span class='ocrx_word' id='word_1_314' title='bbox 1545 2451 1674 2507; x_wconf 84' lang='lat' dir='ltr'><strong>Fiat</strong></span> <span class='ocrx_word' id='word_1_315' title='bbox 1700 2472 1880 2511; x_wconf 86' lang='lat' dir='ltr'><strong>mensa</strong></span> <span class='ocrx_word' id='word_1_316' title='bbox 1905 2473 2087 2511; x_wconf 82' lang='lat' dir='ltr'><strong>eorum</strong></span> 
     </span>
    </p>
   </div>
   <div class='ocr_carea' id='block_1_43' title="bbox 522 2540 2089 2615">
    <p class='ocr_par' dir='ltr' id='par_1_43' title="bbox 522 2540 2089 2615">
     <span class='ocr_line' id='line_1_43' title="bbox 522 2540 2089 2615; baseline 0.008 -24"><span class='ocrx_word' id='word_1_317' title='bbox 522 2556 700 2593; x_wconf 87' lang='lat' dir='ltr'><strong>coram</strong></span> <span class='ocrx_word' id='word_1_318' title='bbox 741 2541 868 2609; x_wconf 83' lang='lat' dir='ltr'><strong>ipsis</strong></span> <span class='ocrx_word' id='word_1_319' title='bbox 901 2540 955 2595; x_wconf 82' lang='lat' dir='ltr'><strong>in</strong></span> <span class='ocrx_word' id='word_1_320' title='bbox 985 2541 1264 2611; x_wconf 86' lang='lat' dir='ltr'><strong>laqueum,</strong></span> <span class='ocrx_word' id='word_1_321' title='bbox 1310 2552 1358 2597; x_wconf 78' lang='lat' dir='ltr'><strong>et</strong></span> <span class='ocrx_word' id='word_1_322' title='bbox 1392 2544 1450 2597; x_wconf 86' lang='lat' dir='ltr'><strong>in</strong></span> <span class='ocrx_word' id='word_1_323' title='bbox 1467 2545 1814 2615; x_wconf 70' lang='lat' dir='ltr'><strong>supplicium,</strong></span> <span class='ocrx_word' id='word_1_324' title='bbox 1858 2559 1915 2603; x_wconf 84' lang='lat' dir='ltr'><strong>ut</strong></span> <span class='ocrx_word' id='word_1_325' title='bbox 1947 2565 2089 2603; x_wconf 90' lang='lat' dir='ltr'><strong>com-</strong></span> 
     </span>
    </p>
   </div>
   <div class='ocr_carea' id='block_1_44' title="bbox 523 2630 933 2699">
    <p class='ocr_par' dir='ltr' id='par_1_44' title="bbox 523 2630 933 2699">
     <span class='ocr_line' id='line_1_44' title="bbox 523 2630 933 2699; baseline 0.007 -16"><span class='ocrx_word' id='word_1_326' title='bbox 523 2630 933 2699; x_wconf 83' lang='lat' dir='ltr'><strong>prehendautur.</strong></span> 
     </span>
    </p>
   </div>
   <div class='ocr_carea' id='block_1_45' title="bbox 596 2808 2081 2874">
    <p class='ocr_par' dir='ltr' id='par_1_45' title="bbox 596 2808 2081 2874">
     <span class='ocr_line' id='line_1_45' title="bbox 596 2808 2081 2874; baseline 0.006 -11"><span class='ocrx_word' id='word_1_327' title='bbox 596 2808 758 2867; x_wconf 76' lang='lat' dir='ltr'><strong>Vens.</strong></span> <span class='ocrx_word' id='word_1_328' title='bbox 788 2810 878 2866; x_wconf 68' lang='lat' dir='ltr'><strong>2i.</strong></span> <span class='ocrx_word' id='word_1_329' title='bbox 910 2830 928 2864; x_wconf 77' lang='grc' dir='ltr'><strong>ι</strong></span> <span class='ocrx_word' id='word_1_330' title='bbox 957 2813 1328 2869; x_wconf 91' lang='lat' dir='ltr'><strong>Obscurentur</strong></span> <span class='ocrx_word' id='word_1_331' title='bbox 1351 2816 1493 2870; x_wconf 92' lang='lat' dir='ltr'><strong>oculi</strong></span> <span class='ocrx_word' id='word_1_332' title='bbox 1513 2830 1702 2871; x_wconf 90' lang='lat' dir='ltr'><strong>eorum</strong></span> <span class='ocrx_word' id='word_1_333' title='bbox 1731 2832 1800 2873; x_wconf 90' lang='lat' dir='ltr'><strong>ne</strong></span> <span class='ocrx_word' id='word_1_334' title='bbox 1816 2819 2081 2874; x_wconf 60' lang='lat' dir='ltr'><strong>videant.»</strong></span> 
     </span>
    </p>
   </div>
   <div class='ocr_carea' id='block_1_46' title="bbox 525 2898 2084 2979">
    <p class='ocr_par' dir='ltr' id='par_1_46' title="bbox 525 2898 2084 2979">
     <span class='ocr_line' id='line_1_46' title="bbox 525 2898 2084 2979; baseline 0.007 -27"><span class='ocrx_word' id='word_1_335' title='bbox 525 2898 670 2953; x_wconf 79' lang='lat' dir='ltr'><strong>lnler</strong></span> <span class='ocrx_word' id='word_1_336' title='bbox 725 2901 780 2955; x_wconf 90' lang='lat' dir='ltr'><strong>in</strong></span> <span class='ocrx_word' id='word_1_337' title='bbox 832 2918 928 2958; x_wconf 91' lang='lat' dir='ltr'><strong>eos</strong></span> <span class='ocrx_word' id='word_1_338' title='bbox 972 2904 1343 2960; x_wconf 89' lang='lat' dir='ltr'><strong>tenebricosas</strong></span> <span class='ocrx_word' id='word_1_339' title='bbox 1391 2905 1762 2960; x_wconf 88' lang='lat' dir='ltr'><strong>calamitatum</strong></span> <span class='ocrx_word' id='word_1_340' title='bbox 1808 2908 2084 2979; x_wconf 77' lang='lat' dir='ltr'><strong>caligines.</strong></span> 
     </span>
    </p>
   </div>
   <div class='ocr_carea' id='block_1_47' title="bbox 530 2990 2087 3064">
    <p class='ocr_par' dir='ltr' id='par_1_47' title="bbox 530 2990 2087 3064">
     <span class='ocr_line' id='line_1_47' title="bbox 530 2990 2087 3064; baseline 0.009 -23"><span class='ocrx_word' id='word_1_341' title='bbox 530 3010 549 3041; x_wconf 73' lang='grc' dir='ltr'><strong>ι</strong></span> <span class='ocrx_word' id='word_1_342' title='bbox 577 2990 639 3046; x_wconf 76' lang='lat' dir='ltr'><strong>Et</strong></span> <span class='ocrx_word' id='word_1_343' title='bbox 660 2992 881 3048; x_wconf 87' lang='lat' dir='ltr'><strong>dorsum</strong></span> <span class='ocrx_word' id='word_1_344' title='bbox 912 3010 1101 3049; x_wconf 90' lang='lat' dir='ltr'><strong>eorum</strong></span> <span class='ocrx_word' id='word_1_345' title='bbox 1129 3011 1342 3064; x_wconf 88' lang='lat' dir='ltr'><strong>semper</strong></span> <span class='ocrx_word' id='word_1_346' title='bbox 1361 2995 1603 3052; x_wconf 90' lang='lat' dir='ltr'><strong>incurva.</strong></span> <span class='ocrx_word' id='word_1_347' title='bbox 1632 3017 1651 3050; x_wconf 85' lang='grc'><strong>›</strong></span> <span class='ocrx_word' id='word_1_348' title='bbox 1684 2998 1737 3052; x_wconf 90' lang='lat' dir='ltr'><strong>In</strong></span> <span class='ocrx_word' id='word_1_349' title='bbox 1774 3001 2087 3057; x_wconf 89' lang='lat' dir='ltr'><strong>servitutem</strong></span> 
     </span>
    </p>
   </div>
   <div class='ocr_carea' id='block_1_48' title="bbox 526 3082 2087 3159">
    <p class='ocr_par' dir='ltr' id='par_1_48' title="bbox 526 3082 2087 3159">
     <span class='ocr_line' id='line_1_48' title="bbox 526 3082 2087 3159; baseline 0.007 -23"><span class='ocrx_word' id='word_1_350' title='bbox 526 3082 669 3148; x_wconf 88' lang='lat' dir='ltr'><strong>illos,</strong></span> <span class='ocrx_word' id='word_1_351' title='bbox 700 3082 957 3147; x_wconf 88' lang='lat' dir='ltr'><strong>Domine,</strong></span> <span class='ocrx_word' id='word_1_352' title='bbox 992 3086 1293 3141; x_wconf 90' lang='lat' dir='ltr'><strong>condemna</strong></span> <span class='ocrx_word' id='word_1_353' title='bbox 1319 3128 1335 3153; x_wconf 90' lang='lat'><strong>,</strong></span> <span class='ocrx_word' id='word_1_354' title='bbox 1382 3097 1443 3142; x_wconf 89' lang='lat' dir='ltr'><strong>ut</strong></span> <span class='ocrx_word' id='word_1_355' title='bbox 1485 3104 1547 3143; x_wconf 91' lang='lat' dir='ltr'><strong>ea</strong></span> <span class='ocrx_word' id='word_1_356' title='bbox 1578 3105 1698 3159; x_wconf 76' lang='lat' dir='ltr'><strong>quae</strong></span> <span class='ocrx_word' id='word_1_357' title='bbox 1740 3092 2087 3147; x_wconf 87' lang='lat' dir='ltr'><strong>committunt</strong></span> 
     </span>
    </p>
   </div>
   <div class='ocr_carea' id='block_1_49' title="bbox 527 3173 1946 3249">
    <p class='ocr_par' dir='ltr' id='par_1_49' title="bbox 527 3173 1946 3249">
     <span class='ocr_line' id='line_1_49' title="bbox 527 3173 1946 3249; baseline 0.009 -25"><span class='ocrx_word' id='word_1_358' title='bbox 527 3173 819 3240; x_wconf 89' lang='lat' dir='ltr'><strong>patiantur,</strong></span> <span class='ocrx_word' id='word_1_359' title='bbox 850 3175 905 3228; x_wconf 90' lang='lat' dir='ltr'><strong>in</strong></span> <span class='ocrx_word' id='word_1_360' title='bbox 939 3175 1276 3231; x_wconf 89' lang='lat' dir='ltr'><strong>laboriosum</strong></span> <span class='ocrx_word' id='word_1_361' title='bbox 1304 3192 1439 3247; x_wconf 87' lang='lat' dir='ltr'><strong>opus</strong></span> <span class='ocrx_word' id='word_1_362' title='bbox 1470 3193 1685 3249; x_wconf 83' lang='lat' dir='ltr'><strong>semper</strong></span> <span class='ocrx_word' id='word_1_363' title='bbox 1714 3181 1946 3237; x_wconf 92' lang='lat' dir='ltr'><strong>incurvi.</strong></span> 
     </span>
    </p>
   </div>
   <div class='ocr_carea' id='block_1_50' title="bbox 492 3346 2092 3430">
    <p class='ocr_par' dir='ltr' id='par_1_50' title="bbox 492 3346 2092 3430">
     <span class='ocr_line' id='line_1_50' title="bbox 492 3346 2092 3430; baseline 0.012 -30"><span class='ocrx_word' id='word_1_364' title='bbox 492 3368 496 3377; x_wconf 61' lang='grc' dir='ltr'><strong>ι</strong></span> <span class='ocrx_word' id='word_1_365' title='bbox 599 3346 763 3404; x_wconf 75' lang='lat' dir='ltr'><strong>Vens.</strong></span> <span class='ocrx_word' id='word_1_366' title='bbox 804 3351 899 3407; x_wconf 75' lang='grc'><strong>25.</strong></span> <span class='ocrx_word' id='word_1_367' title='bbox 948 3371 968 3405; x_wconf 71' lang='grc' dir='ltr'><strong>ι</strong></span> <span class='ocrx_word' id='word_1_368' title='bbox 999 3352 1225 3410; x_wconf 79' lang='lat' dir='ltr'><strong>ElIunde</strong></span> <span class='ocrx_word' id='word_1_369' title='bbox 1277 3372 1441 3427; x_wconf 91' lang='lat' dir='ltr'><strong>super</strong></span> <span class='ocrx_word' id='word_1_370' title='bbox 1483 3373 1578 3415; x_wconf 91' lang='lat' dir='ltr'><strong>eos</strong></span> <span class='ocrx_word' id='word_1_371' title='bbox 1614 3360 1751 3415; x_wconf 90' lang='lat' dir='ltr'><strong>iram</strong></span> <span class='ocrx_word' id='word_1_372' title='bbox 1799 3370 1944 3416; x_wconf 92' lang='lat' dir='ltr'><strong>tuam</strong></span> <span class='ocrx_word' id='word_1_373' title='bbox 1972 3405 1986 3430; x_wconf 93' lang='lat'><strong>,</strong></span> <span class='ocrx_word' id='word_1_374' title='bbox 2036 3374 2092 3419; x_wconf 89' lang='lat' dir='ltr'><strong>et</strong></span> 
     </span>
    </p>
   </div>
   <div class='ocr_carea' id='block_1_51' title="bbox 530 3437 2088 3522">
    <p class='ocr_par' dir='ltr' id='par_1_51' title="bbox 530 3437 2088 3522">
     <span class='ocr_line' id='line_1_51' title="bbox 530 3437 2088 3522; baseline 0.01 -30"><span class='ocrx_word' id='word_1_375' title='bbox 530 3437 683 3493; x_wconf 86' lang='lat' dir='ltr'><strong>l‘uror</strong></span> <span class='ocrx_word' id='word_1_376' title='bbox 708 3442 802 3496; x_wconf 70' lang='lat' dir='ltr'><strong>ira:</strong></span> <span class='ocrx_word' id='word_1_377' title='bbox 832 3450 936 3497; x_wconf 71' lang='lat' dir='ltr'><strong>tuae</strong></span> <span class='ocrx_word' id='word_1_378' title='bbox 966 3444 1388 3513; x_wconf 73' lang='lat' dir='ltr'><strong>comprehendat</strong></span> <span class='ocrx_word' id='word_1_379' title='bbox 1418 3462 1533 3503; x_wconf 89' lang='lat' dir='ltr'><strong>eos.</strong></span> <span class='ocrx_word' id='word_1_380' title='bbox 1556 3468 1574 3501; x_wconf 74' lang='grc' dir='ltr'><strong>ι</strong></span> <span class='ocrx_word' id='word_1_381' title='bbox 1613 3447 1860 3517; x_wconf 85' lang='lat' dir='ltr'><strong>Omnem,</strong></span> <span class='ocrx_word' id='word_1_382' title='bbox 1892 3453 2088 3522; x_wconf 89' lang='lat' dir='ltr'><strong>inquit,</strong></span> 
     </span>
    </p>
   </div>
   <div class='ocr_carea' id='block_1_52' title="bbox 528 3534 2092 3604">
    <p class='ocr_par' dir='ltr' id='par_1_52' title="bbox 528 3534 2092 3604">
     <span class='ocr_line' id='line_1_52' title="bbox 528 3534 2092 3604; baseline 0.008 -18"><span class='ocrx_word' id='word_1_383' title='bbox 528 3534 781 3589; x_wconf 77' lang='lat' dir='ltr'><strong>vindicta:</strong></span> <span class='ocrx_word' id='word_1_384' title='bbox 806 3536 940 3590; x_wconf 90' lang='lat' dir='ltr'><strong>iram</strong></span> <span class='ocrx_word' id='word_1_385' title='bbox 969 3537 1022 3591; x_wconf 89' lang='lat' dir='ltr'><strong>in</strong></span> <span class='ocrx_word' id='word_1_386' title='bbox 1049 3552 1144 3593; x_wconf 93' lang='lat' dir='ltr'><strong>eos</strong></span> <span class='ocrx_word' id='word_1_387' title='bbox 1171 3538 1437 3604; x_wconf 91' lang='lat' dir='ltr'><strong>immitte,</strong></span> <span class='ocrx_word' id='word_1_388' title='bbox 1470 3551 1524 3596; x_wconf 87' lang='lat' dir='ltr'><strong>et</strong></span> <span class='ocrx_word' id='word_1_389' title='bbox 1563 3542 1792 3597; x_wconf 80' lang='lat' dir='ltr'><strong>celerem</strong></span> <span class='ocrx_word' id='word_1_390' title='bbox 1835 3551 1889 3597; x_wconf 91' lang='lat' dir='ltr'><strong>et</strong></span> <span class='ocrx_word' id='word_1_391' title='bbox 1920 3547 2092 3599; x_wconf 80' lang='lat' dir='ltr'><strong>maxi-</strong></span> 
     </span>
    </p>
   </div>
   <div class='ocr_carea' id='block_1_53' title="bbox 532 3628 2092 3702">
    <p class='ocr_par' dir='ltr' id='par_1_53' title="bbox 532 3628 2092 3702">
     <span class='ocr_line' id='line_1_53' title="bbox 532 3628 2092 3702; baseline 0.008 -24"><span class='ocrx_word' id='word_1_392' title='bbox 532 3641 676 3679; x_wconf 91' lang='lat' dir='ltr'><strong>mam</strong></span> <span class='ocrx_word' id='word_1_393' title='bbox 711 3628 1072 3702; x_wconf 84' lang='lat' dir='ltr'><strong>calamitatem</strong></span> <span class='ocrx_word' id='word_1_394' title='bbox 1109 3631 1321 3686; x_wconf 91' lang='lat' dir='ltr'><strong>invehe.</strong></span> <span class='ocrx_word' id='word_1_395' title='bbox 1357 3631 1459 3687; x_wconf 87' lang='lat' dir='ltr'><strong>Per</strong></span> <span class='ocrx_word' id='word_1_396' title='bbox 1487 3632 1720 3702; x_wconf 80' lang='lat' dir='ltr'><strong>furorem</strong></span> <span class='ocrx_word' id='word_1_397' title='bbox 1750 3634 1916 3700; x_wconf 93' lang='lat' dir='ltr'><strong>enim,</strong></span> <span class='ocrx_word' id='word_1_398' title='bbox 1952 3636 2092 3691; x_wconf 83' lang='lat' dir='ltr'><strong>cele-</strong></span> 
     </span>
    </p>
   </div>
   <div class='ocr_carea' id='block_1_54' title="bbox 528 3698 2090 3796">
    <p class='ocr_par' dir='ltr' id='par_1_54' title="bbox 528 3698 2090 3796">
     <span class='ocr_line' id='line_1_54' title="bbox 528 3698 2090 3796; baseline 0.006 -25"><span class='ocrx_word' id='word_1_399' title='bbox 528 3717 742 3772; x_wconf 82' lang='lat' dir='ltr'><strong>ritatem</strong></span> <span class='ocrx_word' id='word_1_400' title='bbox 775 3698 1103 3788; x_wconf 79' lang='lat' dir='ltr'><strong>declaravit;</strong></span> <span class='ocrx_word' id='word_1_401' title='bbox 1140 3724 1261 3777; x_wconf 91' lang='lat' dir='ltr'><strong>talis</strong></span> <span class='ocrx_word' id='word_1_402' title='bbox 1287 3726 1431 3778; x_wconf 91' lang='lat' dir='ltr'><strong>enim</strong></span> <span class='ocrx_word' id='word_1_403' title='bbox 1463 3735 1547 3780; x_wconf 85' lang='lat' dir='ltr'><strong>est</strong></span> <span class='ocrx_word' id='word_1_404' title='bbox 1585 3724 1737 3780; x_wconf 78' lang='lat' dir='ltr'><strong>{uror</strong></span> <span class='ocrx_word' id='word_1_405' title='bbox 1764 3745 1776 3781; x_wconf 92' lang='lat'><strong>:</strong></span> <span class='ocrx_word' id='word_1_406' title='bbox 1825 3708 2090 3796; x_wconf 21' lang='lat' dir='ltr'><strong>peisiram</strong></span> 
     </span>
    </p>
   </div>
   <div class='ocr_carea' id='block_1_55' title="bbox 533 3816 2091 3889">
    <p class='ocr_par' dir='ltr' id='par_1_55' title="bbox 533 3816 2091 3889">
     <span class='ocr_line' id='line_1_55' title="bbox 533 3816 2091 3889; baseline 0.008 -25"><span class='ocrx_word' id='word_1_407' title='bbox 533 3823 752 3877; x_wconf 84' lang='lat' dir='ltr'><strong>autem,</strong></span> <span class='ocrx_word' id='word_1_408' title='bbox 807 3816 1304 3883; x_wconf 82' lang='lat' dir='ltr'><strong>perseverantiam;</strong></span> <span class='ocrx_word' id='word_1_409' title='bbox 1358 3819 1480 3873; x_wconf 89' lang='lat' dir='ltr'><strong>talis</strong></span> <span class='ocrx_word' id='word_1_410' title='bbox 1518 3820 1714 3889; x_wconf 90' lang='lat' dir='ltr'><strong>quippe</strong></span> <span class='ocrx_word' id='word_1_411' title='bbox 1769 3829 1853 3875; x_wconf 87' lang='lat' dir='ltr'><strong>est</strong></span> <span class='ocrx_word' id='word_1_412' title='bbox 1901 3836 2091 3876; x_wconf 88' lang='lat' dir='ltr'><strong>natura</strong></span> 
     </span>
    </p>
   </div>
   <div class='ocr_carea' id='block_1_56' title="bbox 533 3908 2094 3987">
    <p class='ocr_par' dir='ltr' id='par_1_56' title="bbox 533 3908 2094 3987">
     <span class='ocr_line' id='line_1_56' title="bbox 533 3908 2094 3987; baseline 0.008 -26"><span class='ocrx_word' id='word_1_413' title='bbox 533 3908 649 3962; x_wconf 83' lang='lat' dir='ltr'><strong>irae.</strong></span> <span class='ocrx_word' id='word_1_414' title='bbox 685 3910 895 3980; x_wconf 78' lang='lat'><strong>1083</strong></span> <span class='ocrx_word' id='word_1_415' title='bbox 941 3908 1077 3966; x_wconf 86' lang='lat' dir='ltr'><strong>Nam</strong></span> <span class='ocrx_word' id='word_1_416' title='bbox 1118 3913 1268 3967; x_wconf 79' lang='lat' dir='ltr'><strong>furor</strong></span> <span class='ocrx_word' id='word_1_417' title='bbox 1300 3915 1447 3969; x_wconf 90' lang='lat' dir='ltr'><strong>celer</strong></span> <span class='ocrx_word' id='word_1_418' title='bbox 1477 3923 1598 3981; x_wconf 92' lang='lat' dir='ltr'><strong>est,</strong></span> <span class='ocrx_word' id='word_1_419' title='bbox 1645 3924 1699 3970; x_wconf 91' lang='lat' dir='ltr'><strong>et</strong></span> <span class='ocrx_word' id='word_1_420' title='bbox 1733 3917 1912 3987; x_wconf 82' lang='lat' dir='ltr'><strong>exigui</strong></span> <span class='ocrx_word' id='word_1_421' title='bbox 1957 3928 2094 3972; x_wconf 87' lang='lat' dir='ltr'><strong>tem-</strong></span> 
     </span>
    </p>
   </div>
   <div class='ocr_carea' id='block_1_57' title="bbox 532 3999 2088 4076">
    <p class='ocr_par' dir='ltr' id='par_1_57' title="bbox 532 3999 2088 4076">
     <span class='ocr_line' id='line_1_57' title="bbox 532 3999 2088 4076; baseline 0.007 -27"><span class='ocrx_word' id='word_1_422' title='bbox 532 3999 700 4067; x_wconf 83' lang='lat' dir='ltr'><strong>poris.</strong></span> <span class='ocrx_word' id='word_1_423' title='bbox 723 3999 803 4053; x_wconf 89' lang='lat' dir='ltr'><strong>Ira</strong></span> <span class='ocrx_word' id='word_1_424' title='bbox 831 4016 958 4055; x_wconf 87' lang='lat' dir='ltr'><strong>vero</strong></span> <span class='ocrx_word' id='word_1_425' title='bbox 986 4003 1192 4056; x_wconf 83' lang='lat' dir='ltr'><strong>tardior</strong></span> <span class='ocrx_word' id='word_1_426' title='bbox 1213 4004 1452 4072; x_wconf 86' lang='lat' dir='ltr'><strong>quidem,</strong></span> <span class='ocrx_word' id='word_1_427' title='bbox 1485 4005 1578 4060; x_wconf 89' lang='lat' dir='ltr'><strong>sed</strong></span> <span class='ocrx_word' id='word_1_428' title='bbox 1611 4006 1783 4076; x_wconf 85' lang='lat' dir='ltr'><strong>magis</strong></span> <span class='ocrx_word' id='word_1_429' title='bbox 1808 4007 2088 4060; x_wconf 87' lang='lat' dir='ltr'><strong>diuturna.</strong></span> 
     </span>
    </p>
   </div>
   <div class='ocr_carea' id='block_1_58' title="bbox 534 4089 2091 4166">
    <p class='ocr_par' dir='ltr' id='par_1_58' title="bbox 534 4089 2091 4166">
     <span class='ocr_line' id='line_1_58' title="bbox 534 4089 2091 4166; baseline 0.004 -23"><span class='ocrx_word' id='word_1_430' title='bbox 534 4089 797 4146; x_wconf 75' lang='lat' dir='ltr'><strong>Furorem</strong></span> <span class='ocrx_word' id='word_1_431' title='bbox 851 4092 1015 4162; x_wconf 83' lang='lat' dir='ltr'><strong>igitur</strong></span> <span class='ocrx_word' id='word_1_432' title='bbox 1076 4094 1167 4148; x_wconf 75' lang='lat' dir='ltr'><strong>ira:</strong></span> <span class='ocrx_word' id='word_1_433' title='bbox 1198 4132 1213 4157; x_wconf 88' lang='lat'><strong>,</strong></span> <span class='ocrx_word' id='word_1_434' title='bbox 1264 4096 1493 4150; x_wconf 89' lang='lat' dir='ltr'><strong>celerem</strong></span> <span class='ocrx_word' id='word_1_435' title='bbox 1544 4108 1598 4153; x_wconf 90' lang='lat' dir='ltr'><strong>ct</strong></span> <span class='ocrx_word' id='word_1_436' title='bbox 1660 4106 2091 4166; x_wconf 86' lang='lat' dir='ltr'><strong>perseverantem</strong></span> 
     </span>
    </p>
   </div>
   <div class='ocr_carea' id='block_1_59' title="bbox 536 4185 1091 4253">
    <p class='ocr_par' dir='ltr' id='par_1_59' title="bbox 536 4185 1091 4253">
     <span class='ocr_line' id='line_1_59' title="bbox 536 4185 1091 4253; baseline 0.011 -19"><span class='ocrx_word' id='word_1_437' title='bbox 536 4198 751 4253; x_wconf 65' lang='lat' dir='ltr'><strong>pinnam</strong></span> <span class='ocrx_word' id='word_1_438' title='bbox 786 4185 1091 4252; x_wconf 88' lang='lat' dir='ltr'><strong>appellavit.</strong></span> 
     </span>
    </p>
   </div>
   <div class='ocr_carea' id='block_1_60' title="bbox 611 4262 2093 4347">
    <p class='ocr_par' dir='ltr' id='par_1_60' title="bbox 611 4262 2093 4347">
     <span class='ocr_line' id='line_1_60' title="bbox 611 4262 2093 4347; baseline 0.007 -21"><span class='ocrx_word' id='word_1_439' title='bbox 611 4273 808 4328; x_wconf 78' lang='lat' dir='ltr'><strong>‘Vsss.</strong></span> <span class='ocrx_word' id='word_1_440' title='bbox 851 4274 940 4328; x_wconf 78' lang='lat'><strong>26.</strong></span> <span class='ocrx_word' id='word_1_441' title='bbox 990 4294 1008 4325; x_wconf 78' lang='grc' dir='ltr'><strong>ι</strong></span> <span class='ocrx_word' id='word_1_442' title='bbox 1046 4276 1165 4330; x_wconf 91' lang='lat' dir='ltr'><strong>Fiat</strong></span> <span class='ocrx_word' id='word_1_443' title='bbox 1192 4276 1454 4331; x_wconf 89' lang='lat' dir='ltr'><strong>habitatio</strong></span> <span class='ocrx_word' id='word_1_444' title='bbox 1475 4291 1661 4332; x_wconf 87' lang='lat' dir='ltr'><strong>eorum</strong></span> <span class='ocrx_word' id='word_1_445' title='bbox 1688 4280 1925 4347; x_wconf 87' lang='lat' dir='ltr'><strong>deserta,</strong></span> <span class='ocrx_word' id='word_1_446' title='bbox 1954 4290 2010 4337; x_wconf 89' lang='lat' dir='ltr'><strong>et</strong></span> <span class='ocrx_word' id='word_1_447' title='bbox 2039 4262 2093 4337; x_wconf 79' lang='lat' dir='ltr'><strong>in</strong></span> 
     </span>
    </p>
   </div>
   <div class='ocr_carea' id='block_1_61' title="bbox 538 4366 2094 4440">
    <p class='ocr_par' dir='ltr' id='par_1_61' title="bbox 538 4366 2094 4440">
     <span class='ocr_line' id='line_1_61' title="bbox 538 4366 2094 4440; baseline 0.006 -20"><span class='ocrx_word' id='word_1_448' title='bbox 538 4366 903 4421; x_wconf 87' lang='lat' dir='ltr'><strong>tabernaculis</strong></span> <span class='ocrx_word' id='word_1_449' title='bbox 950 4382 1141 4421; x_wconf 88' lang='lat' dir='ltr'><strong>eorum</strong></span> <span class='ocrx_word' id='word_1_450' title='bbox 1182 4383 1289 4422; x_wconf 91' lang='lat' dir='ltr'><strong>non</strong></span> <span class='ocrx_word' id='word_1_451' title='bbox 1345 4371 1417 4424; x_wconf 91' lang='lat' dir='ltr'><strong>sit</strong></span> <span class='ocrx_word' id='word_1_452' title='bbox 1462 4370 1556 4440; x_wconf 93' lang='lat' dir='ltr'><strong>qui</strong></span> <span class='ocrx_word' id='word_1_453' title='bbox 1589 4371 1874 4427; x_wconf 89' lang='lat' dir='ltr'><strong>inhabitet.</strong></span> <span class='ocrx_word' id='word_1_454' title='bbox 1914 4392 1932 4425; x_wconf 77' lang='grc' dir='ltr'><strong>ι</strong></span> <span class='ocrx_word' id='word_1_455' title='bbox 1994 4373 2094 4430; x_wconf 77' lang='lat' dir='ltr'><strong>Per</strong></span> 
     </span>
    </p>
   </div>
   <div class='ocr_carea' id='block_1_62' title="bbox 2183 1894 2722 1966">
    <p class='ocr_par' dir='ltr' id='par_1_62' title="bbox 2183 1894 2722 1966">
     <span class='ocr_line' id='line_1_62' title="bbox 2183 1894 2722 1966; baseline 0 -18"><span class='ocrx_word' id='word_1_456' title='bbox 2183 1894 2278 1948; x_wconf 76' lang='grc' dir='ltr'>καὶ</span> <span class='ocrx_word' id='word_1_457' title='bbox 2305 1894 2496 1965; x_wconf 85' lang='grc' dir='ltr'>ήδίστη</span> <span class='ocrx_word' id='word_1_458' title='bbox 2525 1895 2722 1966; x_wconf 85' lang='grc' dir='ltr'>τροφή.</span> 
     </span>
    </p>
   </div>
   <div class='ocr_carea' id='block_1_63' title="bbox 2253 1984 3738 2058">
    <p class='ocr_par' dir='ltr' id='par_1_63' title="bbox 2253 1984 3738 2058">
     <span class='ocr_line' id='line_1_63' title="bbox 2253 1984 3738 2058; baseline -0.001 -15"><span class='ocrx_word' id='word_1_459' title='bbox 2253 1987 2358 2056; x_wconf 82' lang='grc' dir='ltr'>κγ’.</span> <span class='ocrx_word' id='word_1_460' title='bbox 2401 2004 2422 2039; x_wconf 71' lang='grc' dir='ltr'><strong>ι</strong></span> <span class='ocrx_word' id='word_1_461' title='bbox 2467 1985 2822 2058; x_wconf 80' lang='grc' dir='ltr'>Γενηθήτωή</span> <span class='ocrx_word' id='word_1_462' title='bbox 2868 1984 3116 2058; x_wconf 77' lang='grc' dir='ltr'>τράπεζα</span> <span class='ocrx_word' id='word_1_463' title='bbox 3160 1986 3349 2039; x_wconf 86' lang='grc' dir='ltr'>αὐτῶν</span> <span class='ocrx_word' id='word_1_464' title='bbox 3392 1986 3620 2040; x_wconf 77' lang='grc' dir='ltr'>ἐνώπιον</span> <span class='ocrx_word' id='word_1_465' title='bbox 3655 1988 3738 2042; x_wconf 80' lang='grc' dir='ltr'>αύ-</span> 
     </span>
    </p>
   </div>
   <div class='ocr_carea' id='block_1_64' title="bbox 2182 2079 3736 2151">
    <p class='ocr_par' dir='ltr' id='par_1_64' title="bbox 2182 2079 3736 2151">
     <span class='ocr_line' id='line_1_64' title="bbox 2182 2079 3736 2151; baseline 0.001 -14"><span class='ocrx_word' id='word_1_466' title='bbox 2182 2082 2289 2137; x_wconf 90' lang='grc' dir='ltr'><strong>τῶν</strong></span> <span class='ocrx_word' id='word_1_467' title='bbox 2334 2082 2413 2146; x_wconf 87' lang='grc' dir='ltr'><strong>είς</strong></span> <span class='ocrx_word' id='word_1_468' title='bbox 2456 2079 2678 2151; x_wconf 82' lang='grc' dir='ltr'>παγίδα,</span> <span class='ocrx_word' id='word_1_469' title='bbox 2703 2080 2798 2135; x_wconf 70' lang='grc' dir='ltr'>καὶ</span> <span class='ocrx_word' id='word_1_470' title='bbox 2821 2082 2901 2145; x_wconf 87' lang='grc' dir='ltr'><strong>είς</strong></span> <span class='ocrx_word' id='word_1_471' title='bbox 2939 2081 3324 2148; x_wconf 81' lang='grc' dir='ltr'>ἀνταπόδοσιν,</span> <span class='ocrx_word' id='word_1_472' title='bbox 3351 2082 3449 2135; x_wconf 76' lang='grc' dir='ltr'>καὶ</span> <span class='ocrx_word' id='word_1_473' title='bbox 3473 2084 3552 2147; x_wconf 87' lang='grc' dir='ltr'><strong>είς</strong></span> <span class='ocrx_word' id='word_1_474' title='bbox 3591 2084 3736 2138; x_wconf 80' lang='grc' dir='ltr'>σκάν-</span> 
     </span>
    </p>
   </div>
   <div class='ocr_carea' id='block_1_65' title="bbox 2182 2171 3735 2244">
    <p class='ocr_par' dir='ltr' id='par_1_65' title="bbox 2182 2171 3735 2244">
     <span class='ocr_line' id='line_1_65' title="bbox 2182 2171 3735 2244; baseline 0.001 -17"><span class='ocrx_word' id='word_1_475' title='bbox 2182 2173 2359 2228; x_wconf 88' lang='grc' dir='ltr'>δαλον.</span> <span class='ocrx_word' id='word_1_476' title='bbox 2401 2191 2422 2225; x_wconf 73' lang='grc' dir='ltr'><strong>ι</strong></span> <span class='ocrx_word' id='word_1_477' title='bbox 2459 2172 2572 2227; x_wconf 77' lang='grc' dir='ltr'>Καὶ</span> <span class='ocrx_word' id='word_1_478' title='bbox 2619 2171 2718 2243; x_wconf 80' lang='grc' dir='ltr'>τὴν</span> <span class='ocrx_word' id='word_1_479' title='bbox 2745 2172 2926 2226; x_wconf 84' lang='grc' dir='ltr'>αὐτῶν</span> <span class='ocrx_word' id='word_1_480' title='bbox 2968 2173 3013 2206; x_wconf 68' lang='grc' dir='ltr'>δ’</span> <span class='ocrx_word' id='word_1_481' title='bbox 3053 2173 3241 2227; x_wconf 86' lang='grc' dir='ltr'>τοίνυν</span> <span class='ocrx_word' id='word_1_482' title='bbox 3290 2173 3625 2244; x_wconf 72' lang='grc' dir='ltr'>εὐφροσύνην</span> <span class='ocrx_word' id='word_1_483' title='bbox 3665 2176 3735 2240; x_wconf 80' lang='grc' dir='ltr'><strong>είς</strong></span> 
     </span>
    </p>
   </div>
   <div class='ocr_carea' id='block_1_66' title="bbox 2187 2260 3733 2336">
    <p class='ocr_par' dir='ltr' id='par_1_66' title="bbox 2187 2260 3733 2336">
     <span class='ocr_line' id='line_1_66' title="bbox 2187 2260 3733 2336; baseline 0.001 -18"><span class='ocrx_word' id='word_1_484' title='bbox 2187 2264 2471 2335; x_wconf 83' lang='grc' dir='ltr'>συμφοράς</span> <span class='ocrx_word' id='word_1_485' title='bbox 2504 2262 2791 2333; x_wconf 84' lang='grc' dir='ltr'>μετέϐαλε,</span> <span class='ocrx_word' id='word_1_486' title='bbox 2836 2263 3083 2320; x_wconf 84' lang='grc' dir='ltr'>Δέσποτα</span> <span class='ocrx_word' id='word_1_487' title='bbox 3106 2280 3120 2295; x_wconf 90' lang='grc'><strong>·</strong></span> <span class='ocrx_word' id='word_1_488' title='bbox 3164 2264 3265 2317; x_wconf 78' lang='grc' dir='ltr'><strong>καὶ</strong></span> <span class='ocrx_word' id='word_1_489' title='bbox 3289 2260 3373 2328; x_wconf 75' lang='grc' dir='ltr'>οἷς</span> <span class='ocrx_word' id='word_1_490' title='bbox 3404 2264 3629 2336; x_wconf 68' lang='grc' dir='ltr'>ἔδρασαν</span> <span class='ocrx_word' id='word_1_491' title='bbox 3648 2283 3733 2320; x_wconf 77' lang='grc' dir='ltr'>πε-</span> 
     </span>
    </p>
   </div>
   <div class='ocr_carea' id='block_1_67' title="bbox 2189 2353 3730 2428">
    <p class='ocr_par' dir='ltr' id='par_1_67' title="bbox 2189 2353 3730 2428">
     <span class='ocr_line' id='line_1_67' title="bbox 2189 2353 3730 2428; baseline 0.001 -18"><span class='ocrx_word' id='word_1_492' title='bbox 2189 2358 2483 2428; x_wconf 83' lang='grc' dir='ltr'>ριπέσοιεν.</span> <span class='ocrx_word' id='word_1_493' title='bbox 2522 2353 2817 2423; x_wconf 69' lang='grc' dir='ltr'>Ίξοάπεζαν</span> <span class='ocrx_word' id='word_1_494' title='bbox 2849 2356 2956 2426; x_wconf 85' lang='grc' dir='ltr'><strong>γὰρ</strong></span> <span class='ocrx_word' id='word_1_495' title='bbox 2982 2357 3080 2425; x_wconf 80' lang='grc' dir='ltr'>τὴν</span> <span class='ocrx_word' id='word_1_496' title='bbox 3116 2356 3467 2427; x_wconf 81' lang='grc' dir='ltr'>εὐφροσύνην</span> <span class='ocrx_word' id='word_1_497' title='bbox 3496 2358 3730 2411; x_wconf 82' lang='grc' dir='ltr'>ὲκάλεσε’</span> 
     </span>
    </p>
   </div>
   <div class='ocr_carea' id='block_1_68' title="bbox 2184 2444 3729 2519">
    <p class='ocr_par' dir='ltr' id='par_1_68' title="bbox 2184 2444 3729 2519">
     <span class='ocr_line' id='line_1_68' title="bbox 2184 2444 3729 2519; baseline 0.001 -21"><span class='ocrx_word' id='word_1_498' title='bbox 2184 2447 2284 2509; x_wconf 82' lang='grc' dir='ltr'>τὰς</span> <span class='ocrx_word' id='word_1_499' title='bbox 2309 2446 2363 2498; x_wconf 83' lang='grc' dir='ltr'><strong>δὲ</strong></span> <span class='ocrx_word' id='word_1_500' title='bbox 2388 2446 2675 2516; x_wconf 87' lang='grc' dir='ltr'>τιμωρίας,</span> <span class='ocrx_word' id='word_1_501' title='bbox 2708 2444 2947 2515; x_wconf 75' lang='grc' dir='ltr'>παγίδα.</span> <span class='ocrx_word' id='word_1_502' title='bbox 2972 2445 3126 2498; x_wconf 77' lang='grc' dir='ltr'>Οὕτω</span> <span class='ocrx_word' id='word_1_503' title='bbox 3150 2446 3265 2516; x_wconf 81' lang='grc' dir='ltr'>γὰρ</span> <span class='ocrx_word' id='word_1_504' title='bbox 3293 2447 3386 2499; x_wconf 58' lang='grc' dir='ltr'><strong>καί⁵</strong></span> <span class='ocrx_word' id='word_1_505' title='bbox 3413 2449 3441 2500; x_wconf 88' lang='grc' dir='ltr'><strong>ό</strong></span> <span class='ocrx_word' id='word_1_506' title='bbox 3466 2447 3729 2519; x_wconf 84' lang='grc' dir='ltr'>Σύμμαχος</span> 
     </span>
    </p>
   </div>
   <div class='ocr_carea' id='block_1_69' title="bbox 2186 2535 3733 2608">
    <p class='ocr_par' dir='ltr' id='par_1_69' title="bbox 2186 2535 3733 2608">
     <span class='ocr_line' id='line_1_69' title="bbox 2186 2535 3733 2608; baseline -0.001 -17"><span class='ocrx_word' id='word_1_507' title='bbox 2186 2538 2496 2608; x_wconf 78' lang='grc' dir='ltr'>ἡρμήνευσε</span> <span class='ocrx_word' id='word_1_508' title='bbox 2514 2553 2529 2569; x_wconf 81' lang='grc' dir='ltr'><strong>ο</strong></span> <span class='ocrx_word' id='word_1_509' title='bbox 2562 2536 2809 2590; x_wconf 77' lang='grc' dir='ltr'><strong>Γένθιτο</strong></span> <span class='ocrx_word' id='word_1_510' title='bbox 2832 2535 2870 2602; x_wconf 80' lang='grc' dir='ltr'><strong><em>ἠ</em></strong></span> <span class='ocrx_word' id='word_1_511' title='bbox 2905 2535 3159 2603; x_wconf 80' lang='grc' dir='ltr'>τράπεζα</span> <span class='ocrx_word' id='word_1_512' title='bbox 3187 2536 3391 2589; x_wconf 76' lang='grc' dir='ltr'>αὐτῶν</span> <span class='ocrx_word' id='word_1_513' title='bbox 3418 2537 3733 2605; x_wconf 73' lang='grc' dir='ltr'>ἔμπροσθεν</span> 
     </span>
    </p>
   </div>
   <div class='ocr_carea' id='block_1_70' title="bbox 2186 2625 3732 2697">
    <p class='ocr_par' dir='ltr' id='par_1_70' title="bbox 2186 2625 3732 2697">
     <span class='ocr_line' id='line_1_70' title="bbox 2186 2625 3732 2697; baseline 0.001 -16"><span class='ocrx_word' id='word_1_514' title='bbox 2186 2627 2384 2682; x_wconf 73' lang='grc' dir='ltr'>αὐτῶν</span> <span class='ocrx_word' id='word_1_515' title='bbox 2410 2629 2496 2693; x_wconf 81' lang='grc' dir='ltr'>εὶς</span> <span class='ocrx_word' id='word_1_516' title='bbox 2520 2627 2759 2696; x_wconf 79' lang='grc' dir='ltr'>παγίδα,</span> <span class='ocrx_word' id='word_1_517' title='bbox 2783 2627 2880 2681; x_wconf 80' lang='grc' dir='ltr'><strong>καί</strong></span> <span class='ocrx_word' id='word_1_518' title='bbox 2902 2628 2948 2659; x_wconf 81' lang='grc'><strong>⁸⁸</strong></span> <span class='ocrx_word' id='word_1_519' title='bbox 2972 2630 3058 2693; x_wconf 80' lang='grc' dir='ltr'><strong>είς</strong></span> <span class='ocrx_word' id='word_1_520' title='bbox 3084 2628 3396 2697; x_wconf 76' lang='grc' dir='ltr'>τιμωρίαν,</span> <span class='ocrx_word' id='word_1_521' title='bbox 3424 2625 3576 2680; x_wconf 80' lang='grc' dir='ltr'>ὥστε</span> <span class='ocrx_word' id='word_1_522' title='bbox 3605 2630 3732 2682; x_wconf 71' lang='grc' dir='ltr'>συλ-</span> 
     </span>
    </p>
   </div>
   <div class='ocr_carea' id='block_1_71' title="bbox 2185 2718 2511 2788">
    <p class='ocr_par' dir='ltr' id='par_1_71' title="bbox 2185 2718 2511 2788">
     <span class='ocr_line' id='line_1_71' title="bbox 2185 2718 2511 2788; baseline 0 -15"><span class='ocrx_word' id='word_1_523' title='bbox 2185 2718 2511 2788; x_wconf 51' lang='grc' dir='ltr'>ληφθῆναι</span> 
     </span>
    </p>
   </div>
   <div class='ocr_carea' id='block_1_72' title="bbox 2256 2807 3729 2881">
    <p class='ocr_par' dir='ltr' id='par_1_72' title="bbox 2256 2807 3729 2881">
     <span class='ocr_line' id='line_1_72' title="bbox 2256 2807 3729 2881; baseline 0 -17"><span class='ocrx_word' id='word_1_524' title='bbox 2256 2810 2353 2865; x_wconf 83' lang='grc' dir='ltr'>κδ’.</span> <span class='ocrx_word' id='word_1_525' title='bbox 2394 2829 2413 2861; x_wconf 74' lang='grc' dir='ltr'><strong>ι</strong></span> <span class='ocrx_word' id='word_1_526' title='bbox 2459 2809 2908 2880; x_wconf 88' lang='grc' dir='ltr'>Σκοτισθήτωσαν</span> <span class='ocrx_word' id='word_1_527' title='bbox 2939 2810 2988 2863; x_wconf 82' lang='grc' dir='ltr'>οἱ</span> <span class='ocrx_word' id='word_1_528' title='bbox 3016 2808 3290 2880; x_wconf 68' lang='grc' dir='ltr'>ὀφθαλμοὶ</span> <span class='ocrx_word' id='word_1_529' title='bbox 3318 2808 3519 2871; x_wconf 83' lang='grc' dir='ltr'>αὐτῶν.</span> <span class='ocrx_word' id='word_1_530' title='bbox 3548 2807 3635 2863; x_wconf 79' lang='grc' dir='ltr'>τοῦ</span> <span class='ocrx_word' id='word_1_531' title='bbox 3663 2807 3729 2881; x_wconf 70' lang='grc' dir='ltr'>μὴ</span> 
     </span>
    </p>
   </div>
   <div class='ocr_carea' id='block_1_73' title="bbox 2191 2900 3729 2973">
    <p class='ocr_par' dir='ltr' id='par_1_73' title="bbox 2191 2900 3729 2973">
     <span class='ocr_line' id='line_1_73' title="bbox 2191 2900 3729 2973; baseline -0.001 -19"><span class='ocrx_word' id='word_1_532' title='bbox 2191 2901 2426 2973; x_wconf 81' lang='grc' dir='ltr'>βλέπειν.</span> <span class='ocrx_word' id='word_1_533' title='bbox 2466 2920 2484 2952; x_wconf 76' lang='grc' dir='ltr'><strong>ι</strong></span> <span class='ocrx_word' id='word_1_534' title='bbox 2538 2901 2817 2969; x_wconf 85' lang='grc' dir='ltr'>Ἐπάγαγε</span> <span class='ocrx_word' id='word_1_535' title='bbox 2865 2900 3047 2964; x_wconf 78' lang='grc' dir='ltr'>αὐτοῖς</span> <span class='ocrx_word' id='word_1_536' title='bbox 3078 2901 3141 2954; x_wconf 84' lang='grc' dir='ltr'><strong>τὸ</strong></span> <span class='ocrx_word' id='word_1_537' title='bbox 3174 2901 3420 2969; x_wconf 75' lang='grc' dir='ltr'>ζοφῶδες</span> <span class='ocrx_word' id='word_1_538' title='bbox 3452 2901 3604 2969; x_wconf 78' lang='grc' dir='ltr'>νέφος</span> <span class='ocrx_word' id='word_1_539' title='bbox 3634 2900 3729 2954; x_wconf 77' lang='grc' dir='ltr'><strong>τῶν</strong></span> 
     </span>
    </p>
   </div>
   <div class='ocr_carea' id='block_1_74' title="bbox 2190 2992 3729 3066">
    <p class='ocr_par' dir='ltr' id='par_1_74' title="bbox 2190 2992 3729 3066">
     <span class='ocr_line' id='line_1_74' title="bbox 2190 2992 3729 3066; baseline -0.003 -17"><span class='ocrx_word' id='word_1_540' title='bbox 2190 2995 2502 3066; x_wconf 80' lang='grc' dir='ltr'>συμφορῶν.</span> <span class='ocrx_word' id='word_1_541' title='bbox 2535 3012 2555 3045; x_wconf 76' lang='grc' dir='ltr'><strong>ι</strong></span> <span class='ocrx_word' id='word_1_542' title='bbox 2610 2995 2720 3047; x_wconf 73' lang='grc' dir='ltr'><strong>Καὶ</strong></span> <span class='ocrx_word' id='word_1_543' title='bbox 2764 2993 2856 3046; x_wconf 80' lang='grc' dir='ltr'><strong>τὸν</strong></span> <span class='ocrx_word' id='word_1_544' title='bbox 2880 2992 3047 3047; x_wconf 88' lang='grc' dir='ltr'>νῶτον</span> <span class='ocrx_word' id='word_1_545' title='bbox 3072 2993 3255 3048; x_wconf 81' lang='grc' dir='ltr'>αὐτῶν</span> <span class='ocrx_word' id='word_1_546' title='bbox 3294 2994 3577 3056; x_wconf 85' lang='grc' dir='ltr'>διαπαντὸς</span> <span class='ocrx_word' id='word_1_547' title='bbox 3616 2992 3729 3059; x_wconf 75' lang='grc' dir='ltr'>σύτο</span> 
     </span>
    </p>
   </div>
   <div class='ocr_carea' id='block_1_75' title="bbox 2190 3083 3698 3158">
    <p class='ocr_par' dir='ltr' id='par_1_75' title="bbox 2190 3083 3698 3158">
     <span class='ocr_line' id='line_1_75' title="bbox 2190 3083 3698 3158; baseline -0.005 -17"><span class='ocrx_word' id='word_1_548' title='bbox 2190 3087 2423 3158; x_wconf 84' lang='grc' dir='ltr'>καμψον.</span> <span class='ocrx_word' id='word_1_549' title='bbox 2471 3105 2488 3138; x_wconf 75' lang='grc' dir='ltr'><strong>ι</strong></span> <span class='ocrx_word' id='word_1_550' title='bbox 2524 3084 2778 3140; x_wconf 88' lang='grc' dir='ltr'>Δουλείαν</span> <span class='ocrx_word' id='word_1_551' title='bbox 2822 3083 3000 3138; x_wconf 79' lang='grc' dir='ltr'>αὐτῶν</span> <span class='ocrx_word' id='word_1_552' title='bbox 3043 3083 3449 3155; x_wconf 78' lang='grc' dir='ltr'>καταψήφισαι,</span> <span class='ocrx_word' id='word_1_553' title='bbox 3476 3083 3698 3136; x_wconf 83' lang='grc' dir='ltr'>Δέσποτα</span> 
     </span>
    </p>
   </div>
   <div class='ocr_carea' id='block_1_76' title="bbox 2193 3172 3729 3247">
    <p class='ocr_par' dir='ltr' id='par_1_76' title="bbox 2193 3172 3729 3247">
     <span class='ocr_line' id='line_1_76' title="bbox 2193 3172 3729 3247; baseline -0.005 -16"><span class='ocrx_word' id='word_1_554' title='bbox 2193 3179 2278 3233; x_wconf 84' lang='grc' dir='ltr'><strong>ἵνα</strong></span> <span class='ocrx_word' id='word_1_555' title='bbox 2316 3174 2395 3242; x_wconf 75' lang='grc' dir='ltr'>οἷς</span> <span class='ocrx_word' id='word_1_556' title='bbox 2430 3177 2639 3230; x_wconf 84' lang='grc' dir='ltr'>ποιοῦσι</span> <span class='ocrx_word' id='word_1_557' title='bbox 2674 3176 3064 3247; x_wconf 83' lang='grc' dir='ltr'>περιπέσωσιν,</span> <span class='ocrx_word' id='word_1_558' title='bbox 3095 3179 3177 3241; x_wconf 90' lang='grc' dir='ltr'><strong>είς</strong></span> <span class='ocrx_word' id='word_1_559' title='bbox 3210 3175 3468 3229; x_wconf 77' lang='grc' dir='ltr'>ἐπίπονον</span> <span class='ocrx_word' id='word_1_560' title='bbox 3499 3172 3729 3245; x_wconf 81' lang='grc' dir='ltr'>ἐργασίαν</span> 
     </span>
    </p>
   </div>
   <div class='ocr_carea' id='block_1_77' title="bbox 2191 3270 3259 3340">
    <p class='ocr_par' dir='ltr' id='par_1_77' title="bbox 2191 3270 3259 3340">
     <span class='ocr_line' id='line_1_77' title="bbox 2191 3270 3259 3340; baseline 0 -16"><span class='ocrx_word' id='word_1_561' title='bbox 2191 3271 2593 3340; x_wconf 82' lang='grc' dir='ltr'>συγκεκυφότες</span> <span class='ocrx_word' id='word_1_562' title='bbox 2620 3270 2728 3324; x_wconf 89' lang='grc' dir='ltr'>ἀεί.</span> <span class='ocrx_word' id='word_1_563' title='bbox 3258 3280 3259 3283; x_wconf 71' lang='grc'><em>“</em></span> 
     </span>
    </p>
   </div>
   <div class='ocr_carea' id='block_1_78' title="bbox 2259 3356 3728 3433">
    <p class='ocr_par' dir='ltr' id='par_1_78' title="bbox 2259 3356 3728 3433">
     <span class='ocr_line' id='line_1_78' title="bbox 2259 3356 3728 3433; baseline -0.007 -15"><span class='ocrx_word' id='word_1_564' title='bbox 2259 3363 2356 3419; x_wconf 82' lang='grc' dir='ltr'>κε’.</span> <span class='ocrx_word' id='word_1_565' title='bbox 2403 3383 2422 3414; x_wconf 76' lang='grc' dir='ltr'><strong>ι</strong></span> <span class='ocrx_word' id='word_1_566' title='bbox 2470 3365 2698 3433; x_wconf 84' lang='grc' dir='ltr'>Ἐκχεον</span> <span class='ocrx_word' id='word_1_567' title='bbox 2730 3362 2817 3415; x_wconf 72' lang='grc' dir='ltr'><strong>ἐπ’</strong></span> <span class='ocrx_word' id='word_1_568' title='bbox 2846 3360 3044 3424; x_wconf 78' lang='grc' dir='ltr'>αὐτοὺς</span> <span class='ocrx_word' id='word_1_569' title='bbox 3091 3359 3192 3431; x_wconf 81' lang='grc' dir='ltr'><strong>τὴν</strong></span> <span class='ocrx_word' id='word_1_570' title='bbox 3220 3360 3397 3431; x_wconf 80' lang='grc' dir='ltr'>ὀργήν</span> <span class='ocrx_word' id='word_1_571' title='bbox 3433 3372 3558 3411; x_wconf 87' lang='grc' dir='ltr'>σου·</span> <span class='ocrx_word' id='word_1_572' title='bbox 3599 3356 3728 3408; x_wconf 82' lang='grc' dir='ltr'><strong>καὶὸ</strong></span> 
     </span>
    </p>
   </div>
   <div class='ocr_carea' id='block_1_79' title="bbox 2191 3448 3727 3527">
    <p class='ocr_par' dir='ltr' id='par_1_79' title="bbox 2191 3448 3727 3527">
     <span class='ocr_line' id='line_1_79' title="bbox 2191 3448 3727 3527; baseline -0.007 -17"><span class='ocrx_word' id='word_1_573' title='bbox 2191 3457 2359 3527; x_wconf 74' lang='grc' dir='ltr'>θυμὸς</span> <span class='ocrx_word' id='word_1_574' title='bbox 2405 3459 2504 3526; x_wconf 83' lang='grc' dir='ltr'>τῆς</span> <span class='ocrx_word' id='word_1_575' title='bbox 2550 3456 2717 3525; x_wconf 80' lang='grc' dir='ltr'>ὀργῆς</span> <span class='ocrx_word' id='word_1_576' title='bbox 2757 3471 2849 3507; x_wconf 89' lang='grc' dir='ltr'><strong>σου</strong></span> <span class='ocrx_word' id='word_1_577' title='bbox 2894 3452 3188 3507; x_wconf 87' lang='grc' dir='ltr'>καταλάϐοι</span> <span class='ocrx_word' id='word_1_578' title='bbox 3236 3449 3454 3510; x_wconf 83' lang='grc' dir='ltr'>αὐτούς.</span> <span class='ocrx_word' id='word_1_579' title='bbox 3501 3467 3519 3500; x_wconf 73' lang='grc' dir='ltr'><strong>ι</strong></span> <span class='ocrx_word' id='word_1_580' title='bbox 3566 3448 3727 3501; x_wconf 59' lang='grc' dir='ltr'>Πᾶσαι</span> 
     </span>
    </p>
   </div>
   <div class='ocr_carea' id='block_1_80' title="bbox 2190 3540 3727 3618">
    <p class='ocr_par' dir='ltr' id='par_1_80' title="bbox 2190 3540 3727 3618">
     <span class='ocr_line' id='line_1_80' title="bbox 2190 3540 3727 3618; baseline -0.007 -17"><span class='ocrx_word' id='word_1_581' title='bbox 2190 3550 2389 3613; x_wconf 82' lang='grc' dir='ltr'>αὐτοῖς,</span> <span class='ocrx_word' id='word_1_582' title='bbox 2424 3549 2605 3618; x_wconf 74' lang='grc' dir='ltr'>φησιν,</span> <span class='ocrx_word' id='word_1_583' title='bbox 2641 3546 2847 3615; x_wconf 81' lang='grc' dir='ltr'>ὲπάφες</span> <span class='ocrx_word' id='word_1_584' title='bbox 2879 3546 2976 3617; x_wconf 83' lang='grc' dir='ltr'><strong>τὴν</strong></span> <span class='ocrx_word' id='word_1_585' title='bbox 3001 3546 3099 3615; x_wconf 82' lang='grc' dir='ltr'>τῆς</span> <span class='ocrx_word' id='word_1_586' title='bbox 3136 3544 3413 3614; x_wconf 81' lang='grc' dir='ltr'>τιμωρίας</span> <span class='ocrx_word' id='word_1_587' title='bbox 3438 3540 3618 3612; x_wconf 81' lang='grc' dir='ltr'>ὀργὴν,</span> <span class='ocrx_word' id='word_1_588' title='bbox 3649 3540 3727 3591; x_wconf 77' lang='grc' dir='ltr'>καὶ</span> 
     </span>
    </p>
   </div>
   <div class='ocr_carea' id='block_1_81' title="bbox 2190 3627 3726 3709">
    <p class='ocr_par' dir='ltr' id='par_1_81' title="bbox 2190 3627 3726 3709">
     <span class='ocr_line' id='line_1_81' title="bbox 2190 3627 3726 3709; baseline -0.008 -17"><span class='ocrx_word' id='word_1_589' title='bbox 2190 3642 2410 3709; x_wconf 87' lang='grc' dir='ltr'>ταχεῖαν</span> <span class='ocrx_word' id='word_1_590' title='bbox 2438 3640 2531 3691; x_wconf 77' lang='grc' dir='ltr'><strong>καὶ</strong></span> <span class='ocrx_word' id='word_1_591' title='bbox 2561 3638 2757 3709; x_wconf 82' lang='grc' dir='ltr'>διαρκῆ</span> <span class='ocrx_word' id='word_1_592' title='bbox 2789 3637 3034 3704; x_wconf 82' lang='grc' dir='ltr'>ὲπάγαγε</span> <span class='ocrx_word' id='word_1_593' title='bbox 3065 3635 3372 3707; x_wconf 80' lang='grc' dir='ltr'>συμφοράν.</span> <span class='ocrx_word' id='word_1_594' title='bbox 3406 3633 3501 3686; x_wconf 86' lang='grc' dir='ltr'><strong>Διά</strong></span> <span class='ocrx_word' id='word_1_595' title='bbox 3525 3631 3624 3701; x_wconf 81' lang='grc' dir='ltr'><strong>γὰρ</strong></span> <span class='ocrx_word' id='word_1_596' title='bbox 3646 3627 3726 3681; x_wconf 78' lang='grc' dir='ltr'>τοῦ</span> 
     </span>
    </p>
   </div>
   <div class='ocr_carea' id='block_1_82' title="bbox 2192 3720 3727 3800">
    <p class='ocr_par' dir='ltr' id='par_1_82' title="bbox 2192 3720 3727 3800">
     <span class='ocr_line' id='line_1_82' title="bbox 2192 3720 3727 3800; baseline -0.01 -14"><span class='ocrx_word' id='word_1_597' title='bbox 2192 3731 2379 3800; x_wconf 86' lang='grc' dir='ltr'>θυμοῦ</span> <span class='ocrx_word' id='word_1_598' title='bbox 2423 3730 2485 3783; x_wconf 87' lang='grc' dir='ltr'><strong>τὸ</strong></span> <span class='ocrx_word' id='word_1_599' title='bbox 2505 3730 2642 3800; x_wconf 77' lang='grc' dir='ltr'>ταχὺ</span> <span class='ocrx_word' id='word_1_600' title='bbox 2666 3728 2934 3798; x_wconf 86' lang='grc' dir='ltr'>δεδήλωκε</span> <span class='ocrx_word' id='word_1_601' title='bbox 2951 3744 2964 3757; x_wconf 73' lang='grc'><strong><em>⁸</em></strong></span> <span class='ocrx_word' id='word_1_602' title='bbox 2993 3725 3232 3791; x_wconf 83' lang='grc' dir='ltr'>τοιοῦτος</span> <span class='ocrx_word' id='word_1_603' title='bbox 3256 3727 3366 3799; x_wconf 85' lang='grc' dir='ltr'><strong>γὰρ</strong></span> <span class='ocrx_word' id='word_1_604' title='bbox 3387 3729 3414 3779; x_wconf 87' lang='grc' dir='ltr'>ὁ</span> <span class='ocrx_word' id='word_1_605' title='bbox 3440 3723 3599 3794; x_wconf 83' lang='grc' dir='ltr'>θυμός</span> <span class='ocrx_word' id='word_1_606' title='bbox 3618 3738 3631 3752; x_wconf 89' lang='grc'><strong>·</strong></span> <span class='ocrx_word' id='word_1_607' title='bbox 3653 3720 3727 3773; x_wconf 79' lang='grc' dir='ltr'>διὰ</span> 
     </span>
    </p>
   </div>
   <div class='ocr_carea' id='block_1_83' title="bbox 2191 3813 3726 3893">
    <p class='ocr_par' dir='ltr' id='par_1_83' title="bbox 2191 3813 3726 3893">
     <span class='ocr_line' id='line_1_83' title="bbox 2191 3813 3726 3893; baseline -0.002 -18"><span class='ocrx_word' id='word_1_608' title='bbox 2191 3822 2247 3876; x_wconf 79' lang='grc' dir='ltr'>δὲ</span> <span class='ocrx_word' id='word_1_609' title='bbox 2269 3823 2367 3893; x_wconf 83' lang='grc' dir='ltr'>τῆς</span> <span class='ocrx_word' id='word_1_610' title='bbox 2391 3821 2592 3891; x_wconf 75' lang='grc' dir='ltr'>ὀργῆς,</span> <span class='ocrx_word' id='word_1_611' title='bbox 2617 3821 2674 3874; x_wconf 78' lang='grc' dir='ltr'><strong>τὸ</strong></span> <span class='ocrx_word' id='word_1_612' title='bbox 2704 3820 2961 3890; x_wconf 73' lang='grc' dir='ltr'>ἐπίμονον</span> <span class='ocrx_word' id='word_1_613' title='bbox 2981 3836 2996 3850; x_wconf 90' lang='grc'><strong>·</strong></span> <span class='ocrx_word' id='word_1_614' title='bbox 3019 3819 3244 3890; x_wconf 87' lang='grc' dir='ltr'>τοιαύτη</span> <span class='ocrx_word' id='word_1_615' title='bbox 3272 3820 3381 3890; x_wconf 84' lang='grc' dir='ltr'><strong>γὰρ</strong></span> <span class='ocrx_word' id='word_1_616' title='bbox 3408 3820 3441 3887; x_wconf 84' lang='grc' dir='ltr'><strong>ή</strong></span> <span class='ocrx_word' id='word_1_617' title='bbox 3465 3818 3556 3886; x_wconf 80' lang='grc' dir='ltr'>τῆς</span> <span class='ocrx_word' id='word_1_618' title='bbox 3580 3813 3726 3884; x_wconf 78' lang='grc' dir='ltr'><strong>ὀργῆς</strong></span> 
     </span>
    </p>
   </div>
   <div class='ocr_carea' id='block_1_84' title="bbox 2193 3906 3723 3986">
    <p class='ocr_par' dir='ltr' id='par_1_84' title="bbox 2193 3906 3723 3986">
     <span class='ocr_line' id='line_1_84' title="bbox 2193 3906 3723 3986; baseline -0.004 -17"><span class='ocrx_word' id='word_1_619' title='bbox 2193 3916 2370 3986; x_wconf 82' lang='grc' dir='ltr'>φύσις.</span> <span class='ocrx_word' id='word_1_620' title='bbox 2417 3916 2475 3969; x_wconf 88' lang='lat'><strong>&#39;0</strong></span> <span class='ocrx_word' id='word_1_621' title='bbox 2503 3916 2611 3984; x_wconf 76' lang='grc' dir='ltr'><strong>γὰρ</strong></span> <span class='ocrx_word' id='word_1_622' title='bbox 2641 3916 2685 3946; x_wconf 69' lang='grc'>⁸⁸</span> <span class='ocrx_word' id='word_1_623' title='bbox 2717 3915 2886 3983; x_wconf 75' lang='grc' dir='ltr'>θυμὸς</span> <span class='ocrx_word' id='word_1_624' title='bbox 2917 3911 3041 3978; x_wconf 81' lang='grc' dir='ltr'>ὀξύς</span> <span class='ocrx_word' id='word_1_625' title='bbox 3070 3915 3187 3966; x_wconf 78' lang='grc' dir='ltr'>ἐστι</span> <span class='ocrx_word' id='word_1_626' title='bbox 3242 3913 3338 3965; x_wconf 79' lang='grc' dir='ltr'>καὶ</span> <span class='ocrx_word' id='word_1_627' title='bbox 3374 3906 3723 3976; x_wconf 72' lang='grc' dir='ltr'>ὀλιγοχρόνιος,</span> 
     </span>
    </p>
   </div>
   <div class='ocr_carea' id='block_1_85' title="bbox 2193 3996 3724 4078">
    <p class='ocr_par' dir='ltr' id='par_1_85' title="bbox 2193 3996 3724 4078">
     <span class='ocr_line' id='line_1_85' title="bbox 2193 3996 3724 4078; baseline -0.007 -18"><span class='ocrx_word' id='word_1_628' title='bbox 2193 4011 2224 4078; x_wconf 89' lang='grc' dir='ltr'><strong>ή</strong></span> <span class='ocrx_word' id='word_1_629' title='bbox 2259 4009 2315 4061; x_wconf 83' lang='grc' dir='ltr'>δὲ</span> <span class='ocrx_word' id='word_1_630' title='bbox 2349 4008 2517 4077; x_wconf 81' lang='grc' dir='ltr'>ὀργὴ,</span> <span class='ocrx_word' id='word_1_631' title='bbox 2549 4006 2849 4078; x_wconf 86' lang='grc' dir='ltr'>βραδυτέρα</span> <span class='ocrx_word' id='word_1_632' title='bbox 2894 4005 3009 4076; x_wconf 86' lang='grc' dir='ltr'>μὲν,</span> <span class='ocrx_word' id='word_1_633' title='bbox 3044 4004 3395 4075; x_wconf 83' lang='grc' dir='ltr'>μονιμωτέρα</span> <span class='ocrx_word' id='word_1_634' title='bbox 3451 4002 3524 4055; x_wconf 88' lang='grc' dir='ltr'><strong>δέ.</strong></span> <span class='ocrx_word' id='word_1_635' title='bbox 3568 3996 3724 4066; x_wconf 83' lang='grc' dir='ltr'>Θνμὸν</span> 
     </span>
    </p>
   </div>
   <div class='ocr_carea' id='block_1_86' title="bbox 2191 4093 3726 4169">
    <p class='ocr_par' dir='ltr' id='par_1_86' title="bbox 2191 4093 3726 4169">
     <span class='ocr_line' id='line_1_86' title="bbox 2191 4093 3726 4169; baseline -0.008 -16"><span class='ocrx_word' id='word_1_636' title='bbox 2191 4100 2368 4153; x_wconf 87' lang='grc' dir='ltr'>τοίνυν</span> <span class='ocrx_word' id='word_1_637' title='bbox 2420 4098 2588 4169; x_wconf 82' lang='grc' dir='ltr'>ὀργῆς</span> <span class='ocrx_word' id='word_1_638' title='bbox 2616 4098 2713 4168; x_wconf 82' lang='grc' dir='ltr'>τὴν</span> <span class='ocrx_word' id='word_1_639' title='bbox 2736 4098 2915 4164; x_wconf 79' lang='grc' dir='ltr'>ὀξεῖαν</span> <span class='ocrx_word' id='word_1_640' title='bbox 2945 4098 3037 4151; x_wconf 80' lang='grc' dir='ltr'><strong>καὶ</strong></span> <span class='ocrx_word' id='word_1_641' title='bbox 3066 4097 3328 4168; x_wconf 77' lang='grc' dir='ltr'>ἐπίμονον</span> <span class='ocrx_word' id='word_1_642' title='bbox 3351 4093 3566 4147; x_wconf 74' lang='grc' dir='ltr'>ἐκάλεσε</span> <span class='ocrx_word' id='word_1_643' title='bbox 3586 4103 3726 4160; x_wconf 82' lang='grc' dir='ltr'>τιμω-</span> 
     </span>
    </p>
   </div>
   <div class='ocr_carea' id='block_1_87' title="bbox 2193 4366 3720 4444">
    <p class='ocr_par' dir='ltr' id='par_1_87' title="bbox 2193 4366 3720 4444">
     <span class='ocr_line' id='line_1_87' title="bbox 2193 4366 3720 4444; baseline -0.012 -13"><span class='ocrx_word' id='word_1_644' title='bbox 2193 4378 2288 4431; x_wconf 69' lang='grc' dir='ltr'>καὶ</span> <span class='ocrx_word' id='word_1_645' title='bbox 2312 4378 2371 4428; x_wconf 82' lang='grc' dir='ltr'>ἐν</span> <span class='ocrx_word' id='word_1_646' title='bbox 2398 4376 2510 4437; x_wconf 87' lang='grc' dir='ltr'>τοῖς</span> <span class='ocrx_word' id='word_1_647' title='bbox 2569 4372 2920 4444; x_wconf 83' lang='grc' dir='ltr'>σκηνῶμασιν</span> <span class='ocrx_word' id='word_1_648' title='bbox 2953 4371 3134 4426; x_wconf 82' lang='grc' dir='ltr'>αὐτῶν</span> <span class='ocrx_word' id='word_1_649' title='bbox 3173 4370 3250 4443; x_wconf 77' lang='grc' dir='ltr'>μὴ</span> <span class='ocrx_word' id='word_1_650' title='bbox 3308 4369 3448 4423; x_wconf 76' lang='grc' dir='ltr'>ἔστω</span> <span class='ocrx_word' id='word_1_651' title='bbox 3499 4366 3526 4417; x_wconf 82' lang='grc' dir='ltr'>ὁ</span> <span class='ocrx_word' id='word_1_652' title='bbox 3556 4377 3720 4417; x_wconf 80' lang='grc' dir='ltr'>κατοι-</span> 
     </span>
    </p>
   </div>
   <div class='ocr_carea' id='block_1_88' title="bbox 537 4449 2084 4535">
    <p class='ocr_par' dir='ltr' id='par_1_88' title="bbox 537 4458 2084 4535">
     <span class='ocr_line' id='line_1_88' title="bbox 537 4458 2084 4535; baseline 0.006 -25"><span class='ocrx_word' id='word_1_653' title='bbox 537 4459 721 4512; x_wconf 90' lang='lat' dir='ltr'><strong>omnia</strong></span> <span class='ocrx_word' id='word_1_654' title='bbox 758 4469 937 4512; x_wconf 89' lang='lat' dir='ltr'><strong>autem</strong></span> <span class='ocrx_word' id='word_1_655' title='bbox 970 4458 1173 4527; x_wconf 81' lang='lat' dir='ltr'><strong>justam</strong></span> <span class='ocrx_word' id='word_1_656' title='bbox 1201 4462 1523 4515; x_wconf 88' lang='lat' dir='ltr'><strong>sententiam</strong></span> <span class='ocrx_word' id='word_1_657' title='bbox 1559 4463 1836 4533; x_wconf 89' lang='lat' dir='ltr'><strong>implorat,</strong></span> <span class='ocrx_word' id='word_1_658' title='bbox 1876 4475 1933 4520; x_wconf 89' lang='lat' dir='ltr'><strong>et</strong></span> <span class='ocrx_word' id='word_1_659' title='bbox 1969 4481 2084 4535; x_wconf 90' lang='lat' dir='ltr'><strong>sup-</strong></span> 
     </span>
    </p>
   </div>
   <div class='ocr_carea' id='block_1_89' title="bbox 2191 4449 3718 4535">
    <p class='ocr_par' dir='ltr' id='par_1_89' title="bbox 2198 4449 3718 4532">
     <span class='ocr_line' id='line_1_89' title="bbox 2198 4449 3718 4532; baseline -0.013 -12"><span class='ocrx_word' id='word_1_660' title='bbox 2198 4467 2308 4520; x_wconf 87' lang='grc' dir='ltr'><strong>κῶν</strong></span> <span class='ocrx_word' id='word_1_661' title='bbox 2329 4466 2396 4521; x_wconf 71' lang='grc' dir='ltr'>δ’.</span> <span class='ocrx_word' id='word_1_662' title='bbox 2440 4482 2459 4516; x_wconf 74' lang='grc' dir='ltr'><strong>ι</strong></span> <span class='ocrx_word' id='word_1_663' title='bbox 2503 4463 2602 4517; x_wconf 80' lang='grc' dir='ltr'><strong>Διά</strong></span> <span class='ocrx_word' id='word_1_664' title='bbox 2644 4461 2864 4517; x_wconf 82' lang='grc' dir='ltr'>πάντων</span> <span class='ocrx_word' id='word_1_665' title='bbox 2885 4462 2942 4515; x_wconf 77' lang='grc' dir='ltr'>δὲ</span> <span class='ocrx_word' id='word_1_666' title='bbox 2968 4463 3069 4532; x_wconf 80' lang='grc' dir='ltr'>τὴν</span> <span class='ocrx_word' id='word_1_667' title='bbox 3114 4460 3329 4515; x_wconf 88' lang='grc' dir='ltr'>δικαίαν</span> <span class='ocrx_word' id='word_1_668' title='bbox 3358 4457 3536 4527; x_wconf 79' lang='grc' dir='ltr'>ψῆφον</span> <span class='ocrx_word' id='word_1_669' title='bbox 3564 4449 3687 4504; x_wconf 82' lang='grc' dir='ltr'>αίτεῖ</span> <span class='ocrx_word' id='word_1_670' title='bbox 3705 4462 3718 4477; x_wconf 89' lang='grc'><strong>·</strong></span> 
     </span>
    </p>
   </div>
   <div class='ocr_carea' id='block_1_90' title="bbox 540 4550 2094 4626">
    <p class='ocr_par' dir='ltr' id='par_1_90' title="bbox 540 4550 2094 4626">
     <span class='ocr_line' id='line_1_90' title="bbox 540 4550 2094 4626; baseline 0.007 -24"><span class='ocrx_word' id='word_1_671' title='bbox 540 4550 702 4619; x_wconf 87' lang='lat' dir='ltr'><strong>plicat</strong></span> <span class='ocrx_word' id='word_1_672' title='bbox 737 4561 794 4604; x_wconf 90' lang='lat' dir='ltr'><strong>ut</strong></span> <span class='ocrx_word' id='word_1_673' title='bbox 823 4551 892 4606; x_wconf 88' lang='lat' dir='ltr'><strong>iis</strong></span> <span class='ocrx_word' id='word_1_674' title='bbox 925 4567 1046 4621; x_wconf 72' lang='lat' dir='ltr'><strong>qua:</strong></span> <span class='ocrx_word' id='word_1_675' title='bbox 1079 4550 1133 4606; x_wconf 90' lang='lat' dir='ltr'><strong>in</strong></span> <span class='ocrx_word' id='word_1_676' title='bbox 1180 4554 1315 4608; x_wconf 91' lang='lat' dir='ltr'><strong>alios</strong></span> <span class='ocrx_word' id='word_1_677' title='bbox 1350 4565 1718 4624; x_wconf 78' lang='lat' dir='ltr'><strong>patraverant,</strong></span> <span class='ocrx_word' id='word_1_678' title='bbox 1760 4557 2094 4626; x_wconf 86' lang='lat' dir='ltr'><strong>subjiceren-</strong></span> 
     </span>
    </p>
   </div>
   <div class='ocr_carea' id='block_1_91' title="bbox 539 4640 2097 4716">
    <p class='ocr_par' dir='ltr' id='par_1_91' title="bbox 539 4640 2097 4716">
     <span class='ocr_line' id='line_1_91' title="bbox 539 4640 2097 4716; baseline 0.005 -21"><span class='ocrx_word' id='word_1_679' title='bbox 539 4653 648 4697; x_wconf 89' lang='lat' dir='ltr'><strong>tur.</strong></span> <span class='ocrx_word' id='word_1_680' title='bbox 683 4640 952 4710; x_wconf 84' lang='lat' dir='ltr'><strong>Quoniam</strong></span> <span class='ocrx_word' id='word_1_681' title='bbox 987 4644 1126 4698; x_wconf 86' lang='lat' dir='ltr'><strong>enim</strong></span> <span class='ocrx_word' id='word_1_682' title='bbox 1159 4644 1585 4716; x_wconf 79' lang='lat' dir='ltr'><strong>Hierosolymam</strong></span> <span class='ocrx_word' id='word_1_683' title='bbox 1613 4657 1665 4703; x_wconf 91' lang='lat' dir='ltr'><strong>et</strong></span> <span class='ocrx_word' id='word_1_684' title='bbox 1687 4648 1823 4704; x_wconf 83' lang='lat' dir='ltr'><strong>alias</strong></span> <span class='ocrx_word' id='word_1_685' title='bbox 1852 4649 2097 4706; x_wconf 85' lang='lat' dir='ltr'><strong>civitates</strong></span> 
     </span>
    </p>
   </div>
   <div class='ocr_carea' id='block_1_92' title="bbox 537 4732 2095 4806">
    <p class='ocr_par' dir='ltr' id='par_1_92' title="bbox 537 4732 2095 4806">
     <span class='ocr_line' id='line_1_92' title="bbox 537 4732 2095 4806; baseline 0.004 -17"><span class='ocrx_word' id='word_1_686' title='bbox 537 4733 734 4790; x_wconf 69' lang='lat' dir='ltr'><strong>Judaaze</strong></span> <span class='ocrx_word' id='word_1_687' title='bbox 797 4732 1159 4806; x_wconf 88' lang='lat' dir='ltr'><strong>diripieutes,</strong></span> <span class='ocrx_word' id='word_1_688' title='bbox 1220 4737 1492 4793; x_wconf 82' lang='lat' dir='ltr'><strong>desolatas</strong></span> <span class='ocrx_word' id='word_1_689' title='bbox 1553 4740 1673 4795; x_wconf 88' lang='lat' dir='ltr'><strong>illas</strong></span> <span class='ocrx_word' id='word_1_690' title='bbox 1742 4740 2095 4797; x_wconf 88' lang='lat' dir='ltr'><strong>reddiderunt</strong></span> 
     </span>
    </p>
   </div>
   <div class='ocr_carea' id='block_1_93' title="bbox 540 4823 2095 4902">
    <p class='ocr_par' dir='ltr' id='par_1_93' title="bbox 540 4823 2095 4902">
     <span class='ocr_line' id='line_1_93' title="bbox 540 4823 2095 4902; baseline 0.006 -24"><span class='ocrx_word' id='word_1_691' title='bbox 540 4823 801 4891; x_wconf 65' lang='lat' dir='ltr'><strong>Chaldaei,</strong></span> <span class='ocrx_word' id='word_1_692' title='bbox 824 4824 939 4880; x_wconf 59' lang='lat' dir='ltr'><strong>haec</strong></span> <span class='ocrx_word' id='word_1_693' title='bbox 959 4833 1019 4880; x_wconf 91' lang='lat' dir='ltr'><strong>ut</strong></span> <span class='ocrx_word' id='word_1_694' title='bbox 1036 4825 1254 4881; x_wconf 88' lang='lat' dir='ltr'><strong>illorum</strong></span> <span class='ocrx_word' id='word_1_695' title='bbox 1273 4828 1448 4897; x_wconf 85' lang='lat' dir='ltr'><strong>patria</strong></span> <span class='ocrx_word' id='word_1_696' title='bbox 1473 4829 1712 4897; x_wconf 88' lang='lat' dir='ltr'><strong>patiatur</strong></span> <span class='ocrx_word' id='word_1_697' title='bbox 1726 4831 1982 4887; x_wconf 89' lang='lat' dir='ltr'><strong>obsecrat</strong></span> <span class='ocrx_word' id='word_1_698' title='bbox 1997 4847 2095 4902; x_wconf 85' lang='lat' dir='ltr'><strong>po-</strong></span> 
     </span>
    </p>
   </div>
   <div class='ocr_carea' id='block_1_94' title="bbox 2168 4539 3716 4627">
    <p class='ocr_par' dir='ltr' id='par_1_94' title="bbox 2168 4539 3716 4627">
     <span class='ocr_line' id='line_1_94' title="bbox 2168 4539 3716 4627; baseline -0.014 -16"><span class='ocrx_word' id='word_1_699' title='bbox 2168 4556 2297 4611; x_wconf 74' lang='grc' dir='ltr'>καὶ</span> <span class='ocrx_word' id='word_1_700' title='bbox 2348 4552 2429 4620; x_wconf 73' lang='grc' dir='ltr'>οἷς</span> <span class='ocrx_word' id='word_1_701' title='bbox 2470 4555 2795 4627; x_wconf 78' lang='grc' dir='ltr'>δεδράκασιν</span> <span class='ocrx_word' id='word_1_702' title='bbox 2842 4552 3218 4625; x_wconf 78' lang='grc' dir='ltr'>ὑποϐληθῆναι</span> <span class='ocrx_word' id='word_1_703' title='bbox 3261 4551 3459 4611; x_wconf 79' lang='grc' dir='ltr'>αὐτοὺς</span> <span class='ocrx_word' id='word_1_704' title='bbox 3496 4539 3716 4597; x_wconf 79' lang='grc' dir='ltr'>ἱκετεύει.</span> 
     </span>
    </p>
   </div>
   <div class='ocr_carea' id='block_1_95' title="bbox 2214 4631 3720 4718">
    <p class='ocr_par' dir='ltr' id='par_1_95' title="bbox 2214 4631 3720 4718">
     <span class='ocr_line' id='line_1_95' title="bbox 2214 4631 3720 4718; baseline -0.008 -18"><span class='ocrx_word' id='word_1_705' title='bbox 2214 4647 2426 4718; x_wconf 83' lang='grc' dir='ltr'>Ἐπειδὴ</span> <span class='ocrx_word' id='word_1_706' title='bbox 2456 4647 2564 4715; x_wconf 84' lang='grc' dir='ltr'><strong>γὰρ</strong></span> <span class='ocrx_word' id='word_1_707' title='bbox 2598 4645 2695 4700; x_wconf 63' lang='grc' dir='ltr'><strong>καὶ¹</strong></span> <span class='ocrx_word' id='word_1_708' title='bbox 2720 4645 2765 4677; x_wconf 84' lang='grc'><strong>⁸³</strong></span> <span class='ocrx_word' id='word_1_709' title='bbox 2786 4644 2888 4716; x_wconf 84' lang='grc' dir='ltr'><strong>τὴν</strong></span> <span class='ocrx_word' id='word_1_710' title='bbox 2926 4644 3310 4717; x_wconf 76' lang='grc' dir='ltr'>Ἰερουσαλὴμ,</span> <span class='ocrx_word' id='word_1_711' title='bbox 3346 4641 3437 4694; x_wconf 81' lang='grc' dir='ltr'>καὶ</span> <span class='ocrx_word' id='word_1_712' title='bbox 3465 4639 3556 4700; x_wconf 79' lang='grc' dir='ltr'>τὰς</span> <span class='ocrx_word' id='word_1_713' title='bbox 3581 4631 3720 4689; x_wconf 74' lang='grc' dir='ltr'>ἄλλας</span> 
     </span>
    </p>
   </div>
   <div class='ocr_carea' id='block_1_96' title="bbox 2199 4723 3718 4807">
    <p class='ocr_par' dir='ltr' id='par_1_96' title="bbox 2199 4723 3718 4807">
     <span class='ocr_line' id='line_1_96' title="bbox 2199 4723 3718 4807; baseline -0.014 -14"><span class='ocrx_word' id='word_1_714' title='bbox 2199 4740 2297 4807; x_wconf 78' lang='grc' dir='ltr'>τῆς</span> <span class='ocrx_word' id='word_1_715' title='bbox 2332 4738 2585 4801; x_wconf 83' lang='grc' dir='ltr'>ἰουδαίας</span> <span class='ocrx_word' id='word_1_716' title='bbox 2634 4738 2820 4799; x_wconf 88' lang='grc' dir='ltr'>πόλεις</span> <span class='ocrx_word' id='word_1_717' title='bbox 2858 4737 3232 4807; x_wconf 80' lang='grc' dir='ltr'>πορθήσαντες</span> <span class='ocrx_word' id='word_1_718' title='bbox 3262 4734 3329 4800; x_wconf 72' lang='grc'><strong>⁵⁵,</strong></span> <span class='ocrx_word' id='word_1_719' title='bbox 3375 4732 3598 4802; x_wconf 75' lang='grc' dir='ltr'>ἐρήμους</span> <span class='ocrx_word' id='word_1_720' title='bbox 3630 4723 3718 4774; x_wconf 80' lang='grc' dir='ltr'>ἀπ-</span> 
     </span>
    </p>
   </div>
   <div class='ocr_carea' id='block_1_97' title="bbox 2200 4808 3717 4901">
    <p class='ocr_par' dir='ltr' id='par_1_97' title="bbox 2200 4808 3717 4901">
     <span class='ocr_line' id='line_1_97' title="bbox 2200 4808 3717 4901; baseline -0.013 -18"><span class='ocrx_word' id='word_1_721' title='bbox 2200 4830 2403 4900; x_wconf 83' lang='grc' dir='ltr'>έφῃναν</span> <span class='ocrx_word' id='word_1_722' title='bbox 2433 4827 2499 4901; x_wconf 80' lang='grc'><strong>[⁵⁸</strong></span> <span class='ocrx_word' id='word_1_723' title='bbox 2532 4829 2581 4882; x_wconf 90' lang='grc' dir='ltr'>οἱ</span> <span class='ocrx_word' id='word_1_724' title='bbox 2612 4828 2866 4882; x_wconf 83' lang='grc' dir='ltr'>Χαλδαῖοι</span> <span class='ocrx_word' id='word_1_725' title='bbox 2890 4826 2936 4899; x_wconf 90' lang='grc'>],</span> <span class='ocrx_word' id='word_1_726' title='bbox 2985 4826 3160 4881; x_wconf 80' lang='grc' dir='ltr'>ταῦτα</span> <span class='ocrx_word' id='word_1_727' title='bbox 3180 4827 3227 4859; x_wconf 72' lang='grc'>⁸⁸</span> <span class='ocrx_word' id='word_1_728' title='bbox 3256 4824 3445 4881; x_wconf 88' lang='grc' dir='ltr'>παθεῖν</span> <span class='ocrx_word' id='word_1_729' title='bbox 3468 4820 3510 4852; x_wconf 71' lang='grc' dir='ltr'>θ’</span> <span class='ocrx_word' id='word_1_730' title='bbox 3536 4815 3619 4871; x_wconf 75' lang='grc' dir='ltr'>καὶ</span> <span class='ocrx_word' id='word_1_731' title='bbox 3637 4808 3717 4880; x_wconf 75' lang='grc' dir='ltr'><strong>τήν</strong></span> 
     </span>
    </p>
   </div>
   <div class='ocr_carea' id='block_1_98' title="bbox 1651 4979 2700 5040">
    <p class='ocr_par' dir='ltr' id='par_1_98' title="bbox 1651 4979 2700 5040">
     <span class='ocr_line' id='line_1_98' title="bbox 1651 4979 2700 5040; baseline 0 -4"><span class='ocrx_word' id='word_1_732' title='bbox 1651 4980 1885 5039; x_wconf 78' lang='lat' dir='ltr'><strong>VARle</strong></span> <span class='ocrx_word' id='word_1_733' title='bbox 1921 4980 2303 5040; x_wconf 78' lang='lat' dir='ltr'><strong>LECTIONES</strong></span> <span class='ocrx_word' id='word_1_734' title='bbox 2340 4981 2427 5035; x_wconf 83' lang='lat' dir='ltr'><strong>ET</strong></span> <span class='ocrx_word' id='word_1_735' title='bbox 2467 4979 2700 5037; x_wconf 67' lang='lat' dir='ltr'><strong>NOTAE.</strong></span> 
     </span>
    </p>
   </div>
   <div class='ocr_carea' id='block_1_99' title="bbox 612 5092 2084 5190">
    <p class='ocr_par' dir='ltr' id='par_1_99' title="bbox 612 5113 2069 5190">
     <span class='ocr_line' id='line_1_99' title="bbox 612 5113 2069 5190; baseline 0.003 -23"><span class='ocrx_word' id='word_1_736' title='bbox 612 5114 659 5148; x_wconf 71' lang='lat'><strong><em>&quot;</em></strong></span> <span class='ocrx_word' id='word_1_737' title='bbox 711 5113 1071 5190; x_wconf 59' lang='grc' dir='ltr'>Γινομένων.</span> <span class='ocrx_word' id='word_1_738' title='bbox 1111 5117 1233 5176; x_wconf 91' lang='lat' dir='ltr'><strong>cod.</strong></span> <span class='ocrx_word' id='word_1_739' title='bbox 1261 5119 1287 5172; x_wconf 81' lang='lat' dir='ltr'><strong>l</strong></span> <span class='ocrx_word' id='word_1_740' title='bbox 1319 5118 1443 5190; x_wconf 85' lang='lat' dir='ltr'><strong>add.</strong></span> <span class='ocrx_word' id='word_1_741' title='bbox 1492 5118 1588 5190; x_wconf 63' lang='grc' dir='ltr'><strong>ὅτιΔ</strong></span> <span class='ocrx_word' id='word_1_742' title='bbox 1620 5117 1798 5190; x_wconf 81' lang='grc' dir='ltr'>πάντα</span> <span class='ocrx_word' id='word_1_743' title='bbox 1830 5119 1926 5174; x_wconf 78' lang='grc' dir='ltr'>καὶ</span> <span class='ocrx_word' id='word_1_744' title='bbox 1963 5119 2069 5190; x_wconf 79' lang='grc' dir='ltr'><strong>πρὸ</strong></span> 
     </span>
    </p>
   </div>
   <div class='ocr_carea' id='block_1_100' title="bbox 2191 5092 3711 5190">
    <p class='ocr_par' dir='ltr' id='par_1_100' title="bbox 2191 5112 3711 5190">
     <span class='ocr_line' id='line_1_100' title="bbox 2191 5112 3711 5190; baseline -0.005 -18"><span class='ocrx_word' id='word_1_745' title='bbox 2191 5117 2486 5190; x_wconf 16' lang='grc' dir='ltr'>ἱᾲγενέσθαι</span> <span class='ocrx_word' id='word_1_746' title='bbox 2537 5116 2854 5190; x_wconf 72' lang='grc' dir='ltr'>ἐπίστασαι.</span> <span class='ocrx_word' id='word_1_747' title='bbox 2884 5114 3029 5190; x_wconf 55' lang='lat' dir='ltr'><strong>Quia</strong></span> <span class='ocrx_word' id='word_1_748' title='bbox 3059 5114 3257 5190; x_wconf 74' lang='lat' dir='ltr'><strong>omnia,</strong></span> <span class='ocrx_word' id='word_1_749' title='bbox 3286 5113 3442 5190; x_wconf 75' lang='lat' dir='ltr'><strong>etiam</strong></span> <span class='ocrx_word' id='word_1_750' title='bbox 3469 5112 3711 5190; x_wconf 51' lang='grc' dir='ltr'><strong>ᾳζιιξιζξιξνη</strong></span> 
     </span>
    </p>
   </div>
   <div class='ocr_carea' id='block_1_101' title="bbox 544 5184 2084 5308">
    <p class='ocr_par' dir='ltr' id='par_1_101' title="bbox 544 5184 2084 5308">
     <span class='ocr_line' id='line_1_101' title="bbox 544 5184 2084 5261; baseline 0.004 -24"><span class='ocrx_word' id='word_1_751' title='bbox 544 5188 702 5257; x_wconf 79' lang='lat' dir='ltr'><strong>ﬁunt,</strong></span> <span class='ocrx_word' id='word_1_752' title='bbox 734 5186 894 5239; x_wconf 81' lang='lat' dir='ltr'><strong>nosti.</strong></span> <span class='ocrx_word' id='word_1_753' title='bbox 967 5186 1014 5219; x_wconf 74' lang='lat'><strong>“</strong></span> <span class='ocrx_word' id='word_1_754' title='bbox 1043 5187 1216 5258; x_wconf 74' lang='grc' dir='ltr'>Ἅμα.</span> <span class='ocrx_word' id='word_1_755' title='bbox 1248 5189 1415 5244; x_wconf 76' lang='lat' dir='ltr'><strong>cod.l</strong></span> <span class='ocrx_word' id='word_1_756' title='bbox 1448 5190 1476 5242; x_wconf 83' lang='lat'><em>6</em></span> <span class='ocrx_word' id='word_1_757' title='bbox 1498 5186 1617 5241; x_wconf 87' lang='grc' dir='ltr'>καθ’</span> <span class='ocrx_word' id='word_1_758' title='bbox 1637 5189 1892 5261; x_wconf 77' lang='grc' dir='ltr'>ἑκάστην.</span> <span class='ocrx_word' id='word_1_759' title='bbox 1969 5184 2021 5223; x_wconf 75' lang='grc' dir='ltr'>δ”</span> <span class='ocrx_word' id='word_1_760' title='bbox 2044 5190 2084 5243; x_wconf 79' lang='grc' dir='ltr'><strong>ἰ</strong></span> 
     </span>
     <span class='ocr_line' id='line_1_102' title="bbox 544 5253 2084 5308; baseline 0 0"><span class='ocrx_word' id='word_1_761' title='bbox 544 5256 861 5308; x_wconf 79' lang='grc' dir='ltr'>εδόκησεν.</span> <span class='ocrx_word' id='word_1_762' title='bbox 925 5253 1089 5308; x_wconf 79' lang='lat' dir='ltr'><strong>Hebr-</strong></span> <span class='ocrx_word' id='word_1_763' title='bbox 1127 5261 1291 5308; x_wconf 68' lang='lat' dir='ltr'><strong>mani</strong></span> <span class='ocrx_word' id='word_1_764' title='bbox 1322 5259 1498 5308; x_wconf 79' lang='lat' dir='ltr'><strong>freait.</strong></span> <span class='ocrx_word' id='word_1_765' title='bbox 1548 5274 1594 5308; x_wconf 72' lang='grc' dir='ltr'><strong>ε.</strong></span> <span class='ocrx_word' id='word_1_766' title='bbox 1639 5260 1913 5308; x_wconf 84' lang='lat' dir='ltr'><strong>contrivit.</strong></span> <span class='ocrx_word' id='word_1_767' title='bbox 1949 5260 2084 5308; x_wconf 81' lang='lat' dir='ltr'><strong>Anu.</strong></span> 
     </span>
    </p>
   </div>
   <div class='ocr_carea' id='block_1_102' title="bbox 2191 5184 3405 5308">
    <p class='ocr_par' dir='ltr' id='par_1_102' title="bbox 2191 5184 3405 5308">
     <span class='ocr_line' id='line_1_103' title="bbox 2191 5184 3405 5308; baseline -0.002 -71"><span class='ocrx_word' id='word_1_768' title='bbox 2191 5184 2518 5257; x_wconf 72' lang='grc' dir='ltr'>ιδὶζόμενος.</span> <span class='ocrx_word' id='word_1_769' title='bbox 2549 5188 2671 5242; x_wconf 86' lang='lat' dir='ltr'><strong>cod.</strong></span> <span class='ocrx_word' id='word_1_770' title='bbox 2708 5188 2734 5241; x_wconf 81' lang='grc'><strong>1</strong></span> <span class='ocrx_word' id='word_1_771' title='bbox 2756 5187 2881 5241; x_wconf 88' lang='lat' dir='ltr'><strong>add.</strong></span> <span class='ocrx_word' id='word_1_772' title='bbox 2916 5185 3074 5239; x_wconf 83' lang='grc' dir='ltr'>τοῦτο</span> <span class='ocrx_word' id='word_1_773' title='bbox 3106 5186 3212 5308; x_wconf 49' lang='grc' dir='ltr'>γάῐρ</span> <span class='ocrx_word' id='word_1_774' title='bbox 3241 5184 3405 5269; x_wconf 75' lang='grc' dir='ltr'>λέγει.</span> 
     </span>
     <span class='ocr_line' id='line_1_104' title="bbox 2191 5254 3402 5308; baseline -0.003 -1"><span class='ocrx_word' id='word_1_775' title='bbox 2191 5258 2417 5308; x_wconf 65' lang='grc' dir='ltr'>ινέτοιώε</span> <span class='ocrx_word' id='word_1_776' title='bbox 2451 5255 2658 5308; x_wconf 88' lang='lat' dir='ltr'><strong>Svmm.</strong></span> <span class='ocrx_word' id='word_1_777' title='bbox 2693 5256 2944 5308; x_wconf 76' lang='grc' dir='ltr'>κατέαξε.</span> <span class='ocrx_word' id='word_1_778' title='bbox 3016 5254 3061 5289; x_wconf 68' lang='grc'><strong>⁸⁸</strong></span> <span class='ocrx_word' id='word_1_779' title='bbox 3097 5270 3166 5308; x_wconf 90' lang='lat' dir='ltr'><strong>co</strong></span> <span class='ocrx_word' id='word_1_780' title='bbox 3210 5296 3223 5308; x_wconf 92' lang='lat'><strong>.</strong></span> <span class='ocrx_word' id='word_1_781' title='bbox 3249 5255 3285 5308; x_wconf 72' lang='lat'><strong>2</strong></span> <span class='ocrx_word' id='word_1_782' title='bbox 3307 5268 3402 5308; x_wconf 85' lang='grc' dir='ltr'><strong>αυτ</strong></span> 
     </span>
    </p>
   </div>
   <div class='ocr_carea' id='block_1_103' title="bbox 544 5253 2084 5329">
    <p class='ocr_par' dir='ltr' id='par_1_103' title="bbox 544 5253 2084 5329">
     <span class='ocr_line' id='line_1_105' title="bbox 544 5253 2084 5329; baseline 0.001 -19"><span class='ocrx_word' id='word_1_783' title='bbox 544 5253 861 5329; x_wconf 66' lang='grc' dir='ltr'>ἐδόκησεν.</span> <span class='ocrx_word' id='word_1_784' title='bbox 925 5253 1089 5329; x_wconf 55' lang='lat' dir='ltr'><strong>Hebr.</strong></span> <span class='ocrx_word' id='word_1_785' title='bbox 1321 5259 1498 5329; x_wconf 80' lang='lat' dir='ltr'><strong>fregit,</strong></span> <span class='ocrx_word' id='word_1_786' title='bbox 1548 5274 1594 5313; x_wconf 89' lang='lat' dir='ltr'><strong>s.</strong></span> <span class='ocrx_word' id='word_1_787' title='bbox 1634 5253 1913 5329; x_wconf 77' lang='lat' dir='ltr'><strong>contrivit.</strong></span> <span class='ocrx_word' id='word_1_788' title='bbox 1949 5260 2084 5329; x_wconf 80' lang='lat' dir='ltr'><strong>Aqu.</strong></span> 
     </span>
    </p>
   </div>
   <div class='ocr_carea' id='block_1_104' title="bbox 2191 5253 3223 5329">
    <p class='ocr_par' dir='ltr' id='par_1_104' title="bbox 2191 5253 3223 5329">
     <span class='ocr_line' id='line_1_106' title="bbox 2191 5253 3223 5329; baseline -0.001 -19"><span class='ocrx_word' id='word_1_789' title='bbox 2191 5253 2417 5329; x_wconf 65' lang='grc' dir='ltr'>ινέτριψε</span> <span class='ocrx_word' id='word_1_790' title='bbox 2451 5255 2944 5329; x_wconf 33' lang='grc' dir='ltr'>δγ-ῐηῐηηκατέαξε.</span> <span class='ocrx_word' id='word_1_791' title='bbox 2970 5323 2995 5329; x_wconf 88' lang='lat'>_</span> <span class='ocrx_word' id='word_1_792' title='bbox 3016 5254 3061 5289; x_wconf 74' lang='lat'><strong>&quot;</strong></span> <span class='ocrx_word' id='word_1_793' title='bbox 3097 5253 3223 5329; x_wconf 68' lang='lat' dir='ltr'><strong>cod.</strong></span> 
     </span>
    </p>
   </div>
   <div class='ocr_carea' id='block_1_105' title="bbox 3474 5174 3705 5239">
    <p class='ocr_par' dir='ltr' id='par_1_105' title="bbox 3474 5174 3705 5239">
     <span class='ocr_line' id='line_1_107' title="bbox 3474 5174 3705 5239; baseline 0 0"><span class='ocrx_word' id='word_1_794' title='bbox 3474 5174 3517 5208; x_wconf 79' lang='lat'>“</span> <span class='ocrx_word' id='word_1_795' title='bbox 3540 5175 3705 5239; x_wconf 70' lang='grc' dir='ltr'><strong>Προστ</strong></span> 
     </span>
    </p>
   </div>
   <div class='ocr_carea' id='block_1_106' title="bbox 546 5306 2084 5411">
    <p class='ocr_par' dir='ltr' id='par_1_106' title="bbox 546 5306 2084 5411">
     <span class='ocr_line' id='line_1_108' title="bbox 546 5306 2084 5411; baseline 0.003 -34"><span class='ocrx_word' id='word_1_796' title='bbox 546 5306 1095 5411; x_wconf 52' lang='grc' dir='ltr'><strong>ξρρλμηέερξῑρῑιῃ</strong></span> <span class='ocrx_word' id='word_1_797' title='bbox 1118 5306 1593 5411; x_wconf 56' lang='grc' dir='ltr'><strong>ὺὶεξῖιιίἐῖῗίὶζίιῗ</strong></span> <span class='ocrx_word' id='word_1_798' title='bbox 1631 5306 2084 5411; x_wconf 42' lang='lat' dir='ltr'><strong>grass}???</strong></span> 
     </span>
    </p>
   </div>
   <div class='ocr_carea' id='block_1_107' title="bbox 2191 5306 3710 5411">
    <p class='ocr_par' dir='ltr' id='par_1_107' title="bbox 2191 5306 3710 5411">
     <span class='ocr_line' id='line_1_109' title="bbox 2191 5306 3710 5411; baseline -0.011 -30"><span class='ocrx_word' id='word_1_799' title='bbox 2191 5306 2435 5411; x_wconf 44' lang='lat' dir='ltr'><strong>enisa.</strong></span> <span class='ocrx_word' id='word_1_800' title='bbox 2451 5306 3059 5411; x_wconf 54' lang='grc' dir='ltr'><strong>ξῖἳέεὶὲᾶιπὶῶη.</strong></span> <span class='ocrx_word' id='word_1_801' title='bbox 3103 5306 3160 5379; x_wconf 70' lang='lat' dir='ltr'><strong>ir]</strong></span> <span class='ocrx_word' id='word_1_802' title='bbox 3175 5306 3323 5408; x_wconf 50' lang='lat' dir='ltr'><strong>&quot;eos;</strong></span> <span class='ocrx_word' id='word_1_803' title='bbox 3336 5410 3339 5411; x_wconf 12' lang='grc' dir='ltr'><em>ν</em></span> <span class='ocrx_word' id='word_1_804' title='bbox 3352 5324 3383 5411; x_wconf 65' lang='grc' dir='ltr'><strong>ι</strong></span> <span class='ocrx_word' id='word_1_805' title='bbox 3394 5306 3545 5411; x_wconf 45' lang='lat' dir='ltr'><strong>sequ.</strong></span> 
     </span>
    </p>
   </div>
   <div class='ocr_carea' id='block_1_108' title="bbox 550 5389 3686 5520">
    <p class='ocr_par' dir='ltr' id='par_1_108' title="bbox 550 5389 3686 5520">
     <span class='ocr_line' id='line_1_110' title="bbox 550 5389 3686 5520; baseline -0.005 -70"><span class='ocrx_word' id='word_1_806' title='bbox 550 5396 738 5467; x_wconf 79' lang='grc' dir='ltr'>μηδεὶς</span> <span class='ocrx_word' id='word_1_807' title='bbox 768 5389 1026 5451; x_wconf 75' lang='grc' dir='ltr'>ὑπολάϐοι</span> <span class='ocrx_word' id='word_1_808' title='bbox 1046 5400 1138 5453; x_wconf 83' lang='grc' dir='ltr'><strong>τὸν</strong></span> <span class='ocrx_word' id='word_1_809' title='bbox 1168 5400 1457 5520; x_wconf 62' lang='grc' dir='ltr'>Προφήτὲν</span> <span class='ocrx_word' id='word_1_810' title='bbox 1492 5389 1806 5476; x_wconf 65' lang='grc' dir='ltr'>ὲπαρᾶσθαῖ</span> <span class='ocrx_word' id='word_1_811' title='bbox 1821 5415 1834 5428; x_wconf 88' lang='grc'><strong>·</strong></span> <span class='ocrx_word' id='word_1_812' title='bbox 1860 5399 1994 5452; x_wconf 85' lang='grc' dir='ltr'><strong>ἀλλά</strong></span> <span class='ocrx_word' id='word_1_813' title='bbox 2023 5389 2272 5469; x_wconf 86' lang='grc' dir='ltr'>καθάπερ</span> <span class='ocrx_word' id='word_1_814' title='bbox 2292 5389 2548 5467; x_wconf 83' lang='grc' dir='ltr'>ἀνωτέρω</span> <span class='ocrx_word' id='word_1_815' title='bbox 2576 5397 2707 5477; x_wconf 67' lang='grc' dir='ltr'><strong>ήμῖν</strong></span> <span class='ocrx_word' id='word_1_816' title='bbox 2757 5396 2995 5466; x_wconf 79' lang='grc' dir='ltr'>εἴρηται,</span> <span class='ocrx_word' id='word_1_817' title='bbox 3031 5397 3096 5449; x_wconf 79' lang='grc' dir='ltr'>ὲκ</span> <span class='ocrx_word' id='word_1_818' title='bbox 3133 5392 3421 5476; x_wconf 76' lang='grc' dir='ltr'>προσῶπου</span> <span class='ocrx_word' id='word_1_819' title='bbox 3449 5389 3545 5437; x_wconf 83' lang='grc' dir='ltr'><strong>τῶν</strong></span> <span class='ocrx_word' id='word_1_820' title='bbox 3562 5389 3686 5502; x_wconf 46' lang='grc' dir='ltr'><strong>ἔξω</strong></span> 
     </span>
     <span class='ocr_line' id='line_1_111' title="bbox 550 5454 3686 5520; baseline 0.001 -2"><span class='ocrx_word' id='word_1_821' title='bbox 550 5465 756 5520; x_wconf 87' lang='grc' dir='ltr'>ναστῶν</span> <span class='ocrx_word' id='word_1_822' title='bbox 791 5468 1105 5520; x_wconf 74' lang='grc' dir='ltr'>γενομένων·</span> <span class='ocrx_word' id='word_1_823' title='bbox 1130 5472 1187 5520; x_wconf 79' lang='grc' dir='ltr'>ὲν</span> <span class='ocrx_word' id='word_1_824' title='bbox 1220 5472 1285 5520; x_wconf 75' lang='grc' dir='ltr'>τῆ</span> <span class='ocrx_word' id='word_1_825' title='bbox 1320 5471 1396 5520; x_wconf 88' lang='grc' dir='ltr'><strong>Βα</strong></span> <span class='ocrx_word' id='word_1_826' title='bbox 1434 5468 1597 5520; x_wconf 88' lang='grc' dir='ltr'>υλῶνι</span> <span class='ocrx_word' id='word_1_827' title='bbox 1625 5485 1796 5520; x_wconf 87' lang='grc' dir='ltr'>ταυτα</span> <span class='ocrx_word' id='word_1_828' title='bbox 1820 5469 2076 5520; x_wconf 78' lang='grc' dir='ltr'>προλέγει</span> <span class='ocrx_word' id='word_1_829' title='bbox 2106 5471 2135 5520; x_wconf 91' lang='grc' dir='ltr'><strong>ό</strong></span> <span class='ocrx_word' id='word_1_830' title='bbox 2170 5467 2504 5520; x_wconf 63' lang='lat' dir='ltr'><strong>naccam-tuba</strong></span> <span class='ocrx_word' id='word_1_831' title='bbox 2534 5483 2677 5520; x_wconf 82' lang='grc' dir='ltr'>νους.</span> <span class='ocrx_word' id='word_1_832' title='bbox 2755 5463 2924 5518; x_wconf 85' lang='lat' dir='ltr'><strong>Nemo</strong></span> <span class='ocrx_word' id='word_1_833' title='bbox 2947 5474 3123 5519; x_wconf 79' lang='lat' dir='ltr'><strong>autem</strong></span> <span class='ocrx_word' id='word_1_834' title='bbox 3144 5470 3403 5519; x_wconf 72' lang='lat' dir='ltr'><strong>existimet</strong></span> <span class='ocrx_word' id='word_1_835' title='bbox 3434 5454 3560 5520; x_wconf 81' lang='lat' dir='ltr'><strong>ProP</strong></span> <span class='ocrx_word' id='word_1_836' title='bbox 3593 5454 3686 5500; x_wconf 61' lang='lat' dir='ltr'><strong>em&quot;</strong></span> 
     </span>
    </p>
   </div>
   <div class='ocr_carea' id='block_1_109' title="bbox 548 5465 1396 5541">
    <p class='ocr_par' dir='ltr' id='par_1_109' title="bbox 548 5465 1396 5541">
     <span class='ocr_line' id='line_1_112' title="bbox 548 5465 1396 5541; baseline 0.001 -21"><span class='ocrx_word' id='word_1_837' title='bbox 548 5465 769 5541; x_wconf 64' lang='grc' dir='ltr'><strong>ναστῶν⁸</strong></span> <span class='ocrx_word' id='word_1_838' title='bbox 791 5468 1105 5541; x_wconf 84' lang='grc' dir='ltr'>γενομένων·</span> <span class='ocrx_word' id='word_1_839' title='bbox 1130 5472 1187 5523; x_wconf 81' lang='grc' dir='ltr'>ὲν</span> <span class='ocrx_word' id='word_1_840' title='bbox 1220 5465 1396 5541; x_wconf 70' lang='grc' dir='ltr'>τῇΒα</span> 
     </span>
    </p>
   </div>
   <div class='ocr_carea' id='block_1_110' title="bbox 1434 5467 2677 5540">
    <p class='ocr_par' dir='ltr' id='par_1_110' title="bbox 1434 5467 2677 5540">
     <span class='ocr_line' id='line_1_113' title="bbox 1434 5467 2677 5540; baseline -0.002 -19"><span class='ocrx_word' id='word_1_841' title='bbox 1434 5467 2076 5540; x_wconf 27' lang='grc' dir='ltr'>υλῶνιίταῦταπρολέγει</span> <span class='ocrx_word' id='word_1_842' title='bbox 2106 5471 2135 5521; x_wconf 88' lang='grc' dir='ltr'><strong>ό</strong></span> <span class='ocrx_word' id='word_1_843' title='bbox 2170 5467 2504 5540; x_wconf 78' lang='grc' dir='ltr'>προφητικὸς</span> <span class='ocrx_word' id='word_1_844' title='bbox 2534 5467 2677 5540; x_wconf 76' lang='grc' dir='ltr'>νοῦς.</span> 
     </span>
    </p>
   </div>
   <div class='ocr_carea' id='block_1_111' title="bbox 2755 5454 3708 5520">
    <p class='ocr_par' dir='ltr' id='par_1_111' title="bbox 2755 5454 3708 5520">
     <span class='ocr_line' id='line_1_114' title="bbox 2755 5454 3708 5520; baseline -0.022 -2"><span class='ocrx_word' id='word_1_845' title='bbox 2755 5454 2924 5518; x_wconf 72' lang='lat' dir='ltr'><strong>Nemo</strong></span> <span class='ocrx_word' id='word_1_846' title='bbox 2947 5454 3123 5519; x_wconf 71' lang='lat' dir='ltr'><strong>autem</strong></span> <span class='ocrx_word' id='word_1_847' title='bbox 3144 5454 3403 5519; x_wconf 55' lang='lat' dir='ltr'><strong>eiistimet</strong></span> <span class='ocrx_word' id='word_1_848' title='bbox 3434 5454 3708 5520; x_wconf 79' lang='lat' dir='ltr'><strong>Prophetam</strong></span> 
     </span>
    </p>
   </div>
   <div class='ocr_carea' id='block_1_112' title="bbox 546 5523 3703 5620">
    <p class='ocr_par' dir='ltr' id='par_1_112' title="bbox 546 5523 3703 5620">
     <span class='ocr_line' id='line_1_115' title="bbox 546 5523 3703 5620; baseline 0.002 -32"><span class='ocrx_word' id='word_1_849' title='bbox 546 5536 643 5590; x_wconf 78' lang='lat' dir='ltr'><strong>hoc</strong></span> <span class='ocrx_word' id='word_1_850' title='bbox 668 5538 728 5590; x_wconf 84' lang='lat' dir='ltr'><strong>in</strong></span> <span class='ocrx_word' id='word_1_851' title='bbox 751 5523 864 5618; x_wconf 66' lang='lat' dir='ltr'><strong>lace</strong></span> <span class='ocrx_word' id='word_1_852' title='bbox 918 5523 1039 5592; x_wconf 65' lang='lat' dir='ltr'><strong>dira</strong></span> <span class='ocrx_word' id='word_1_853' title='bbox 1072 5523 1395 5609; x_wconf 57' lang='lat' dir='ltr'><strong>imprecari:</strong></span> <span class='ocrx_word' id='word_1_854' title='bbox 1434 5538 1676 5620; x_wconf 59' lang='grc' dir='ltr'>ρῖαξάὶρίι</span> <span class='ocrx_word' id='word_1_855' title='bbox 1702 5523 2077 5620; x_wconf 47' lang='lat' dir='ltr'><strong>potiusuist&#39;a,“</strong></span> <span class='ocrx_word' id='word_1_856' title='bbox 2103 5548 2159 5591; x_wconf 84' lang='lat' dir='ltr'><strong>ut</strong></span> <span class='ocrx_word' id='word_1_857' title='bbox 2190 5523 2311 5618; x_wconf 63' lang='lat' dir='ltr'><strong>jam</strong></span> <span class='ocrx_word' id='word_1_858' title='bbox 2337 5523 2391 5620; x_wconf 71' lang='lat' dir='ltr'><strong>in</strong></span> <span class='ocrx_word' id='word_1_859' title='bbox 2421 5523 2786 5620; x_wconf 55' lang='lat' dir='ltr'><strong>superioribus</strong></span> <span class='ocrx_word' id='word_1_860' title='bbox 2820 5552 2853 5588; x_wconf 90' lang='lat' dir='ltr'><strong>a</strong></span> <span class='ocrx_word' id='word_1_861' title='bbox 2882 5537 3261 5620; x_wconf 47' lang='lat' dir='ltr'><strong>nobis&#39;dictu&#39;nt</strong></span> <span class='ocrx_word' id='word_1_862' title='bbox 3292 5523 3703 5620; x_wconf 42' lang='lat' dir='ltr'><strong>esbfﬁﬂ‘fﬁﬁf</strong></span> 
     </span>
    </p>
   </div>
   <div class='ocr_carea' id='block_1_113' title="bbox 547 5598 2084 5678">
    <p class='ocr_par' dir='ltr' id='par_1_113' title="bbox 547 5598 2082 5678">
     <span class='ocr_line' id='line_1_116' title="bbox 547 5598 2082 5678; baseline 0.002 -19"><span class='ocrx_word' id='word_1_863' title='bbox 547 5622 729 5659; x_wconf 79' lang='lat' dir='ltr'><strong>eorum</strong></span> <span class='ocrx_word' id='word_1_864' title='bbox 756 5607 847 5675; x_wconf 86' lang='lat' dir='ltr'><strong>qui</strong></span> <span class='ocrx_word' id='word_1_865' title='bbox 875 5610 1069 5676; x_wconf 82' lang='lat' dir='ltr'><strong>captivi</strong></span> <span class='ocrx_word' id='word_1_866' title='bbox 1097 5598 1405 5664; x_wconf 71' lang='lat' dir='ltr'><strong>tenebantur</strong></span> <span class='ocrx_word' id='word_1_867' title='bbox 1434 5598 1728 5678; x_wconf 53' lang='lat' dir='ltr'><strong>&#39;Babylone&#39;.</strong></span> <span class='ocrx_word' id='word_1_868' title='bbox 1803 5609 1850 5640; x_wconf 85' lang='grc'>⁸³</span> <span class='ocrx_word' id='word_1_869' title='bbox 1875 5611 2007 5662; x_wconf 81' lang='grc' dir='ltr'>Καί.</span> <span class='ocrx_word' id='word_1_870' title='bbox 2039 5598 2082 5661; x_wconf 81' lang='grc' dir='ltr'><strong>Ῐ)</strong></span> 
     </span>
    </p>
   </div>
   <div class='ocr_carea' id='block_1_114' title="bbox 2191 5598 3673 5678">
    <p class='ocr_par' dir='ltr' id='par_1_114' title="bbox 2191 5598 3673 5678">
     <span class='ocr_line' id='line_1_117' title="bbox 2191 5598 3673 5678; baseline -0.016 -17"><span class='ocrx_word' id='word_1_871' title='bbox 2191 5598 2255 5662; x_wconf 74' lang='lat' dir='ltr'><strong>in</strong></span> <span class='ocrx_word' id='word_1_872' title='bbox 2285 5598 2493 5678; x_wconf 61' lang='lat' dir='ltr'><strong>cod.2.&#39;</strong></span> <span class='ocrx_word' id='word_1_873' title='bbox 2557 5606 2602 5678; x_wconf 48' lang='grc' dir='ltr'>δέ</span> <span class='ocrx_word' id='word_1_874' title='bbox 2629 5608 2894 5678; x_wconf 72' lang='grc' dir='ltr'>Πορθηον.</span> <span class='ocrx_word' id='word_1_875' title='bbox 2941 5604 3296 5678; x_wconf 27' lang='grc' dir='ltr'>φιλλ-πᾶ.</span> <span class='ocrx_word' id='word_1_876' title='bbox 3320 5600 3440 5678; x_wconf 20' lang='grc' dir='ltr'>καὶ..</span> <span class='ocrx_word' id='word_1_877' title='bbox 3464 5598 3673 5678; x_wconf 50' lang='lat' dir='ltr'><strong>uarang</strong></span> 
     </span>
    </p>
   </div>
   <div class='ocr_carea' id='block_1_115' title="bbox 557 5675 2084 5749">
    <p class='ocr_par' dir='ltr' id='par_1_115' title="bbox 557 5675 2084 5749">
     <span class='ocr_line' id='line_1_118' title="bbox 557 5675 2084 5749; baseline 0.003 -23"><span class='ocrx_word' id='word_1_878' title='bbox 557 5692 766 5749; x_wconf 70' lang='grc' dir='ltr'>σαντες.</span> <span class='ocrx_word' id='word_1_879' title='bbox 842 5678 889 5710; x_wconf 81' lang='grc'><strong>⁸⁵</strong></span> <span class='ocrx_word' id='word_1_880' title='bbox 918 5675 960 5731; x_wconf 80' lang='grc' dir='ltr'>Ε</span> <span class='ocrx_word' id='word_1_881' title='bbox 988 5681 1158 5749; x_wconf 61' lang='lat' dir='ltr'><strong>codd</strong></span> <span class='ocrx_word' id='word_1_882' title='bbox 1197 5681 1373 5749; x_wconf 88' lang='lat' dir='ltr'><strong>suppl.</strong></span> <span class='ocrx_word' id='word_1_883' title='bbox 1432 5675 1701 5749; x_wconf 56' lang='lat' dir='ltr'><strong>Eam&#39;dem</strong></span> <span class='ocrx_word' id='word_1_884' title='bbox 1746 5678 2033 5733; x_wconf 89' lang='lat' dir='ltr'><strong>lectionem</strong></span> <span class='ocrx_word' id='word_1_885' title='bbox 2078 5678 2084 5749; x_wconf 77' lang='lat' dir='ltr'><strong>l</strong></span> 
     </span>
    </p>
   </div>
   <div class='ocr_carea' id='block_1_116' title="bbox 2191 5675 3177 5749">
    <p class='ocr_par' dir='ltr' id='par_1_116' title="bbox 2191 5675 3177 5749">
     <span class='ocr_line' id='line_1_119' title="bbox 2191 5675 3177 5749; baseline -0.004 -18"><span class='ocrx_word' id='word_1_886' title='bbox 2191 5678 2268 5731; x_wconf 91' lang='lat' dir='ltr'><strong>uit</strong></span> <span class='ocrx_word' id='word_1_887' title='bbox 2300 5676 2513 5749; x_wconf 71' lang='lat' dir='ltr'><strong>Carala.</strong></span> <span class='ocrx_word' id='word_1_888' title='bbox 2561 5677 2633 5749; x_wconf 77' lang='lat'><strong>_“</strong></span> <span class='ocrx_word' id='word_1_889' title='bbox 2666 5676 2865 5749; x_wconf 46' lang='lat' dir='ltr'><strong>cod.)</strong></span> <span class='ocrx_word' id='word_1_890' title='bbox 2922 5676 2991 5729; x_wconf 80' lang='grc' dir='ltr'>τὰ</span> <span class='ocrx_word' id='word_1_891' title='bbox 3019 5675 3177 5729; x_wconf 77' lang='grc' dir='ltr'>αὑτά.</span> 
     </span>
    </p>
   </div>
   <div class='ocr_carea' id='block_1_117' title="bbox 3255 5664 3699 5724">
    <p class='ocr_par' dir='ltr' id='par_1_117' title="bbox 3255 5664 3699 5724">
     <span class='ocr_line' id='line_1_120' title="bbox 3255 5664 3699 5724; baseline -0.009 0"><span class='ocrx_word' id='word_1_892' title='bbox 3255 5674 3297 5705; x_wconf 77' lang='grc'><strong>⁸⁷</strong></span> <span class='ocrx_word' id='word_1_893' title='bbox 3327 5664 3521 5724; x_wconf 81' lang='grc' dir='ltr'><em>Ιιαθεῖν</em></span> <span class='ocrx_word' id='word_1_894' title='bbox 3543 5687 3593 5697; x_wconf 63' lang='grc' dir='ltr'><strong>-ν</strong></span> <span class='ocrx_word' id='word_1_895' title='bbox 3612 5664 3699 5705; x_wconf 73' lang='grc' dir='ltr'><strong>πα·</strong></span> 
     </span>
    </p>
   </div>
   <div class='ocr_carea' id='block_1_118' title="bbox 559 5746 2891 5818">
    <p class='ocr_par' dir='ltr' id='par_1_118' title="bbox 559 5746 2891 5818">
     <span class='ocr_line' id='line_1_121' title="bbox 559 5746 2891 5818; baseline 0.001 -21"><span class='ocrx_word' id='word_1_896' title='bbox 559 5746 744 5813; x_wconf 78' lang='grc' dir='ltr'>τρίδα.</span> <span class='ocrx_word' id='word_1_897' title='bbox 775 5749 896 5802; x_wconf 89' lang='lat' dir='ltr'><strong>cod.</strong></span> <span class='ocrx_word' id='word_1_898' title='bbox 922 5751 946 5804; x_wconf 76' lang='grc'><strong>1</strong></span> <span class='ocrx_word' id='word_1_899' title='bbox 993 5748 1052 5802; x_wconf 87' lang='grc'><strong>’0</strong></span> <span class='ocrx_word' id='word_1_900' title='bbox 1085 5749 1213 5813; x_wconf 82' lang='grc' dir='ltr'>λαὸς</span> <span class='ocrx_word' id='word_1_901' title='bbox 1251 5746 1479 5813; x_wconf 71' lang='grc' dir='ltr'>ἐκείνοις</span> <span class='ocrx_word' id='word_1_902' title='bbox 1533 5747 1905 5818; x_wconf 85' lang='grc' dir='ltr'>συμϐήσεσθαι</span> <span class='ocrx_word' id='word_1_903' title='bbox 1937 5747 2208 5803; x_wconf 82' lang='grc' dir='ltr'>ἀντιϐολεῖ</span> <span class='ocrx_word' id='word_1_904' title='bbox 2236 5748 2329 5800; x_wconf 73' lang='grc' dir='ltr'>καὶ</span> <span class='ocrx_word' id='word_1_905' title='bbox 2355 5749 2419 5816; x_wconf 80' lang='grc' dir='ltr'>τῇ</span> <span class='ocrx_word' id='word_1_906' title='bbox 2449 5747 2624 5801; x_wconf 78' lang='grc' dir='ltr'>αὐτῶν</span> <span class='ocrx_word' id='word_1_907' title='bbox 2650 5746 2891 5818; x_wconf 80' lang='grc' dir='ltr'>πατρίδι.</span> 
     </span>
    </p>
   </div>
  </div>
