3902 6482
192 300 327 366 1409

1518 287 1601 347 IN
1642 285 1843 347 PSAL.
1876 283 2145 344 LXVIII.

3296 273 3431 340 1410

188 415 368 471 αὐτῶν
403 412 642 467 ἱκετεύει
710 410 945 484 πατρίδα
969 426 983 440 ”
1019 408 1115 462 καὶ
1164 406 1434 477 τετύχηκε
1470 404 1567 471 τῆς
1612 401 1796 471 αίτήοη

1897 399 2052 463 mins,
2085 407 2140 453 et
2167 412 2388 468 compos
2428 400 2704 468 petitionis
2734 398 2912 454 lactus
2950 407 3052 453 cst.
3082 395 3217 450 Nam
3253 395 3430 466 Baby-

190 524 344 571 σεως.
401 507 654 577 Ἐρημος
702 504 812 577 γὰρ
856 504 953 559 καὶ
1002 502 1195 572 γέγονε
1235 503 1331 555 καὶ
1372 499 1681 571 μεμένηκεν
1732 497 1765 565 ἡ

190 598 470 662 Βαϐυλὼν,
501 599 666 670 μέχρι
690 599 788 652 καὶ
823 599 1068 669 τήμερον
1092 612 1107 627 ·
1140 594 1338 648 εἰδέναι
1364 593 1463 663 μέν
1488 609 1570 646 τοι
1601 606 1768 661 προσ-

188 694 335 764 ήκει,
396 694 474 756 ὡς
523 692 668 762 ᾇπερ
736 691 949 763 ᾔτησαν
1013 688 1261 743 Ἰουδαῖοι
1311 685 1688 748 Βαϐυλωνίους
1722 684 1768 717 ⁵⁸

190 786 411 849 παθεῖν,
447 784 742 856 δυσσεϐείᾳ
787 784 882 837 καὶ
935 781 1176 852 πονηρίᾳ
1205 780 1329 834 κατ’
1355 778 1536 833 αὐτῶν
1565 794 1772 848 κεχρη-

194 879 393 949 μένους
423 880 493 944 ⁸⁹,
520 879 695 932 ταῦτα
728 875 1061 931 πεπόνθασιν
1093 873 1270 936 αὐτοὶ,
1306 869 1448 925 κατά
1474 868 1570 923 τοῦ
1612 869 1771 939 εὐερ-

191 970 356 1040 γέτου
392 971 493 1024 καὶ
519 970 565 1003 ⁸⁸
598 967 853 1039 Σωτῆρος
882 967 1269 1037 λυττήσαντες.
1308 961 1639 1016 Βαϐυλώνιοι
1674 963 1774 1032 μὲν

192 1062 305 1133 γάρ
333 1062 525 1124 αὐτοῖς
557 1058 765 1130 πικρὰν
802 1058 1132 1129 εἰργάσαντο
1160 1054 1260 1126 τὴν
1305 1054 1545 1125 τροφήν·
1578 1052 1641 1105 οὐ
1663 1068 1775 1105 τοι·

196 1154 368 1223 αύτην
397 1154 585 1215 αὐτοῖς
616 1150 907 1212 δεδωκότες
948 1147 1159 1219 τροφήν
1183 1162 1197 1177 ·
1246 1146 1386 1199 ἀλλά
1430 1148 1495 1217 τῇ
1530 1145 1776 1213 ἑπιπόνῳ

198 1246 416 1317 δουλείᾳ
438 1245 548 1316 τὴν
579 1244 819 1316 ἔμφυτον
845 1244 947 1313 τῆς
972 1241 1182 1313 τροφῆς
1210 1239 1403 1311 ἡδονὴν
1424 1238 1773 1308 ἀφελόμενοι.

212 1339 460 1395 Ἰουδαῖοι
485 1336 543 1391 δὲ
566 1336 667 1390 οὐκ
700 1332 1071 1404 ἀδικούμενοι,
1089 1329 1227 1385 ἀλλά
1247 1327 1592 1391 παντοδαπὰς
1623 1328 1779 1397 εὐερ-

204 1432 397 1501 γεσίας
444 1429 747 1501 δεχόμενοι,
783 1424 932 1497 αὐτῷ
974 1423 1054 1495 τῷ
1086 1423 1351 1496 εὐεργέτῃ
1395 1421 1780 1493 προσήνεγκαν

202 1525 304 1595 τὴν
353 1522 539 1594 χολὴν,
571 1521 665 1577 καὶ
712 1519 848 1574 αὐτὸ
889 1519 952 1572 τὸ
998 1517 1140 1583 ὅξος,
1181 1510 1293 1570 οἷόν
1308 1515 1351 1547 ⁶¹
1384 1531 1468 1575 τις
1519 1511 1781 1584 ἀμπελὼν

88 1658 89 1661 η
204 1614 521 1683 ἐπιζήμιος.
558 1607 634 1667 Οὐ
662 1610 727 1682 δὴ
753 1609 914 1682 χάριν
970 1609 1093 1671 ταῖς
1120 1606 1315 1669 αὐταῖς
1337 1605 1381 1637 ⁶¹
1399 1604 1781 1674 ὑπεϐλήθησαν

206 1706 523 1778 τιμωρίαις,
568 1706 661 1759 καὶ
681 1705 897 1774 ἐγένετο
944 1704 978 1773 ἠ
1012 1700 1261 1773 τράπεζα
1291 1702 1473 1757 αὐτῶν
1499 1703 1581 1765 είς
1616 1701 1781 1769 παγί-

206 1798 292 1864 δα,
327 1798 425 1852 καὶ
456 1800 538 1861 είς
572 1795 958 1857 ἀνταπόδοσιν,
988 1795 1083 1847 καὶ
1134 1794 1213 1857 είς
1248 1793 1567 1848 σκάνδαλον.
1632 1792 1781 1845 Ἀντὶ

208 1892 318 1962 γὰρ
339 1891 443 1962 τῆς
466 1891 741 1961 προτέρας
767 1886 1062 1958 εὐκληρίας
1098 1887 1344 1940 δουλείαν
1368 1885 1781 1955 κατεψηφίσθη-

213 1999 355 2037 σανο
416 1984 515 2035 καὶ
535 1982 578 2014 ⁸³
607 1982 656 2035 oi
710 1979 985 2051 ὀφθαλμοὶ⁸
1022 1979 1079 2033 δὲ
1136 1978 1316 2032 αὐτῶν
1366 1976 1779 2046 ὲσκοτίσθησαν,

217 2072 343 2125 ίδείν
364 2070 429 2124 τὸ
462 2070 716 2139 ἀληθινὸν
737 2070 837 2123 οὐκ
869 2067 915 2101 ⁸⁸
964 2068 1326 2139 ἀνασχόμενοι
1350 2069 1395 2100 ³⁵
1445 2067 1582 2135 φῶς,
1620 2069 1715 2121 καὶ
1756 2069 1785 2121 ὁ

214 2160 379 2222 νῶτος
411 2161 471 2215 δὲ
505 2161 687 2215 αὐτῶν
707 2159 973 2231 διηνεκῶς
992 2160 1037 2192 ⁸⁵
1059 2162 1125 2230 τῇ
1159 2159 1377 2231 δουλείᾳ
1405 2160 1500 2211 καὶ
1525 2162 1589 2229 τῇ
1622 2159 1784 2230 πενίᾳ⁴

220 2251 663 2321 συγκέκαμπται,
713 2249 805 2303 διά
849 2250 945 2303 τὸν
1007 2249 1214 2319 γαῦρον
1279 2249 1501 2318 αὐχένα,
1548 2249 1641 2301 καὶ
1696 2246 1786 2299 τὸν

222 2340 457 2411 σκληρὸν
510 2338 693 2393 αὐτῶν
722 2337 1028 2410 τράχηλον·
1069 2339 1165 2392 καὶ¹
1212 2340 1245 2409 ὴ
1282 2338 1507 2402 ἔπαυλις
1543 2337 1720 2391 αὐτῶν
1738 2338 1784 2369 ⁸⁷

221 2432 441 2500 ἐγένετο
488 2429 717 2500 ἔρημος,
770 2430 867 2482 καὶ
893 2429 937 2461 ⁸⁸
985 2430 1045 2482 ὲν
1095 2429 1209 2492 τοϊς
1265 2428 1364 2497 τῆς
1432 2426 1789 2498 Ἰερουσαλὴμ

224 2522 581 2593 σκηνώμασιν
631 2503 809 2583 οὐδεὶς
864 2520 1047 2573 αὐτῶν
1077 2521 1343 2574 κατοικεῖ.
1371 2519 1504 2582 Ταῖς
1560 2518 1790 2581 οἰκείαις

221 2612 401 2666 τοίνυν
444 2612 607 2682 ἀραῖς
633 2609 1020 2681 ὑπεϐλήθησαν
1039 2625 1053 2640 °
1087 2609 1185 2662 καὶ
1226 2609 1263 2664 ὃ.
1292 2612 1403 2673 τοῖς
1428 2608 1792 2672 Βαϐυλωνίοις

223 2703 576 2774 ἐπηράσαντο
607 2700 980 2772 ἀδικούμενοι,
1026 2700 1201 2755 ταῦτα
1237 2699 1571 2755 πεπόνθασιν
1604 2700 1793 2771 ἀδική-

226 2814 418 2859 σαντες
447 2797 511 2860 ⁶⁹,
541 2796 636 2849 καὶ
666 2796 953 2866 ἀχάριστοι
978 2796 1111 2867 περὶ
1129 2795 1222 2848 τὸν
1245 2795 1545 2865 εὐεργέτην
1565 2793 1796 2866 γενόμε-

224 2905 323 2943 νοι.
384 2887 593 2941 Τούτου
639 2887 803 2957 χάριν
856 2888 953 2941 καὶ
987 2888 1036 2939 οἱ
1096 2887 1233 2939 θεῖοι
1266 2884 1557 2941 ἀπόστολοι
1586 2887 1631 2918 ’⁷ο
1674 2887 1796 2950 ταῖς

226 2980 480 3036 ιντεῦθεν
505 2982 813 3052 ἐχρήσαντο
837 2981 1190 3051 μαρτυρίαις,
1240 2979 1341 3048 τῆς
1368 2979 1707 3050 προφητείας
1735 2978 1797 3032 τὸ

227 3074 451 3129 διπλοῦν
499 3071 875 3143 ἐπιστάμενοι.
942 3070 1085 3123 Ἀλλ’
1120 3071 1163 3101 ⁷³
1214 3071 1307 3123 ἐπὶ
1354 3071 1423 3124 τά
1454 3072 1652 3142 συνεχῆ
1699 3073 1799 3142 τῆς
1826 3083 1874 3147 C

220 3168 531 3238 ,ἑρμηνείας
554 3165 878 3236 βαδίσωμεν.

297 3260 402 3323 κζ’.
446 3260 599 3313 (Ὅτι
625 3258 684 3312 ὃν
702 3259 766 3313 σὺ
801 3257 1097 3323 ὲπάταξας,
1138 3252 1646 3320 αὐτοὶικατεδίωξαν
1670 3272 1683 3285 ·
1709 3254 1802 3308 καὶ

234 3353 323 3406 ἐπὶ
352 3353 416 3405 τὸ
441 3351 605 3419 ἄλγος
629 3350 739 3403 τῶν
784 3350 1115 3422 τραυμάτων
1143 3366 1245 3419 μου
1272 3347 1641 3420 προσέθηκαν.
1680 3368 1698 3400 ι
1730 3348 1802 3399 Συ

239 3443 334 3511 μὲν
358 3444 499 3512 γὰρ,
551 3443 706 3511 φησι,
736 3438 893 3503 δίκας
934 3458 1002 3511 με
1030 3441 1074 3471 τ’
1112 3442 1212 3508 τῆς
1240 3438 1585 3520 παρανομίας
1612 3438 1657 3470 ⁷⁸
1690 3440 1804 3491 είσ-

234 3533 634 3605 πραττόμενος,
651 3524 766 3583 οἷόν
794 3546 906 3582 τισι
933 3527 1146 3599 δημίοις
1172 3518 1497 3598 παρέδωκας
1512 3527 1801 3591 τούτοις⁷⁶’

234 3618 379 3678 οὗτοι
435 3623 495 3677 δὲ
544 3620 753 3675 πλείοσί
790 3621 945 3692 με,ἢ
995 3622 1355 3693 προσέταξας,
1409 3624 1599 3685 κακοῖς
1653 3639 1809 3693 περι-

238 3709 431 3766 έϐαλον
456 3728 471 3743 ·
524 3713 621 3766 καὶ
664 3709 981 3784 ἐπηύξησάν
1004 3727 1097 3782 μοι
1139 3711 1238 3782 τὴν
1272 3711 1359 3765 διά
1401 3712 1501 3784 τὴν
1532 3713 1808 3784 ἁμαρτίαν

237 3803 454 3873 ὀδύνην.
483 3802 701 3873 Ταύτην
744 3801 925 3856 αὐτῶν
959 3803 1055 3855 καὶ
1086 3802 1117 3855 ὁ
1152 3802 1261 3855 τῶν
1300 3802 1437 3856 ὅλων
1483 3802 1617 3867 Θεὸς
1670 3819 1807 3857 κατ-

239 3898 435 3967 ηγορεῖ
461 3894 561 3967 τὴν
585 3893 868 3965 ὠμότητα,
898 3894 993 3948 καί
1025 3910 1213 3966 φησιν,
1251 3912 1269 3946 ι
1291 3892 1432 3963 Ἐγὼ
1456 3894 1654 3958 αὐτοὺς
1669 3912 1811 3966 παρ-

244 3989 423 4042 έδωκα
464 3990 545 4050 είς
574 3987 672 4051 τὰς
705 3986 896 4058 χεῖράς
922 4005 1041 4052 σου,
1092 3987 1157 4040 σὺ
1182 3986 1239 4040 δὲ
1260 3987 1359 4040 οὐκ
1384 3986 1593 4050 ἔδωκας
1628 3988 1811 4052 αὐτοῖς

244 4080 393 4133 ἔλεον
415 4094 431 4110 ⁸
462 4079 619 4132 καὶ⁷⁵
642 4078 739 4132 τοῦ
780 4076 1157 4149 πρεσϐυτέρου
1185 4075 1459 4147 ὲϐάρυνας
1502 4078 1595 4131 τὸν
1624 4078 1811 4147 ζυγὸν,

249 4174 341 4225 καὶ
369 4172 637 4242 νεώτερον
672 4171 771 4224 οὐκ
798 4169 1059 4241 ὴλέησας.
1102 4189 1121 4220 ι

315 4270 428 4334 κη’.
466 4282 486 4316 ι
520 4261 763 4335 Πρόσθες
801 4262 1031 4332 ἀνομίαν
1077 4260 1170 4313 ἐπὶ
1196 4262 1264 4332 τῇ
1303 4260 1504 4333 ἀνομία
1535 4262 1582 4293 ⁷⁸
1610 4262 1811 4325 αὐτῶν,

1869 488 1960 541 lon
1994 487 2237 543 desolata
2272 488 2396 555 fuit,
2438 500 2492 544 et
2528 506 2698 559 usque
2736 490 2790 544 in
2824 489 3143 544 hodiernum
3176 489 3318 542 diem
3355 488 3435 543 sic

1869 586 2176 648 permanet.
2214 576 2417 633 Tamen
2455 580 2743 635 sciendum
2774 588 2876 644 est,
2911 595 3031 648 quae
3057 577 3229 632 Judaei
3263 580 3436 647 petie-

1869 678 2001 724 runt
2059 679 2122 723 ut
2150 669 2431 741 Babylonii
2481 681 2822 741 paterentur.
2862 671 3005 741 quod
3042 671 3205 738 impie
3239 670 3361 724 illos
3388 679 3441 725 et

1871 761 2139 816 scelerate
2185 770 2531 824 tractassent,
2590 763 2703 817 haec
2763 764 2911 832 ipsos
2961 777 3246 832 perpessos
3293 778 3437 826 esse,

1872 869 1997 908 cum
2034 854 2087 907 in
2118 854 2418 910 beneficum
2452 867 2504 909 et
2532 854 2872 912 Salvatorem
2909 858 3114 911 rabiem
3154 857 3440 911 exercuis-

1872 954 2014 1001 sent.
2051 945 2332 1019 Babylonii
2377 948 2522 1001 enim
2556 962 2807 1003 amarum
2844 950 3026 1003 cibum
3077 949 3211 1017 ipsis
3260 947 3443 1002 reddi-

1874 1039 2094 1102 derunt,
2146 1053 2256 1093 non
2294 1038 2453 1093 talem
2485 1040 2663 1094 cibum
2708 1040 2841 1109 ipsis
2870 1040 3191 1108 praebentes,
3230 1040 3322 1095 sed
3360 1039 3442 1093 Ia-

1874 1127 2095 1183 boriosa
2130 1128 2395 1183 servitute
2419 1131 2768 1193 suavitatem,
2804 1146 2925 1200 qua:
2953 1132 3091 1186 cibis
3125 1132 3304 1185 innata
3335 1142 3440 1197 est,

1876 1219 2201 1276 auferentes.
2244 1220 2417 1277 Judaei
2461 1232 2643 1277 autem
2678 1224 2822 1277 nulla
2860 1224 3057 1293 injuria
3102 1223 3300 1285 affecti,
3348 1222 3440 1276 sed

1876 1314 2133 1368 omnibus
2192 1315 2476 1370 beneﬁciis
2530 1316 2731 1380 ornati,
2784 1317 2885 1381 ipsi
2943 1316 3186 1370 beneficii
3235 1315 3445 1370 auctori

1878 1400 1947 1453 fel
1973 1409 2028 1454 et
2062 1410 2273 1456 acetum
2305 1402 2483 1472 ipsum
2513 1404 2777 1470 obtulere,
2813 1405 2976 1458 veluti
3009 1406 3254 1475 quzedam
3288 1406 3444 1459 vinea

1878 1492 2209 1562 perniciosa.
2258 1495 2467 1551 Idcirco
2500 1496 2691 1552 iisdem
2738 1498 3021 1566 suppliciis
3054 1498 3253 1552 addicti
3295 1508 3444 1563 sunt,

1878 1594 1935 1642 et
1961 1585 2105 1642 facta
2152 1598 2236 1641 est
2267 1604 2456 1644 mensa
2494 1588 2714 1643 illorum
2747 1589 2960 1661 1085.
2989 1591 3041 1645 in
3083 1591 3357 1659 laqueum,
3394 1599 3449 1644 et.

1882 1676 1936 1731 in
1970 1677 2415 1743 retributionem,
2465 1687 2520 1734 et
2566 1679 2620 1732 in
2651 1681 2992 1735 scandalum.
3037 1680 3315 1749 Siquidem
3351 1696 3450 1750 pm

1883 1770 2112 1840 pristina
2144 1769 2407 1827 felicitate
2456 1773 2523 1828 ad
2571 1773 2887 1827 servitutem
2935 1775 3280 1829 condemnati
3332 1774 3450 1827 fue-

1882 1873 2031 1927 runt,
2066 1873 2120 1917 et
2162 1864 2305 1919 oculi
2340 1878 2529 1919 eorum
2573 1866 2854 1921 obscurati
2894 1877 3042 1928 sunt,
3093 1883 3217 1921 cum
3266 1883 3449 1921 veram

1885 1955 2057 2010 lucem
2090 1955 2278 2011 videre
2310 1972 2419 2011 non
2448 1967 2697 2027 possent,
2728 1967 2782 2011 et
2819 1969 2961 2027 terga
2994 1959 3207 2013 illorum
3234 1959 3451 2015 assidua

1885 2049 2143 2104 servitute
2189 2058 2242 2103 et
2302 2060 2628 2120 paupertate
2682 2050 2876 2104 inﬂexa
2929 2060 3076 2116 sunt,
3135 2050 3205 2105 ob
3255 2052 3451 2106 elatam

1887 2140 2185 2208 cervicem,
2230 2150 2285 2195 et
2314 2142 2511 2196 durum
2567 2157 2759 2198 eorum
2814 2144 3034 2209 collum,
3085 2152 3140 2196 et
3190 2142 3457 2197 habitatio

1886 2247 2075 2287 eorum
2126 2231 2272 2289 facta
2309 2242 2392 2289 est
2426 2234 2663 2296 deserta,
2693 2242 2745 2288 et
2781 2234 2833 2288 in
2870 2234 3235 2289 tabernaculis
3262 2233 3455 2289 lliero-

1890 2326 2115 2396 solyma:
2148 2338 2310 2379 nemo
2342 2324 2562 2378 illorum
2595 2324 2825 2379 habitat.
2865 2323 2989 2378 Suis
3027 2324 3189 2395 igitur
3212 2340 3460 2379 exsecra-

1890 2416 2131 2470 tionibus
2180 2415 2410 2485 subjecti
2446 2415 2688 2482 fuerunt,
2737 2426 2793 2471 et
2845 2433 2966 2487 qua:
2998 2417 3307 2489 Babyloniis
3354 2418 3455 2487 ipsi

1892 2508 2095 2578 injuria
2147 2509 2322 2565 aﬂ'ecti
2371 2509 2651 2580 imprecati
2698 2519 2849 2575 sunt,
2903 2512 3016 2566 hmc
3057 2514 3295 2583 perpessi
3331 2523 3461 2569 sunt

1891 2612 2017 2653 cum
2057 2599 2310 2669 injuriam
2344 2600 2675 2668 intulissent,
2710 2601 3021 2671 ingratique
3051 2618 3178 2672 erga
3210 2603 3459 2658 benellcii

1893 2702 2171 2749 auctorem
2226 2695 2480 2751 fuissent.
2536 2695 2829 2764 Propterea
2889 2705 2944 2751 et
2996 2696 3165 2750 divini
3229 2697 3460 2766 apostoli

1896 2787 2062 2857 hujus
2098 2789 2291 2857 psalmi
2340 2790 2673 2845 testimoniis
2716 2789 2798 2843 usi
2837 2798 2985 2854 sunt,
3030 2789 3300 2859 geminum
3336 2806 3464 2859 pro-

1895 2880 2095 2951 phetiae
2144 2896 2365 2937 sensum
2403 2882 2661 2937 scientes.
2710 2880 2816 2937 Sed
2855 2881 2923 2936 ad
2967 2881 3249 2951 sequentia
3291 2880 3465 2937 inter-

1896 2973 2260 3043 pretationem
2288 2985 2697 3029 convertamus.

1975 3247 2141 3304 Vsus.
2182 3250 2271 3304 27.
2318 3268 2335 3302 ι
2373 3249 2641 3317 Quoniam
2687 3267 2847 3322 quem
2878 3261 2933 3307 tu
2966 3252 3301 3323 percussisti,
3342 3269 3470 3324 per-

1904 3344 2077 3399 secuti
2109 3351 2259 3405 sunt,
2292 3352 2345 3397 et
2387 3344 2629 3397 dolorem
2664 3346 2949 3399 vulnerum
3000 3362 3244 3425 meorum
3296 3362 3467 3401 auxe-

1904 3445 2053 3490 runt.
2098 3456 2116 3487 ι
2154 3435 2232 3490 Tu
2264 3437 2432 3496 enim,
2480 3438 2679 3507 inquit,
2724 3448 3072 3507 peccatorum
3104 3455 3133 3493 a
3169 3456 3253 3495 me
3280 3456 3469 3510 poenas

1904 3530 2150 3599 exigens,
2179 3530 2300 3586 istis
2341 3532 2485 3585 velut
2535 3532 2860 3601 quibusdam
2902 3536 3253 3590 carniﬁcibus
3302 3537 3469 3591 tradi-

1908 3614 2038 3677 disti
2077 3640 2091 3677 :
2137 3621 2192 3676 hi
2235 3637 2365 3679 vero
2411 3624 2661 3693 pluribus
2694 3641 2857 3695 quam
2899 3629 3271 3697 prmcepisscs.
3312 3630 3473 3685 malis

1908 3728 1997 3769 me
2040 3712 2543 3779 circumdederunt,
2598 3726 2652 3771 et
2705 3717 2971 3782 dolorem,
3027 3719 3117 3788 qui
3168 3720 3300 3773 mihi
3345 3723 3361 3742 ⁶
3403 3720 3479 3775 ob

1907 3813 2193 3875 peccatum
2233 3806 2451 3871 accidit,
2493 3816 2787 3861 auxerunt.
2829 3806 2979 3863 Hanc
3002 3824 3188 3863 eorum
3219 3809 3474 3863 inhuma-

1910 3899 2132 3953 nitatem
2164 3899 2537 3954 universitatis
2563 3898 2828 3955 Dominus
2851 3901 3218 3971 reprehendit,
3245 3902 3432 3957 dicens
3457 3921 3472 3957 :

1917 4007 1935 4041 ι
1975 3988 2090 4059 Ego
2113 4004 2210 4045 eos
2233 3991 2433 4045 tradidi
2474 3991 2527 4045 in
2556 4008 2754 4047 manus
2788 4003 2931 4057 tuas,
2959 4004 3014 4048 tu
3049 4002 3227 4048 autem
3262 3995 3477 4049 miseri-

1913 4079 2156 4135 cordiam
2184 4093 2295 4134 non
2341 4080 2636 4136 exhibuisti
2663 4080 2764 4145 eis,
2796 4090 2850 4136 et
2873 4082 3065 4151 jugrtm
3092 4082 3326 4139 senioris
3348 4100 3475 4155 gra-

1916 4170 2079 4235 vasti,
2106 4178 2158 4223 et
2178 4168 2397 4239 juvenis
2423 4185 2529 4224 non
2560 4169 2821 4225 misertus
2849 4186 2907 4225 es
2936 4181 2981 4226 ι.
3024 4190 3043 4223 ι

1994 4259 2159 4315 Vsus.
2202 4259 2294 4316 28.
2340 4278 2360 4312 ι
2398 4261 2621 4330 Appone
2655 4260 2994 4330 iniquitatem
3030 4276 3195 4333 super
3223 4263 3479 4333 iniquitao

249 4358 342 4408 καὶ
392 4356 469 4425 μὴ
496 4354 541 4387 ⁷⁷
572 4353 961 4407 είσελθέτωσαν
1004 4354 1062 4406 ἐν
1103 4351 1415 4423 δικαιοσύνῃ
1440 4352 1505 4407 ⁷³.
1541 4374 1561 4406 ι
1594 4353 1703 4425 Τὴν
1730 4354 1796 4407 διέ

1919 4364 2023 4410 tem
2072 4370 2286 4419 eorum,
2340 4364 2395 4410 et
2443 4354 2652 4426 1085
2702 4370 2810 4409 non
2861 4355 3063 4410 intrent
3114 4355 3165 4408 in
3211 4353 3484 4423 justitiam

249 4448 345 4519 τὴν
378 4448 658 4519 ἁμαρτίαν
711 4447 1061 4517 ἐπαγομένην
1095 4444 1369 4517 τιμωρίαν
1406 4445 1661 4515 ἀνομίαν
1689 4447 1791 4501 ὲκά

1925 4457 2094 4502 tuam.
2134 4468 2153 4500 ι
2209 4448 2431 4503 Ρωηειη]
2482 4450 2552 4502 ob
2609 4458 2884 4518 peccatum
2932 4447 3243 4518 irrogatam,
3284 4448 3486 4518 iniqui-

250 4543 408 4595 λεσεν
440 4557 455 4572 ⁸
484 4540 606 4593 ἀντὶ
633 4536 750 4603 τοῦ,
779 4539 999 4601 Ἐπίθες
1025 4539 1211 4602 αὐτοῖς
1248 4539 1464 4608 ἀνόμως
1488 4537 1625 4602 ζῶσι
1646 4556 1817 4609 τιμω-

254 4634 373 4705 ρίαν
410 4633 568 4698 ἀξίαν
596 4644 610 4661 ⁶
644 4633 740 4686 κο.)⁸
771 4632 847 4703 μὴ
868 4630 1105 4701 τύχωσιν
1136 4630 1357 4699 ἀγαθῶν
1390 4633 1427 4685 ἀ
1453 4634 1567 4695 τοῖς
1591 4631 1818 4695 δικαίοις

253 4724 449 4789 εἴωθας
477 4724 791 4790 ἀπονέμειν.

327 4936 350 4963 ι
379 4926 485 4981 lsa.
512 4941 680 4991 XLVII,
702 4926 771 4981 6.”

1928 4548 2089 4593 tatem
2129 4540 2382 4593 vocavit:
2421 4540 2578 4609 quasi
2619 4540 2842 4603 diceret,
2889 4540 3108 4608 impone
3149 4538 3282 4608 ipsis
3320 4538 3491 4607 impie

1925 4630 2238 4685 viventibus
2273 4631 2491 4701 dignam
2520 4644 2756 4701 poenam,
2793 4639 2845 4685 et
2878 4646 2945 4685 ne
2970 4630 3109 4685 bona
3142 4644 3490 4701 consequan-

1930 4731 2039 4790 tur,
2075 4739 2196 4795 qute
2220 4724 2385 4795 justis
2411 4724 2737 4780 distribuere
2763 4724 2925 4779 soles.

1349 5126 1578 5182 VARIA'Z
1632 5124 2017 5184 LECTIONES
2060 5125 2146 5180 ET
2175 5124 2405 5181 NOTIE.

330 5332 375 5362 "
404 5332 529 5384 cod.
570 5331 606 5383 2
639 5331 1022 5394 Βαϐυλωνίοις.

266 5472 299 5521 9.
321 5471 637 5536 διαπαντός.

269 5542 610 5613 ῥημιουργὸν
659 5541 751 5596 τοῦ
778 5542 976 5613 παντὸς
1021 5542 1238 5612 σταυρῷ
1289 5542 1737 5613 κατακρίναντες.
1814 5544 1859 5575 ⁷ο
1899 5544 2018 5599 cod.
2051 5543 2085 5596 2
2119 5545 2146 5613 ό
2178 5542 2319 5613 (Leto;
2352 5540 2692 5613 Ἀπόστολος.

426 5612 481 5665 in
512 5612 635 5666 cod.
666 5612 723 5666 ἓ.
795 5613 842 5643 ’³
891 5612 994 5667 Μέ.
1021 5614 1143 5666 cod.
1178 5613 1199 5664 1
1241 5630 1375 5683 μοι.
1427 5612 1481 5644 ⁷³⁷
1504 5613 1624 5667 cod.
1657 5614 1692 5666 2
1730 5615 2037 5683 παροινίας.

273 5680 440 5764 Abest
460 5697 490 5735 a
515 5683 640 5764 cod.
667 5684 723 5739 2.
797 5683 843 5764 τξ
868 5684 988 5737 cod.
1014 5683 1053 5764 _l
1092 5683 1202 5763 et?
1229 5680 1324 5753 τὴν
1357 5682 1607 5764 ἀνομίαν.
1628 5700 1792 5753 quaee

1897 5700 1986 5740 'ec.
2028 5683 2187 5739 lectio
2216 5682 2271 5735 Ιι.
2310 5683 2345 5735 l.

272 5608 393 5665 Des.
425 5608 491 5665 in
512 5608 635 5666 cod.
666 5612 723 5666 Ξ.
795 5613 842 5643 ’³
891 5612 994 5667 Μέ.
1021 5614 1143 5666 cod.
1164 5608 1199 5664 ’1

277 5750 394 5805 cod.
420 5752 445 5805 1
476 5754 625 5807 addit
651 5770 765 5821 σου,
801 5754 987 5823 sicque
1014 5754 1115 5824 leg.
1141 5756 1195 5808 in
1228 5750 1373 5808 teitu
1410 5750 1517 5809 τῶν
1538 5755 1613 5810 0'.

1098 5330 1141 5363 "
1165 5332 1287 5402 cod.
1312 5332 1337 5384 1
1370 5340 1424 5402 et
1452 5332 1487 5386 2
1517 5334 1919 5402 χρησαμένους.

265 5400 298 5454 2
325 5402 524 5472 αὐτῶν.
606 5402 651 5433 ⁸³
677 5403 805 5456 Καί.
839 5403 958 5456 Des.
996 5403 1048 5472 in
1082 5402 1204 5456 cod.
1234 5401 1289 5454 2.
1365 5400 1410 5472 δέ
1442 5400 1567 5455 Οὐκ
1615 5400 1796 5470 ἄνοον]

1897 5420 2042 5456 ενοι.
2072 5402 2194 5455 lies.
2233 5401 2286 5454 in
2328 5402 2448 5454 cod.
2482 5400 2531 5472 1.

1997 5334 2041 5364 ⁸ο
2076 5332 2203 5385 Καί.
2240 5330 2361 5384 cod.
2400 5330 2423 5381 1
2452 5343 2637 5385 Drrcm.
2670 5325 2786 5379 τοῦ.
2848 5326 2887 5356 ⁶¹
2918 5324 3039 5379 cod.
3068 5326 3103 5379 2
3134 5320 3243 5379 οἷα.
3305 5326 3347 5356 θ’
3372 5324 3495 5380 cod.

2452 5343 2637 5398 prrcm.
2670 5325 2786 5379 τοῦ.
2836 5325 3103 5399 _"7cod._2
3134 5325 3194 5399 οἷε

2610 5399 2653 5428 ⁸⁸
2676 5400 2794 5451 cod.
2830 5396 2865 5449 2
2894 5396 3229 5464 ἀνεχόμενοι.
3305 5396 3349 5425 ⁸⁸
3376 5396 3498 5449 cod.

714 5473 756 5503 ⁸⁷
787 5473 917 5526 Καί.
941 5471 1064 5525 cod.
1096 5472 1122 5525 1
1179 5472 1303 5526 add.
1330 5470 1513 5539 μέντοι
1544 5474 1653 5527 καί.
1735 5465 1791 5505 ⁸⁸⁷

1897 5472 2030 5525 τῶν.
2060 5473 2182 5525 cod.
2217 5472 2251 5523 ἓ
2278 5486 2465 5539 prtem.
2499 5469 2575 5521 δέ.
2655 5468 2698 5499 ⁶⁹
2735 5465 3373 5539 ’ᾼὸικήσηευάεθιιιίώ
3411 5466 3501 5517 τὸν

2770 5538 2809 5566 ⁷¹
2860 5537 3017 5589 Ἀλλ’
3040 5567 3107 5575 —-
3131 5535 3499 5603 ,ϐαδι’σωμεν.

2116 5612 2159 5643 ⁷⁸
2187 5610 2447 5676 Τούτοις.
2486 5612 2606 5663 cod.
2644 5610 2667 5661 1
2698 5610 2809 5666 τοῖς
2842 5606 3223 5669 Βαϐυλωνίοις.
3300 5605 3346 5636 ⁷⁸
3366 5606 3495 5658 Καί.

2422 5682 2464 5713 ⁷⁷
2495 5679 2611 5748 Μή.
2647 5680 2809 5733 Abest
2842 5693 2870 5731 a
2891 5679 3012 5733 cod.
3036 5676 3090 5731 ἓ.
3164 5677 3210 5710 ⁷⁸
3238 5678 3501 5731 Δικαιοσ.
