3902 6494
518 277 647 343 1411

1513 270 2003 333 THEUDORETI
2040 268 2380 329 EPISCOPI
2410 272 2779 333 CYRENSIS

3576 279 3695 344 1412

589 390 753 444 Vens.
791 386 880 442 29.
927 405 946 438 ι
986 385 1278 441 Deleantur
1308 398 1338 439 e
1366 384 1505 438 libro
1529 382 1848 446 viventium,
1875 390 2073 434 etcum

2249 379 2349 435 κθ¹.
2390 399 2409 432 ι
2463 379 2972 451 Ἐξαλειφθήτωσαν
3017 382 3079 433 ὲκ
3108 380 3291 450 βίϐλου
3344 384 3582 448 ζώντων·
3615 388 3699 443 καὶ

513 482 677 553 justis
724 496 829 533 non
883 478 1216 533 scribantur.
1258 494 1276 525 ι
1335 473 1450 527 Hoc
1501 472 1827 540 respondere
1869 468 2081 523 videtur

517 575 667 627 illis:
724 591 742 622 ι
784 570 903 624 Non
968 578 1251 637 resnrgent
1300 566 1449 634 impii
1508 565 1561 618 in
1606 563 1847 634 judicio,
1905 573 2081 629 neque

518 676 832 733 peccatores
866 664 917 715 iu
969 660 1203 715 consilio
1244 658 1519 727 justorum
1544 669 1592 710 ι.
1634 677 1652 707 ι
1702 654 1905 708 Horum
1954 664 2079 704 vero

516 752 783 806 libroruin
829 752 1016 804 beatus
1058 748 1245 809 Daniel
1293 748 1555 801 meminit.
1600 746 1751 800 Sedit
1791 744 1961 807 enim,
1994 742 2080 794 in-

516 841 706 909 quitb,
749 841 1035 910 judicium,
1060 847 1113 892 et
1155 838 1276 892 libri
1308 837 1477 904 aperti
1518 843 1665 890 sunt.
1704 835 1854 900 Quod
1897 842 2078 888 autem

516 932 672 997 dicit,
707 934 807 984 hoc
846 942 927 985 Cal
967 950 979 984 :
1016 929 1147 995 Qua:
1183 929 1290 982 tuis
1327 926 1625 981 cultoribus
1666 925 1941 987 concedis,
1989 939 2080 978 eo-
2120 974 2121 977 η

516 1038 638 1077 rum
685 1038 751 1076 ne
792 1023 880 1075 isti
926 1022 1214 1089 participes
1258 1020 1367 1072 sint
1402 1036 1417 1072 :
1461 1032 1637 1086 neque
1680 1016 2078 1069 revocationem

518 1123 948 1183 consequantur,
981 1112 1141 1180 cujus
1174 1126 1294 1174 nos,
1329 1109 1522 1179 inquit,
1550 1109 1621 1163 oh
1653 1117 1795 1162 tuam
1833 1106 2080 1176 benigni-

521 1215 685 1260 tatem
726 1216 1005 1273 compotes
1039 1203 1264 1257 erimus.

588 1299 754 1355 Veas.
795 1296 885 1352 50.
931 1314 949 1346 ι
993 1294 1104 1364 Ego
1154 1310 1274 1348 sum
1311 1307 1518 1362 pauper
1573 1300 1626 1347 et
1674 1290 1831 1345 doleo
1874 1308 1887 1343 :
1933 1291 2079 1344 salus

519 1405 628 1454 tua,
664 1392 826 1455 Deus,
850 1390 1091 1456 suscepit
1121 1402 1226 1441 me.
1255 1405 1273 1438 ι
1312 1384 1448 1439 Hinc
1478 1385 1732 1452 deinceps
1758 1382 1937 1437 rerum
1963 1398 2081 1435 mu-

516 1486 777 1540 tationem
815 1481 1078 1552 praedicit,
1114 1490 1167 1534 et
1203 1493 1232 1531 a
1264 1478 1523 1533 servitute
1555 1475 1955 1541 liberationem,
1990 1490 2081 1529 ca-

516 1578 897 1647 ptivorumque
937 1574 1169 1626 reditum
1204 1588 1217 1625 :
1253 1579 1307 1624 et
1336 1570 1539 1623 ideirco
1568 1569 1621 1622 in
1653 1569 1809 1636 ﬁnem
1836 1567 2078 1636 psalmus

518 1667 812 1735 inscriptus
850 1672 933 1718 est
967 1663 1046 1715 his
1075 1662 1165 1731 qui
1208 1660 1571 1713 mutabuntur.
1613 1658 1745 1712 Nam
1778 1659 1912 1712 duas
1946 1672 2077 1711 con-

519 1764 714 1813 trarias
759 1757 1088 1810 mutationes
1145 1754 1473 1807 habuerunt.
1518 1751 1655 1806 Cum
1709 1750 1852 1804 enim
1901 1749 2075 1819 Baby-

517 1848 640 1901 lone
694 1845 1061 1914 pwiiitentiani
1111 1843 1387 1912 egissent,
1443 1842 1726 1907 pristinam
1778 1840 2073 1894 libertatem

517 1944 843 2005 receperunt
879 1953 891 1988 :
929 1942 1115 2003 postea
1166 1942 1345 1987 autem
1391 1948 1514 1987 cum
1560 1932 1764 1986 rabiem
1806 1931 1860 1984 in
1894 1928 2077 1985 Domi-

520 2045 649 2083 num
708 2027 1069 2092 exemissent,
1128 2026 1193 2079 ad
1246 2036 1545 2080 extremam
1585 2025 1902 2093 servitutem
1950 2037 2079 2077 con-

517 2125 758 2181 demnati
795 2125 1037 2179 fuerunt.
1074 2123 1317 2190 Utraque
1361 2121 1522 2192 igitur
1559 2134 1796 2190 praesens
1838 2118 2078 2187 psalmus

517 2218 877 2273 vaticinatur.
915 2215 1027 2270 [loc
1065 2224 1245 2269 autem
1289 2233 1306 2264 ι
1345 2230 1549 2283 pauper
1579 2229 1698 2268 sum
1744 2221 1798 2266 et
1836 2212 2014 2276 doleo,
2054 2229 2072 2262 ι

518 2313 623 2366 hoc
656 2310 925 2379 signilieat
956 2327 969 2362 :
1011 2307 1170 2367 Cum,
1213 2307 1410 2375 inquit,
1447 2322 1534 2359 me
1564 2306 1617 2358 in
1650 2311 1964 2374 paupertate
1994 2302 2080 2356 vi-

518 2400 715 2464 disses,
764 2408 818 2453 et
853 2396 1068 2465 1086
1096 2395 1281 2447 multis
1330 2393 1606 2448 doloribus
1659 2400 1944 2447 tentatum.
1988 2401 2077 2446 tua

519 2492 694 2547 salute
727 2507 812 2544 tne
839 2491 1092 2559 dignatus
1123 2501 1203 2540 es.
1237 2485 1525 2556 Propterea

592 2673 756 2729 Vens.
791 2674 881 2727 5i.
927 2690 946 2723 ι
985 2671 1245 2726 Laudabo
1281 2685 1476 2725 nomen
1521 2668 1613 2722 Dei
1646 2668 1752 2723 mei
1796 2683 1921 2724 cum
1951 2682 2081 2722 can-

520 2769 649 2833 tico,
696 2775 748 2820 et
779 2763 1139 2834 magniﬁcabo
1184 2778 1304 2817 eum
1356 2762 1410 2816 in
1452 2761 1627 2815 laude.
1666 2778 1683 2811 ι
1727 2759 1845 2814 Non
1887 2760 2081 2814 imme-

520 2876 641 2915 mor
675 2859 1062 2914 beneﬁciorum
1113 2873 1230 2924 ero,
1281 2856 1373 2911 sed
1426 2856 1514 2909 illa
1566 2854 1782 2926 hymnis
1825 2868 2083 2924 compen-

521 2953 685 3016 sabo,
751 2951 1066 3005 narratione
1130 2950 1302 3019 ipsius
1367 2964 1493 3018 erga
1552 2963 1639 3002 me
1695 2948 2079 3004 beneﬁciorum

520 3045 949 3114 magnitudinem
984 3044 1357 3097 nescientibus
1390 3042 1703 3097 ostendens.

594 3135 757 3192 Vens.
792 3138 880 3190 52.
918 3155 935 3187 ι
973 3134 1037 3189 Et
1061 3135 1293 3204 placebit
1316 3134 1545 3190 Domino
1574 3150 1696 3190 meo
1720 3137 1892 3205 magis
1917 3151 2080 3205 quam

520 3228 727 3282 vitulus
757 3228 1030 3287 novellus,
1067 3242 1272 3281 cornua
1306 3228 1631 3295 producens,
1684 3236 1740 3281 et
1766 3228 2016 3297 ungulas.
2058 3246 2078 3279 ι

521 3321 742 3375 Gratius
776 3330 954 3373 autem
998 3320 1101 3373 erit
1142 3318 1244 3389 ipsi
1294 3319 1473 3374 laudis
1519 3319 1872 3383 sacriﬁcium,
1917 3334 2081 3389 quam

518 3411 703 3481 junior
733 3421 786 3465 et
823 3411 1039 3481 pinguis
1073 3410 1297 3474 vitulus,
1331 3412 1347 3429 ‘
1381 3410 1473 3479 qui
1520 3411 1683 3465 modo
1724 3410 1991 3480 ungulas,
2030 3418 2084 3465 et

524 3501 689 3554 modo
719 3516 930 3555 cornua
977 3500 1249 3571 producit.
1284 3500 1354 3554 At
1393 3500 1707 3555 Judazorum
1751 3500 2083 3571 deploranda

522 3602 608 3647 est
647 3592 911 3661 nequitia.
948 3606 1281 3661 cOgnoscere
1322 3592 1621 3646 nolentium
1655 3606 1817 3660 quam
1858 3592 2083 3661 puerilis

521 3685 594 3738 sit
625 3684 813 3755 legalis
859 3683 1080 3738 cultus:
1118 3683 1386 3752 siquidem
1425 3683 1647 3752 captivi,
1680 3684 1773 3752 qui
1812 3681 2083 3754 Babylone

522 3777 927 3839 detinebantur,
961 3776 1190 3846 polliciti
1226 3786 1354 3831 sunt
1383 3790 1442 3830 se
1485 3774 1654 3829 Deum
1698 3775 1913 3847 hymnis
1944 3778 2084 3832 cele-

525 3875 776 3925 hraturos
804 3880 926 3939 post
964 3869 1221 3933 reditum,
1273 3883 1379 3923 non
1417 3878 1597 3922 autem
1632 3870 1897 3924 sacriﬁcia
1932 3871 2084 3925 obla-

524 3973 699 4025 turos,
724 3978 788 4016 eo
811 3962 959 4031 quod
988 3962 1312 4033 hymnorum
1336 3971 1528 4015 cautus
1556 3960 1664 4015 Deo
1688 3961 1757 4015 sit
1785 3964 2079 4032 acceptior.

522 4050 724 4106 Verum
760 4051 1242 4121 reprehensionem
1281 4051 1509 4105 istorum
1562 4051 1615 4104 in
1662 4052 1915 4120 praesenti
1950 4053 2083 4107 mis-

524 4161 638 4199 sam
674 4145 961 4209 faciamus,
995 4154 1049 4197 et
1072 4144 1137 4197 ad
1168 4144 1666 4212 interpretationem
1705 4146 2011 4200 redeamus.

595 4234 760 4290 Vens.
801 4237 889 4289 55.
952 4254 969 4285 ι
1008 4233 1236 4288 Videant
1292 4251 1591 4305 pauperes,
1640 4245 1695 4290 et
1748 4236 2018 4292 laztentur.
2059 4258 2077 4289 ι

523 4325 745 4387 ()nines,
773 4325 972 4393 inquit,
1009 4325 1102 4393 qui
1157 4326 1209 4378 in
1260 4325 1526 4392 ejusmodi
1578 4326 1718 4379 mala
1754 4326 2079 4394 inciderunt,

2182 471 2320 540 μετὰ
2344 471 2571 525 δικαίων
2603 474 2676 543 μὴ
2731 474 3102 541 γραφήτωσαν
3136 475 3202 525 τ’.
3265 493 3284 525 ι
3336 474 3547 540 Τούτοις
3572 478 3701 533 ἔοικε

2179 562 2260 627 τὸ,
2332 582 2351 614 ι
2395 565 2508 617 Οὐκ
2561 567 2959 633 ἀναστήσονται
3011 564 3228 628 ἀσεϐεῖς
3275 568 3333 619 έν
3373 568 3567 638 κρίσει,
3596 572 3703 624 οὐδὲ

2179 655 2499 725 ἁμαρτωλοὶ
2532 657 2589 708 ἐν
2623 656 2783 727 βουλῇ
2809 656 3055 711 δικαίων.
3094 674 3113 707 ι
3153 654 3372 711 Τούτων
3406 659 3499 726 μέν
3517 676 3591 712 τοι
3607 660 3703 713 τῶν

2181 745 2379 815 βίϐλων
2427 747 2701 817 μέμνηται
2745 747 2964 817 Δανιὴλ.
3022 749 3323 817 Κριτήριον
3369 749 3492 818 γὰρ,
3539 753 3702 819 φησὶν,

2181 839 2421 903 ἐκάθισε,
2466 841 2557 892 καὶ
2590 840 2762 909 βίϐλοι
2794 841 3167 911 ἠνεῴχθησαν.
3209 842 3274 893 Ὃ
3301 841 3357 893 δὲ
3385 841 3524 909 λέγει
3547 842 3703 896 τοιοῦ-

2180 930 2271 982 τόν
2303 931 2479 982 ἐστιν’
2516 925 2618 983 Ὧν
2675 933 2788 993 τοῖς
2839 930 3223 1000 ἀνακειμένοις
3254 947 3334 983 σοι
3375 930 3521 995 δίδως
3545 934 3605 995 ⁸ο,
3640 935 3703 1004 μὴ

2184 1021 2543 1090 μεταλάχοιεν
2588 1016 2733 1074 οὗτοι
2766 1037 2780 1051 ’
2845 1020 2979 1091 μηδὲ
3010 1020 3226 1090 τύχοιεν
3268 1020 3624 1092 ἀνακλήσεως,
3648 1019 3705 1095 ἧς

2178 1113 2359 1181 ἡμεῖς,
2390 1111 2547 1180 φησὶ,
2574 1111 2661 1164 διὰ
2690 1111 2788 1181 τὴν
2813 1110 2910 1182 σὴν
2934 1110 3347 1182 φιλανθρωπίαν
3378 1112 3673 1182 τευξόμεθα.

2248 1293 2313 1347 λ’.
2351 1312 2368 1344 ι
2406 1294 2629 1364 Πτωχὸς
2675 1296 2770 1348 καὶ
2811 1294 2993 1362 ἀλγῶν
3028 1296 3146 1365 εἰμι
3196 1293 3305 1361 ἐγώ
3335 1308 3349 1322 ⁶
3402 1295 3435 1364 ἡ
3491 1300 3707 1366 σωτηρία

2178 1388 2271 1440 τοῦ
2306 1387 2597 1458 προσώπου
2624 1388 2668 1419 ⁸¹
2704 1405 2821 1451 σου,
2852 1391 2880 1441 ό
2908 1387 3061 1453 Θεὸς,
3084 1388 3131 1419 ⁸’
3166 1385 3491 1440 ἀντελάϐετό
3523 1406 3636 1457 μου.
3687 1409 3703 1439 ι

2192 1480 2473 1533 Ἐντεῦθεν
2531 1479 2717 1533 λοιπὸν
2758 1480 2857 1550 τὴν
2920 1479 3210 1532 ἀλλοίωσιν
3251 1476 3359 1531 τῶν
3401 1480 3709 1549 πραγμάτων

2179 1573 2469 1645 προλέγει·
2507 1573 2598 1627 καὶ
2629 1572 2729 1644 τὴν
2762 1573 2860 1643 τῆς
2888 1572 3132 1636 δουλείας
3158 1570 3334 1635 λύσιν,
3369 1571 3462 1623 καὶ
3501 1571 3591 1642 τὴν
3615 1573 3709 1623 τῶν

2177 1666 2530 1737 δορυαλώτων
2584 1666 2860 1720 ἐπάνοδον.
2911 1666 3009 1720 Διά
3052 1664 3213 1718 τοῦτο
3243 1664 3336 1717 καὶ
3360 1664 3444 1729 είς
3471 1663 3535 1717 τὸ
3558 1664 3709 1732 τέλος

2177 1759 2205 1810 ὁ
2236 1758 2451 1829 ψαλμὸς
2505 1758 2909 1828 ἐπιγέγραπται
2961 1756 3085 1823 τοῖς
3134 1757 3707 1825 ἁλλοιωθησομένοις.

2178 1854 2282 1905 Δύο
2321 1854 2429 1923 γὰρ
2462 1852 2709 1917 ἐδέξαντο
2742 1850 2992 1913 ἐναντίας
3038 1847 3368 1920 μεταϐολάς.
3393 1849 3710 1920 Μεταμελείᾳ

2178 1946 2288 2013 γὰρ
2318 1945 2375 1997 ὲν
2411 1943 2687 1996 Βαϐυλῶνι
2715 1943 3053 2013 χρησάμενοι
3084 1939 3187 2011 τὴν
3223 1940 3490 2011 προτέραν
3516 1940 3708 1993 ἐλευθεσ

2183 2036 2303 2107 ρίαν
2330 2035 2606 2089 ἀπέλαϐον
2638 2050 2651 2063 ·
2698 2034 2836 2105 μετά
2867 2033 2924 2088 δὲ
2980 2033 3158 2085 ταῦτα
3216 2022 3353 2087 κατά
3405 2031 3493 2086 τοῦ
3531 2034 3710 2086 Δεσπό-

2179 2145 2271 2180 του
2291 2130 2338 2161 ⁸³
2382 2129 2769 2197 λυττήσαντες,
2811 2127 3066 2180 παντελεῖ
3101 2128 3321 2197 δουλείᾳ
3349 2127 3709 2195 κατεδικάσθη·
3754 2145 3762 2155 ·

2183 2238 2280 2274 σαν
2307 2222 2373 2277 ”.
2415 2222 2725 2294 Ἀμφότερα
2761 2222 2935 2274 τοίνυν
2971 2221 3232 2291 προλέγει
3252 2221 3301 2252 ⁸⁸
3329 2221 3356 2272 ό
3380 2218 3559 2289 παρὼν
3588 2219 3711 2289 ψαλ-

2185 2317 2298 2385 μός⁸
2317 2316 2378 2368 τὸ
2405 2316 2461 2368 δὲ
2494 2335 2511 2367 ι
2542 2315 2754 2385 πτωχὸς
2771 2315 2863 2367 καὶ
2886 2315 3066 2382 ἀλγῶν
3095 2317 3214 2383 εἰμι
3236 2314 3336 2380 ⁸⁸,ι
3364 2314 3514 2366 τοῦτο
3538 2312 3709 2382 aqua!»

2181 2424 2260 2461 νει
2284 2423 2297 2437 ·
2345 2408 2432 2459 Ἐν
2466 2407 2707 2477 πτωχείᾳ
2766 2424 2853 2476 με,
2886 2407 3068 2476 φησὶν,
3119 2405 3265 2469 ἰδὼν,
3298 2403 3388 2458 καὶ
3418 2408 3471 2456 ὲν
3517 2403 3708 2465 πολλαῖς

2181 2496 2394 2559 ὀδύναις
2427 2496 2834 2566 ἐξεταζόμενον,
2856 2497 2953 2566 τῆς
2977 2495 3077 2566 σῆς
3109 2494 3387 2565 σωτηρίας
3406 2492 3627 2564 ἠξίωσας
3640 2494 3676 2523 ⁸⁷
3692 2508 3705 2522 ’

2180 2589 2370 2642 τούτου
2403 2589 2467 2659 δὴ
2503 2590 2663 2658 χάριν
2685 2585 2753 2652 ⁸³,

2252 2681 2356 2735 λα’.
2391 2698 2408 2729 ι
2434 2678 2642 2732 Αίνέσω
2663 2678 2730 2731 τὸ
2765 2678 2937 2747 ὄνομα
2967 2676 3061 2731 τοῦ
3096 2676 3237 2729 Θεοῦ
3285 2693 3384 2745 μου
3436 2676 3546 2744 μετ’
3570 2674 3707 2745 ᾠδῆς,

2183 2771 2471 2846 μεγαλυνῶ
2494 2771 2655 2825 αὐτὸν
2716 2771 2773 2823 ὲν
2822 2771 3046 2824 αἰνέσει.
3083 2787 3100 2820 ι
3138 2769 3255 2822 Οὐκ
3276 2769 3322 2800 ³⁹
3377 2768 3559 2837 ἔσομαι
3602 2769 3710 2835 περὶ

2178 2870 2277 2930 τὰς
2310 2865 2631 2937 εὐεργεσίας
2675 2861 2947 2933 ἀγνώμων
2979 2878 2992 2893 ο
3044 2862 3160 2915 ἀλλ’
3212 2860 3568 2931 ἀμείψομαινθ
3614 2861 3710 2921 τοῖς

2182 2960 2374 3031 ὕμνοις
2406 2961 2505 3021 τὰς
2535 2958 2780 3028 χάριτας,
2815 2958 2881 3025 τῇ
2911 2955 3162 3024 διηγήσει
3192 2954 3301 3007 τῶν
3329 2951 3635 3022 εὐεργεσιῶν
3659 2948 3712 3001 τὸ

2107 3052 2149 3111 C
2185 3052 2415 3123 μέγεθος
2444 3049 2610 3105 αὐτοῦ
2646 3051 2757 3110 τοῖς
2784 3046 3037 3115 ἀγνοοῦσι
3063 3045 3279 3106 δεικνύς
3308 3044 3373 3097 ⁹¹.

2251 3143 2351 3213 λβ’.
2390 3161 2409 3194 ι
2452 3140 2561 3193 Καὶ
2593 3138 2779 3209 ἀρέσει
2840 3136 2916 3207 τῷ
2953 3135 3074 3206 Θεῷ
3107 3152 3212 3205 μου
3233 3136 3301 3201 θ’,
3353 3133 3488 3202 ὑπὲρ
3538 3131 3711 3201 μόσχον

2182 3236 2299 3289 νέον
2330 3235 2536 3305 κέρατα
2570 3231 2897 3301 ἐκφέροντα,
2932 3229 3027 3281 καὶ
3059 3227 3255 3288 ὁπλάς.
3295 3244 3314 3277 ι
3345 3222 3709 3293 Θυμηρεστέρα

2180 3329 2236 3382 δὲ
2264 3327 2410 3397 αύτῷ
2436 3326 2588 3378 ἔσται
2607 3324 2707 3392 τῆς
2736 3321 2999 3382 αἰνέσεως
3023 3320 3056 3389 ἡ
3083 3317 3245 3371 θυσία
3270 3318 3465 3386 μόσχου
3494 3316 3606 3367 νέου
3630 3314 3711 3365 καὶ

2181 3421 2385 3480 πίονος,
2418 3417 2542 3486 ἄρτι
2568 3416 2665 3485 μὲν
2699 3413 2798 3475 τὰς
2836 3411 3025 3482 χηλὰς,
3063 3411 3187 3478 ἄρτι
3223 3409 3280 3462 δὲ
3306 3405 3709 3478 προϐαλλομένου

2179 3512 2247 3564 τὰ
2277 3512 2503 3582 κέρατα.
2529 3508 2810 3579 Θρηνῆσαι
2848 3504 2996 3571 ἀξιον
3016 3503 3062 3535 ⁸³
3094 3506 3196 3572 τὴν
3252 3500 3514 3554 Ἰουδαίων
3555 3514 3711 3566 παρα-

2181 3600 2374 3671 νομίαν
2410 3598 2637 3651 συνιδεῖν
2655 3596 2713 3648 ού
2747 3593 3082 3665 βουλομένων
3110 3590 3211 3660 τῆς
3236 3589 3460 3660 νομικῆς
3482 3586 3710 3658 λατρείας

2179 3693 2240 3745 τὸ
2272 3690 2543 3760 νηπιῶδες
2566 3703 2581 3717 ⁸
2610 3687 2703 3741 καί
2731 3703 2813 3740 τοι
2837 3684 2946 3737 τῶν
2976 3686 3032 3735 έν
3055 3680 3333 3734 Βαϐυλῶνι
3364 3676 3707 3751 δορυαλώτων,

2182 3786 2371 3855 ὑμνεῖν
2402 3783 2492 3835 τὸν
2523 3781 2655 3834 Θεὸν
2684 3778 2822 3850 μετὰ
2842 3777 2939 3847 τὴν
2977 3769 3707 3841 ἐπάνοδον-ὑπισχνουμένων,

2180 3877 2241 3929 οὐ
2266 3875 2454 3936 Θυσίας
2478 3870 2781 3942 ἱερατεύειν
2798 3870 2866 3931 ⁸⁸,
2924 3868 3000 3929 ὼς
3030 3866 3132 3935 τῆς
3172 3864 3447 3935 ὑμνῳδίας
3492 3862 3708 3929 θυμηρε-

2184 3970 2377 4039 στέρας
2412 3966 2579 4035 οὔσης
2633 3962 2751 4033 Θεῷ
2796 3964 2862 4014 ³³⁵.
2913 3960 3074 4014 Ἀλλά
3098 3959 3199 4029 τὴν
3237 3958 3335 4025 μὲν
3371 3955 3565 4008 τούτων
3601 3968 3709 4004 κατ-

2181 4062 2412 4134 ηγορίαν
2431 4061 2521 4112 ἐπὶ
2538 4057 2630 4111 τοῦ
2649 4057 2913 4127 παρόντος
2945 4054 3217 4123 ἐάσωμενο
3248 4051 3340 4104 ἐπὶ
3358 4051 3414 4104 δὲ
3437 4051 3528 4119 τὴν
3553 4048 3707 4116 ἑρμη-

2180 4154 2327 4207 νείαν
2351 4151 2675 4222 βαδίσωμεν.

2250 4244 2351 4310 λγ’.
2387 4262 2405 4293 ι
2459 4239 2733 4292 ’ίδέτωσαν
2778 4234 3004 4305 πτωχοὶ,
3056 4234 3152 4286 καὶ
3196 4232 3651 4302 εύφρανθήτωσαν.
3682 4243 3701 4274 ι

2185 4337 2483 4396 Ἅπαντες,
2518 4330 2703 4399 φησὶν,
2734 4329 2781 4381 οἱ
2802 4331 2915 4389 τοῖς
2944 4325 3152 4395 ὁμοίοις
3168 4326 3360 4385 κακοῖς
3384 4318 3705 4391 περιπίπτον-

522 4416 680 4470 bona:
712 4418 824 4485 spei
857 4416 1199 4470 occasionem
1232 4432 1260 4469 a
1294 4418 1452 4471 nobis
1480 4418 1765 4487 arripiant.
1798 4440 1816 4471 ‹
1847 4420 2078 4487 Quaerite

2183 4443 2296 4488 τες,
2328 4423 2541 4484 ἐλπίδος
2577 4418 2789 4487 ἀγαθῆς
2822 4418 2949 4487 παρ’
2982 4415 3137 4485 ἡμῶν
3173 4413 3484 4466 λαϐέτωσαν
3516 4408 3704 4478 πρόφα-

523 4507 714 4571 Deuni,
745 4516 797 4561 et
830 4508 971 4560 vivet
1003 4506 1185 4560 anima
1215 4516 1411 4562 vestra.
1451 4526 1469 4559 ι
1511 4506 1775 4566 Praeterea
1808 4512 2075 4585 hortatur,

595 4701 618 4727 ιι
654 4686 799 4742 Psal.
832 4702 871 4751 ι,
898 4685 950 4740 5.
1028 4686 1057 4725 ι)
1086 4682 1225 4739 Dan.
1249 4700 1324 4751 v1,
1358 4684 1447 4740 10.

2188 4536 2290 4572 σιν.
2331 4535 2349 4567 ι
2390 4514 2757 4583 Ἐκζητήσατε
2782 4511 2871 4563 τὸν
2896 4509 3050 4573 Θεὸν,
3081 4508 3175 4561 καὶ
3204 4507 3425 4577 ζήσεται
3449 4504 3494 4536 ⁸⁸
3524 4505 3553 4572 ἡ
3578 4496 3704 4569 ψυχὴ

1610 4827 1843 4885 ἾΑΒΙΑΞ
1884 4831 2262 4889 LECTIONES
2296 4834 2384 4888 ET
2422 4832 2654 4888 NOTAE.

591 4947 636 4978 "
665 4947 1103 5020 lipamiquar:
1120 4945 1253 5020 _COd.
1275 4946 1297 4998 1
1322 4946 1446 5020 add.
1480 4948 1844 5020 Ἀκουέτωσαν
1867 4951 1915 5002 οἱ
1939 4952 2271 5020 γαυριῶντες
2303 4953 2393 5004 ἐπὶ
2414 4950 2538 5020 δόξῃ
2565 4950 2656 5003 καὶ
2691 4948 2903 5017 πλούτῳ
2928 4949 3017 5001 καὶ
3045 4947 3170 5020 τους
3203 4943 3366 5020 πέλας
3400 4939 3693 5020 ἀδικούντες.

532 5010 903 5068 Ἀκουέτιιὶσαν
924 5018 972 5067 οἱ
999 5016 1059 5067 τὸ
1083 5016 1288 5068 δίκαιον
1320 5018 1782 5086 ἀποστρεφόμενοι
1816 5023 1910 5073 καὶ
1942 5010 2001 5073 τὸ
2026 5010 2078 5075 ἀί

2181 5041 2207 5070 ν
2244 5010 2550 5082 ποθοῦντι-ἕξ.
2582 5020 2813 5071 Audiam
2852 5010 2947 5070 Iioc
2970 5018 3059 5085 qui
3092 5016 3152 5069 ob
3183 5016 3405 5084 gloriam
3435 5022 3481 5065 et
3511 5010 3697 5062 divitias

520 5103 574 5161 se
608 5087 850 5161 eﬂ’eru‘nt,
881 5086 1261 5161 cunrproximo
1293 5095 1466 5161 autem
1500 5088 1676 5161 inique
1701 5100 1884 5161 agunt.
1912 5093 2171 5151 Audiam,
2206 5094 2294 5161 qui
2317 5092 2525 5161 justum
2549 5087 3227 5161 pieruerttmt,_injustitiam
3260 5093 3430 5161 autem
3457 5086 3695 5161 αρρειξιζιξσ

519 5155 566 5187 ⁸³
611 5156 730 5210 Cod.
766 5156 791 5209 1

835 5145 1148 5225 μεταδίδως.
1222 5153 1264 5187 ⁸⁸
1303 5155 1412 5209 Τοῦ
1438 5145 1780 5223 προσὶῦποῦ.
1814 5160 1936 5214 Des.
1978 5164 2029 5214 in
2057 5177 2078 5216 ε

2210 5145 2231 5214 ί
2277 5145 2405 5215 θῖἓὶ.
2484 5158 2528 5190 ⁸³
2549 5145 2636 5212 ’⁸0
2665 5160 2830 5224 Θεός.
2860 5145 3056 5212 Ἐιιέιδι
3113 5164 3318 5225 tantum
3347 5154 3397 5205 in
3428 5145 3547 5204 edit.
3590 5145 3691 5199 Ald.

519 5235 579 5306 et
603 5224 1199 5306 Compithbestautem
1232 5241 1267 5306 a_
1290 5227 1412 5281 cod.
1440 5226 1491 5306 .
1567 5227 1969 5306 f’AAscmdtqy.
2002 5247 2078 5284 σοι

2206 5231 2365 5306 ΔΘεοῦ
2396 5231 2607 5306 καὶ-τού
2633 5229 2902 5306 Σωτῇρος.
2945 5227 3100 5306 _cod._
3119 5224 3155 5277 2
3189 5225 3345 5306 habet
3366 5231 3695 5306 tantumnqu-

517 5295 703 5365 τῆρος.
741 5285 824 5369 Ἀδδ
849 5294 1052 5369 {fatae}.
1095 5297 1214 5369 eod.
1247 5296 1280 5369 l
1307 5296 1807 5369 κατεψηφίσθησαν.
1883 5299 1927 5329 ⁸⁵
1950 5301 2071 5353 cod.

2181 5301 2325 5368 λέγει.
2402 5302 2447 5333 ⁸⁸
2474 5301 2626 5369 Είμί.
2664 5285 2839 5369 codri
2864 5285 2919 5351 et
2942 5298 2977 5350 2
3001 5295 3205 5369 addunt
3230 5291 3363 5369 gyri).
3434 5290 3479 5369 '1
3508 5285 3696 5369 :H_€l(a-

518 5356 819 5441 σ’ῑῖςέίιοάζ
842 5364 866 5417 1
921 5366 1043 5418 add.
1096 5356 1466 5441 ’Axoustwgav
1503 5356 1561 5441 ’ᾀὶ
1612 5356 2014 5437 ἁμαρτάνοντες
2034 5369 2129 5422 καὶ
2177 5356 2243 5441 τῇ
2288 5356 2554 5441 μετανοίοί
2574 5368 2979 5441 ὲμμενέτωσαγν,
3019 5366 3085 5419 δι’
3124 5356 3294 5432 αὐτῆς
3333 5356 3695 5441 ἀντιϐολούντες

516 5426 707 5508 τυχέίν-
760 5436 872 5508 τῆς.
914 5436 1210 5508 σωτηρίας.
1255 5437 1492 5508 Audiam
1530 5437 1621 5489 hoc
1651 5426 1957 5508 peccatores,
1986 5426 2035 5508 et
2068 5456 2078 5504 ι

2186 5426 2382 5494 ἰίξιιιίίω
2412 5426 2618 5508 δεηῴειδ
2650 5426 2859 5506 operam
2902 5426 3045 5495 dent.
3100 5426 3339 5508 rogantes
3370 5441 3422 5484 ut
3446 5446 3529 5499 per
3559 5429 3691 5508 ἕξξέηη

515 5506 798 5585 participes
817 5503 974 5585 "ﬁant
995 5503 1235 5585 δαιιιιίδ..
1279 5505 1326 5537 ⁸⁸
1354 5505 1540 5585 {cipiat
1577 5503 1925 5585 cedil‘adda
1952 5507 2072 5585 λέγε

2190 5511 2235 5585 εξ
2270 5514 2406 5585 Οὐκ.
2442 5503 2576 5585 cod.
2632 5503 2754 5585 iet
2784 5509 2819 5562 2
2868 5509 2949 5585 οὐ.
2979 5508 3108 5577 γάρ.
3143 5503 3268 5585 eod1

520 5575 686 5648 99432
714 5576 866 5648 φησὶν
912 5578 979 5645 τῇ
1019 5574 1295 5648 μετανοίᾳ,
1372 5576 1565 5648 ’νοέουιὶτ
1620 5579 1644 5630 1
1688 5576 1820 5630 ἀλλὰ
1871 5574 2131 5648 λήψομαι.
2209 5580 2250 5611 ⁸³
2282 5584 2399 5635 cod.
2435 5582 2457 5635 l
2496 5580 2765 5633 δεικνύναι
2788 5574 3148 5648 πειρώμενος.

3379 5496 3548 5570 praem.
3584 5496 3692 5562 Ἑμ-

3226 5576 3269 5605 ⁹¹
3294 5576 3438 5626 Μου.
3477 5571 3625 5621 Abest
3665 5576 3687 5611 a

515 5629 638 5698 cod.
668 5629 810 5720 i,.2'_
838 5629 891 5700 et
1097 5646 1206 5697 τῶν
1235 5629 1308 5698 0'.
1385 5647 1431 5720 ξ³
1467 5629 1701 5720 Ἄξιον-ζ
1732 5648 1851 5702 cod.

2181 5629 2457 5707 meruit-5'31-
2502 5629 2931 5706 ὐῖ”ἐιύὶ1’.“ιὲι’“ε
2969 5629 3220 5718 ἱερεύειν.
3295 5644 3339 5676 ⁹⁵
3373 5638 3501 5703 Θεῷ.
3533 5632 3637 5690 cod.
3662 5629 3690 5681 2

518 5727 702 5783 prtem.
742 5715 840 5786 τῷ.

914 5715 960 5747 ’⁸
981 5714 1246 5781 ,Ζήσεται
1275 5745 1343 5755 -
1374 5714 1557 5784 ὑμῶν.
1601 5716 1728 5773 Rec.
1779 5719 1937 5775 lectio
1970 5729 2051 5775 est
2081 5714 2332 5793 ζήσεσθε.
