3902 6498
233 290 365 361 1413

226 495 447 561 ὲλτὲίδος
481 501 578 552 καὶ
612 499 925 569 προσευχῆς
952 496 1056 567 τὴν
1092 496 1369 567 σωτηρίαν
1398 496 1583 549 λαϐεῖν
1600 497 1666 549 ⁸³.

292 591 391 644 λε’.
430 608 450 642 ι
483 592 608 644 Ὀτι
643 591 930 660 εἰσήκουσε
963 587 1073 642 τῶν
1098 589 1350 658 πενήτων
1378 590 1407 641 ὁ
1436 588 1642 659 Κύριος
1663 604 1675 616 ο
1709 586 1804 641 καὶ

226 684 348 745 τοὺς
382 682 801 752 πεπεδημένους
836 680 1003 734 αὐτοῦ
1036 680 1140 733 οὐκ
1173 680 1556 745 ὲξουδένωσεν.
1592 698 1612 730 ι
1656 678 1804 731 Ἐδέ-

227 774 356 837 ξατο
413 774 522 846 γὰρ
571 772 731 843 ήμῶν
781 773 879 843 τὴν
937 772 1143 841 δέησιν,
1204 770 1303 841 τὴν
1371 770 1566 825 πενίαν
1634 768 1756 823 ἰδών
1785 786 1801 801 ·

226 868 327 920 καὶ
363 866 523 920 ἔλυσε
578 866 647 920 τὰ
678 869 780 937 τῆς
836 864 1085 928 δουλείας
1126 864 1324 934 δεσμά.
1383 863 1804 932 Πεπεδημένους

228 959 286 1011 δὲ
320 958 526 1021 αὐτοὺς
557 957 851 1028 κέκληκεν,
886 957 1077 1027 ἐπειδὴ
1106 956 1269 1019 αὐτὸς
1288 954 1333 987 ⁹⁹
1357 955 1554 1018 αὐτοὺς
1585 957 1666 1018 εἰς
1685 955 1806 1008 δου·

230 1051 382 1105 λείαν
408 1051 699 1118 ἐξέδωκεν.

303 1144 400 1199 λε’.
440 1163 457 1196 ι
507 1143 895 1198 Αἱνεσὰτωσαν
935 1142 1099 1198 αὐτὸν
1133 1143 1183 1196 oi
1224 1142 1444 1213 οὐρανοὶ
1496 1141 1593 1195 καὶ
1631 1142 1664 1210 ή
1690 1140 1800 1211 γῆ’

234 1237 480 1292 θάλασσα
517 1235 613 1289 καὶ
650 1235 831 1289 πάντα
886 1235 954 1289 τὰ
994 1235 1230 1306 ἐρποντα
1257 1236 1315 1287 ὲν
1336 1235 1534 1305 αύτῇ¹.
1575 1253 1593 1285 ι
1625 1233 1804 1286 ’Ἄπα-

237 1345 358 1391 σαν,
387 1327 546 1397 φησὶ,
579 1327 679 1397 τὴν
731 1327 909 1380 κτίσιν
952 1328 1032 1391 εἰς
1070 1326 1356 1380 κοινωνίαν
1382 1326 1483 1396 τῆς
1531 1325 1803 1395 ύμνῳδίας

234 1424 423 1476 καλῶ·
465 1422 566 1475 οὐκ
607 1420 824 1492 ἀπόχρη
883 1420 990 1491 γὰρ
1023 1422 1059 1490 ὴ
1111 1419 1428 1491 ἀνθρωπεία
1457 1418 1674 1487 γλῶττα
1702 1420 1802 1481 τὰς

236 1515 387 1577 Θείας
414 1512 779 1582 διηγάσασθαι
802 1514 822 1543 ³
865 1513 1112 1583 χάριτας.

306 1606 416 1670 λς’.
461 1624 478 1657 ι
516 1606 685 1658 ὐτιό
709 1604 843 1667 Θεὸς
878 1604 1045 1656 σώσει
1069 1602 1167 1673 τὴν
1190 1600 1348 1665 Σιὼν,
1387 1601 1482 1654 καὶ
1514 1601 1804 1670 οἰκοδομη-

237 1699 494 1769 θήσονται
516 1699 574 1750 αί
604 1697 789 1759 πόλεις
813 1697 911 1767 τῆς
959 1694 1237 1758 Ἰουδαίας.
1269 1713 1286 1744 ι
1316 1693 1515 1746 Τοῦτον
1550 1693 1608 1745 δὲ
1656 1691 1804 1761 αύτῷ

1558 292 1639 353 ΙΝ
1656 292 1863 353 PSAL.
1892 291 2146 354 LXVIX.

227 410 398 479 ὑμῶν.
444 427 463 460 ι
499 407 647 479 Πρὸς
672 408 716 439 ’τ
749 406 963 469 τούτοις
997 407 1262 478 παραινεῖ
1309 405 1398 459 διά
1430 407 1528 476 τῆς
1563 406 1643 469 είς
1678 404 1808 457 Θεὸν

1920 413 1975 457 ut
2006 420 2102 473 spe
2136 404 2189 457 in
2226 401 2394 459 Deum
2427 401 2714 469 collocata,
2746 412 2800 459 et
2840 402 2978 459 fusis
3009 403 3285 474 precibus,
3341 420 3488 460 saiu-
3587 417 3590 422 '

3354 290 3489 357 1414

1911 504 2019 549 tem
2052 496 2343 565 accipiant.

1985 586 2150 641 Vens.
2192 588 2284 641 54.
2343 607 2361 640 ι
2401 587 2673 655 Quoniam
2718 589 2999 643 exaudivit
3044 589 3309 645 Dominus
3353 605 3489 660 pau-

1910 694 2093 747 peres.
2125 687 2180 733 et
2204 680 2419 735 vinctos
2443 697 2573 736 suos
2602 698 2709 736 non
2743 680 3011 751 despexit.
3044 701 3062 733 ι
3098 681 3233 736 Nam
3270 693 3488 739 nostras

1910 786 2100 840 preces
2136 772 2348 842 1087
2382 774 2626 838 admisit,
2664 790 2788 829 cum
2820 774 3057 844 inopiam
3092 776 3343 853 vidisset,
3372 777 3487 828 vin-

1910 864 2140 933 culaque
2172 866 2457 922 servitutis
2504 867 2686 921 solvit.
2727 868 2951 921 Vinctos
2986 882 3114 922 vero
3142 869 3292 937 ipsos
3328 882 3488 920 voea-

1911 957 2010 1023 vit,
2043 960 2305 1028 quoniam
2338 960 2456 1030 ipse
2498 976 2594 1017 eos
2623 962 2679 1016 in
2713 963 3030 1017 servitutem
3063 962 3380 1016 tradiderat.

1979 1138 2147 1196 Vens.
2187 1142 2278 1197 '55.
2327 1160 2345 1194 ι
2395 1143 2645 1199 Laudent
2684 1145 2835 1199 illum
2872 1144 2995 1200 coeli
3025 1153 3079 1199 et
3113 1153 3276 1209 terra,
3312 1158 3484 1197 mare.

1910 1240 1966 1287 et
1997 1232 2179 1287 omnia
2208 1234 2423 1302 reptilia
2458 1237 2509 1288 in
2540 1238 2640 1290 eis.
2680 1256 2697 1287 ›
2730 1236 2948 1299 Totum,
2983 1236 3179 1305 inquit.
3211 1236 3395 1289 orbem
3431 1236 3485 1288 in

1911 1323 2238 1394 hymnorum
2295 1327 2740 1381 communionem
2800 1342 2933 1382 voco
2980 1346 2993 1382 :
3042 1327 3483 1397 quandoquidem

1910 1431 2020 1470 non
2074 1414 2272 1471 sullicit
2327 1415 2566 1472 humana
2617 1418 2800 1488 lingua
2847 1418 3028 1473 divina
3080 1418 3341 1472 beneﬁcia
3373 1434 3487 1487 ex-

1909 1505 2139 1577 plicare.

1979 1599 2145 1655 Vens.
2183 1600 2270 1656 56.
2304 1621 2322 1653 ι
2348 1599 2615 1669 Quoniam
2642 1600 2785 1657 Deus
2813 1602 3017 1655 salvam
3051 1598 3211 1654 faciet
3240 1600 3482 1666 Sionem,

1911 1703 1965 1748 et
2016 1695 2434 1749 aedificabuntur
2496 1696 2748 1749 civitates
2798 1693 2974 1747 Judae.
3016 1712 3034 1743 ι
3098 1692 3268 1747 Porro
3340 1694 3485 1748 hunc

237 1790 541 1861 προσφέρω
568 1789 659 1841 τὸν
690 1787 877 1859 ὕμνον,
912 1787 1174 1857 λαμπρὰν
1216 1784 1360 1856 ὁρῶν
1411 1786 1505 1839 καὶ
1536 1785 1806 1855 περιφανῆ

1920 1787 2175 1856 hymnum
2206 1787 2309 1856 ipsi
2341 1785 2534 1851 offero,
2572 1787 2845 1841 illustrem
2878 1794 2933 1839 et
2977 1785 3317 1855 splendidam
3366 1783 3485 1838 Sio-

236 1884 336 1955 τὴν
367 1883 529 1948 Σιὼν,
588 1882 683 1935 καὶ
735 1882 833 1943 τὰς
874 1880 972 1950 τῆς
1034 1878 1294 1941 Ἰουδαίας
1330 1878 1516 1939 πόλεις
1566 1878 1665 1941 τάς
1715 1876 1810 1929 νῦν

237 1979 516 2048 ἐρήμους,
570 1977 669 2045 τὴν
712 1974 992 2045 προτέραν
1023 1972 1325 2043 εὐημερίαν
1355 1970 1736 2033 ἀπολαϐούσας
1767 1971 1807 2025 ³.

239 2070 398 2123 Οὕτω
452 2070 554 2138 τὴν
599 2067 887 2137 νεουργίαν
940 2067 1049 2119 τῶν
1106 2066 1319 2118 πόλεων
1398 2062 1809 2133 προθεσπίσας,

240 2156 609 2225 προαγορεύει
634 2156 730 2210 καλ⁸
758 2156 779 2186 ³
806 2155 914 2209 τῶν
942 2154 1248 2226 οἰκητόρων
1280 2153 1341 2207 τὸ
1374 2152 1598 2223 πλῆθος.
1644 2172 1663 2204 ι
1702 2154 1812 2205 Καὶ

241 2248 671 2318 κατοικήσουσιν
720 2249 854 2313 ἐκεῖ,
893 2248 986 2301 καὶ
1034 2245 1531 2317 κληρονομήσουσιν
1562 2245 1749 2314 αὑτήν.
1787 2262 1805 2295 ι

241 2340 302 2391 Οί
328 2338 448 2400 νῦν,
475 2339 663 2409 φησιν,
693 2339 1054 2409 αἰχμάλωτοι,
1102 2337 1203 2407 τῆς
1238 2336 1501 2390 ἐπανόδου
1532 2335 1810 2405 τυχόντες,

242 2430 333 2481 καὶ
380 2428 483 2490 τὰς
518 2428 728 2500 οἰκείας
772 2428 1187 2498 οἰκοδομήσουσι
1226 2425 1434 2488 πόλεις,
1476 2425 1570 2477 καὶ
1612 2440 1813 2477 κατοι-

245 2521 508 2589 κήσουσιν
531 2521 589 2572 ἐν
635 2521 829 2582 αὐταῖς
852 2537 867 2551 ·
903 2521 1006 2573 οὐκ
1036 2518 1195 2572 αὐτοὶ
1215 2517 1272 2571 δὲ
1316 2518 1467 2587 μόνοι
1494 2555 1509 2580 ,
1541 2515 1679 2570 ἀλλά
1720 2516 1814 2568 καὶ

243 2614 290 2665 οί
336 2608 550 2663 τούτων
607 2612 796 2674 παῖδες
828 2612 925 2665 καὶ
971 2611 1019 2663 oi
1073 2609 1308 2679 ἔκγονοι.
1362 2607 1534 2662 Τοῦτο
1566 2607 1675 2679 γὰρ
1714 2608 1813 2660 ἐπ-

245 2704 457 2774 ἠταγε·

307 2790 409 2855 λς’.
458 2808 477 2842 ι
515 2789 627 2844 Καὶ
646 2790 706 2843 τὸ
733 2790 954 2862 σπέρμα
980 2789 1089 2844 τῶν
1107 2788 1308 2845 δούλων
1334 2806 1429 2842 σου
1447 2791 1467 2821 ⁸
1492 2788 1813 2854 καθέξουσιν

243 2885 434 2957 αὐτήν.
480 2904 501 2937 ι
560 2883 779 2955 Ἐπειδὴ
810 2885 867 2937 δὲ
900 2886 997 2954 τῆς
1028 2884 1167 2936 κατά
1204 2882 1303 2936 τοῦ
1334 2883 1622 2954 Σωτῆρος⁶
1654 2882 1814 2935 ἕνεκα

247 2977 445 3047 μανίας
469 2976 571 3047 τὴν
614 2976 853 3045 παντελῆ
892 2974 1271 3046 πανωλεθρίαν
1325 2974 1552 3046 ἔμελλον
1598 2974 1809 3045 ὑπομέ-

244 3086 369 3131 νειν,
404 3069 633 3133 εξκότως
654 3069 718 3121 τὸ
742 3068 1165 3139 ἀκροτελεύτιον
1194 3067 1272 3138 τῷ
1314 3067 1516 3138 ψαλμῷ
1569 3069 1811 3122 τοιοῦτον

244 3163 615 3216 ὲπιτέθεικετ.
671 3180 689 3213 ι
748 3164 859 3215 Καὶ
889 3163 940 3215 οἱ
985 3160 1309 3231 ἀγαπῶντες
1353 3160 1416 3214 τὸ
1469 3160 1643 3233 δνομά
1673 3163 1808 3233 σουξδ

243 3252 765 3323 κακασκηνώσουσιν
784 3255 840 3307 ὲν
856 3254 1019 3325 αὐτῇ.
1034 3273 1155 3307 ι-ι
1167 3254 1241 3307 Ού
1264 3252 1371 3323 γάρ
1386 3252 1587 3317 πάντες
1603 3256 1623 3287 ⁹
1646 3253 1811 3326 [κατά

242 3347 328 3398 τὸν
350 3346 496 3398 θεῖον
521 3344 886 3417 Ἀπόστολον]
912 3347 961 3399 οἱ
992 3345 1051 3412 ἐξ
1086 3344 1323 3416 Ἰσραὴλ,
1354 3338 1502 3397 οὗτοι
1544 3345 1763 3417 Ἰσραήλ
1793 3360 1809 3375 ·

241 3439 357 3492 οὐδὲ
392 3440 480 3492 ὅτι
516 3438 560 3469 ¹⁰
590 3439 697 3490 εἰσὶ
724 3437 945 3509 σπέρμα
973 3438 1015 3469 ¹¹
1055 3437 1327 3509 Ἀϐραὰμ,
1355 3438 1556 3501 πάντες
1570 3439 1755 3492 τέκνα.
1785 3457 1804 3490 ›

242 3532 535 3601 Συμφωνεῖ
568 3531 625 3585 δὲ
664 3530 879 3594 τούτοις
915 3530 1010 3584 καὶ
1041 3529 1111 3584 τά
1172 3529 1493 3602 προφητικά
1556 3531 1808 3602 ῥήματα·

248 3623 403 3675 «Ἐὰν
499 3624 529 3674 ὁ
554 3621 786 3693 ἀριθμὸς
808 3621 918 3676 τῶν
958 3620 1092 3674 υἱῶν
1132 3621 1373 3695 Ἰσραὴλ,
1412 3623 1486 3686 ὡς
1510 3623 1601 3692 ή¹¹
1630 3624 1814 3694 ἄμμος

243 3715 337 3783 τῆς
371 3712 675 3783 Θαλάσσης,
702 3713 764 3766 τὸ
784 3713 1135 3784 κατάλειμμα
1163 3713 1501 3786 σωθήσεται.
1520 3735 1538 3767 ι
1577 3715 1748 3770 Τοῦτο
1769 3716 1813 3748 ¹³

243 3805 335 3858 καὶ
361 3807 391 3859 ό
421 3804 692 3876 μακάριος
733 3805 836 3875 ἔφη
874 3805 1038 3859 Δαὸίδ
1059 3822 1073 3836 ·
1114 3825 1133 3858 ι
1165 3806 1273 3861 Καί
1308 3808 1355 3859 oi
1399 3807 1721 3874 ἀγαπῶντες
1752 3806 1814 3860 τὸ

258 3896 432 3968 δνομά
457 3914 556 3949 σου
617 3896 1136 3966 κατασκηνώσουσιν
1172 3898 1230 3951 ὲν
1268 3898 1426 3969 αὐτῇ.
1458 3917 1477 3949 ι
1523 3900 1678 3952 Μετὰ
1705 3900 1813 3970 γὰρ

244 3989 331 4042 τὸν
353 3990 615 4059 σταυρὸν,
665 3991 760 4041 καὶ
804 3988 903 4059 τὴν
954 3988 1154 4043 λύτταν
1208 3988 1423 4060 ἐκείνην
1473 3988 1813 4059 ἐξηλάθησαν

248 4082 344 4148 μὲν
369 4084 420 4135 οἱ
442 4081 483 4113 ⁸⁸
513 4081 676 4144 κύνες
700 4083 894 4134 ἐκεῖνοι
925 4082 967 4112 ⁸⁸
996 4097 1008 4110 ο
1028 4084 1077 4134 οἱ
1116 4081 1171 4135 δὲ
1198 4080 1525 4149 ἀγαπῶντες
1556 4081 1718 4135 αὑτὸν
1746 4082 1812 4146 ’⁸,

247 4173 302 4223 ὲν
328 4174 397 4241 τῇ
426 4171 565 4225 Σιὼν
596 4174 1042 4243 κατεσκήνωσαν,
1074 4172 1172 4244 τὴν
1218 4172 1321 4243 τῆς
1378 4173 1641 4237 αίνέσεως
1664 4172 1814 4243 αὑτῷ

248 4263 437 4316 θυσίαν
462 4264 861 4334 προσφέροντες
882 4264 943 4317 ¹⁷.

559 4377 823 4431 ΕΡΜΗΝ.
870 4376 1005 4428 ΤΟΥ
1033 4374 1131 4430 ΞΘ
1174 4378 1492 4432 ΨΑΛΜΟΥ.

1912 1892 2037 1930 nem
2065 1877 2273 1940 videns,
2301 1887 2356 1931 et
2385 1876 2588 1931 Judaae
2613 1877 2881 1942 civitates,
2908 1892 3028 1945 qua:
3060 1890 3204 1929 nunc
3232 1876 3485 1929 desolata:

1911 1980 2063 2035 sunt,
2101 1971 2387 2040 pristinam
2419 1970 2734 2025 felicitatem
2767 1978 3113 2023 conseculas.
3142 1964 3234 2020 Sic
3263 1965 3483 2018 urbium

1910 2062 2325 2117 reuovationem
2378 2062 2731 2122 vaticinatus,
2785 2060 3033 2130 praedicit
3079 2059 3242 2113 etiam
3281 2059 3484 2112 incola-

1910 2169 2031 2209 rum
2068 2152 2456 2223 frequentiam.
2517 2171 2535 2203 ι
2573 2152 2637 2205 Ει
2668 2151 2991 2205 habitabunt
3028 2148 3121 2215 ibi,
3170 2156 3223 2201 et
3256 2148 3484 2201 haeredi-

1913 2255 2025 2300 tate
2058 2246 2342 2315 acquirent
2372 2261 2516 2301 eam.
2556 2263 2573 2295 υ
2611 2244 2771 2309 Cum,
2828 2242 3023 2311 inquit,
3071 2241 3125 2294 hi
3157 2240 3251 2309 qui
3284 2238 3480 2307 captivi

1912 2354 2060 2392 nunc
2113 2338 2334 2407 degunt,
2395 2337 2627 2390 reditum
2679 2334 2956 2390 consecuti
2998 2332 3220 2396 fuerint,
3271 2340 3324 2384 et
3360 2347 3483 2399 pro-

1912 2430 2060 2500 prias
2091 2430 2342 2483 civitates
2382 2428 2748 2491 mditicabunt,
2786 2435 2841 2481 et
2892 2427 3012 2479 illas
3064 2425 3350 2479 incolent:
3389 2438 3481 2476 ne-

1914 2537 2019 2591 que
2051 2538 2182 2576 vero
2215 2523 2319 2592 ipsi
2345 2523 2469 2587 soli,
2499 2523 2591 2576 sed
2618 2522 2780 2576 etiam
2811 2534 3000 2574 eorum
3027 2517 3145 2582 filii,
3177 2526 3230 2571 et
3259 2517 3477 2585 posteri.

1914 2614 2029 2671 Hoc
2054 2616 2199 2671 enim
2233 2615 2517 2685 subiunxit
2543 2633 2555 2668 :
3514 2600 3517 2601 ν

1986 2796 2150 2852 Vsus.
2191 2797 2280 2852 57.
2328 2814 2347 2848 ι
2386 2795 2451 2851 Ει
2483 2810 2668 2851 semen
2701 2810 2985 2850 servorum
3033 2804 3250 2847 tuorum
3302 2793 3482 2862 possi-

1913 2887 2063 2943 debit
2095 2902 2238 2941 eam.
2274 2904 2292 2937 ι
2329 2885 2596 2951 Quoniam
2621 2894 2801 2938 autem
2829 2893 3051 2953 propter
3083 2883 3342 2945 furorem,
3371 2898 3481 2952 quo

1914 2979 1967 3032 in
2021 2976 2357 3031 Salvatorem
2411 2974 2601 3045 perciti
2651 2972 2894 3036 fuerunt,
2947 2983 3244 3028 extremam
3300 2974 3481 3042 perni-

1914 3070 2050 3125 ciem
2102 3067 2335 3124 subituri
2386 3075 2561 3133 erant,
2609 3067 2803 3120 merito
2855 3066 3017 3119 talem
3063 3068 3274 3135 psalmo
3316 3068 3479 3118 linem

1914 3161 2193 3231 imposuit.
2238 3179 2257 3211 ι
2291 3157 2357 3213 Ει
2394 3161 2486 3228 qui
2530 3159 2758 3228 diligunt
2801 3174 3001 3211 nomen
3043 3167 3218 3222 tuum,
3271 3158 3481 3211 habita-

1912 3254 2049 3309 bunt
2078 3253 2133 3306 in
2174 3266 2258 3307 ea.
2294 3271 2313 3304 ι
2342 3284 2409 3292 -
2436 3270 2454 3302 ι
2492 3250 2610 3305 Non
2644 3253 2789 3304 enim
2835 3266 3024 3306 omnes
3054 3251 3146 3320 qui
3188 3265 3253 3304 ex
3283 3250 3482 3303 lsracle

1910 3345 2176 3416 originem
2205 3346 2429 3409 ducunt,
2468 3342 2551 3415 [ut
2582 3344 2657 3397 ait
2701 3344 2919 3398 divinus
2947 3346 2963 3363 ⁶
3003 3340 3342 3413 Apostolus,j
3378 3342 3481 3410 ipsi

1911 3440 2170 3496 Israelita:
2194 3450 2324 3494 sunt
2350 3458 2363 3493 :
2393 3454 2567 3509 neque
2592 3438 2737 3508 quod
2764 3439 2875 3491 sint
2903 3453 2967 3493 ex
2997 3438 3203 3492 semine
3227 3438 3480 3499 Ahrabre,

1913 3533 2035 3589 ideo
2069 3542 2198 3588 sunt
2241 3547 2436 3587 omnes
2483 3530 2649 3585 liliiC.
2692 3549 2711 3582 ι
2766 3528 3118 3600 Respondent
3164 3542 3346 3583 autem
3396 3528 3483 3585 his

1917 3626 2134 3697 1088
2148 3626 2309 3681 etiam
2337 3625 2611 3695 propheta:
2638 3624 2804 3679 verba
2837 3642 2852 3678 :
2887 3642 2906 3675 ι
2933 3623 2988 3678 Si
3024 3622 3189 3677 fuerit
3221 3638 3481 3677 numerus

1911 3720 2151 3773 ﬁliorum
2203 3717 2411 3783 Israel,
2475 3726 2734 3786 tanquam
2781 3731 2949 3771 arena
2996 3717 3185 3777 maris,
3238 3716 3481 3784 reliquiae

1913 3809 2268 3864 salvabuutur
2287 3808 2369 3864 ἀ.»
2403 3806 2516 3863 Hoc
2544 3809 2704 3863 etiam
2730 3808 2920 3862 beatus
2944 3808 3019 3861 ait
3054 3807 3273 3867 David,¢
3296 3808 3358 3859 Et
3387 3809 3480 3875 qui

1914 3898 2145 3969 diligunt
2174 3914 2372 3953 nomen
2401 3908 2577 3961 tuum,
2603 3898 2923 3952 habitabuut
2953 3897 3005 3950 in
3047 3912 3160 3950 ea.»
3197 3895 3329 3951 Nam
3359 3908 3479 3966 post

1914 4005 2158 4054 crucem,
2192 3999 2245 4044 et
2274 3989 2479 4043 rabiem
2509 3988 2676 4052 illam,
2714 4002 2878 4042 canes
2908 3987 2983 4040 illi
3013 3986 3185 4041 exacti
3216 3986 3434 4040 fuerunt
3462 4003 3476 4039 :

1913 4082 2199 4152 diligentes
2225 4091 2405 4137 autem
2430 4082 2631 4152 ipsum,
2665 4082 2717 4134 in
2748 4080 2914 4137 Sione
2937 4080 3272 4146 habitarunt,
3302 4080 3478 4135 laudis

1914 4174 2246 4230 sacriﬁcium
2283 4174 2361 4229 illi
2392 4173 2700 4230 offerentes.

2299 4379 2574 4435 INTERP.
2615 4380 2866 4435 PSALMI
2906 4380 3093 4437 LXIX.

314 4476 385 4522 a'.
425 4488 443 4519 ι
462 4469 557 4531 Εἰς
584 4469 646 4520 τὸ
675 4468 848 4531 τέλος,
867 4466 945 4539 τῷ
969 4468 1153 4536 Δαὸὶδ,
1181 4471 1262 4533 είς
1301 4470 1626 4541 ἀνάμνησιν,
1654 4472 1735 4533 είς
1754 4472 1808 4525 τὸ

1987 4471 2154 4528 Vens.
2196 4474 2247 4528 1.
2293 4491 2311 4524 ι
2348 4474 2408 4526 In
2450 4474 2633 4527 linem.
2680 4473 2737 4527 In
2772 4474 3232 4528 reminiscentiam
3264 4473 3474 4537 Davidi,

250 4559 421 4613 σῶσαί
453 4578 520 4631 με
550 4562 755 4632 Κύριον
777 4560 841 4615 ιδ.
884 4579 904 4613 υ
959 4559 1131 4614 Τοῦτο
1158 4561 1215 4615 δὲ
1249 4564 1307 4615 ὲν
1338 4563 1502 4627 ἐνίοις
1547 4564 1811 4636 ἀντιγρά-

319 4688 341 4715 ο
374 4676 536 4731 Rom.
563 4692 639 4740 Ix,
670 4674 724 4743 6,
756 4675 808 4730 7.
884 4673 911 4715 ἀ
941 4672 1045 4731 Isa.
1081 4693 1135 4741 ι,
1166 4677 1256 4732 22.

1917 4574 1977 4619 ut
2006 4566 2215 4620 salvum
2257 4581 2345 4621 me
2376 4564 2539 4621 faciat
2570 4564 2853 4621 Dominus.
2892 4585 2911 4616 ι
2950 4564 3063 4621 Hoc
3104 4566 3158 4620 in
3207 4567 3480 4636 aliquibus

1332 4793 1567 4849 νΑῐιιιΕ
1608 4794 1990 4851 LECTIONES
2028 4795 2114 4850 ΕΤ
2163 4793 2393 4852 NOTAE.

318 4886 364 4959 ’_'
394 4885 581 4959 Ῐζθός.Δ
621 4883 878 4959 ﬁbesba
923 4887 1051 4959 cod.
1110 4887 1161 4945 1.
1238 4886 1284 4920 ’⁸
1307 4888 1542 4944 Λαόεῖν.
1604 4889 1726 4943 cod.
1776 4889 1801 4943 1

1920 4890 1961 4943 I.
2026 4891 2122 4944 καὶ
2172 4890 2317 4954 τίνος
2368 4890 2555 4944 ἕνεκεν
2610 4891 2777 4959 λέγει.
2887 4895 2932 4926 ⁹⁹
2966 4895 3176 4959 Αὐτός.
3220 4892 3390 4947 Abest
3450 4909 3478 4947 1

248 4957 373 5030 cod.
410 4956 488 5030 Δ2.
537 4953 785 5030 _‘_Rec._
813 4955 974 5030 lectio
1025 4966 1107 5030 est
1165 4959 1400 5030 adroic._
1471 4959 1655 5030 _’_cod.
1717 4961 1741 5013 1
1787 4960 1808 5012 ὃ

1920 4958 2114 5014 εἰσθαι.
2215 4962 2382 5016 'cod.
2447 4963 2480 5015 2
2516 4953 2916 5027 ἀπολαυούσας.
2995 4953 3179 5018 ’⁸Καῖ.
3238 4963 3365 5018 Des.
3427 4964 3480 5016 in

249 5027 375 5100 (pd.
400 5025 458 5078 2.
515 5026 555 5100 ,⁸
582 5028 724 5100 ζου.
750 5024 880 5100 Dec.
916 5028 1075 5100 lectio
1107 5038 1193 5082 est
1238 5028 1427 5100 αὑτοῦ.
1469 5028 1633 5100 Hebr.
1668 5038 1808 5094 ντες

1920 5032 1939 5061 ⁸
1965 5030 2261 5100 Σωτῆρος.
2298 5031 2419 5086 cod.
2458 5035 2479 5084 1
2524 5048 2711 5100 prtem.
2744 5024 2889 5086 Θεοῦ*
2917 5034 3029 5088 καί.
3108 5034 3128 5065 ⁷
3155 5032 3275 5088 cod.
3305 5034 3341 5087 2
3394 5034 3485 5085 ὲπ-

250 5098 437 5166 έθηκε.
513 5094 534 5125 ⁸
568 5099 709 5149 Σου.
755 5095 885 5151 Rec.
920 5099 1079 5151 lectio
1107 5100 1160 5153 in
1192 5107 1341 5153 textu
1362 5098 1467 5152 τῶν
1491 5097 1545 5152 0'
1573 5108 1654 5154 est
1684 5102 1808 5153 αὐτο

252 5168 293 5198 ¹⁰
312 5165 468 5238 οὐδὲ
498 5165 612 5238 Qu.
654 5167 776 5238 cod.
804 5167 828 5220 1
862 5168 971 5220 οὐδ’
996 5169 1130 5221 ὅσοι.
1208 5169 1248 5199 ¹¹
1286 5170 1408 5223 cod.
1444 5168 1478 5222 2
1507 5171 1808 5238 σπέρματα.

1927 5100 1947 5131 ³
1970 5098 2012 5151 E
2048 5094 2170 5154 cod.
2192 5094 2415 5171 i'suppl.
2444 5094 2701 5157 Eaindem
2732 5103 3018 5158 lectionem
3043 5105 3232 5159 habuit
3262 5103 3479 5158 Caral‘a.

1920 5175 1936 5200 '
1980 5171 2077 5235 Ὡς
2104 5171 2165 5238 ἡ.
2207 5174 2328 5225 cod.
2369 5172 2576 5226 1ὼσεί.
2654 5173 2698 5204 ¹³
2742 5174 3011 5228 Τοῦτο--⁴
3043 5173 3237 5228 Δαϐίδ.
3284 5174 3479 5227 Des.in

601 5206 612 5218 .
654 5187 776 5220 CUU.
804 5187 828 5220 ἰ
862 5187 956 5220 ουο
996 5187 1130 5221 οσοι.
1209 5187 1248 5199 ⁸⁵
1286 5187 1408 5223 000.
1444 5187 1478 5222 Ζ
1507 5187 1808 5228 σπερματα.

1920 5187 1936 5200 ⁵
1986 5187 2077 5228 ’.υς
2104 5187 2165 5228 ἠο
2207 5187 2328 5225 C00.
2369 5187 2393 5224 ‘l
2424 5187 2576 5226 ωσει.
2655 5187 2698 5204 ¹⁶
2742 5187 3011 5228 ἹὈυῖὈ·--⁴
3043 5187 3237 5228 Δασισ.
3285 5187 3483 5227 ues.tn

254 5187 293 5198 --
312 5187 468 5219 υυοε
503 5187 612 5218 οτι.
654 5187 776 5220 cou.
804 5187 828 5220 ι
862 5187 956 5220 ouo
996 5187 1130 5221 οσοι.
1209 5187 1248 5199 ’³
1286 5187 1408 5223 con.
1444 5187 1478 5222 z
1507 5187 1808 5241 σπερματα.

251 5237 374 5314 cod.
497 5234 701 5314 Ijotum
730 5237 852 5314 I_oco
877 5238 930 5290 in
965 5239 1090 5314 cod.
1133 5239 1301 5314 ‘I_Ieg.
1331 5242 1405 5314 Ού
1436 5240 1612 5314 μόνον,
1641 5243 1805 5314 φησὶν

1920 5187 1936 5200 ·
1986 5187 2077 5235 ’.υς
2104 5187 2165 5238 η.
2207 5187 2328 5225 cou.
2369 5187 2393 5224 ‘t
2424 5187 2576 5226 ωσει.
2655 5187 2698 5204 ιε’
2742 5187 3011 5228 'l'ovto—-
3043 5187 3237 5228 Δασισ.
3285 5187 3483 5227 ues.m

1947 5240 2209 5314 μακάριοι
2233 5241 2518 5295 ἀπόστολοι
2545 5243 2644 5314 ,καὶ
2696 5244 2745 5295 οἱ
2780 5246 2908 5314 περὶ
2952 5245 3206 5314 Ἰάκωϐον
3236 5242 3333 5297 καὶ
3357 5245 3483 5305 τοὺς

250 5305 473 5384 λοιποὺς
502 5300 576 5384 ῶν
596 5308 711 5384 ἐστι
734 5308 1004 5384 Στέφανος
1032 5310 1059 5360 ό
1088 5300 1303 5384 πρῶτός
1330 5300 1448 5384 τῶν
1465 5300 1970 5384 ἀθλοφόρωνξΠερὶ
1999 5300 2205 5364 τούτων
2235 5314 2343 5382 γὰρ
2371 5315 2465 5365 καὶ
2502 5313 2605 5365 τῶν
2628 5316 2749 5367 κατ’
2772 5300 2969 5376 αὐτοὺς
2996 5316 3120 5384 ἔφη.
3144 5313 3267 5367 Non
3301 5300 3477 5384 gnoao;

253 5377 464 5457 inquit,“
496 5377 634 5429 beati
666 5378 1032 5457 apostolihaut
1063 5377 1152 5448 qui
1180 5377 1839 5457 cumlacqbqet—réliqu‘ia
1867 5377 2038 5457 erian},
2083 5377 2542 5457 quqrn'm'pfimus
2566 5394 2768 5457 martyr
2794 5386 2897 5457 fuit
2929 5377 3248 5457 Stephanus.
3288 5382 3363 5436 De
3401 5384 3482 5437 his

254 5448 391 5517 enim
422 5448 589 5515 iisque
613 5449 701 5512 qui
729 5464 845 5500 cum
866 5448 975 5501 illis
1005 5459 1176 5517 erant,
1207 5450 1355 5503 dicit.
1435 5450 1477 5480 ”
1507 5453 1590 5502 Ol.
1626 5448 1746 5505 cod.
1782 5452 1805 5503 1

1920 5452 1945 5504 2
1970 5451 2064 5515 ὡς.
2094 5448 2104 5451 “
2143 5454 2186 5484 ¹⁵
2232 5448 2501 5507 Ἐκεῖνοι.
2529 5456 2651 5508 cod.
2683 5448 3110 5509 Γοῖθεοκτόνοι.
3142 5456 3485 5508 Οὐεσπασια-

257 5516 833 5596 γδςλγὰρέιὺτοὺςικᾳὶ
854 5518 1331 5596 Τῖτος-ἄρδην-τῆς
1380 5520 1640 5596 Ἰουδαίας
1698 5520 1973 5596 ἐξέϐαλον.
2053 5523 2097 5553 ¹⁶
2146 5524 2363 5577 Αὐτόν.
2415 5525 2600 5596 ορό.1
2651 5525 2783 5596 add.
2831 5526 2921 5578 τὸν
2975 5524 3355 5596 σταυρωθέντα
3384 5524 3485 5596 καλ.

254 5585 644 5665 ὁμολογούντες
668 5585 830 5665 αὐτὸν
854 5589 986 5641 Θεὸν
1015 5585 1639 5665 έκζθεοῦέϐνιιείβπιιηι,
1675 5602 1732 5665 et_
1767 5609 1808 5644 ι’(

1920 5602 2104 5665 rentes,
2138 5609 2255 5646 eum
2297 5610 2412 5665 esse
2445 5593 2609 5647 Deum
2656 5611 2720 5648 ea:
2752 5594 2879 5649 Deo.
2959 5596 3001 5627 ³⁷
3031 5585 3263 5665 Προσφ.
3297 5593 3477 5665 cod._i

257 5654 381 5737 add:
415 5657 510 5709 xui.
541 5656 703 5728 μέχρι
724 5659 982 5737 ’σήμερον
1011 5659 1226 5737 ὁρῶμεν
1270 5654 1516 5737 ἅπαντες
1545 5654 1898 5737 ἀντιμεμημα
1947 5654 2223 5737 ἀγγέλων,
2256 5663 2353 5734 τὴν
2383 5666 2559 5737 ἐκεῖσε
2581 5666 3046 5737 ἀναπεμπομένην
3076 5654 3375 5737 ὒμνῷδίαν.
3416 5662 3483 5717 Et

257 5725 324 5780 ad
348 5725 486 5783 hunc
513 5725 675 5799 usque
701 5725 841 5785 diem
869 5725 1297 5788 omnes'uidemus
1333 5741 1399 5785 ad
1424 5725 1773 5789 imitationem
1801 5725 2109 5788 'duaelorum
2156 5725 2403 5805 hymn'um
2455 5736 2527 5790 ibi
2580 5725 2919 5793 celebraturi}.
3000 5725 3043 5772 ίο
3070 5725 3248 5793 θοαί]
3277 5734 3475 5807 Κύριε.
