3936 6488
540 313 676 394 1435

1521 328 2007 392 THEODORETI
2045 331 2380 396 EPISCOPI
2418 333 2780 395 CYRENSIS

3615 340 3738 407 1436

538 441 710 494 heret.
741 435 816 490 Ex
843 452 908 492 eo
930 445 1109 492 autem
1137 447 1399 508 tempore,
1415 437 1486 494 ait
1515 441 1875 512 evangelista,
1905 445 2105 514 incepit

2209 448 2359 518 στὴς,
2409 448 2610 519 ἤρξατο
2648 446 2937 518 κηρύττειν
2976 447 3070 501 καί¹
3104 448 3306 516 λέγειν,
3364 468 3382 502 ι
3419 451 3735 522 Μετανοεῖτε,

537 531 852 614 praedicare,
885 540 938 586 et
962 531 1142 586 dicere
1171 531 1616 587 :«Poenitentiam
1639 533 2109 606 agite,appr0pin-

537 625 882 694 quavitenim
905 639 1129 693 regnum
1160 624 1421 678 caelorum
1452 635 1531 678 τ.»
1554 625 1763 682 Idcirco
1786 628 2109 681 ctvaticina-

539 717 617 774 tio
637 717 797 773 dicit:
828 716 1236 771 «Dominabitur
1264 733 1291 770 a
1316 717 1538 772 ﬂumine
1568 734 1741 788 usque
1760 719 1824 774 ad
1846 721 2108 774 terminos

539 812 687 866 orbis
721 821 1012 866 terrarum.
1049 830 1066 860 ι
1105 809 1305 863 Deinde
1331 819 1384 863 et
1413 811 1518 864 alio
1545 811 1703 865 modo
1724 811 1825 866 hoc
1852 812 2105 866 illustrat.

617 900 781 956 Vens.
812 899 865 964 9,
899 898 984 951 10.
1025 916 1042 948 ι
1080 897 1274 968 Coram
1301 897 1391 953 illo
1413 899 1698 968 procident
1724 896 2028 970 Ethiopes,
2057 910 2110 955 et

541 993 752 1050 inimici
787 993 906 1063 ejus
943 1001 1140 1044 terram
1174 989 1400 1059 lingent.
1437 989 1612 1060 Reges
1652 989 1902 1052 Tharsis,
1942 1000 1997 1045 et
2026 991 2110 1045 in-

540 1087 705 1149 sulae,
757 1099 982 1139 munera
1025 1080 1253 1137 oﬂ'erent
1283 1099 1296 1135 :
1329 1097 1485 1151 reges
1533 1082 1808 1148 Arabum,
1863 1092 1917 1138 et
1967 1082 2108 1137 Saba

537 1179 683 1233 dona
729 1175 1017 1231 adducent.
1057 1193 1074 1224 ι
1131 1172 1346 1226 Tharsis
1403 1173 1783 1244 Carthaginem
1835 1175 2107 1228 civitatem

539 1271 721 1341 Libyae
753 1268 1076 1338 principem,
1111 1276 1166 1321 et
1210 1268 1398 1320 beatus
1442 1265 1631 1330 Isaias,
1685 1276 1740 1321 et
1773 1268 2110 1323 admirabilis

540 1360 792 1416 Ezechiel
835 1367 1176 1429 nuncupant.
1226 1355 1368 1412 Saba
1408 1369 1616 1422 autem,
1657 1357 1948 1429 (Ethiopia:
1980 1375 2111 1428 gens

539 1462 644 1513 est.
688 1452 793 1507 Sed
848 1451 1041 1523 Libyes
1091 1451 1183 1521 qui
1237 1460 1291 1504 et
1342 1449 1458 1504 Afri
1505 1461 1923 1520 nuncupantur,
1969 1453 2113 1506 occi-

2206 538 2399 608 ήγγικε
2430 538 2596 610 γάρὴ
2626 539 2868 608 βασιλεία
2901 538 3008 591 τῶν
3039 539 3306 609 οὐρανῶν.
3343 559 3361 592 ι
3399 535 3470 595 Οὗ
3493 541 3552 613 δὴ
3578 547 3719 615 χάριν

2207 633 2299 684 καὶ
2326 633 2358 700 ἡ
2395 631 2698 701 προφητεία
2722 632 2906 700 φησὶν,
2935 633 3016 683 ὅτι
3049 649 3066 680 ι
3097 632 3376 702 Κρατήσει
3406 635 3510 687 ἀπὸ
3539 637 3624 689 τοῦ
3655 656 3741 692 πο-

2206 719 2380 788 ταμοῦ
2412 720 2515 782 ἓως
2544 720 2650 772 τῶν
2694 719 2946 786 περάτων
2971 720 3072 789 τῆς
3093 720 3437 791 οἰκουμένης.
3469 741 3485 774 ι
3523 721 3642 779 Εἶτα
3659 729 3740 781 καὶ

2208 810 2474 880 ἑτέρωθεν
2505 810 2664 864 τοῦτο
2694 813 2835 863 ποιεῖ
2859 811 3092 880 φανερόν
3108 811 3175 866 ⁸⁷.

2279 901 2346 964 θ’,
2375 908 2424 953 ι’.
2471 919 2490 952 ‹
2523 900 2786 954 Ἐνὼπιον
2815 899 2981 954 αὑτοῦ
3013 903 3415 972 προπεσοῦνται
3436 903 3738 969 Αίθίοπες⁵⁸,

2209 992 2304 1045 καὶ
2327 993 2376 1044 οἱ
2398 991 2580 1062 ἐχθροὶ
2601 991 2764 1045 αὐτοῦ
2788 991 2914 1061 χοῦν
2936 990 3187 1056 λείξουσι.
3212 993 3461 1057 Βασιλεῖς
3481 994 3742 1063 Θαρσεῖςυ

2209 1084 2304 1136 καὶ
2338 1083 2491 1152 νῆσοι
2519 1083 2667 1156 δῶρα
2696 1081 3044 1154 προσοίσουσι
3063 1101 3077 1116 ο
3128 1084 3370 1153 βασιλεῖς
3412 1087 3642 1156 Ἀράϐων
3664 1091 3743 1144 καὶ

2210 1175 2392 1228 Σαϐὁὰ
2418 1176 2461 1207 ⁸ο
2502 1176 2649 1246 δῶρα
2685 1177 3032 1246 προσάξουσι.
3067 1197 3084 1228 ι
3144 1177 3396 1245 Θαρσεῖς
3429 1180 3523 1248 τὴν
3553 1181 3745 1252 Καρχη-

2209 1271 2353 1333 δόνα,
2382 1270 2479 1339 τὴν
2497 1269 2598 1338 τῆς
2625 1268 2827 1337 Λιϐύης
2857 1266 3307 1338 προκαθημένην,
3337 1268 3429 1320 καὶ
3453 1270 3480 1320 ὁ
3508 1269 3746 1339 μακάριος

2222 1361 2448 1423 Ἡσαΐας
2517 1363 2614 1414 καὶ
2667 1361 2694 1412 ὁ
2743 1359 3044 1430 Θαυμάσιος
3119 1359 3386 1428 ἰεζεκιὴλ
3431 1361 3742 1430 ὀνομάζουσι.

2212 1453 2405 1507 Σαϐϐὰ
2438 1452 2496 1506 δὲ
2528 1451 2841 1504 Αἰθιοπικὸν
2885 1450 3034 1514 ἔθνος
3067 1466 3081 1483 δ
3123 1451 3263 1505 ἀλλὰ
3305 1450 3498 1514 Λίϐυες
3541 1453 3629 1520 μὲν
3654 1452 3744 1504 ot“

490 1577 495 1584 -
541 1545 815 1600 dentalem
851 1543 1000 1597 orbis
1035 1553 1242 1612 partem
1274 1551 1572 1610 occupant,
1603 1540 1886 1611 ASthiopes
1931 1551 2110 1596 autem

2213 1547 2306 1598 καὶ
2334 1545 2527 1614 Ἀιρροὶ
2557 1545 3112 1615 προσαγορευόμενοι,
3138 1543 3209 1596 τὰ
3235 1542 3463 1612 ἑσπέρια
3484 1543 3577 1612 τῆς
3601 1545 3746 1596 οἰκου-

547 1637 757 1715 ιιοῚ
801 1635 1119 1689 orientalem
1180 1646 1233 1689 et
1263 1635 1578 1698 australem,
1608 1633 1816 1688 Arabes
1844 1649 1971 1688 vero
1997 1649 2113 1688 mc-

2216 1637 2382 1707 μένης
2415 1634 2704 1704 κατέχουσι
2733 1636 2998 1705 τμήματα
3021 1651 3034 1664 ·
3084 1633 3343 1695 Αἰθίοπες
3370 1633 3427 1686 δὲ
3452 1633 3517 1686 τὰ
3544 1633 3644 1710 έῷα
3669 1635 3750 1687 καὶ

545 1731 690 1784 diam
733 1730 1124 1785 continentem.
1159 1727 1229 1782 At
1267 1728 1531 1783 insulares
1559 1742 1652 1782 eas
1695 1727 1965 1797 regiones,
1993 1743 2115 1797 qua:

2213 1728 2364 1781 νότια
2387 1744 2400 1758 ⁸
2437 1726 2670 1796 ’Ἄραϐες
2698 1725 2753 1777 δὲ
2781 1724 2880 1793 τὴν
2915 1724 3087 1795 μέσην
3120 1725 3382 1792 ἤπειρονο
3425 1724 3472 1775 οἱ
3500 1722 3554 1774 δὲ
3579 1723 3748 1792 νησιῶ-

546 1820 604 1876 in
640 1821 807 1875 maris
842 1821 1020 1874 medio
1048 1829 1199 1881 sunt,
1240 1819 1508 1873 obtinent.
1540 1815 1650 1872 IIos
1679 1827 1861 1871 autem
1889 1819 1966 1872 ait
1988 1835 2111 1888 pro-

2213 1837 2301 1873 ται
2355 1818 2450 1888 τῆς
2501 1816 2773 1886 θαλάσσης
2817 1819 2884 1868 τά
2921 1816 3079 1886 μέσα.
3118 1813 3356 1875 Τούτους
3391 1813 3447 1865 δὲ
3489 1813 3588 1882 ἔφη
3635 1830 3748 1884 προ-

545 1921 821 1967 straturos
864 1926 985 1967 sese
1014 1925 1134 1965 esse
1161 1918 1286 1964 ante
1315 1911 1512 1978 ipsum,
1549 1917 1603 1963 et
1642 1909 1964 1964 adoraturos
1985 1926 2108 1964 eum

547 2013 608 2057 ut
654 2002 842 2066 Deum,
889 2010 943 2055 et
976 2002 994 2021 ‘
1031 2001 1170 2054 dona
1219 2001 1519 2066 oblaturos,
1573 2008 1633 2054 ut
1675 2000 1786 2069 regi
1820 2019 1833 2053 :
1862 2000 2110 2056 inimicos

545 2109 676 2148 vero
710 2093 1181 2147 exsecrationibus
1216 2091 1271 2145 in
1305 2099 1610 2160 serpentem
1653 2090 1811 2146 Iactis
1838 2093 2109 2147 addictum

547 2185 614 2244 iri
645 2203 658 2238 :
695 2205 712 2236 ι
746 2183 919 2255 Super
942 2195 1130 2254 pectus
1159 2193 1214 2238 et
1239 2193 1481 2238 ventrem
1508 2184 1793 2254 gradieris,
1832 2194 1887 2240 et
1913 2194 2112 2240 terram

547 2278 802 2334 comedes
827 2279 1040 2333 cunctis
1064 2277 1254 2332 diebus
1282 2278 1406 2332 vitae
1433 2285 1538 2331 tua:
1561 2285 1608 2330 ⁸.
1641 2296 1659 2329 ι
1697 2276 1908 2332 Inimici
1931 2288 2114 2332 autem

549 2369 642 2424 Dei
671 2379 725 2424 et
753 2369 1052 2425 Salvatoris
1082 2371 1277 2437 nostri,
1308 2369 1632 2440 nequissimi
1656 2378 1785 2424 sunt
1815 2370 2111 2434 daemones,

549 2462 605 2515 in
644 2477 782 2529 quos
821 2461 1173 2517 conculcandi
1221 2477 1385 2530 supra
1436 2463 1778 2530 scorpios~et
1835 2470 2114 2532 serpentes

549 2552 697 2608 dedit
723 2563 1062 2624 potestatem.
1095 2553 1387 2624 Postquam
1422 2564 1601 2608 autem
1649 2555 1810 2608 trium
1850 2554 1934 2607 vel
1978 2569 2114 2622 qua-

549 2656 678 2701 tuor
729 2648 1015 2702 nationum
1047 2646 1176 2702 fecit
1212 2647 1574 2711 mentionem,
1614 2655 1667 2700 et
1715 2646 1950 2700 obscure
1994 2660 2117 2698 om-

552 2740 701 2798 nium
760 2739 998 2808 gentium
1043 2738 1402 2794 mutationem
1469 2738 1761 2804 indicavit,
1829 2736 2116 2793 clariorem

550 2831 852 2886 orationem
895 2830 1041 2886 facit.

623 2919 787 2974 Vens.
832 2920 918 2973 Η.
979 2938 998 2971 ι
1049 2919 1115 2974 Ει
1166 2919 1475 2975 adorabunt
1529 2933 1652 2972 eum
1719 2931 1910 2971 omnes
1965 2931 2116 2987 reges

554 3018 733 3066 terrae.
777 3030 795 3061 ι
853 3010 958 3064 Alii
983 3011 1201 3080 quidem
1227 3011 1281 3064 in
1312 3009 1565 3080 prtesenti
1590 3007 1697 3060 vita
1723 3007 1988 3068 volentes,
2021 3007 2114 3060 alii

2213 1909 2494 1964 πεσεῖσθαι
2525 1907 2750 1961 ἐνώπιον
2776 1906 2963 1970 αὐτοῦ,
2996 1907 3091 1960 καί
3114 1905 3426 1977 προσοίσειν
3445 1905 3516 1966 ὡς
3543 1905 3651 1974 Θεῷ
3665 1905 3752 1975 τὴν

2215 2001 2583 2074 προσκύνησιν
2607 2041 2621 2065 ,
2673 2000 2767 2052 καὶ
2793 1998 2941 2071 δῶρα
2969 2001 3330 2070 προσκομιεῖν
3350 1999 3393 2028 ⁸⁸
3423 1996 3497 2060 ὡς
3527 1997 3744 2066 βασιλεῖ’

2212 2097 2339 2159 τοὺς
2358 2095 2413 2147 δὲ
2438 2095 2662 2164 ἐχθροὺς
2687 2091 3164 2163 ύποϐληθήσεσθαι
3191 2093 3314 2153 ταῖς
3335 2088 3471 2143 κατὰ
3489 2088 3578 2141 τοῦ
3598 2089 3746 2157 ὄφεως

2215 2187 2606 2256 γεγενημέναις
2639 2187 2823 2254 ἀραῖς·
2860 2204 2877 2235 ι
2903 2185 3024 2236 Ἐπὶ
3055 2182 3133 2252 τῷ
3171 2182 3360 2252 στήθει
3393 2183 3484 2234 καὶ
3512 2183 3573 2249 τῇ
3597 2180 3749 2252 κοιλία

2218 2282 2478 2354 πορεύσῃ,
2506 2283 2600 2334 καὶ
2629 2283 2732 2348 γῆν
2760 2283 2907 2350 φαγῇ
2941 2280 3121 2342 πάσας
3145 2277 3244 2340 τὰς
3273 2277 3484 2348 ἡμέρας
3510 2276 3602 2344 τῆς
3626 2276 3746 2344 ζωῆς

2218 2391 2329 2426 σου.
2365 2392 2382 2424 ι
2433 2372 2648 2440 Ἐχθροὶ
2681 2372 2739 2422 δὲ
2785 2371 2876 2424 τοῦ
2911 2369 3045 2424 Θεοῦ
3082 2370 3177 2421 καὶ
3227 2369 3475 2436 Σωτῆρος
3509 2366 3667 2437 ήμῶν,
3701 2369 3743 2418 oi

2216 2463 2566 2533 παμπόνηροι
2613 2461 2887 2530 δαίμονες,
2934 2461 3056 2513 καθ’
3103 2454 3178 2513 ὧν
3221 2459 3388 2511 ἔδωκε
3407 2458 3450 2488 ⁸³
3490 2457 3583 2527 τὴν
3619 2456 3744 2522 ἐξου-

2218 2557 2338 2610 σίαν
2355 2555 2400 2587 ⁸⁸
2448 2555 2541 2607 τοῦ
2564 2555 2608 2586 ⁸⁸
2650 2556 2839 2607 πατεῖν
2885 2554 3069 2607 ὲπάνω
3115 2552 3295 2619 διρεων
3339 2548 3432 2612 καὶ
3479 2546 3742 2618 σκορπίων.

2229 2647 2450 2717 Ἐπειδὴ
2479 2647 2532 2699 δὲ
2553 2647 2599 2677 ⁶⁶
2637 2645 2858 2716 τριῶνῆ
2888 2645 3160 2714 τεττάρων
3186 2642 3355 2694 ὲθνῶν
3385 2641 3747 2711 ἐμνημόνευσε,

2218 2741 2313 2793 καὶ
2341 2738 2753 2808 αἰνιγματωδῶς
2781 2737 2884 2805 τὴν
2928 2736 3036 2789 τῶν
3089 2735 3261 2787 ἐθνῶν
3314 2735 3561 2788 ἁπάντων
3609 2749 3748 2802 μετα-

2219 2831 2379 2900 ϐολὴν
2410 2829 2778 2900 παρεδήλωσε,
2823 2828 3155 2898 σαφέστερον
3187 2827 3279 2880 τὸν
3313 2826 3468 2894 λόγον
3496 2825 3688 2882 ποιεῖθ’.

2292 2929 2380 2977 ια’.
2419 2940 2436 2972 ι
2476 2923 2584 2975 Καὶ
2611 2921 3086 2991 προσκυνήσουσιν
3123 2921 3275 2990 αὐτῷ
3305 2921 3503 2983 πάντες
3529 2921 3576 2972 οἱ
3619 2919 3751 2990 βασι-

2218 3016 2330 3079 λεῖς
2373 3015 2471 3084 τῆς
2517 3015 2618 3083 γῆς
2641 3014 2703 3067 ⁸⁸.
2770 3034 2789 3067 ι
2829 3015 2894 3066 Οἱ
2927 3014 3026 3083 μὲν
3077 3015 3218 3066 κατὰ
3250 3014 3344 3065 τὸν
3386 3013 3620 3083 παρόντα
3653 3009 3749 3078 βίον

551 3115 684 3156 vero
701 3115 891 3155 omnes
926 3109 1048 3167 post
1069 3100 1540 3154 resurrectionem.
1577 3114 1595 3146 ι
1628 3095 1873 3148 Nondum
1898 3096 2063 3158 enim,
2095 3115 2111 3146 ι

2219 3109 2434 3169 ἑκόντες
2456 3123 2467 3135 ·
2517 3109 2565 3159 οἱ
2594 3105 2650 3158 δὲ
2683 3106 2820 3176 μετὰ
2851 3106 2951 3173 τὴν
2993 3106 3296 3159 ἀνάστασιν
3331 3104 3580 3166 ἅπαντες.
3612 3121 3628 3154 ι
3662 3103 3751 3156 Οὐ-

555 3193 701 3248 sicut
729 3192 859 3246 dicit
889 3192 1106 3246 divinus
1150 3190 1465 3260 Apostolus,
1502 3207 1521 3239 ι
1560 3189 1804 3242 videmus
1832 3187 1908 3242 illi
1938 3188 2120 3242 omnia

557 3283 801 3350 subjecta
830 3283 876 3348 ί,
927 3302 944 3333 ι
989 3284 1084 3338 sed
1120 3291 1250 3340 tunc
1289 3299 1308 3332 ι
1342 3281 1419 3334 illi
1464 3280 1711 3334 ﬂeetetur
1740 3294 1904 3334 omne
1959 3294 2120 3348 genu,

558 3375 904 3440 caelestium,
961 3383 1013 3428 et
1036 3374 1407 3438 terrestrium,
1457 3382 1511 3426 et
1559 3371 1892 3425 inferuorum
1915 3378 1963 3423 ιι.
2012 3388 2126 3421 )—

562 3485 584 3521 ι
614 3464 817 3521 Omnes
845 3475 1030 3535 gentes
1078 3468 1316 3520 servient
1342 3465 1413 3518 ei.
1453 3483 1472 3513 ι
1511 3461 1638 3518 Haec
1679 3463 2002 3531 patriarchze
2037 3459 2128 3514 Ja-

560 3556 684 3612 cobi
712 3555 1088 3611 vaticinationi
1122 3555 1455 3624 respondent
1484 3570 1497 3605 :
1545 3571 1563 3603 ι
1595 3551 1862 3617 Quoniam
1887 3551 2000 3618 ipse
2025 3552 2128 3605 erit

559 3645 895 3715 exspectatio
943 3643 1186 3711 gentium
1209 3651 1258 3696 ν.
1299 3660 1318 3693 ι
1360 3640 1629 3696 Cancrum
1667 3639 2032 3709 praedictionis
2065 3637 2128 3691 ii-

561 3752 685 3792 ncin
721 3736 972 3789 videmus
1004 3752 1016 3788 :
1063 3734 1190 3794 quia
1225 3747 1334 3786 non
1392 3741 1474 3787 est
1508 3747 1641 3803 gens
1689 3746 1810 3799 quae
1852 3729 2127 3800 Evangelii

563 3827 1008 3900 praedicationem
1044 3841 1153 3879 non
1185 3825 1438 3889 audierit,
1488 3825 1580 3878 sed
1631 3832 1760 3877 sunt
1805 3822 1858 3876 in
1901 3821 2128 3892 singulis

560 3921 655 3992 qui
689 3919 888 3975 divinze
917 3917 1247 3990 cognitionis
1276 3918 1458 3972 lumen
1489 3924 1837 3986 acceperunt.

634 4099 800 4154 Vens.
827 4099 914 4163 12,
940 4099 1026 4153 i3.
1066 4096 1232 4164 «Quia
1253 4095 1502 4151 liberavit
1519 4109 1808 4164 pauperem
1827 4109 1857 4146 a
1885 4100 2120 4163 potente,

563 4203 619 4248 et
659 4207 950 4263 pauperem
980 4193 1069 4245 cui
1093 4207 1199 4245 non
1241 4199 1359 4245 erat
1399 4189 1636 4258 adiutor.
1678 4186 1869 4241 Parcet
1901 4185 2124 4255 pauperi

561 4295 618 4340 et
655 4286 825 4352 inOpi,
872 4293 924 4337 et
968 4285 1177 4338 animas
1221 4297 1518 4352 pauperum
1568 4280 1782 4350 [108
1835 4279 2015 4334 salvas
2063 4277 2133 4332 fa-

567 4379 694 4431 ciet.
732 4395 751 4428 ι
790 4375 1109 4429 Adorabunt
1154 4375 1328 4443 ipsum
1360 4368 1573 4436 omnes,
1613 4371 1680 4426 ab
1705 4373 1898 4427 acerha
1928 4371 2131 4426 diaboli

2224 3197 2371 3251 δέπω
2398 3198 2505 3269 γὰρ
2525 3238 2539 3262 ,
2578 3216 2596 3248 ι
2700 3214 2864 3267 φησιν
2888 3199 2915 3250 ὁ
2945 3197 3089 3259 θεῖος
3139 3195 3490 3258 Ἀπόστολος,
3512 3214 3530 3245 ι
3567 3194 3752 3263 ὁρῶμεν

2223 3289 2370 3360 αύτῷ
2399 3289 2466 3342 τὰ
2493 3289 2669 3342 πάντα
2687 3289 3100 3356 ὑποτεταγμένα
3119 3328 3134 3352 ,
3173 3307 3192 3335 ι
3218 3287 3354 3340 ἀλλὰ
3370 3286 3486 3338 τότε
3516 3304 3532 3335 ι
3571 3285 3750 3353 κάμψει

2223 3382 2370 3451 αὐτῷ
2401 3383 2507 3436 πᾶν
2545 3381 2673 3450 γόνυ
2703 3380 3074 3452 ἐπουρανίων,
3109 3379 3204 3432 καὶ
3247 3378 3504 3446 ἐπιγείων
3523 3417 3536 3442 ,
3565 3376 3649 3428 καὶ
3673 3391 3752 3426 κα·
3807 3415 3814 3423 .

2224 3472 2541 3542 ταχθονίων.
2601 3492 2620 3526 ι
2673 3502 2744 3514 --
2797 3489 2816 3521 ι
2877 3472 3063 3525 Πάντα
3117 3471 3188 3524 τὰ
3235 3470 3365 3541 ἔθνη
3411 3466 3751 3523 δουλεύσουσιν

2225 3564 2392 3634 αὐτῷ.
2441 3583 2459 3616 ι
2503 3563 2800 3633 Συμὸαίνει
2837 3562 3008 3616 ταῦτα
3047 3564 3112 3631 τῇ
3161 3561 3259 3614 τοῦ
3297 3561 3623 3629 πατριάρχου
3663 3558 3750 3609 'Ia-

2227 3654 2341 3708 κὼό
2374 3654 2700 3724 προφητείᾳ,
2749 3671 2767 3704 ι
2820 3653 2940 3706 Ὅτι
2984 3651 3145 3715 αὐτὸς
3189 3651 3485 3722 προσδοκία
3528 3649 3694 3702 ἐθνῶν.
3730 3666 3746 3698 ι

2233 3743 2484 3816 Ὀρῶμεν
2504 3744 2561 3797 δὲ
2597 3746 2693 3796 καὶ
2721 3743 2782 3796 τὸ
2817 3745 2918 3812 τῆς
2944 3743 3303 3815 προρρήσεως
3329 3741 3497 3802 τέλοςο
3529 3738 3639 3792 οὐδὲ
3663 3737 3750 3806 γάρ

2229 3839 2376 3889 ἐστιν
2409 3835 2559 3898 ἔθνος
2582 3835 2687 3888 τῶν
2722 3834 3095 3903 εύαγγελικῶν
3117 3833 3490 3903 κηρυγμάτων
3516 3831 3745 3900 ἀνήκοον·

2229 3928 2344 3984 ἀλλ’
2374 3929 2514 3981 εἰσιν
2543 3931 2599 3981 ὲν
2631 3928 2846 3998 ἑκάστῳ
2873 3929 2922 3981 οἱ
2963 3928 3063 3998 τῆς
3090 3925 3425 3995 θεογνωσίας
3451 3925 3545 3996 τὴν
3589 3921 3750 3991 αἴγλην

2231 4019 2515 4089 δεξάμενοι
2534 4019 2600 4074 ⁸⁸.

2305 4111 2397 4181 ιβ’,
2430 4117 2522 4179 ιγ’.
2567 4128 2585 4162 ι
2623 4111 2742 4165 "Ott
2777 4109 3046 4182 ἐρρύσατο
3075 4109 3290 4180 πτωχὸν
3326 4110 3390 4162 ὲκ
3418 4107 3656 4160 δυνάστου
3682 4103 3748 4166 ’⁸,

2234 4204 2329 4257 καὶ
2353 4203 2560 4272 πένητα
2586 4195 2629 4269 ᾧ
2663 4203 2761 4272 οὐχ
2783 4202 2995 4270 ὑπῆρχε
3031 4199 3247 4270 βοηθός.
3292 4199 3534 4251 Φείσεται
3566 4192 3748 4264 πτωχοῦ

2237 4297 2330 4348 καὶ
2378 4294 2610 4364 πένητος
2634 4334 2648 4357 ,
2705 4293 2799 4346 καὶ
2842 4293 3018 4362 ψυχας
3050 4293 3298 4360 πενήτων
3331 4290 3508 4345 σώσει.
3530 4308 3546 4340 ι
3599 4289 3748 4356 Ηροσ·

2237 4385 2556 4452 κυνήσουσιν
2580 4382 2622 4412 “
2659 4380 2806 4451 αὐτῷ
2845 4379 3082 4443 ἅπαντες
3103 4421 3117 4446 ,
3157 4385 3259 4449 τῆς
3321 4383 3518 4449 πικρᾶς
3543 4376 3624 4431 τοῦ
3653 4376 3746 4428 δια-

571 4466 853 4539 tyraunide
879 4465 1108 4520 liberati.
1135 4462 1404 4518 Potentem
1429 4463 1570 4518 enim
1597 4465 1776 4533 ipsum
1804 4463 2118 4533 appellavit;

2208 4474 2390 4527 θόλου
2448 4471 2759 4544 τυραννίδος
2818 4471 3246 4539 ἀπαλλαγέντες.
3306 4470 3604 4537 Δυνάστην
3660 4466 3745 4533 γὰρ

567 4575 846 4629 pauperem
889 4573 1053 4618 vero,
1103 4557 1394 4611 humanam
1442 4566 1727 4618 naturam,
1780 4565 1966 4626 IIIPOIC
2012 4572 2132 4626 (ιυέ

568 4662 700 4707 tunc
725 4651 984 4721 temporis
1015 4649 1124 4704 Deo
1163 4650 1422 4704 destituta
1455 4658 1589 4703 erat.
1636 4647 1902 4704 Praeterea
1929 4649 2127 4704 divinis

569 4746 686 4800 suis
717 4746 924 4815 legibus
958 4751 1200 4814 potentes
1249 4741 1516 4812 reprimit,
1567 4752 1620 4796 et
1669 4743 1926 4811 gehennae
1971 4741 2132 4796 minis

569 4835 983 4906 perterrefacit,
1041 4833 1356 4904 edicitq‘ue,
1409 4842 1466 4887 ut
1513 4833 1748 4903 quadam
1801 4833 2132 4904 indulgentia

573 4944 792 4989 utantur
855 4950 979 5005 erga
1039 4947 1323 5004 pauperes.
1387 4930 1500 4986 I-Ioc
1567 4931 1712 4986 enim
1779 4932 1944 4986 etiam
2014 4932 2135 4986 sub-

571 5026 773 5098 iunxit.

653 5148 678 5178 ι’
715 5139 905 5196 Matth.
946 5157 1036 5207 ιιι,
1072 5143 1129 5198 2.
1205 5147 1229 5176 '
1262 5138 1397 5196 Gen.
1436 5154 1518 5206 ιιι,
1559 5139 1647 5194 14.

2237 4565 2398 4620 αὐτὸν
2424 4565 2673 4634 ὠνόμασε
2696 4606 2712 4630 ,
2738 4563 2975 4631 πτωχὸν
3001 4563 3058 4616 δὲ
3081 4562 3180 4632 τὴν
3214 4562 3549 4633 ἀνθρωπείαν
3579 4557 3744 4626 φύσιν,

2234 4658 2308 4721 ὡς
2349 4657 2552 4728 ἔρημον
2590 4654 2885 4726 γενομένην
2924 4654 3228 4725 τηνικαῦτα
3273 4651 3430 4707 Θεοῦ.
3470 4649 3660 4710 Ἀλλως
3696 4660 3743 4696 τε

2233 4749 2328 4803 καὶ
2355 4752 2467 4811 τοῖς
2493 4747 2657 4810 θείοις
2685 4746 2850 4800 αὑτοῦ
2878 4745 3061 4815 νόμοις
3093 4745 3442 4800 καταστέλλει
3473 4743 3590 4804 τοὺς
3618 4740 3746 4792 δυνα-

2237 4840 2542 4906 στεύοντας,
2565 4840 2659 4892 καὶ
2686 4841 2805 4902 ταῖς
2830 4842 2929 4910 τῆς
2954 4840 3180 4909 γεέννης
3207 4839 3452 4900 ἀπειλαῖς
3475 4830 3743 4897 καταπλήτ-

2233 4950 2353 4993 τει,
2408 4931 2500 4984 καὶ
2555 4930 2962 4999 παρασκευάζει
3014 4931 3180 4998 φειδώ
3232 4947 3353 4984 τινα
3393 4928 3498 4982 τῶν
3538 4922 3743 4990 πενήτων

2235 5020 2523 5074 ποιεῖσθαι.
2557 5019 2727 5073 Τοῦτο
2750 5021 2860 5092 γὰρ
2892 5022 2988 5074 καὶ
3011 5021 3056 5052 ⁷³
3087 5020 3385 5092 ἐπήγαγεν.

1729 5142 1747 5176 ι
1783 5137 1946 5194 Hebr.
1984 5153 2043 5201 Il,
2073 5137 2124 5191 8.
2200 5143 2229 5172 ιι
2266 5135 2499 5204 Philipp.
2535 5151 2595 5201 ιι,
2633 5135 2716 5190 IO.
2791 5145 2818 5175 ν
2851 5136 2988 5192 Gen.
3020 5151 3168 5201 χιιι,
3212 5133 3295 5188 10.

1649 5251 1879 5306 νΑῐιιΑε
1916 5249 2297 5304 LECTIONES
2330 5248 2416 5302 ET
2448 5249 2678 5304 NUTE.

685 5374 730 5406 ³⁷
773 5373 1055 5440 Φανερόν.
1109 5374 1232 5440 cod.
1288 5373 1311 5427 I
1356 5371 1480 5425 add.
1525 5368 1718 5437 λέγων.

581 5443 739 5499 lectio
801 5444 853 5497 Ιι.
891 5443 923 5495 Ι.
953 5452 1036 5513 est
1068 5444 1288 5513 Θαρσίς.

588 5513 769 5586 μίσαι,
837 5513 882 5545 ⁸³
907 5505 1457 5586 Ἔδωκε.’1ιιέο(1.1
1511 5510 1894 5586 ροιιίιιιιχροει
1957 5523 2118 5586 exop-4

2208 5524 2263 5560 ιν,
2361 5518 2362 5528 ¹

1955 5575 2111 5628 “es.
2168 5577 2289 5641 Des.
2350 5575 2402 5628 itt
2448 5576 2569 5629 cod.
2623 5575 2676 5630 ‘2.

584 5576 896 5637 πιστεύουσι
1031 5585 1073 5615 ⁸³
1139 5584 1268 5637 Τοῦ.
1333 5576 1522 5635 Δίιος(
1565 5594 1594 5632 a
1653 5576 1784 5632 cod.
1827 5577 1880 5629 ‘2.

1805 5367 1851 5400 ⁸⁸
1898 5367 2190 5431 Αἰθίοπες.
2262 5365 2422 5420 Hebr.
2465 5373 2620 5424 Dm:

1360 5443 1408 5474 ⁶⁰
1431 5440 1552 5494 cod.
1588 5432 1609 5492 I
1641 5439 1806 5492 mea.
1830 5438 1929 5490 Alii
1955 5437 2151 5489 habent
2208 5436 2373 5488 Σαϐὰ.
2447 5438 2489 5468 ⁶¹
2540 5439 2621 5488 Οἱ.
2667 5432 2837 5488 Ἀὶιθδι
2864 5451 2894 5486 a
2922 5434 3040 5488 cod.
3069 5432 3125 5485 2.

2655 5366 2743 5436 qui
2797 5365 2851 5418 in
2904 5363 3120 5436 desertis
3189 5362 3482 5436 habitant._
3543 5360 3582 5390 "
3629 5355 3733 5408 Rec.

3227 5433 3269 5463 “
3299 5431 3415 5485 cod.
3463 5430 3485 5482 I
3540 5441 3734 5496 προσκο-

2361 5505 2406 5537 “"
2451 5505 2792 5567 Ἐξουσίαν.
2849 5503 2996 5574 cod.
3030 5503 3055 5555 1
3127 5501 3250 5574 add.
3285 5503 3459 5574 _1oi;_
3488 5494 3734 5574 siglaézjiv

2755 5575 2798 5605 ⁸⁷
2851 5573 3029 5625 Ποιεῖ.
3086 5572 3209 5626 cod.
3278 5570 3301 5624 I
3364 5568 3481 5623 add.
3527 5566 3604 5620 διὰ
3647 5566 3732 5614 τῶν

588 5633 1000 5721 Τῆσ
1046 5633 1520 5722 γῆςῙίᾹιΙάῘιιιιίίη
1560 5649 1772 5722 edit._ct
1804 5646 2118 5722 Compl._h°‘

2209 5633 2500 5722 εέὰιέενρι.
2522 5644 2641 5701 cod.
2671 5644 2697 5697 1
2724 5642 2860 5722 ΝΜ..
2879 5644 2977 5722 καὶ
2991 5641 3132 5704 τίνος
3147 5640 3326 5722 ἕνεκεν
3348 5639 3507 5722 λέγει.

588 5715 914 5778 δὺίνέάστου.
948 5715 1117 5777 ξιοῒῐτξ
1139 5715 1307 5786 iam
1337 5721 1648 5790 clamantem
1681 5717 1886 5790 Syrum.
1939 5715 2237 5788 ὀμὼζοντα.

596 5795 761 5855 ἐστιν.
837 5796 881 5825 ’⁷³
917 5792 1045 5850 Καί.
1076 5793 1242 5848 Ahcst
1276 5809 1304 5853 a
1338 5791 1455 5848 cod.
1485 5789 1541 5846 “2.

2336 5717 2378 5748 "
2413 5698 2709 5784 Hpob’xvr.
2765 5713 2885 5770 cod.
2921 5713 2943 5766 I
2997 5698 3182 5783 prtem.
3219 5710 3246 5762 ὃ
3273 5710 3327 5764 δὲ
3365 5698 3497 5778 λέγει
3531 5698 3729 5759 τοιοῦτόν
