3936 6488
212 316 331 382 1445

1510 312 1590 372 ΙΝ
1627 310 1831 370 PSAL.
1867 306 2105 367 LXXII.

3308 304 3445 378 1416

269 443 341 494 ς·’,
368 444 388 477 ι
429 427 533 480 Διὰ
555 425 715 479 τοῦτο
738 425 1042 495 ἐκράτησεν
1062 424 1103 455 ⁷⁵
1136 424 1332 489 αὐτοὺς
1351 425 1384 493 ἡ
1414 423 1766 494 ὑπερηφανία

1946 420 2111 475 Vens.
2144 420 2197 475 6.
2243 437 2261 471 ι
2310 421 2432 477 Ideo
2478 422 2655 478 tenuit
2700 438 2797 479 eos
2844 423 3097 493 superbia
3147 425 3199 478 in
3260 428 3448 483 linem.

204 523 278 584 είς
303 519 457 581 τέλος
475 519 544 550 ’⁸·
603 518 1057 589 περιεϐάλοντοτθ
1108 516 1324 571 ἀδικίαν
1379 518 1473 570 καὶ
1518 515 1773 568 ἀσέϐειαν

205 610 493 665 ἑαυτῶνπ.
533 629 553 661 ι
600 608 881 662 Ἐντεῦθεν
899 609 942 639 ⁷⁸
987 610 1066 672 είς
1113 608 1434 671 ἀλαζονείαν
1473 609 1567 660 καὶ
1608 607 1778 675 τῦφον

201 698 542 769 ἐπήρθησαν,
574 698 673 750 καὶ
704 697 862 759 δίκας
894 698 1035 767 ὑπὲρ
1063 697 1172 749 τῶν
1198 697 1482 768 προτέρων
1515 697 1588 765 μὴ
1617 696 1780 749 δεδω-

199 791 353 851 κότες
377 788 822 861 ἁμαρτημάτων,
870 792 951 851 εἰς
998 789 1221 841 πλείονα
1281 788 1635 859 παρανομίαν
1674 788 1777 851 ἐξ·

197 884 455 937 ώκειλαν.
518 883 593 935 Τὸ
634 883 744 952 γὰρ
790 881 1215 949 περιεϐάλοντο
1277 882 1337 933 τὸ
1406 881 1611 951 πλῆθος
1681 882 1780 951 τῆς

195 977 416 1039 ἀδικίας
478 974 772 1046 ἐδήλωσεν,
823 973 898 1037 ὡς
950 974 1287 1043 πανταχόθεν
1331 974 1530 1036 αὐτοὺς
1572 976 1614 1005 ⁷9
1680 992 1780 1025 κυ-

198 1067 463 1135 κλούσης.

268 1158 337 1221 ζ’.
365 1177 382 1208 ι
425 1156 801 1222 Ἐξελεύσεται
819 1157 893 1219 ὡς
906 1160 970 1211 ὲκ
987 1158 1257 1229 στέατοςὴ
1279 1158 1458 1211 ἀδικία
1476 1158 1654 1212 αὐτῶν
1667 1158 1733 1211 ⁸ο.
1756 1176 1774 1209 ι

199 1253 408 1322 Στέαρ,
442 1254 516 1315 ὼς
542 1254 800 1315 πολλάκις
834 1252 1184 1322 ἕφαμεν,τὴν
1218 1253 1518 1307 εὐπάθειαν
1550 1253 1645 1306 καὶ
1681 1253 1781 1323 τὴν

202 1344 508 1413 εὐκληρίαν
554 1344 705 1412 δηλοί
726 1345 793 1397 δι.
844 1345 931 1407 Ὠς
964 1348 1021 1397 ἐν
1060 1344 1307 1415 τοσαύτῃ
1344 1346 1543 1405 τοίνυν,
1597 1344 1780 1411 φησὶν,

202 1436 357 1497 ὄντες
403 1436 699 1507 εὐημερίᾳ,
755 1436 873 1504 μεθ’
928 1437 1145 1507 ἀπάσης
1199 1436 1383 1499 ἀδείας
1435 1437 1533 1506 τὴν
1568 1436 1783 1488 ἀδικίαν

202 1528 522 1597 ἐτόλμησαν
543 1528 611 1581 ⁸³.

284 1641 304 1672 ι
325 1621 693 1689 Διήλθοσαν⁸³
712 1622 790 1685 είς
817 1621 1055 1675 διάθεσιν
1085 1623 1330 1693 καρδίας.
1356 1623 1447 1694 [η’,
1477 1620 1785 1693 θ.]Διενοή-

206 1712 449 1783 θησανεδ
494 1712 592 1763 καὶ
635 1710 904 1780 ἐλάλησαν
951 1715 1008 1765 ἐν
1048 1713 1304 1784 πονηρίᾳ,
1343 1712 1556 1766 ἀδικίαν
1603 1713 1683 1773 εἰς
1725 1710 1785 1763 τὸ

208 1805 345 1873 “09:0;
368 1803 659 1873 ἐλάλησαν.
698 1803 1012 1866 Ἔθεντοείς
1041 1803 1270 1873 οὐρανὸν
1295 1806 1354 1859 τὸ
1375 1806 1551 1875 στόμα
1582 1804 1782 1867 αὐτῶν,

208 1899 305 1949 καὶ
340 1900 373 1965 ἡ
431 1896 655 1964 γλῶσσα
714 1896 896 1948 αὐτῶν
944 1896 1159 1966 διῆλθεν
1210 1898 1301 1949 ἐπὶ
1335 1898 1434 1966 τῆς
1461 1898 1586 1966 γῆς.
1626 1916 1642 1946 ι
1674 1897 1787 1949 Οὐκ

208 1988 498 2057 ἀπέχρησε
523 1986 580 2038 δὲ
620 1987 804 2049 αὐτοῖς
836 1990 866 2056 ἡ
898 1988 1037 2040 κατά
1088 1987 1198 2041 τῶν
1236 1988 1539 2059 ἀνθρώπων
1581 1987 1784 2047 ἀδικία,

208 2079 352 2131 ἀλλά
398 2079 496 2130 καὶ
542 2077 634 2129 τὸν
689 2078 918 2148 οὐρανὸν
976 2078 1263 2143 ἐτόξευσαν
1321 2080 1414 2132 καὶ
1478 2079 1654 2146 λόγοις
1695 2078 1789 2131 καὶ

212 2170 523 2238 λογισμοῖς.
574 2169 879 2223 Αίνίττεται
919 2169 975 2221 δὲ
1021 2169 1108 2223 διὰ
1154 2170 1357 2223 τούτων
1393 2170 1493 2233 τὰς
1525 2170 1664 2224 κατά
1696 2168 1787 2221 τοῦ

211 2263 344 2315 Θεοῦ
380 2261 755 2331 βλασφημίας,
788 2261 885 2324 τὰς
906 2261 1049 2314 κατά
1074 2262 1169 2314 τοῦ
1201 2261 1330 2315 λαοῦ
1363 2262 1653 2332 λοιδορίας,
1689 2261 1789 2323 τὰς

211 2356 351 2407 κατά
385 2353 485 2408 τοῦ
522 2354 629 2405 νεὼ
658 2352 754 2407 τοῦ
791 2352 935 2406 θείου
968 2354 1274 2423 παροινίας.
1313 2354 1485 2407 Τοῦτο
1512 2354 1569 2407 δὲ
1623 2352 1789 2422 σαφέ-

217 2464 407 2517 στερον
436 2445 662 2515 εἴρηκεν
714 2444 771 2497 ὲν
799 2443 873 2513 τῷ
927 2451 1013 2513 μα’
1067 2443 1297 2515 ψαλμῷο
1336 2463 1355 2495 ι
1428 2444 1689 2515 Ἐγενήθη
1722 2444 1792 2495 τά

213 2540 425 2610 δάκρυά
458 2556 559 2608 μου
587 2538 711 2607 ἐμοὶ
734 2536 897 2607 ἄρτος
929 2535 1148 2605 ἡμέρας
1201 2537 1296 2589 καὶ
1354 2537 1565 2600 νυκτὸς,
1620 2536 1678 2588 ὲν
1712 2534 1790 2604 τῷ

216 2631 472 2700 λέγεσθαί
504 2646 595 2699 μοι
620 2627 744 2682 καθ’
772 2627 1008 2699 ἑκάστην
1031 2626 1265 2698 ἡμέραν·
1292 2627 1401 2681 Ποῦ
1433 2630 1581 2681 ἐστιν
1606 2629 1633 2681 ὁ
1658 2627 1790 2691 Θεός

218 2740 354 2788 cos;
390 2740 410 2775 ι

290 2814 345 2871 ι’.
384 2813 514 2865 (Διά
532 2811 691 2864 τοῦτο
720 2810 1033 2881 ἐπιστρέψει
1065 2812 1092 2862 ὁ
1120 2809 1247 2872 λαός
1270 2809 1315 2841 ⁸³
1338 2825 1437 2880 μου
1470 2807 1705 2860 ἐνταῦθα
1724 2808 1790 2873 ⁸⁸,

220 2908 313 2960 καὶ
374 2905 585 2976 ἡμέραι
650 2902 875 2973 πλήρεις
932 2902 1317 2971 εὑρεθήσονται
1388 2903 1447 2953 ὲν
1522 2901 1727 2962 αὐτοῖς.
1772 2918 1791 2951 ι

223 2997 411 3052 Ταῦτα
435 2997 513 3059 ὡς
548 2994 641 3047 τοῦ
678 2994 816 3046 Θεοῦ
849 2993 955 3045 τῶν
1000 2993 1137 3046 ὅλων
1170 2993 1475 3062 εἰρηκότος,
1520 2994 1547 3045 ὁ
1580 3009 1796 3062 προφη-

1878 516 2051 583 operti
2094 522 2223 567 sunt
2258 514 2545 583 iniquitate
2575 524 2629 569 et
2673 516 2954 585 impietate
2990 532 3111 571 sua.
3150 535 3168 569 ι
3226 518 3363 575 Hinc
3392 521 3449 574 in

1877 605 2187 674 superbiam
2219 616 2274 659 et
2296 606 2498 659 fastum
2531 606 2653 660 elati
2680 616 2806 662 sunt
2842 626 2855 661 :
2892 615 2946 662 et
2982 623 3105 663 cum
3135 624 3323 678 poenas
3354 626 3454 681 pro

1879 698 2125 766 pristinis
2152 697 2390 766 peccatis
2420 714 2527 751 non
2558 698 2825 761 dederint,
2854 699 2907 752 in
2945 699 3206 768 majorem
3244 701 3456 770 iniqui-

1881 797 2045 842 tatem
2078 790 2407 843 inciderunt.
2447 790 2560 845 lloc
2578 790 2741 850 enim,
2773 793 2940 860 operti
2977 802 3120 857 sunt,
3149 795 3483 848 multitndi-'

1881 895 2003 933 nem
2054 881 2360 950 iniquitatis
2412 883 2727 947 declaravit,
2787 894 2973 952 utpote
3040 900 3161 954 quae
3219 887 3459 958 undique

1880 972 2032 1044 ipsos
2057 976 2454 1030 circumdabat.

1953 1158 2119 1215 Vsus.
2152 1162 2203 1213 7.
2258 1179 2275 1210 ι
2315 1161 2559 1214 Prodibit
2589 1160 2745 1229 quasi
2785 1176 2849 1215 ex
2883 1161 3040 1231 adipe
3072 1163 3334 1232 iniquitas
3367 1178 3462 1220 eo-

1883 1268 2027 1306 rum.
2070 1271 2088 1302 »
2140 1252 2348 1320 Αάερε,
2396 1261 2456 1305 ut
2496 1254 2696 1321 sacpius
2730 1254 3003 1317 diximus,
3052 1254 3362 1309 felicitatem
3407 1267 3461 1312 et

1886 1344 2300 1412 prosperitatem
2339 1343 2630 1413 significat.
2670 1344 2885 1413 1116
2914 1343 3001 1397 Ait
3034 1346 3198 1413 igitur
3225 1362 3337 1410 eos,
3368 1349 3459 1413 qui

1886 1436 1939 1488 in
1969 1435 2280 1502 hujusmodi
2318 1435 2573 1489 secundis
2610 1436 2775 1488 rebus
2811 1444 2988 1500 erant,
3021 1451 3215 1506 magna
3246 1452 3369 1491 cum
3396 1440 3463 1492 li-

1885 1526 2062 1581 centia
2087 1527 2290 1581 scelera
2333 1535 2696 1597 perpetrasse.

1961 1637 1979 1668 ι
2021 1615 2381 1671 Transierunt
2426 1619 2477 1669 in
2516 1616 2765 1671 affectum
2814 1619 3015 1672 cordis.
3053 1618 3245 1689 [Vt-ms.
3299 1620 3353 1685 8,
3381 1619 3460 1695 9.]

1885 1706 2293 1777 Cogitaverunt,
2347 1718 2399 1761 ct
2426 1710 2586 1761 locuti
2619 1719 2743 1761 sunt
2768 1710 3059 1777 nequitiam
3084 1727 3097 1762 :
3124 1712 3463 1781 iniquitatem

1890 1803 1941 1854 in
1966 1802 2180 1855 excelso
2238 1800 2404 1853 locuti
2464 1811 2612 1854 sunt.
2670 1801 2979 1855 Posuerunt
3035 1802 3089 1857 in
3148 1804 3344 1859 caelum
3400 1820 3464 1861 ns

1888 1909 2067 1957 suum,
2094 1902 2147 1945 et
2171 1892 2350 1961 lingua
2379 1908 2568 1945 eorum
2600 1894 2852 1947 transivit
2894 1910 2989 1963 per
3016 1904 3241 1950 terram.
3279 1917 3296 1948 ι
3342 1896 3461 1951 Non

1886 1985 2020 2037 satis
2067 1994 2245 2037 autem
2300 1983 2403 2037 fuit
2454 1985 2584 2053 ipsis
2634 1995 2823 2038 contra
2884 1991 2899 2006 '
2947 1987 3200 2042 homines
3255 1990 3466 2058 injuste

1888 2092 2065 2145 agere,
2112 2077 2202 2129 sed
2232 2077 2429 2131 cmlum
2462 2078 2626 2130 etiam
2668 2078 2845 2147 ipsum
2886 2080 3068 2134 verbis
3103 2090 3154 2134 ct
3178 2082 3465 2151 cogitatio-

1892 2169 2050 2223 nibus
2080 2169 2197 2223 ausi
2226 2178 2569 2238 suntpetere.
2604 2168 2705 2222 Per
2738 2170 2849 2225 hmo
2888 2180 3067 2225 autem
3101 2172 3279 2227 innuit
3312 2176 3463 2231 blas—

1889 2262 2132 2331 phemias
2168 2264 2220 2315 in
2255 2262 2447 2327 Deum,
2486 2263 2729 2317 convicia
2788 2264 2839 2315 in
2868 2264 3149 2333 populum,
3174 2275 3226 2319 et
3256 2267 3466 2322 furores

1892 2354 1946 2407 in
1981 2354 2224 2407 divinum
2256 2355 2542 2423 templum.
2578 2353 2692 2408 Hoc
2714 2370 2843 2408 vero
2880 2358 3223 2412 manifestius
3248 2360 3383 2413 dixit
3410 2361 3465 2415 in

1891 2444 2314 2515 quadragesimo
2345 2447 2522 2516 primo
2568 2448 2778 2517 psalmo
2815 2466 2828 2502 :
2867 2467 2883 2500 ι
2926 2449 3169 2505 Fuerunt
3211 2453 3342 2505 mihi
3393 2452 3471 2506 la-

1892 2553 2094 2608 crymaa
2125 2555 2257 2593 mea:
2296 2555 2463 2608 panes
2491 2540 2579 2595 die
2620 2556 2685 2595 ac
2724 2552 2902 2609 nocte,
2932 2543 3060 2598 dum
3093 2544 3295 2600 dicitur
3335 2544 3470 2600 mihi

1892 2630 2137 2700 quotidie
2165 2648 2178 2683 :
2209 2630 2307 2684 Ubi
2340 2640 2423 2686 est
2456 2631 2598 2686 Deus
2625 2634 2790 2687 tuus?
2822 2653 2840 2685 ι

1965 2806 2135 2861 Vsus.
2170 2807 2253 2861 10.
2288 2826 2305 2858 ι
2345 2808 2469 2861 Ideo
2491 2818 2796 2863 revertetur
2824 2810 3057 2879 populus
3082 2825 3234 2866 meus
3264 2811 3391 2878 huc,
3420 2819 3475 2867 et

1896 2900 2011 2956 dies
2035 2902 2179 2970 pleni
2233 2902 2580 2955 invenientur
2628 2903 2680 2955 in
2732 2904 2832 2957 eis.
2870 2923 2887 2955 ›
2941 2900 3066 2958 Haec
3123 2905 3475 2974 pr0pheticus

1897 3006 2078 3045 sermo
2112 2999 2369 3060 tanquam
2420 2991 2801 3046 universorum
2850 2991 2959 3047 Deo
3004 2994 3218 3049 dicente
3267 2997 3471 3064 posuit,

220 3088 372 3151 τικὺς
402 3087 621 3139 τέθεικε
652 3084 830 3153 λόγος,
868 3083 993 3145 τοὺς
1037 3081 1382 3150 ἀθυμοῦντας
1429 3081 1791 3151 ψυχαγωγῶν.

1902 3096 2196 3139 mmrentes
2253 3086 2566 3139 consolans.
2622 3085 2757 3139 Nam
2821 3102 2943 3140 cum
2997 3087 3094 3152 illi,
3153 3087 3349 3156 inqttit,
3418 3088 3473 3141 in

231 3174 497 3232 Ἐκείνων
539 3177 671 3244 γὰρ,
728 3177 881 3246 φησι,
924 3174 1297 3244 βλασφημίαις
1346 3174 1488 3226 κατὰ
1536 3174 1630 3226 τοῦ
1663 3174 1796 3227 Θεοῦ

224 3269 613 3344 χρησαμένων,
638 3269 733 3322 καὶ
758 3266 1153 3328 κακοπαθείαις
1169 3267 1317 3335 ἡμᾶς
1341 3265 1719 3320 ὑποϐαλόντων
1731 3269 1795 3325 ⁸⁷.

224 3363 441 3435 χρηστά
480 3363 611 3431 περὶ
642 3361 800 3432 ήμῶν
829 3362 857 3412 ὁ
895 3360 1001 3413 τῶν
1026 3359 1162 3411 ὅλων
1195 3360 1325 3422 Θεὸς
1352 3360 1677 3429 ἐψηφίσατο,
1699 3363 1800 3429 τὴν

224 3455 484 3508 ἐπάνοδον
511 3453 907 3522 ὑποσχόμενος,
938 3450 1033 3504 καὶ
1070 3448 1214 3521 ζωὴν
1249 3452 1347 3522 τὴν
1379 3451 1695 3521 ὡρισμένην
1734 3456 1798 3523 τῇ

226 3545 409 3613 φύσει.
463 3544 573 3597 Καὶ
625 3542 875 3595 ἐντεῦθεν
905 3540 1083 3611 δῆλον,
1135 3541 1211 3603 ὡς
1244 3544 1358 3603 τοῖς
1409 3541 1800 3595 ἐπανελθοῦσιν

228 3636 350 3705 ἠδη,
378 3634 477 3687 καὶ
501 3634 569 3684 τὰ
594 3634 650 3684 ἐν
683 3628 963 3683 Βαϐυλῶνι
994 3627 1378 3700 συμϐεϐηκότα
1398 3628 1799 3699 διηγουμένοις,

227 3726 489 3795 ἁρμόδιος
526 3727 556 3777 ὁ
580 3723 811 3793 ψαλμές.
849 3723 992 3791 Ἔφη
1015 3722 1143 3791 γάρ’
1176 3740 1194 3772 ι
1234 3721 1333 3773 Διά
1362 3721 1519 3774 τοῦτο
1550 3722 1802 3792 ἐπιστρέ-

228 3816 317 3886 ψει
350 3818 378 3868 ὁ
412 3816 541 3878 λαός
579 3832 679 3883 μου
713 3812 967 3878 ἐνταῦθα,
1014 3834 1032 3865 ι
1086 3814 1365 3867 τουτέστιν
1414 3815 1494 3875 είς
1526 3812 1623 3882 τὴν
1669 3814 1800 3864 Ἰου-

230 3908 403 3961 δαίαν.
447 3906 646 3959 Ἐκείυ
677 3907 853 3960 τοίνυν
873 3906 1168 3973 διάγοντες,
1201 3906 1259 3959 τὸ
1284 3905 1539 3963 ἐνταῦθα
1561 3904 1798 3973 λέγουσι.

232 4001 355 4062 Τοῖς
402 4002 464 4051 ὲν
495 4000 774 4051 Βαόυλῶνι
806 3998 913 4069 γὰρ
943 3998 1192 4067 οὐδαμῶς
1242 3996 1399 4049 τοῦτο
1444 3995 1797 4065 κατάλληλον.

235 4107 255 4141 ε
300 4090 549 4160 Ἡμέρας
578 4089 634 4141 δὲ
677 4089 907 4159 πλήρεις
947 4108 966 4139 ι
1013 4088 1074 4140 τὸ
1116 4088 1295 4157 γῆρας
1326 4087 1602 4139 ἐκάλεσεν.
1656 4088 1801 4139 Ἀντὶ

230 4181 348 4246 τοῦ,
385 4182 555 4234 Kal”
584 4180 935 4250 ὲπανήξουσι,
968 4179 1063 4232 καὶ
1093 4180 1254 4248 μέχρι
1285 4179 1467 4248 γήρως
1491 4176 1800 4246 βιώσονται.

231 4274 391 4328 Οὕτω
430 4274 525 4327 τοῦ
555 4274 691 4326 Θεοῦ
718 4273 815 4343 τὴν
846 4273 1137 4341 ὑπόσχεσιν
1168 4270 1368 4336 δείξας,
1402 4270 1564 4323 πάλιν
1591 4271 1669 4331 είς
1704 4269 1800 4340 τὴν

228 4368 482 4438 διήγησιν
511 4365 779 4433 ἐπανῆλθε
798 4365 894 4434 τῆς
925 4365 1033 4417 τῶν
1056 4362 1407 4416 Βαϐυλωνίων
1432 4361 1797 4431 βλασφημίας,

232 4461 328 4512 καὶ
358 4459 460 4529 τῆς
493 4458 599 4511 τῶν
626 4455 918 4527 ιλογισμῶν
941 4455 1203 4526 ταραχῆς.

305 4560 394 4604 ια’.
438 4570 455 4600 ι
493 4550 602 4602 Καὶ
635 4546 806 4601 εἶπον·
842 4548 966 4611 Πῶς
1001 4548 1145 4615 ἓγνω
1181 4550 1207 4599 ό
1240 4546 1413 4611 Θεός;
1462 4545 1556 4599 καὶ
1594 4546 1644 4598 εί
1694 4545 1811 4597 ἔστι

232 4646 435 4713 γνῶσις
465 4644 524 4695 ὲν
568 4643 646 4712 τῷ
688 4640 961 4711 ’Υψίστῳ;
1005 4658 1023 4690 ι
1078 4638 1138 4691 ’0
1183 4639 1229 4671 ⁹⁰
1276 4639 1333 4691 δὲ
1378 4638 1675 4708 Σύμμαχος
1712 4654 1810 4689 σα-

233 4737 500 4807 φέστερον
528 4749 541 4761 ·
567 4736 633 4787 Ol
659 4732 785 4786 es"
810 4732 1045 4801 ἔλεγον,
1077 4730 1209 4795 Πῶς
1238 4729 1390 4797 ἔγνω
1420 4732 1452 4783 ὀ
1489 4730 1663 4794 Θεόςς
1684 4730 1736 4781 εί
1764 4731 1807 4761 θ’

1904 3178 2069 3231 Deum
2106 3178 2462 3247 blasphemiis
2500 3179 2586 3232 usi
2630 3188 2835 3243 essent,
2871 3192 2924 3233 et
2951 3179 3336 3234 afﬂictionibus
3378 3195 3480 3235 nos

1899 3270 2296 3337 confecissent;
2336 3271 2476 3325 bona
2526 3272 2592 3325 de
2633 3273 2792 3327 nobis
2829 3274 2971 3327 Deus
3016 3288 3197 3327 rerum
3231 3275 3474 3329 omnium

1899 3360 2148 3415 conditor
2170 3362 2429 3425 decrevit,
2462 3363 2825 3416 reversionem
2852 3364 3197 3431 promittens,
3225 3373 3278 3417 et
3310 3364 3475 3419 vitam

1900 3462 2113 3508 natura;
2172 3454 2468 3523 prrefitam.
2503 3454 2568 3508 Et
2602 3456 2729 3510 hinc
2778 3461 2923 3525 patet
2968 3457 3233 3524 psalmum
3270 3471 3477 3510 conve-

1901 3545 2021 3599 nire
2057 3545 2186 3607 illis,
2231 3546 2324 3615 qui
2351 3546 2466 3615 jam
2508 3548 2714 3601 reversi
2744 3556 2923 3608 erant,
2959 3556 3009 3601 et
3045 3562 3107 3601 ea
3146 3561 3267 3617 quae
3304 3547 3480 3617 Baby-

1901 3634 2025 3688 lone
2052 3636 2376 3690 acciderunt
2414 3636 2727 3691 narrabant.
2776 3637 2916 3689 Dicit
2939 3637 3085 3691 enim
3124 3656 3137 3691 :
3171 3656 3188 3687 ι
3237 3636 3357 3691 Ideo
3392 3653 3481 3691 re-

1902 3735 2145 3779 vertetur
2178 3728 2408 3794 populus
2438 3741 2593 3780 meus
2648 3727 2777 3790 huc,
2826 3746 2843 3778 ι
2883 3727 2985 3782 hoc
3015 3738 3097 3781 est
3128 3729 3182 3781 in
3212 3726 3474 3782 Judaeam.

1902 3815 1979 3869 lbi
2014 3816 2180 3885 igitur
2214 3816 2473 3885 degentes
2501 3816 2600 3867 huc
2631 3815 2839 3870 dicunt.
2875 3814 3011 3869 Nam
3043 3816 3129 3880 iis,
3170 3817 3261 3885 qui
3298 3815 3477 3887 Baby-

1903 3907 2026 3961 lone
2049 3916 2226 3970 erant,
2257 3922 2599 3976 nequaquam
2630 3907 2734 3961 hoc
2756 3907 3029 3977 congruit.
3063 3909 3273 3978 1117
3304 3928 3323 3959 ι
3356 3910 3479 3965 Dies

1905 4009 2085 4053 autem
2120 4000 2309 4069 plenos
2344 4020 2361 4050 ι
2392 4008 2722 4055 senectutem
2745 4000 2978 4054 vocavit.
3003 3998 3170 4065 Quasi
3194 4001 3338 4054 dicat
3371 4019 3384 4054 :
3414 4000 3479 4055 Et

1902 4091 2181 4157 redibunt,
2218 4100 2273 4145 et
2314 4092 2380 4144 ad
2434 4091 2647 4145 senium
2678 4105 2853 4160 usque
2882 4090 3045 4143 vitam
3081 4092 3477 4161 propagabunt.

1901 4180 1977 4235 Ita
2020 4193 2305 4251 postquam
2334 4181 2425 4235 Dei
2450 4181 2841 4249 promissiones
2865 4181 3123 4247 ostendit,
3147 4183 3210 4236 ad
3235 4181 3478 4237 eamdem

1904 4276 2276 4329 narrationem
2330 4274 2620 4329 revertitur
2660 4275 2725 4329 de
2775 4273 3194 4345 Babyloniorum
3246 4274 3480 4345 baspbe-

1905 4367 2050 4430 miis,
2092 4380 2145 4421 et
2177 4373 2243 4422 de
2278 4367 2515 4420 tumultu
2545 4365 2961 4437 cogitationum.

1987 4540 2151 4598 Vens.
2192 4542 2277 4598 tl.
2315 4562 2331 4593 ι
2360 4542 2424 4596 Ει
2450 4541 2739 4596 dixerunt:
2764 4540 3050 4607 Quomodo
3083 4539 3186 4594 scit
3211 4537 3394 4593 Deus?
3427 4545 3482 4591 et

1915 4649 2045 4687 num
2071 4643 2151 4688 est
2180 4633 2404 4689 scientia
2432 4635 2482 4687 in
2516 4632 2837 4688 Altissimo?
2868 4650 2886 4683 ι
2922 4630 3281 4701 Symmachus
3310 4628 3484 4698 magis

1916 4726 2151 4781 dilucide
2174 4726 2561 4796 interpretatus
2594 4735 2676 4780 est
2708 4743 2723 4779 :
2757 4723 2829 4777 Hi
2852 4738 2969 4777 vero
3026 4720 3307 4774 dixerunt:
3340 4719 3483 4786 Quo-

1336 4904 1563 4958 VARIAS
1600 4903 1983 4959 LECTIONES
2014 4903 2104 4957 ET
2142 4902 2378 4958 NOTAE.

305 5069 354 5100 τι
374 5066 740 5135 Ἐκράτησεν
766 5095 835 5105 --
861 5062 1053 5127 τέλος.
1085 5060 1248 5115 Hebr.
1280 5070 1407 5121 ms:
1442 5069 1659 5140 ΊῸΠΡΞὩ
1705 5071 1759 5113 ιη

1901 5077 2004 5127 yues
2044 5062 2213 5140 cinget
2260 5075 2345 5111 eos
2390 5059 2653 5121 superbta.
2765 5059 2809 5089 ⁷⁵
2864 5059 2965 5121 Εἰς
3004 5056 3196 5121 τέλος.
3253 5058 3483 5113 Additur

235 5152 291 5226 in
318 5127 683 5226 edim-iudet
731 5145 938 5226 Gompl.
1016 5144 1061 5180 ⁷⁸
1101 5127 1791 5226 Περιεόᾀέιρντοξ-Δεαυτς

1924 5142 2087 5225 llebr.
2120 5127 2380 5226 Ἶρι).οῳ
2416 5139 2884 5226 τηυξ-ηιὲρνλςθρι
2909 5152 3043 5226 ⁵φησι»,
3078 5140 3220 5226 velut
3243 5152 3480 5226 pmatus.

236 5222 488 5275 violentia
512 5233 634 5288 qua:
672 5226 760 5288 est
782 5211 912 5281 illis,
955 5231 1010 5288 ε.
1029 5228 1243 5288 eorum.
1318 5214 1363 5244 ⁷⁷
1386 5212 1518 5288 ltec.
1547 5213 1791 5288 lectiogest

1903 5214 2029 5267 τῶν.
2063 5213 2183 5288 cod.
2218 5214 2241 5268 1
2276 5214 2399 5266 add.
2443 5211 2549 5288 ἀεί.
2600 5211 2674 5243 ’⁷⁸
2719 5211 3070 5288 λΕντεῦθενλ
3090 5211 3261 5288 r_od._l
3293 5226 3480 5288 praem.

241 5292 340 5345 ἰδέ.
415 5290 463 5321 ⁷⁹
491 5278 612 5343 cod.
646 5290 671 5342 1
706 5278 906 5357 αὐτῆς.
971 5286 1015 5317 ⁸⁸
1058 5285 1126 5339 ’11
1156 5282 1311 5337 dam.
1352 5281 1567 5336 αὐτῶν.
1626 5282 1789 5340 Hebr.

1901 5292 1985 5347 aut
2013 5283 2151 5337 oculi
2196 5298 2394 5337 eorum.
2428 5283 2569 5351 Aqu.
2623 5290 2677 5334 et
2718 5279 2923 5357 $ymm.
2975 5278 3242 5349 ὀφθαλμοὶ
3280 5278 3479 5335 αὐτῶν.

239 5374 283 5405 υ
313 5372 511 5439 Δηλοῖ.
555 5370 676 5426 cod.
706 5370 731 5422 ι
775 5348 945 5423 καλεῖ.
1021 5370 1067 5400 ει
1103 5367 1223 5422 cod.
1255 5367 1289 5420 ε
1316 5364 1574 5439 ἐτόλμων.
1650 5366 1791 5439 “Au

1901 5384 2051 5439 οσᾳν
2072 5399 2140 5409 --
2164 5368 2428 5435 καρδίας.
2464 5348 2628 5439 Hebr.
2660 5348 3017 5439 animam
3049 5348 3188 5439 P39;
3219 5374 3486 5439 transgre-

241 5432 464 5497 diuntur
499 5441 840 5511 coagittiones
866 5439 1057 5501 cordis,
1093 5455 1140 5492 s.
1174 5439 1339 5511 ardua
1356 5432 1579 5511 .qu'mvis
1608 5438 1791 5491 moliut

1901 5456 1925 5492 '.
1974 5438 2103 5494 Rec.
2152 5432 2309 5511 lectio
2336 5432 2415 5492 est
2458 5437 2689 5511 διῇλθον.
2849 5433 3281 5511 ΔΔιιενοήθησως.
3319 5432 3483 5511 Hebr.

242 5520 397 5581 tamn
438 5502 811 5569 Conta'bescere
831 5511 1028 5578 faciunt
1066 5525 1145 5581 se.
1168 5502 1559 5581 alios._S§'mm.
1583 5524 1791 5578 καταμο

1901 5527 2069 5581 μενοι,
2107 5510 2417 5563 deridentes.
2492 5502 2543 5538 ⁸⁸⁷
2566 5510 2717 5559 Μου.
2768 5505 2928 5560 llebr.
2957 5513 3066 5568 πω
3095 5502 3317 5573 populus
3346 5503 3483 5567 eius.

240 5575 299 5679 3‘.
317 5601 426 5655 Kal
463 5629 533 5639 -
558 5575 974 5679 ειρῖεῖςιίιεδιο
1003 5578 1109 5679 T23"
1137 5601 1267 5679 Μ’
1298 5575 1421 5679 δξθο
1450 5598 1545 5679 “=31
1569 5604 1629 5679 ei,
1647 5575 1791 5679 σφάξε

1901 5575 1957 5648 ni
1996 5611 2071 5649 sc.
2101 5594 2287 5679 calicis
2324 5600 2638 5679 ξιξδιιρεηιιιν
2669 5588 2886 5679 αὸιίιίὶδ.
2964 5588 3007 5620 ⁸⁷
3028 5586 3162 5679 'c‘od.
3260 5584 3487 5679 περλιϐρς

241 5654 461 5723 tam».
563 5669 609 5700 ⁸⁸
637 5654 812 5721 Ἐκεῖ.
862 5665 984 5720 cod.
1024 5666 1046 5717 t
1089 5676 1273 5730 praem.
1305 5663 1399 5726 ὡς.
1500 5662 1545 5694 ⁸⁸
1577 5654 1707 5717 Kal”.
1756 5666 1791 5719 Α

244 5740 287 5771 "
319 5740 412 5794 Δέ.
444 5740 564 5796 cod.
615 5738 640 5793 1
675 5738 798 5794 add.
831 5734 981 5807 φησί.
1057 5737 1100 5768 ⁹²
1140 5736 1225 5789 Εἰ.
1260 5748 1307 5788 c.
1329 5748 1514 5803 praem.
1544 5734 1657 5788 καί.

1902 5676 1920 5720 ι
1969 5680 1997 5719 a
2033 5665 2153 5720 cod.
2179 5663 2231 5717 2.
2336 5664 2380 5693 9°
2422 5654 2571 5712 ’ὀ-
2599 5658 2992 5728 σαφέστερον.
3028 5657 3151 5714 Des.
3190 5659 3242 5714 in
3277 5654 3400 5713 cod.
3427 5654 3483 5710 Si.
