3936 6486
238 372 255 434 l
266 370 364 435 453

1500 372 1581 430 ΙΝ
1614 372 1821 431 PSAL.
1857 371 2130 431 LXXIII.

232 484 359 538 Θεὸν
393 482 695 553 ἐσχηκότες
734 481 990 552 νυμφίον,
1024 480 1443 553 ἐξεπόρνευσαν,
1473 482 1583 534 τῶν
1627 482 1795 552 ὃαιμό

1922 482 2145 539 vitutem
2183 484 2420 554 amplexi
2461 498 2663 540 essent.
2698 488 2901 545 Verum
2951 506 3052 546 suo
3108 494 3354 563 periculo
3399 513 3487 551 sa-

230 594 329 631 νων
359 574 743 644 ἀσπασάμενοι
767 573 867 644 τὴν
894 572 1141 626 δουλείαν
1165 590 1177 603 ·
1212 574 1350 626 ἀλλά
1373 575 1439 644 τῇ
1490 573 1658 645 πείρᾳ
1706 590 1811 625 σω-

226 670 440 741 φρονεῖν
466 665 813 737 διδαχθέντες
839 664 1064 735 βοῶσιν⁶

287 756 397 826 κη’.
450 775 468 809 ι
518 757 671 827 Ἐμοὶ
700 756 761 810 δὲ
790 755 852 810 τὸ
876 755 921 788 ⁸³
950 754 1392 828 προσκολλᾶσθαι
1423 755 1500 824 τῷ
1524 754 1644 827 Θεῷ
1671 757 1809 824 ἀγα-

221 850 308 903 θόν
354 850 500 913 ἐστι,
543 849 790 903 τίθεσθαι
822 850 882 903 ἐν
913 848 993 920 τῷ
1020 849 1212 920 Κυρίῳ
1244 851 1344 921 τὴν
1389 850 1580 903 ἐλπίδα
1613 867 1739 921 μου.
1781 868 1801 901 ›

218 944 297 996 Δι’
328 943 513 998 αὐτῶν
541 942 651 1013 γὰρ
694 942 807 997 τῶν
838 943 1182 1014 πραγμάτων
1223 942 1324 1013 τὴν
1371 946 1570 1015 πεῖραν
1601 942 1806 1006 λαϐὼν,

218 1033 522 1105 ἀχώριστος
557 1034 755 1105 ἔσομαι
800 1033 897 1089 τοῦ
947 1034 1259 1097 σεσωκότος
1292 1034 1451 1100 Θεοῦ,
1489 1036 1583 1088 καὶ
1626 1037 1692 1106 τῇ
1728 1036 1809 1098 είς

218 1127 380 1180 αὐτὸν
415 1125 594 1180 ἐλπίδι
626 1124 1093 1197 βεϐαιωθήσομαι.
1129 1145 1147 1178 ι
1185 1125 1293 1179 Τοῦ
1323 1126 1641 1194 ἐξαγγεῖλαί
1669 1144 1739 1196 με
1762 1125 1810 1159 ⁸³

218 1220 398 1283 πάσας
446 1219 547 1282 τάς
583 1220 823 1282 αίνέσεις
875 1235 969 1272 σου
1007 1220 1074 1284 ⁸⁸,
1110 1220 1168 1272 ἐν
1212 1220 1258 1251 ⁵⁸
1302 1221 1421 1282 ταῖς
1462 1218 1663 1282 πύλαις
1706 1220 1808 1290 τῆς

217 1310 488 1382 θυγατρὸς
537 1310 695 1366 Σιών.
734 1330 753 1364 ι
791 1309 894 1364 Διά
935 1310 1140 1383 ταύτης
1172 1312 1284 1382 γὰρ
1310 1312 1410 1381 τῆς
1452 1310 1666 1374 ἐλπίδος
1705 1312 1808 1382 τῆς

215 1401 475 1456 ἐπανόδου
506 1402 811 1475 τετύχηκα,
845 1400 941 1455 καὶ
969 1401 1070 1466 τὰς
1100 1402 1199 1465 σὰς
1239 1404 1298 1455 ἐν
1342 1403 1407 1473 τῇ
1450 1402 1807 1474 Ἰερουσαλὴμ

213 1494 523 1565 ἑξηγοῦμαι
583 1494 1059 1567 θαυματουργίας.
1124 1493 1340 1565 Ταύτην
1391 1494 1501 1565 γὰρ
1555 1494 1823 1565 ὠνόμασε

214 1586 515 1657 θυγατέρα
547 1585 717 1643 Σιών.
771 1588 986 1658 ’Ὠσπερ
1017 1586 1124 1658 γὰρ
1163 1588 1313 1649 υἱοὺς
1343 1585 1647 1658 ἀνθρώπων
1679 1588 1805 1653 τοὺς

212 1678 538 1751 ἀνθρώπους
564 1680 740 1743 καλεῖ,
764 1680 906 1733 οὕτω
935 1679 1212 1748 θυγατέρα
1228 1677 1366 1732 Σιὼν
1395 1679 1495 1750 τὴν
1519 1678 1657 1732 Σιὼν
1684 1681 1802 1734 όνο-

214 1771 401 1840 μάζει.
435 1770 716 1838 Διώνυμος
748 1771 805 1823 δὲ
833 1767 902 1841 ἦν
937 1773 969 1841 ἡ
1004 1772 1160 1835 πόλις
1184 1788 1198 1802 ·
1231 1773 1263 1840 ἡ
1289 1772 1399 1841 γὰρ
1426 1770 1563 1841 αύτὴ
1593 1770 1731 1825 Σιὼν
1757 1772 1800 1803 ⁸⁷

213 1864 311 1916 καὶ
349 1861 714 1934 Ἰερουσαλὴμ
741 1862 845 1914 ὑπὸ
869 1862 968 1930 τῆς
997 1861 1147 1925 θείας
1177 1861 1421 1915 καλεῖται
1453 1862 1695 1932 Γραφῆς.

535 1954 803 2008 ΕΡΜΗΝ.
847 1954 986 2006 ΤΟΥ
1023 1954 1121 2005 Ol"
1160 1954 1483 2008 ‘FAAMOT:

276 2045 349 2100 α’.
397 2065 418 2097 ι
460 2044 743 2107 Συνέσεως
782 2043 861 2114 τῷ
913 2044 1109 2114 Ἀσάφ.
1168 2063 1187 2097 ι
1238 2045 1351 2116 Τὴν
1392 2045 1659 2116 ἐσομένην
1703 2046 1805 2117 τῆς

235 2136 602 2209 Ἰερουσαλὴμ
637 2135 1015 2207 πανωλεθρίαν
1058 2139 1086 2190 ό
1135 2137 1471 2207 προφητικὸς
1515 2139 1806 2208 προθεσπί-

215 2228 322 2294 ζων
352 2230 536 2297 λόγος,
566 2229 854 2299 ἐπιστῆναι
880 2230 925 2260 ⁸⁸
959 2228 1055 2283 καὶ
1080 2230 1321 2283 συνιέναι
1346 2230 1557 2284 κελεύει
1576 2235 1689 2294 τοῖς
1718 2232 1805 2283 ἐν·

211 2321 547 2391 τυγχάνουσι
575 2318 669 2373 τοῦ
696 2318 912 2389 ψαλμοῦ
940 2318 1042 2392 τὴν
1070 2319 1310 2374 διάνοιαν
1338 2322 1405 2375 ⁶⁰.
1437 2323 1589 2381 Τινὲς
1617 2322 1802 2392 μέντοι

210 2414 317 2476 τοῖς
336 2411 448 2465 ὑπὸ
473 2411 748 2482 Ἀντιόχου
767 2412 863 2465 τοῦ
888 2412 1215 2481 Ἐπιφανοῦς
1226 2414 1615 2485 γεγενημένοις
1634 2431 1802 2484 προσ-

212 2506 466 2576 ήρμοσαν
499 2504 595 2558 τὸν
636 2504 871 2576 ψαλμὸν,
904 2504 1029 2559 οὔτε
1062 2509 1128 2577 τῇ
1168 2505 1380 2578 ἱστορίᾳ
1419 2507 1794 2577 προσεσχηκό-

211 2615 315 2662 τες,
353 2597 486 2651 οὔτε
521 2597 616 2651 τοῦ
660 2598 878 2669 ψαλμοῦ
925 2598 1026 2669 τὴν
1071 2600 1411 2670 προφητείαν
1439 2600 1685 2670 ἀκριϐῶς
1718 2619 1803 2654 νε-

208 2690 490 2761 νοηκότες.
539 2689 597 2742 '0
632 2689 732 2760 μὲν
766 2691 874 2760 γὰρ
918 2689 1135 2760 ψαλμὸς
1184 2691 1516 2761 ἐμπρησμὸν
1562 2692 1710 2759 λέγει
1752 2696 1799 2726 ⁷ο

207 2779 299 2834 τοῦ
329 2779 481 2834 θείου
508 2779 640 2845 νεὼ,
668 2778 767 2833 καὶ
806 2779 1105 2833 κατάλυσιν
1148 2780 1356 2847 οἰκιῶν,
1402 2782 1497 2834 καὶ
1533 2782 1799 2856 πόρθησιν

208 2874 307 2945 τῆς
345 2873 563 2934 πόλεως
591 2872 871 2943 παντελῆ·
902 2871 1076 2926 ταῦτα
1106 2873 1164 2926 δὲ
1190 2873 1295 2926 ὑπὸ
1337 2873 1608 2945 Ἀντιόχου
1642 2892 1798 2944 γεγε-

208 2967 402 3037 νῆσθαι
436 2965 590 3037 παρὰ
616 2965 716 3034 τῆς
743 2964 984 3036 ἱστορίας
1015 2965 1075 3018 ού
1112 2966 1156 3011 ⁷.¹
1191 2966 1615 3037 μεμαθήκαμεν.
1658 2967 1795 3021 Ούτε

208 3058 316 3129 μὴν
340 3061 411 3128 τῇ
447 3056 810 3111 Βαϐυλωνίων
850 3057 1112 3128 ἁρμόττει
1151 3058 1475 3129 πολιορκίᾳ’
1510 3062 1798 3131 προφήτας

205 3150 314 3221 γὰρ
342 3148 494 3221 εἶχον
526 3149 832 3219 τηνικαῦτα
860 3149 1112 3214 πολλοὺς,
1139 3150 1231 3202 τὸν
1271 3150 1563 3222 Ἰερεμίαν,
1593 3153 1795 3222 Οὐρίαν

1918 589 2044 643 pere
2077 574 2278 642 edocti,
2315 577 2622 633 exclamant
2652 596 2665 631 :

1992 752 2156 809 Vens.
2191 755 2280 811 28.
2326 777 2344 807 ι
2372 757 2501 813 Mihi
2544 771 2724 816 autem
2788 764 3067 820 adhaerere
3125 766 3235 821 Deo
3292 768 3490 823 bonum

1917 855 2021 910 est,
2048 862 2251 914 ponere
2278 850 2330 904 in
2364 851 2474 907 Deo
2506 868 2659 923 spem
2700 870 2903 912 meam.
2930 875 2948 907 ι
2989 858 3173 914 Rebus
3205 860 3352 914 enim
3406 862 3488 930 ip-

1915 937 1993 992 sis
2022 939 2270 1006 edoctus,
2296 956 2327 995 a
2360 941 2491 1009 Deo,
2545 946 2639 1015 qui
2680 948 2912 1001 salvavit
2940 964 3045 1014 me,
3074 965 3355 1020 nunquam
3407 952 3488 1005 di-

1914 1028 2109 1096 vellar,
2144 1040 2199 1085 et
2247 1046 2345 1102 spe
2399 1033 2452 1087 in
2502 1034 2683 1105 ipsum
2748 1038 2855 1092 ﬁxa
2901 1040 3326 1097 corroborabor.
3366 1062 3383 1093 ι
3424 1042 3488 1097 Ut

1914 1124 2234 1179 annuntiem
2261 1141 2453 1183 omnes
2483 1129 2672 1185 laudes
2703 1142 2825 1187 tuas
2856 1134 2909 1187 in
2936 1136 3107 1203 portis
3135 1135 3259 1190 tiliae
3289 1137 3440 1191 Sion.
3470 1158 3486 1189 ι

1915 1210 2020 1267 Per
2047 1216 2187 1269 hanc
2216 1216 2363 1269 enim
2397 1233 2548 1288 spem
2576 1220 2942 1275 reversionem
2969 1234 3298 1278 consecutus
3346 1240 3490 1285 sum,

1914 1314 1969 1359 et
2000 1314 2092 1359 tua
2139 1309 2412 1363 mirabilia
2484 1310 2538 1365 in
2595 1310 2967 1383 Hierosolyma
3017 1315 3272 1384 praedico.
3340 1314 3491 1369 lianc

1914 1398 2060 1453 enim
2089 1400 2264 1469 ﬁliam
2306 1400 2435 1457 Sion
2462 1407 2822 1474 nuncupavit.
2851 1404 2986 1459 Nam
3034 1415 3095 1459 ut
3130 1407 3271 1461 tilios
3310 1406 3489 1461 homi-

1914 1506 2045 1545 num
2087 1491 2339 1549 homines
2368 1506 2547 1563 vocat,
2578 1496 2659 1551 sic
2688 1496 2853 1551 tiliam
2886 1497 3018 1551 Sion
3062 1498 3282 1553 Sionem
3312 1498 3490 1552 nomi-

1914 1592 2032 1638 nat.
2076 1584 2366 1643 Geminum
2416 1603 2548 1643 vero
2608 1604 2807 1643 nomen
2843 1591 2930 1643 illa
2971 1591 3162 1646 civitas
3214 1592 3487 1646 habebat:

1912 1678 2101 1733 eadem
2132 1679 2278 1735 enim
2310 1697 2340 1735 a
2373 1683 2545 1738 sacris
2583 1683 2803 1739 Litteris
2835 1683 2966 1738 Sion
3007 1694 3062 1739 et
3112 1684 3488 1755 Hierosolyma

1912 1787 2045 1825 voca
2055 1782 2162 1827 tur.

2163 1950 2673 2021 11231ΝΤΕΒΡ.
2711 1950 2963 2007 PSALMI
3000 1953 3238 2011 LXXIII.

1986 2039 2151 2093 Vens.
2187 2040 2238 2093 1.
2278 2060 2295 2091 ι
2333 2041 2640 2097 Intellectus
2666 2044 2908 2113 Asapho.
2944 2062 2961 2095 ι
2994 2043 3256 2100 Futuram
3295 2044 3484 2101 Iliero-

1912 2131 2135 2201 solymte
2164 2133 2466 2202 perniciem
2524 2138 2877 2205 propheticus
2927 2152 3107 2193 sermo
3159 2140 3481 2202 vaticinans.

1910 2222 2109 2291 ‘jubet
2144 2230 2202 2276 ut
2234 2223 2329 2292 qui
2363 2223 2509 2280 hunc
2534 2227 2801 2294 psalmum
2828 2228 3078 2293 audiunt,
3104 2231 3483 2299 perdisCantet

1910 2314 2220 2386 intelligant
2258 2318 2454 2386 psalmi
2507 2322 2858 2375 sententiam.
2909 2321 3167 2376 Nonnulli
3212 2324 3376 2391 igitur
3414 2324 3484 2377 iis

1909 2425 2029 2479 quae
2064 2419 2307 2480 tempore
2338 2411 2593 2468 Antiochi
2656 2412 2888 2470 lllustris
2942 2415 3278 2479 acciderunt,
3331 2419 3475 2485 psal-

1909 2515 2058 2553 mum
2090 2502 2594 2569 accommodarunt,
2618 2520 2796 2574 neque
2818 2506 2883 2559 ad
2898 2505 3180 2561 historiam
3201 2510 3481 2561 ιιιιθιιιιυιις

1909 2603 2012 2659 tes,
2049 2609 2229 2664 neque
2265 2595 2463 2666 pSalmi
2491 2598 2931 2652 vaticinationem
2968 2608 3223 2654 accurate
3251 2616 3481 2670 perpcn-
3548 2585 3550 2588 ’

1908 2685 2122 2741 dentes.
2159 2687 2614 2757 Quandoquidem
2659 2691 2904 2759 psalmus
2957 2694 3023 2745 de
3066 2691 3237 2746 divini
3296 2695 3475 2762 templi

1906 2778 2184 2842 incendio,
2210 2779 2500 2834 domorum
2548 2783 2833 2837 eversiOne
2874 2783 3221 2853 civitatisque
3268 2786 3475 2856 integra

1905 2872 2214 2926 vastatione
2242 2872 2524 2942 loquitur:
2565 2874 2682 2928 haec
2725 2890 2855 2930 vero
2910 2876 2977 2931 ab
3008 2876 3281 2933 Antiocho
3332 2877 3476 2933 facta

1906 2963 2079 3019 fuisse
2109 2979 2175 3019 ex
2210 2964 2436 3020 historia
2488 2981 2833 3037 nequaquam
2865 2968 3176 3025 didicimus.
3220 2972 3331 3027 Nec
3374 2974 3476 3027 lla-

1906 3057 2256 3127 byloniorum
2309 3058 2580 3112 obsidioni
2642 3060 2913 3129 congruit.
2973 3060 3275 3131 Pt‘Ophetas
3327 3065 3473 3118 enim

1904 3160 2035 3206 tunc
2068 3151 2331 3220 temporis
2364 3151 2563 3206 multos
2596 3151 2896 3207 habebant:
2940 3152 3255 3219 Jeremiam,
3289 3156 3473 3213 Uriam

325 3213 672 3310 Σαμαίου-π,
704 3241 799 3294 τὸν
836 3240 1118 3311 Ἰεξεκιὴλ,
1146 3213 1366 3312 Δανιὴλ..
1413 3213 1474 3294 ³0
1502 3213 1560 3295 δέ
1587 3213 1795 3314 ψαλμός

1909 3241 2094 3297 Saintei
2130 3243 2319 3304 tilium.
2360 3242 2727 3309 Ezechielem,
2761 3248 3061 3305 Dauielcm.
3094 3251 3351 3308 Psalmus
3375 3261 3474 3308 atr-

205 3349 371 3402 φησιν
392 3348 409 3363 ·
445 3351 464 3383 ι
505 3332 621 3385 Οὐκ
645 3330 795 3384 ἐστιν
822 3330 902 3383 ἔτι
932 3332 1240 3402 προφήτης,
1274 3333 1369 3386 καὶ
1394 3335 1543 3404 ἡμᾶς
1567 3336 1628 3388 οὐ
1658 3337 1799 3403 γνώ-

206 3441 362 3478 σεται
393 3423 498 3477 ἔτι.
542 3444 561 3477 ι
602 3425 666 3477 Εἰ
695 3424 751 3476 δὲ
790 3424 928 3495 μήτε
963 3424 1349 3493 Βαϐυλωνίοις,
1385 3428 1522 3499 μήτε
1559 3429 1801 3483 Μακεδό-

206 3535 292 3571 σιν
322 3518 370 3548 ⁷³
416 3517 703 3588 ἁρμόττει,
731 3517 892 3587 δῆλον
935 3518 1019 3571 ὅτι
1062 3516 1160 3589 τὴν
1211 3518 1316 3572 ὑπὸ
1374 3519 1661 3590 Ῥωμαίων
1699 3523 1797 3574 ἐπ-

203 3608 527 3681 ενεχθεῖσαν
552 3610 735 3673 αὐτοῖς
776 3609 1156 3681 πανωλεθρίαν
1180 3612 1548 3682 προαγορεύει
1568 3614 1635 3679 ⁷⁸,
1677 3616 1797 3684 μεθ’

203 3703 269 3774 ἢν
306 3703 573 3772 οὐδεμιᾶς
620 3702 979 3773 ἀνακλήσεως
1008 3703 1221 3773 ἔτυχον,
1250 3704 1354 3774 τῆς
1387 3710 1526 3759 κατὰ
1553 3706 1648 3760 τοῦ
1681 3709 1798 3761 Σω-

204 3796 369 3867 τῆρος
400 3798 448 3829 ⁷⁸
474 3796 730 3860 ἀσεϐείας
763 3796 1002 3861 τίνοντες
1026 3797 1202 3861 δίκας.
1234 3799 1524 3868 Θαυμάσαι
1552 3800 1610 3852 δὲ
1646 3799 1797 3865 ἄξιον

203 3890 306 3960 τὴν
345 3889 593 3961 ἄρρητον
636 3890 682 3921 ⁷⁸
727 3889 1043 3959 ἀγαθότητα
1080 3890 1176 3943 τοῦ
1218 3891 1525 3943 Δεσπότου⁸
1576 3892 1658 3944 ὅτι
1704 3890 1798 3943 καὶ

204 3980 483 4052 προειδὼς
526 3980 707 4034 αὐτῶν
734 3980 979 4052 ἀκριϐῶς
1019 3982 1061 4013 ⁷⁷
1093 3982 1191 4053 τὴν
1228 3982 1531 4048 ἀπείθειαν,
1564 3985 1631 4052 τῇ
1662 3998 1796 4053 προ-

204 4074 413 4144 φητείᾳ
441 4072 551 4125 τῶν
596 4071 872 4142 ἐσομένων
904 4072 1094 4125 κακῶν
1145 4074 1481 4144 ἀποτρέπειν
1522 4074 1621 4145 τῆς
1666 4074 1797 4127 ἀσε-

206 4166 369 4229 ϐείας
401 4166 681 4233 πειρᾶται.
710 4164 873 4234 Δηλοϊ
898 4164 953 4217 δὲ
975 4165 1124 4234 ὅμως
1152 4166 1245 4218 καὶ
1275 4165 1405 4217 αὐτὸ
1438 4164 1532 4218 τοῦ
1562 4166 1794 4236 Ψαλμοῦ

201 4259 266 4312 τὺ
299 4260 610 4329 προοίμιον,
646 4255 721 4319 ὡς
755 4256 958 4326 ταύτην
992 4258 1025 4326 ἡ
1055 4256 1362 4328 πρόρρησις
1393 4257 1491 4328 τὴν
1534 4258 1796 4313 ὑπόθεσιν

202 4349 322 4420 ἔχει
351 4350 422 4402 ⁷⁸.
474 4368 491 4401 ι
552 4348 733 4413 Ὶνατί,
762 4348 963 4411 όΘεὸς,
998 4349 1206 4401 ἀπώσω
1240 4351 1320 4412 εἰς
1360 4348 1542 4413 τέλος;
1582 4370 1601 4401 ι
1658 4349 1794 4404 Οῦτε

201 4444 337 4511 γὰρ,
366 4441 446 4503 ὡς
475 4441 570 4493 ἐπὶ
597 4438 975 4504 Βαϐυλωνίων,
1008 4443 1073 4511 τῇ
1095 4440 1313 4511 δουλείᾳ
1345 4440 1434 4494 τὸν
1467 4441 1796 4512 ἑϐδομηκον-

1901 3345 2007 3390 tem
2040 3336 2173 3391 dicit
2203 3357 2215 3391 :
2252 3334 2415 3401 «,Jam
2448 3354 2554 3391 non
2584 3347 2665 3393 est
2691 3341 2977 3409 prOpbeta,
3009 3351 3063 3397 et
3090 3358 3191 3398 nos
3224 3360 3330 3399 non
3384 3362 3475 3401 co-

1898 3435 2125 3494 gnoscet
2143 3425 2397 3495 amplius.
2438 3445 2457 3478 ι
2484 3427 2636 3493 Quod
2670 3429 2715 3483 si
2740 3444 2913 3500 neque
2945 3430 3257 3503 Babyloniis
3298 3454 3476 3510 neque

1896 3516 2540 3588 Macedonibusquadrat,
2555 3520 2902 3578 manifestum
2920 3533 3004 3579 est
3043 3541 3165 3580 eum
3184 3531 3472 3600 perniciem

1897 3624 1927 3663 a
1971 3608 2231 3664 Romanis
2252 3610 2359 3667 illis
2395 3611 2652 3668 inﬂictam
2676 3616 2985 3684 praedicere,
3012 3629 3135 3687 post
3164 3638 3327 3691 quam
3354 3628 3475 3681 nut-

1899 3699 2005 3753 lam
2028 3700 2427 3758 revocationem
2460 3705 2800 3769 sortitisunt,
2824 3723 3013 3776 pmnas
3034 3711 3326 3782 impietatis
3345 3733 3471 3786 pen-

1899 3792 2110 3857 dentes,
2145 3809 2252 3862 qua
2285 3794 2342 3849 in
2375 3794 2713 3851 Salvatorem
2763 3801 2846 3854 usi
2877 3811 3030 3855 sunt.
3089 3805 3471 3865 Admiratione

1899 3894 2080 3938 autem
2120 3885 2281 3956 digna
2341 3896 2427 3943 est
2484 3888 2881 3959 inexplicabilis
2935 3893 3149 3950 Doluini
3210 3900 3467 3959 bonitas:

1902 3974 2051 4044 quod
2079 3990 2203 4030 cum
2237 3991 2428 4032 eorum
2469 3981 2866 4035 contumaciam
2918 3984 3077 4053 plane
3128 3991 3467 4061 praevideret,

1895 4068 2288 4122 vaticinatione
2318 4068 2630 4124 futurorum
2664 4074 2931 4128 malorum
2964 4075 3032 4131 ab
3064 4078 3350 4149 impietate
3373 4100 3470 4141 eos

1895 4170 2147 4216 avertere
2177 4173 2429 4216 conatur.
2496 4163 2746 4219 Declarat
2801 4177 2982 4222 autem
3042 4170 3220 4237 ipsum
3272 4178 3468 4244 psalmi
3550 4214 3559 4222 -

1895 4253 2208 4318 exordium,
2269 4254 2372 4308 hoc
2450 4268 2575 4308 esse
2631 4268 3010 4326 argumentum
3080 4263 3468 4329 praedictionis.

1902 4364 1921 4398 ι
1959 4345 2141 4409 Cur,o
2161 4344 2326 4412 Deus,
2354 4346 2601 4413 repulisti
2623 4347 2766 4416 (nos)
2792 4350 2844 4403 in
2879 4352 3078 4406 tinem?
3103 4373 3121 4405 ι
3157 4354 3274 4411 Non
3300 4359 3467 4425 enim,

1896 4439 2358 4508 quemadmodum
2394 4439 2496 4493 sub
2530 4440 2867 4511 Babyloniis,
2897 4445 3225 4511 servitutem.
3248 4459 3470 4519 septua-

200 4532 410 4601 τούτην
445 4530 653 4602 ὥρισας
697 4532 912 4603 χρόνον,
960 4528 1084 4584 οὔτε
1120 4531 1194 4594 ὼς
1242 4531 1335 4584 ἐπὶ
1397 4531 1691 4602 Ἀντιόχου,
1725 4532 1795 4586 τὰ

1909 4531 2045 4601 ginta
2083 4529 2297 4601 1124
2328 4546 2599 4585 annorum
2632 4534 2810 4601 spatio
2840 4534 3157 4603 definivisti,
3202 4554 3379 4609 neque
3412 4552 3471 4594 ut

202 4626 350 4679 ἐπτά
392 4626 567 4696 ἥμισυ
602 4626 648 4657 ⁷⁹
683 4623 801 4694 ἐτη,
854 4624 997 4679 κατά
1029 4625 1129 4695 τὴν
1178 4622 1273 4677 τοῦ
1320 4623 1515 4695 Δανιὴλ
1568 4642 1781 4696 προφη-

198 4719 385 4781 τείαν,
426 4717 541 4771 ἀλλ’
570 4719 650 4780 είς
678 4717 831 4780 τέλος
861 4716 1088 4780 ἀπώσω,
1120 4716 1215 4770 καὶ
1245 4714 1627 4786 πανωλεθρίαν
1655 4732 1789 4769 κατ-

198 4810 485 4880 εψηφίσω.
548 4827 569 4860 ι
640 4807 896 4879 Ὤργίσθη
944 4805 972 4856 ὁ
1025 4806 1196 4877 θυμός
1246 4823 1338 4858 σου
1398 4806 1493 4859 ἐπὶ
1543 4805 1789 4877 πρόϐατα

202 4902 385 4973 νομῆς
418 4919 532 4956 σου.
555 4920 573 4951 ι
605 4900 891 4969 Ἐπίμονον
914 4899 1068 4971 ἔσχες
1101 4899 1197 4970 τὴν
1220 4897 1361 4952 κατὰ
1381 4898 1487 4953 τῶν
1506 4899 1791 4969 προϐάτων

200 4992 321 5047 τῶν
354 4992 464 5048 σῶν
493 4991 865 5062 ἀγανάκτησιν
898 4991 981 5057 ⁸⁰.,

1897 4620 2000 4673 sub
2028 4619 2322 4683 Antiocho,
2352 4629 2556 4690 septem
2590 4623 2749 4675 annis
2780 4635 2833 4677 et
2871 4624 3120 4689 dimidio,
3150 4630 3465 4684 secundum

1898 4712 2140 4767 Danielis
2172 4714 2551 4783 prophetiam:
2587 4716 2679 4770 sed
2716 4716 2769 4769 in
2801 4716 2961 4771 linem
2992 4720 3262 4789 repulisti,
3301 4732 3355 4775 et
3400 4725 3464 4778 ad

1895 4803 2121 4856 exitium
2155 4805 2556 4860 condemnasti.
2599 4825 2617 4857 ι
2652 4805 2869 4861 Exarsit
2903 4808 2981 4862 ira
3017 4817 3110 4865 tua
3144 4827 3307 4881 super
3339 4830 3466 4869 oves

1898 4896 2086 4964 pascui
2120 4898 2218 4951 tui.
2257 4917 2275 4948 ι
2310 4896 2727 4955 Permanenlem
2787 4900 3221 4971 indignationem
3276 4920 3466 4963 contra

1901 4996 2022 5039 tuas
2047 5001 2175 5041 oves
2220 4987 2480 5043 habuisti.

1308 5149 1541 5204 VARIAS
1585 5147 1969 5204 LECTIONES
2008 5147 2094 5202 ET
2135 5146 2370 5203 NOTIE.

313 5269 361 5310 ιιι
408 5269 479 5323 τὸ
515 5298 588 5310 _
631 5266 773 5333 θεῷ,
817 5266 986 5354 Hebr.
1034 5249 1215 5325 ωιτῶιςι
1241 5276 1423 5354 ria-ip,
1464 5265 1933 5354 propinquitatem-
1965 5264 2080 5354 οεξ.
2158 5264 2203 5296 ⁵⁸
2227 5265 2336 5354 Μέ.
2380 5267 2763 5354 ⁸Ιιιεεειτιιιῐιῌὶιι
2817 5270 2948 5354 edit.
2980 5270 3104 5327 Ald.
3154 5282 3210 5328 et
3254 5274 3467 5347 Compl.

207 5356 258 5390 ⁸⁸
289 5351 569 5426 Μενέσες,³
614 5368 753 5406 σου.
815 5349 978 5426 Hebr.
1037 5352 1216 5403 omnia
1258 5346 1430 5426 _ope'_ra
1494 5359 1634 5426 tua_._
1670 5349 1789 5401 Mon

1920 5346 1971 5400 in
2043 5347 2395 5426 llexa_pl.__ad
2450 5350 2503 5405 h.
2554 5351 2589 5426 l_.
2642 5352 2802 5426 aliam
2863 5353 2973 5426 τῶν
3041 5356 3097 5407 0'
3140 5346 3471 5426 interpreta-

209 5428 420 5480 tionem
476 5421 654 5484 all‘ert,
722 5436 841 5488 qua;
891 5422 1005 5475 haec
1056 5429 1156 5478 est.
1214 5418 1705 5489 sesamum};
1759 5435 1795 5469 σ‹

1950 5428 2109 5489 ethex
2168 5419 2381 5487 Aquila:
2429 5422 2682 5475 versione
2736 5422 2996 5489 ἀγγελίας
3043 5442 3138 5478 σου
3178 5418 3301 5480 orta
3348 5446 3470 5484 esse

208 5497 450 5567 videtur.
524 5491 680 5546 Conf.
728 5485 977 5567 Hieron:
1005 5490 1267 5567 epist._ad
1319 5488 1452 5567 sun.
1495 5485 1561 5541 et
1596 5485 1763 5567 -Fret.

211 5566 340 5620 cod.
390 5563 426 5616 ‘2
463 5578 653 5633 praem.
715 5561 829 5615 καί.
898 5562 980 5633 7“
1007 5561 1129 5633 cod.
1158 5562 1198 5633 1
1244 5567 1299 5612 et
1338 5559 1384 5633 2.
1431 5559 1743 5633 eng‘rﬁvqt.

212 5637 261 5708 ‘ff
306 5636 411 5688 Οὐ.
449 5627 674 5708 ςΛιιεει
724 5648 760 5708 a_
813 5631 1061 5708 φάη-2.
1148 5629 1373 5708 "'_cod.
1500 5628 1771 5708 .Esttaéou.

215 5706 264 5736 ⁷⁸
306 5702 603 5770 Σωτῆρος.
661 5704 785 5756 cod.
831 5702 855 5755 1
902 5701 1025 5755 add.
1077 5701 1171 5753 καὶ
1212 5700 1346 5751 Θεοῦ
1408 5700 1586 5768 ἡμῶν.

1864 5489 1909 5518 ⁸⁸
1965 5487 2065 5540 Ἑν
2112 5518 2181 5528 -
2230 5489 2401 5543 Σιών.

1856 5559 1900 5589 ⁸³
1948 5558 2073 5613 cod.
2121 5559 2157 5611 9.
2214 5562 2280 5628 τῇ

1674 5700 1718 5727 ἰε
1761 5698 2064 5765 Ἀρῤητον.
2119 5699 2241 5755 Des.
2316 5701 2369 5754 in
2437 5703 2555 5755 cod.
2619 5704 2664 5759 Ι.

2471 5490 2589 5543 Des.
2640 5491 2695 5543 in
2750 5502 2896 5547 textu
2952 5492 3115 5550 Hebr.
3207 5498 3253 5527 "
3292 5500 3467 5554 Σιών.

2337 5560 2562 5637 διανοίᾳ,
2638 5562 2878 5637 ’°_cod._
2913 5575 3140 5637 uterque
3190 5569 3467 5637 προλέγει.

1895 5628 1940 5659 ⁷⁸
1984 5628 2196 5707 ροιΙ.“2
2241 5628 2634 5707 Μακεδονίοιςη
2697 5631 2742 5663 ⁷⁵
2773 5632 2904 5707 god.
2955 5634 2991 5687 2
3045 5628 3467 5707 προσαγορεύει.

2772 5704 2816 5735 ⁷⁷
2858 5704 3158 5772 Ἀκριϐῶς.
3222 5704 3389 5763 Abest
3439 5728 3468 5765 τι

216 5776 339 5849 cod.
358 5773 421 5835 ,1.
462 5767 917 5849 W_""'E_z£t._cod.
943 5771 968 5824 1
996 5770 1118 5849 add.
1148 5771 1242 5823 καὶ
1260 5772 1363 5841 ὅρα
1387 5769 1438 5820 τί
1456 5767 1612 5849 φησι.
1688 5767 1732 5799 ’⁸
1754 5783 1795 5849 et

1909 5770 1922 5820 Ι
1960 5770 2153 5849 ἡμίση.
2178 5843 2190 5849 _
2230 5772 2275 5849 3f
2308 5771 2753 5849 ἉῖαΥὰκτηο-ιν.
2777 5775 2897 5849 cod.
2919 5767 3091 5829 i'add.
3114 5767 3341 5849 ⁷Ἐπειδὴ
3364 5782 3434 5848 γά

214 5847 309 5901 τὸν
340 5844 576 5914 ποιμένα
610 5838 702 5897 τόν
734 5843 988 5913 οὐράνιον
1020 5841 1113 5895 τόν
1146 5838 1658 5911 ποτέποιμάναντα
1687 5838 1813 5901 τοὺς
1841 5838 2142 5907 προγόνους
2175 5843 2266 5894 ἐπὶ
2302 5841 2395 5894 τοῦ
2428 5846 2661 5915 σταυροῦ
2702 5848 3054 5917 κατέκριναν,
3099 5838 3471 5919 ἐξήνεγκῖὁί-

3348 380 3490 445 1454
3602 402 3605 405 ·
