3936 6490
504 348 638 413 1463

1462 339 1956 404 THEODORETI
2018 336 2357 397 EPISCOPI
2434 335 2801 396 CYRENSIS

3588 335 3704 404 1464

498 476 663 527 supra
710 458 855 513 dicta
884 454 1061 511 verbis
1085 453 1232 508 illis:
1271 469 1287 502 ι
1334 452 1600 522 Operatus
1628 457 1713 504 est
1742 447 1971 504 salutem
2006 445 2055 499 in

2165 445 2192 496 6
2243 443 2386 505 θεῖος
2437 442 2783 505 Ἀπόστολος,
2816 440 2965 493 ἐστὶν
3016 440 3045 491 6
3083 416 3336 511 Χριστός.
3380 442 3485 495 Καὶ
3516 443 3709 502 ἅπαντα

498 550 674 605 medio
724 557 901 611 terrae,
941 565 959 598 ι
1023 554 1335 600 nostrorum
1390 542 1777 597 beneficiorum
1837 540 2064 607 figuram

497 645 797 698 continent.
831 640 1041 695 Etenim
1077 639 1149 693 ibi
1183 653 1275 707 per
1299 651 1471 706 aquas
1503 634 1782 689 servitutis
1812 631 2066 685 liberatio

496 736 639 792 facta
689 745 794 801 est,
853 743 904 791 et
933 733 1022 787 hic
1058 745 1155 802 per
1201 744 1373 798 aquas
1424 727 1746 798 principium
1796 724 2065 779 libertatis

497 838 598 884 cst.
646 828 723 884 lbi
767 828 1067 883 draconum
1119 825 1298 894 capita
1346 824 1400 876 in
1432 821 1588 891 aquis
1610 819 1864 878 contrita.
1896 828 1951 873 et
1977 818 2065 871 hic

495 923 803 975 daemonum
859 917 1117 989 potentiae
1147 928 1352 970 eversae
1382 912 1725 982 baptismatis
1757 910 1952 981 gratia.
1978 906 2062 962 Illi

496 1019 620 1080 post
671 1009 1009 1066 eversionem
1056 1006 1110 1061 in
1156 1005 1293 1060 mari
1326 1002 1722 1073 expugnabiles
1761 1001 1886 1056 facti
1934 1008 2063 1055 sunt

496 1100 862 1172 EthiOpibus,
888 1108 943 1155 et
963 1099 1133 1155 nostri
1164 1098 1344 1152 hostes
1368 1104 1492 1165 post
1509 1104 1759 1151 sanctum
1782 1094 2059 1148 lavacrum

494 1202 802 1266 expugnatu
862 1193 1050 1257 faciles
1084 1192 1190 1247 illis
1224 1190 1353 1244 facti
1385 1196 1533 1252 sunt,
1578 1189 1671 1257 qui
1711 1188 1839 1242 olim
1875 1188 2059 1257 nigras

495 1288 705 1343 animas
738 1285 1064 1341 habuerunt.
1104 1283 1170 1338 Et
1204 1283 1309 1337 alia
1343 1280 1501 1336 facile
1521 1289 1605 1335 est
1634 1280 1847 1350 1132
1877 1279 2060 1333 videre

494 1378 558 1430 iis
597 1376 690 1445 qui
751 1375 1027 1431 attendere
1084 1375 1295 1428 volunt.
1328 1371 1435 1445 [lbi
1483 1372 1727 1434 baculus,
1766 1372 1855 1426 hic
1879 1386 2009 1425 crux
2041 1390 2053 1425 :

493 1468 562 1523 ibi
602 1467 800 1531 Moses,
856 1467 945 1522 hic
989 1465 1188 1521 summi
1233 1465 1587 1521 sacerdotes:
1631 1465 1704 1518 ibi
1755 1479 1925 1528 mare,
1968 1463 2057 1518 hic

493 1575 708 1616 sacrum
750 1560 1069 1614 lavacrum:
1106 1558 1181 1613 ibi
1222 1558 1509 1613 duodecim
1547 1557 1749 1619 fontes,
1787 1557 1877 1611 hic
1914 1556 2055 1611 duo-

492 1648 662 1703 decim
717 1648 987 1719 apostoli:
1023 1647 1096 1703 ibi
1126 1647 1463 1717 septuaginta
1519 1648 1794 1714 caudices,
1831 1647 1918 1703 hic
1969 1662 2056 1704 se-

492 1740 766 1813 ptuaginta
798 1740 1059 1811 c’odiees.]
1080 1739 1186 1796 Nos
1212 1750 1388 1795 autem
1407 1741 1471 1795 ad
1497 1741 1759 1811 reliquam
1788 1742 2053 1812 interpre-

493 1834 743 1889 tationem
774 1848 1082 1907 pergamus.

558 2073 721 2129 Vnus.
759 2074 845 2138 l6,
881 2076 960 2127 l7.
1000 2093 1019 2125 ι
1056 2073 1203 2129 Tuus
1234 2076 1476 2138 estdies,
1509 2084 1562 2129 et
1597 2084 1686 2129 tua
1720 2085 1803 2131 est
1828 2092 1965 2141 nox;
1999 2085 2056 2132 tu

489 2168 781 2224 fabricatus
825 2185 885 2224 es
919 2184 1171 2224 auroram
1205 2180 1259 2224 et
1294 2170 1483 2224 solem.
1534 2168 1614 2224 Tu
1661 2170 1833 2227 fecisti
1868 2187 2058 2227 omnes

488 2260 749 2315 terminos
793 2267 999 2314 terrm:
1037 2270 1282 2315 aestatem
1323 2270 1376 2317 et
1409 2278 1503 2317 ver
1536 2272 1589 2316 tu
1641 2262 1911 2319 formasti.
1955 2284 1972 2316 ι
2012 2267 2056 2319 Α

472 2350 714 2418 privatis
742 2350 1019 2407 beneﬁciis
1054 2354 1121 2406 ad
1155 2353 1466 2407 communia
1502 2358 1515 2376 ⁶
1548 2356 1849 2410 orationem
1880 2366 2057 2413 trans-

488 2443 632 2508 tulit,
667 2450 721 2497 et
759 2443 924 2499 totius
956 2452 1167 2499 naturae.
1198 2453 1497 2500 creatorem
1543 2461 1663 2501 esse
1699 2448 1855 2503 docet
1886 2449 2053 2504 Deum

488 2533 891 2598 universorum,
939 2533 1159 2605 dieique
1205 2551 1269 2591 ac
1320 2538 1501 2593 noctis
1567 2540 1928 2606 conditorem,
1967 2542 2054 2596 lu-

488 2626 652 2683 minis
712 2626 1068 2698 largitorem,
1119 2639 1174 2684 et
1245 2630 1378 2685 solis
1445 2631 1739 2701 opificem.
1795 2642 1850 2689 et
1922 2645 2052 2690 tem-

486 2718 636 2789 poris
696 2720 1120 2777 moderatorem.
1172 2719 1312 2777 Nam
1372 2736 1471 2792 per
1539 2740 1627 2778 rer
1704 2734 1759 2779 et
1817 2735 2055 2779 aestatem

485 2811 790 2883 designavit
824 2822 1131 2884 temporum
1164 2816 1537 2872 mutationes:
1574 2828 1629 2872 et
1666 2833 1794 2887 pro,
1845 2818 1924 2873 Tu
1971 2820 2051 2889 fe-

485 2905 604 2961 cisti
641 2922 818 2962 omnes
850 2909 979 2977 ﬁnes
1016 2919 1189 2976 terrm,
1224 2909 1418 2979 Aquila
1455 2920 1508 2966 et
1536 2911 1860 2975 Theodotio,
1888 2914 2053 2969 stabi-

485 2998 648 3052 tivisti
686 3008 995 3067 verterunt,
1051 3001 1413 3073 Symmachus
1448 3019 1577 3059 vero
1610 3007 1853 3061 statuisti
1894 3007 2048 3061 dixit.

486 3087 766 3162 Significat
798 3100 1002 3157 autem,
1046 3094 1222 3162 ipsum
1261 3094 1476 3150 dedisse
1509 3096 1585 3150 illi
1618 3106 1678 3152 ut
1710 3098 1802 3161 sit,
1830 3108 1883 3153 et
1910 3098 2050 3155 hanc

2171 536 2295 590 τάδε
2311 536 2355 568 ³³
2386 534 2457 588 τὰ
2487 533 2756 607 είρημένα
2774 535 2819 565 ⁶⁰
2848 533 2958 587 ἀπὸ
3005 532 3099 585 τοῦ
3125 549 3138 565 ·
3188 552 3207 584 ι
3236 533 3530 603 Είργάσατο
3556 553 3710 610 σωτη.

2173 628 2297 699 ρίαν
2330 629 2389 681 ἐν
2420 628 2571 699 μέσῳ
2602 627 2702 692 τῆς
2730 626 2854 694 γῆς,
2887 645 2904 677 ι
2960 624 3071 677 τῶν
3100 624 3383 694 ἡμετέρων
3417 626 3712 697 εὐεργεσιῶν

2171 720 2417 792 περιέχει
2446 721 2537 774 τὸν
2567 719 2757 773 τύπον.
2799 718 2910 772 Καὶ
2941 716 3051 787 γὰρ
3077 717 3196 769 ἐκεῖ
3235 716 3302 768 δι’
3350 716 3546 771 ὑδάτων
3627 720 3712 791 τῆς

2168 808 2412 872 δουλείας
2435 807 2745 880 ἀπαλλαγὴ,
2795 808 2893 861 καὶ
2907 808 2948 839 ⁸⁸
2983 807 3219 860 ἐνταῦθα
3249 807 3317 859 δι’
3357 808 3552 862 ὑδάτων
3578 810 3711 864 ἐλευ-

2170 898 2357 967 θερίας
2384 901 2551 970 ἀρχή.
2608 900 2757 953 Ἐκεῖ
2782 898 3095 967 δρακόντων
3111 898 3155 929 ⁶¹
3185 898 3421 966 κεφαλαὶ
3444 902 3551 964 τοῖς
3577 899 3712 957 ὕδασι

2169 991 2617 1062 συντριϐόμεναι,
2667 994 2764 1045 καὶ
2810 988 3047 1045 ἐνταῦθα
3103 990 3416 1045 δυναστείαι
3472 991 3711 1062 δαιμόνων

2166 1085 2570 1156 καταλυόμεναι
2611 1088 2678 1156 τῇ
2709 1083 2805 1137 τοῦ
2844 1082 3223 1155 βαπτίσματος
3269 1083 3471 1154 χάριτι.
3508 1084 3713 1139 Ἐκεῖνοι

2166 1176 2487 1248 εὐχείρωτοι
2511 1175 2650 1245 μετὰ
2673 1176 2773 1241 τὴν
2794 1175 3073 1229 θάλασσαν
3094 1174 3347 1240 ἐγένοντο
3374 1178 3486 1238 τοῖς
3503 1175 3710 1247 Αἰθίοψι,

2166 1268 2259 1320 καὶ
2288 1268 2338 1321 οί
2381 1266 2640 1339 ἡμέτεροι
2675 1266 2932 1336 πολέμιοι
2969 1264 3111 1335 μετὰ
3140 1264 3243 1334 τὴν
3277 1264 3434 1333 ἁγίαν
3462 1264 3709 1337 κολυμϐή-

2165 1357 2299 1429 θραν
2319 1356 2782 1426 εὐκαταγώνιστοι
2808 1356 3058 1426 ἐγένοντο
3079 1357 3126 1389 ⁸³
3153 1358 3267 1419 τοϊς
3289 1355 3456 1410 πάλαι
3482 1356 3711 1425 μελαίνας

2163 1451 2262 1513 τὰς
2290 1449 2470 1520 ψυχὰς
2501 1452 2785 1520 ἐσχηκόσι.
2811 1449 2921 1502 Καὶ
2950 1449 3121 1503 τᾶλλα
3153 1448 3213 1501 δὲ
3243 1446 3451 1511 τούτοις
3478 1448 3711 1517 ὁμοίως⁶⁴

2165 1542 2345 1613 ῥᾴδιον
2376 1542 2607 1594 συνιδεῖν
2638 1544 2750 1604 τοῖς
2798 1541 3088 1612 προσέχειν
3134 1540 3433 1594 ἐθέλουσιν.
3485 1540 3564 1612 [⁸⁸
3586 1541 3712 1595 Ἐκεῖ

2166 1632 2378 1703 ῥάϐδος,
2397 1630 2631 1686 ἐνταῦθα
2661 1632 2916 1701 σταυρὸς·
2947 1634 3065 1684 ἐκεῖ
3088 1624 3353 1700 Μωῦσῆς,
3381 1629 3601 1684 ἐνταῦθα
3624 1632 3709 1699 ἀρ-

2160 1727 2365 1793 χιερεῖς
2388 1740 2401 1753 ·
2457 1725 2575 1777 ἐκεῖ
2605 1723 2867 1789 θάλαττα,
2910 1723 3146 1776 ἐνταῦθα
3178 1722 3531 1793 κολυμϐήθρα
3554 1739 3568 1753 ’
3611 1722 3711 1776 ἐκεῖ

2095 1814 2137 1869 Β
2163 1814 2375 1869 δώδεκα
2396 1816 2592 1885 πηγαὶ,
2615 1814 2851 1869 ἐνταῦθα
2879 1814 3087 1869 δώδεκα
3109 1814 3426 1869 ἀπόστολον
3460 1815 3572 1867 ἐκεῖ
3589 1814 3710 1868 ἐϐδο-

2164 1908 2408 1976 μήκοντα
2452 1908 2692 1978 στέλεχοι
2714 1948 2730 1972 ,
2779 1907 3011 1961 ἐνταῦθα
3079 1908 3455 1978 ἑϐδομήκοντα
3503 1906 3707 1979 βίϐλοι.1

2172 1995 2365 2066 Ἡμεῖς
2381 1996 2439 2049 δὲ
2461 1997 2553 2049 ἐπὶ
2573 1998 2642 2051 τὰ
2671 1999 2870 2068 συνεχῆ
2898 1998 2999 2066 τῆς
3018 1996 3323 2068 ἑρμηνείας
3354 1996 3705 2067 βαδίσωμεν⁶⁶.

2231 2094 2330 2154 ις’,
2380 2086 2466 2151 ιζ’.
2520 2090 2594 2161 Σή
2626 2091 2829 2159 ὲστινή
2888 2088 3097 2160 ἡμέρα,
3147 2090 3246 2141 καὶ
3271 2090 3337 2159 σή
3365 2090 3509 2142 ἐστιν
3544 2088 3702 2159 ήνύξ’

2161 2181 2224 2233 σὺ
2277 2180 2592 2253 κατηρτίσω
2643 2181 2843 2248 φαῦσιν
2903 2182 2999 2236 καὶ
3034 2181 3189 2252 ἥλιον
3215 2182 3283 2235 ⁸⁷.
3342 2182 3416 2234 Σὺ
3475 2181 3705 2251 ἐποίησας

2158 2270 2337 2324 πάντα
2363 2270 2431 2323 τὰ
2462 2272 2586 2343 ὅρια
2616 2273 2718 2342 τῆς
2746 2273 2853 2343 γῆς
2881 2289 2895 2304 ·
2931 2271 3091 2344 θέρος
3131 2272 3229 2326 καὶ
3258 2272 3363 2343 ἔαρ
3392 2273 3457 2326 σὺ
3485 2258 3703 2335 ἔπλασας

2157 2364 2297 2417 αὐτὰ
2316 2365 2381 2417 ⁸⁸.
2421 2383 2439 2415 ι
2516 2366 2651 2419 Ἀπὸ
2691 2365 2801 2418 τῶν
2854 2364 3042 2418 ίδικῶν
3113 2364 3452 2436 εὐεργεσιῶν
3503 2365 3588 2418 ἐπὶ
3623 2365 3704 2429 τὰς

2158 2455 2342 2518 κοινὰς
2380 2455 2471 2508 τὸν
2503 2455 2661 2525 λόγον
2718 2457 3110 2527 μετήνεγκεν),
3172 2456 3271 2509 καὶ
3325 2456 3542 2526 κτίστην
3588 2450 3703 2510 εἶναι

2154 2544 2396 2599 διδάσκει
2445 2544 2540 2599 τοῦ
2588 2547 2789 2610 παντὸς
2825 2546 2914 2599 τὸν
2955 2545 3067 2599 τῶν
3119 2546 3261 2600 ὅλων
3319 2545 3450 2599 Θεὸν
3467 2546 3530 2609 ⁷⁰,
3585 2546 3701 2617 ὴμέ-

2158 2654 2260 2707 ρας
2291 2654 2349 2690 τε
2401 2638 2495 2692 καὶ
2543 2639 2737 2703 νυκτὸς
2788 2640 3040 2711 ποιητὴν,
3102 2639 3285 2708 φωτὸς
3330 2638 3575 2709 χορηγὸν,
3626 2637 3703 2692 καὶ

2156 2728 2305 2797 ἡλίου
2354 2728 2707 2800 δημιουργὸν,
2774 2731 2868 2784 καὶ
2918 2732 3014 2784 τοῦ
3062 2732 3262 2801 χρόνου
3309 2730 3587 2801 πρύτανιν.
3622 2730 3705 2783 Διὰ

2155 2821 2263 2894 γὰρ
2302 2822 2399 2875 τοῦ
2440 2822 2617 2890 ἔαρος
2641 2824 2682 2855 τί
2742 2825 2835 2876 καὶ
2879 2824 2973 2877 τοῦ
3044 2822 3278 2891 θέζοους,
3340 2822 3569 2894 ἐδήλωσε
3621 2823 3703 2884 τὰς

2153 2915 2362 2985 τροπάς
2396 2931 2407 2942 ·
2448 2915 2571 2968 ἀντὶ
2618 2914 2675 2967 δὲ
2726 2914 2846 2978 τοῦ,
2911 2916 2996 2969 Σὺ
3048 2916 3349 2985 ἐποίησας
3409 2914 3593 2969 πάντα
3643 2913 3704 2968 τὰ

2154 3011 2284 3079 ὅρια
2345 3010 2456 3078 τῆς
2487 3011 2622 3082 γῆς,
2656 3013 2686 3064 ό
2719 3012 2817 3081 μὲν
2894 3011 3129 3075 ’Δκύλας
3194 3013 3290 3066 καὶ
3341 3012 3369 3064 ό
3423 3010 3702 3075 Θεοδοτίων,

2152 3102 2527 3168 ἐστήλωσας,
2589 3105 2618 3156 6
2669 3103 2728 3156 δὲ
2775 3103 3071 3175 Σύμμαχος
3130 3104 3402 3172 ἔστησας
3424 3107 3466 3138 ⁷¹
3518 3104 3700 3174 εἴρηκε.

485 3192 694 3253 partem
729 3184 849 3255 ejus
881 3186 934 3239 in
965 3200 1223 3255 campos,
1277 3189 1416 3243 hanc
1462 3204 1591 3245 vero
1640 3192 1692 3245 in
1753 3202 1966 3248 montes
2004 3202 2055 3247 et

2161 3192 2321 3262 Δηλοῖ
2358 3194 2413 3247 δὲ
2460 3197 2488 3247 6
2523 3193 2699 3262 λόγος,
2739 3193 2814 3258 ὡς
2851 3195 3013 3259 αὐτὸς
3048 3197 3190 3266 αὐτῇ
3234 3197 3296 3249 τὸ
3340 3191 3475 3248 εἶναι
3511 3194 3702 3258 δέδωκε,

484 3272 659 3329 saltus
692 3275 1058 3340 distribuisse,
1095 3278 1235 3331 hanc
1261 3294 1388 3332 vero
1421 3294 1735 3346 excavasse,
1775 3291 1835 3336 ut
1864 3284 1936 3337 sit
1970 3299 2057 3338 re-

484 3367 823 3437 ceptaculum
855 3384 1122 3439 aquarum
1153 3371 1475 3439 palustrium
1511 3380 1566 3427 et
1593 3374 1951 3430 marinarum.

556 3543 722 3600 Vens.
760 3546 844 3600 18.
883 3565 903 3599 ‹
943 3550 1152 3604 Memor
1183 3561 1301 3606 esto
1337 3552 1517 3621 hujus.
1555 3572 1574 3604 ι
1612 3554 1694 3607 'l‘u
1725 3554 1819 3623 qui
1845 3556 2051 3620 omnia,

485 3637 682 3705 inquit,
710 3638 823 3693 haec
849 3639 1045 3705 fecisti,
1074 3650 1130 3696 et
1152 3650 1230 3695 tot
1253 3653 1637 3714 tantarumque
1661 3660 1841 3699 rerum
1877 3646 2055 3716 opifex

483 3744 564 3794 us,
603 3745 812 3786 memor
838 3740 958 3787 esto
993 3733 1155 3802 hujus
1179 3777 1194 3796 ,
1246 3736 1348 3791 hoc
1390 3747 1471 3791 est
1523 3736 1841 3809 Syuagogm,
1892 3756 2054 3808 quam

485 3822 555 3876 ub
588 3823 746 3879 initio
785 3827 1098 3895 possedisti.
1146 3827 1264 3884 Huc
1296 3830 1439 3884 enim
1479 3831 1610 3884 illud
1649 3832 1855 3887 retulit.
1895 3832 2055 3886 c‘lni-

487 3914 664 3971 micus
714 3918 980 3974 conviciis
1030 3921 1292 3989 proscidit
1347 3922 1558 3993 1133
1612 3923 1945 3987 Dominum,
2004 3934 2057 3979 et

482 4007 715 4076 populus
748 4009 1011 4079 insipiens
1042 4014 1333 4068 concitavit
1366 4030 1563 4069 nomen
1596 4024 1774 4071 tuum.
1819 4037 1837 4069 ι
1897 4018 1973 4072 Ne
2001 4019 2053 4072 in

484 4108 605 4169 nos,
634 4100 837 4171 inquit,
871 4105 1154 4173 respicias,
1201 4109 1294 4162 sed
1332 4108 1384 4161 iu
1419 4108 1766 4165 inimicorum
1796 4111 2052 4182 blasphe-

485 4205 647 4245 mlas.

552 4278 719 4337 Vries.
757 4283 845 4338 19.
889 4303 907 4335 ι
945 4284 1023 4340 Ne
1060 4288 1244 4341 tradas
1287 4279 1477 4344 bestiis
1508 4291 1748 4345 animam
1784 4293 2053 4348 conﬁten-

484 4384 591 4429 tem
624 4375 743 4429 tibi.
780 4395 799 4428 ι
838 4375 958 4431 Non
992 4377 1237 4433 absolute
1268 4394 1366 4447 pro
1398 4380 1656 4435 omnibus
1695 4382 2048 4451 propheticus

2160 3284 2252 3338 καὶ
2290 3284 2361 3338 τὰ
2403 3285 2502 3353 μὲν
2534 3286 2707 3355 αὐτῆς
2735 3286 2782 3317 ⁷³
2834 3288 2914 3350 είς
2943 3287 3125 3347 πεδία,
3173 3287 3245 3339 τὰ
3276 3287 3336 3340 δὲ
3377 3287 3456 3350 είς
3489 3286 3582 3355 ὅρη
3623 3282 3704 3337 καὶ

2160 3377 2337 3441 νάπας
2405 3379 2670 3447 ἀπένειμε
2702 3393 2715 3408 ·
2769 3378 2840 3431 τὰ
2890 3379 2949 3432 δὲ
2992 3378 3277 3431 ὲκοίλανεν
3333 3380 3413 3441 είς
3467 3373 3702 3446 ὑποδοχὴν

2160 3468 2420 3539 λιμναίων
2457 3470 2553 3523 καὶ
2579 3469 2881 3524 θαλαττίων
2907 3470 3134 3524 ὑδάτων.

2235 3569 2323 3631 ιη’.
2352 3581 2369 3612 ι
2399 3561 2685 3633 Μνήσθητι
2704 3561 2911 3631 ταύτης
2930 3562 2994 3614 ⁷⁵.
3024 3580 3042 3610 ι
3070 3561 3286 3625 Ταῦτα,
3307 3561 3489 3631 φησὶν,
3516 3559 3705 3613 ἅπαντα

2162 3652 2500 3724 πεποιηκὼς,
2517 3655 2544 3706 ό
2570 3653 2681 3705 τῶν
2706 3652 2983 3706 τοσούτων
2999 3653 3093 3706 καὶ
3116 3651 3455 3723 τηλικούτων
3478 3652 3704 3720 δημιουρ-

2159 3747 2275 3812 γὺς,
2312 3743 2578 3815 μνήσθητι
2601 3743 2827 3816 ταύτης,
2868 3744 3118 3798 τουτέστι
3166 3746 3269 3816 τῆς
3321 3743 3631 3811 Συναγωγῆς
3648 3742 3701 3802 ⁷⁵,

2157 3836 2225 3912 ἦς
2263 3837 2478 3908 ἐκτήσω
2521 3836 2622 3890 ἀπ’
2662 3838 2857 3909 ἀρχῆς.
2892 3837 3039 3909 Πρὸς
3069 3839 3252 3892 έκεῖνο
3278 3838 3389 3910 γὰρ
3423 3836 3700 3891 ἀποδέδωκε

2159 3928 2335 3983 τοῦτο.
2399 3948 2417 3980 ι
2477 3926 2699 4001 Ἐχθρὸς
2743 3928 2991 3982 ὠνείδισε
3032 3930 3130 3983 τὸν
3184 3930 3414 4002 Κύριον,
3473 3927 3563 3981 καὶ
3595 3926 3702 3988 λαὸς

2158 4021 2346 4092 ἄφρων
2403 4020 2693 4091 παρώξυνε
2709 4022 2754 4052 ⁷⁸
2788 4021 2849 4074 τὸ
2876 4021 3053 4092 ὄνομά
3109 4038 3231 4076 σου.
3274 4041 3293 4073 ι
3328 4020 3419 4093 Μὴ
3451 4022 3529 4084 εἰς
3556 4018 3701 4089 ἡμᾶς,

2159 4115 2345 4184 φησὶν,
2382 4114 2600 4184 ἀπίδῃς,
2640 4113 2754 4167 ἀλλ’
2793 4116 2874 4177 εἰς
2907 4114 3007 4177 τὰς
3036 4113 3152 4168 τῶν
3179 4114 3465 4185 δυσμενῶν
3482 4111 3700 4183 βλασφη·

2162 4224 2312 4278 μιας.

2227 4296 2316 4350 ιϐ’.
2353 4318 2371 4347 ‹
2409 4298 2501 4368 Μὴ
2526 4296 2788 4368 παραδῷς
2809 4299 2923 4358 τοῖς
2943 4297 3157 4368 θηρίοις
3184 4297 3365 4369 ψυχὴν
3380 4293 3717 4366 ὲξομολογουθ

2161 4389 2328 4459 μένην
2353 4391 2395 4420 ⁷⁷
2440 4407 2521 4443 σοι
2554 4390 2620 4443 ⁷³.
2657 4409 2676 4441 ι
2702 4390 2813 4460 Οὐχ
2862 4390 3047 4453 ἁπλῶς
3078 4393 3107 4443 ὁ
3180 4388 3510 4462 προφητικὸς
3560 4386 3703 4438 πᾶσιν

485 4483 665 4523 sermo
717 4480 986 4538 precatur,
1044 4471 1140 4527 sed
1194 4471 1337 4525 bona
1388 4474 1522 4540 petit
1563 4474 1807 4528 divinum
1854 4491 2050 4530 nomen

2161 4481 2451 4551 ἐπεύχεται
2500 4483 2692 4551 λόγος·
2726 4482 2864 4535 ἀλλὰ
2911 4484 3025 4545 τοῖς
3070 4481 3132 4535 τὺ
3195 4482 3339 4536 θεῖον
3381 4476 3702 4551 ὁμολογοῦσιν

483 4561 866 4618 confitentibus
901 4561 1044 4634 [illis
1077 4564 1169 4633 qui
1226 4564 1555 4620 confitentur
1614 4582 1737 4621 eum
1782 4568 1874 4637 qui
1900 4569 2050 4623 cruci

2161 4542 2328 4646 ὄνομα
2387 4578 2530 4629 αἰτεῖ
2574 4542 2652 4629 ’τά
2720 4575 2902 4644 ἀγαθὰ
2953 4542 3035 4647 ["9
3094 4576 3210 4643 τοῖς
3272 4542 3585 4645 ὁμολογοῦσι
3625 4568 3702 4622 τὸν

484 4650 676 4709 afﬁxus
705 4662 807 4720 est,
856 4654 1027 4711 fuisse
1061 4654 1231 4712 Deum
1262 4672 1327 4711 ex
1364 4657 1491 4724 Deo,
1541 4657 1683 4714 Patri
1719 4669 1772 4714 et
1816 4658 2047 4729 Spiritui

2161 4667 2540 4739 σταυρωθέντα
2571 4668 2706 4721 Θεὸν
2734 4668 2798 4720 ὲκ
2828 4667 2987 4732 Θεοῦ,
3021 4668 3114 4721 καὶ
3144 4666 3241 4720 τοῦ
3277 4664 3486 4736 Πατρδς
3515 4657 3699 4719 καὶτοῦ

565 4838 593 4877 ιι
658 4826 824 4886 ICor.
869 4847 925 4897 χ,
962 4832 1013 4885 4.
1108 4845 1130 4873 τ
1183 4834 1324 4889 Psal.
1368 4834 1682 4898 Lxxur,12.

1566 4993 1800 5050 VARUE
1843 4996 2226 5053 LECTIONES
2267 4998 2352 5053 ET
2389 4998 2634 5056 NOTAE.

545 5130 595 5211 '_’
826 5134 960 5211 _cod.
982 5144 1207 5211 uterque
1237 5135 1311 5211 δέ.
1392 5138 1597 5211 “cod.
1647 5142 1671 5191 1
1700 5142 2055 5211 προειρημένε

2172 5143 2213 5173 ⁸³
2254 5142 2366 5196 Καὶ
2397 5172 2464 5185 --
2490 5143 2669 5211 ἀρχή.
2705 5143 2827 5199 Des.
2859 5145 2913 5199 in
2978 5144 3100 5199 cod.
3132 5144 3186 5197 2.
3265 5145 3310 5175 ⁸¹
3350 5141 3687 5211 Δρακόντιονἶ

480 5201 604 5284 cod.
704 5203 1036 5284 ἀρχόντων.-
1079 5201 1132 5284 ξεί
1162 5209 1282 5284 coll.
1406 5208 1667 5275 γίνονται.
1744 5201 2055 5284 ’ξνόμοίως

2161 5212 2291 5284 )tl_._l
2324 5213 2487 5284 ὃμοια
2520 5201 2686 5284 ἅπερ.
2757 5215 2809 5284 ίεδ
2852 5216 2891 5268 Ε
2917 5216 3039 5269 cod.
3074 5216 3126 5284 l.
3199 5214 3244 5245 “
3286 5201 3496 5266 Βαδίσ.
3533 5208 3686 5284 corl._l

482 5270 814 5354 βαδιούμεθα
839 5290 854 5357 ς
889 5274 982 5327 τοῦ
1013 5275 1154 5357 θείου
1198 5270 1513 5357 Πνεύματος
1543 5270 1903 5347 χορηγοῦντος
1932 5270 2055 5357 ἡμῖί

2161 5281 2305 5357 αθὼς
2327 5270 2476 5357 αὐτῷ
2494 5270 2689 5357 ῃδοκέῖ,
2717 5283 2812 5357 τὴν
2843 5286 3041 5357 χάριν.
3092 5282 3316 5357 Spiritu
3340 5277 3696 5357 sanclohnobif,

478 5351 631 5421 prout
658 5344 779 5421 ipsi.
806 5344 1198 5421 visumﬂfuerit,
1244 5344 1898 5421 rsuppefditan‘téigratiam.
1954 5344 2019 5381 ’⁸⁷

2161 5344 2295 5405 ὗσινέ
2337 5344 2687 5418 καῖἥλιονξ
2723 5344 2799 5408 Ita
2842 5344 2946 5421 13g:
2978 5357 3030 5408 in
3068 5344 3204 5411 edit.
3256 5354 3375 5406 Ald.
3411 5363 3461 5406 et
3506 5346 3692 5421 Comi)!-

480 5411 608 5491 llec.
630 5412 819 5491 _lectio
855 5425 940 5469 est
968 5411 1118 5491 ἣλιον
1171 5420 1264 5491 καὶ
1300 5411 1551 5491 σελήνην.
1691 5422 2008 5485 Ἔπλιισας
2039 5439 2055 5472 ι

2161 5421 2210 5475 [ἑ.
2269 5424 2397 5477 Rec.
2444 5411 2606 5477 lectio
2636 5432 2720 5480 est
2751 5411 3039 5491 ἐποίησας.
3118 5426 3163 5457 ⁸³
3204 5411 3692 5491 Μετήνεγκειηυόιίη

480 5482 662 5563 ΙἎιΙιΙ.
712 5481 1102 5566 ὁπροιρητικρς
1150 5488 1294 5551 νοῦς.
1371 5481 1584 5566 "LI-li):
1626 5489 1785 5543 ὅλων
1837 5481 2023 5566 Θεό-νί-

2161 5495 2184 5545 l.
2244 5495 2280 5566 14
2324 5494 2643 5566 Odoacri»;
2695 5481 2918 5566 σταυρῷ
2950 5481 3373 5566 κατακριθένταξ
3404 5481 3476 5566 {fit
3508 5488 3604 5566 iliis
3641 5481 3697 5562 tu!

479 5555 1352 5634 crucissuppligiuntdamnatum.
1423 5560 1470 5593 ἰ
1512 5561 1895 5634 '_Eapoc._c‘od.
1931 5563 1958 5634 ί
2002 5564 2055 5615 dt

2161 5580 2183 5616 τ.
2263 5564 2470 5634 "cod.
2506 5564 2542 5617 2
2571 5555 2851 5634 ἕστηκας.’
2889 5555 2957 5597 ’⁷³
2996 5555 3216 5633 Λὺτῆς.
3245 5564 3367 5634 cod.
3391 5561 3428 5634 Δ1
3465 5555 3695 5634 adflari};

478 5623 588 5705 γῆςΔ
614 5622 788 5705 λέγω,
854 5626 900 5657 ⁷⁸
941 5628 1183 5705 Ταύτης.
1219 5629 1274 5682 In
1310 5622 1670 5705 tenuabit):
1704 5622 2055 5705 atldisoletft‘

2161 5632 2375 5693 ιτίσεὼς
2396 5652 2513 5689 σου.
2547 5622 2879 5689 Ηιῐιοῖιιιιιξιη
2915 5651 3036 5690 cum
3070 5654 3099 5691 a
3133 5622 3281 5689 textu
3311 5631 3470 5705 llchr.
3494 5626 3654 5705 absint
3679 5659 3691 5679 ,

479 5699 627 5773 recte
654 5696 855 5773 omissa
888 5708 1013 5751 sunt
1049 5698 1100 5750 h.
1141 5703 1173 5750 I.
1220 5709 1271 5773 et
1320 5700 1537 5773 inpedit.
1574 5701 1692 5753 ΛΜ.
1742 5718 1804 5773 ac
1831 5703 2038 5766 Compl.

2204 5707 2424 5773 Σινναγ.
2480 5705 2596 5759 cod.
2659 5716 2887 5771 uterque
2945 5706 3068 5760 add.
3100 5704 3215 5757 σοῦ.
3294 5704 3339 5734 τε
3381 5696 3684 5767 Παρώξυνε·

481 5759 642 5817 chr.
683 5771 830 5829 uim,
866 5779 1130 5832 sprrnuut.
1210 5772 1249 5801 ⁷⁷
1317 5771 1582 5839 Ἐξομολ.
1604 5788 1720 5827 σοι.
1754 5772 1910 5828 llcbt'.
1938 5759 2055 5847 1‘11!

2161 5759 2476 5829 ttrturis'tm‘.
2557 5776 2600 5808 ⁷⁸
2641 5778 2760 5832 cod.
2802 5759 2837 5829 ἒ
2868 5759 2972 5831 σέ(
3026 5778 3069 5809 ⁷⁹
3110 5773 3298 5830 Ecod.
3330 5774 3373 5826 l.
