3936 6498
506 296 642 360 1475
1458 288 1953 352 TIIEODOBETI
2018 286 2147 347 EPI
2158 286 2378 348 SCOPI
2445 286 2815 348 CYRENSIS
3649 288 3773 352 1176

504 429 630 467 eum
662 409 1033 479 blasphemias
1064 407 1332 471 audisses,
1376 408 1675 460 sceleratos
1713 405 1838 459 illos
1872 402 2058 456 aﬂicen

2219 402 2321 472 ρτή
2355 417 2474 454 σουο
2526 420 2548 452 ι
2580 400 2757 465 Εὐθὺς
2801 400 2902 471 τῆς
2934 400 3292 473 βλασφημίας
3330 402 3585 466 ἀκούσας
3606 447 3621 470 ,
3653 409 3773 476 ἡδύ-

505 505 780 573 supplicio
828 501 1081 571 potuisti,
1118 500 1216 555 sed
1263 514 1421 569 aequo
1454 499 1640 553 animo
1677 496 1871 561 tulisti,
1906 502 2056 548 muta

2224 509 2324 545 ασο
2347 492 2475 556 τοὺς
2502 491 2819 564 ἀλιτηρίους
2854 494 3085 548 κολάσαι
3106 534 3120 556 ,
3149 494 3274 548 ἀλλ’
3305 495 3332 546 ἐ
3342 495 3775 569 μακροθύμησας

507 595 712 648 tionem
751 602 1097 663 exspectans.

2194 585 2523 657 προσμένων
2548 584 2649 655 τὴν
2685 586 3007 656 μεταϐολήν.
3390 662 3394 671 .

581 688 795 760 1142
849 687 1011 742 Vens.
1048 686 1103 742 9.
1168 704 1187 738 ι
1230 684 1307 740 lle
1338 684 1477 740 caelo
1511 680 1694 737 audiri
1725 678 1900 735 fecisti
1943 678 2090 750 judi-

2265 677 2331 733 0'.
2368 696 2388 729 ‹
2420 677 2521 731 Ἐκ
2549 677 2645 731 τοῦ
2674 678 2905 750 ούρανοῦ
2936 679 3236 749 ἠκούτισας
3290 679 3507 750 κρίσιν.
3549 699 3567 732 ι
3612 683 3774 740 ’Δνω-

428 798 431 801 ‘
508 783 681 838 cium.
724 800 743 833 ι
780 779 823 833 Ε
853 781 1014 845 οωίο,
1042 779 1242 849 inquit,
1272 776 1573 833 sententias
1607 774 1932 846 pronuntias
1960 787 1982 826 ε

2222 776 2294 825 ἐν
2315 810 2331 836 ,
2367 771 2533 842 φησὶν
2556 814 2571 837 ,
2606 772 2862 842 ἐκφέρεις
2898 772 2998 837 τὰς
3038 774 3259 845 ψήφους
3292 775 3425 827 καθ’
3458 768 3535 828 ὧν
3566 776 3776 843 ἐθέλεις.

498 881 595 928 (τε
623 887 763 942 quos
798 871 1058 927 volueris.
1112 870 1229 924 Hoc
1272 868 1516 938 quidem,
1549 885 1567 917 ι
1607 864 1787 919 audiri
1826 862 2029 929 fecisti,

2222 864 2271 916 Γὺ
2299 864 2481 935 μέντοι
2523 885 2542 917 ι
2590 865 2888 937 ἠκούτισας
2908 870 2953 899 ⁷⁹
2976 908 2992 935 ,
3030 888 3049 921 ι
3076 868 3415 937 ἀκουστὴν
3446 869 3721 941 ποιήσεις
3740 877 3776 908 ³⁸

510 964 834 1019 audiendum
865 962 1118 1032 praebebis
1152 960 1518 1032 Symmachus
1552 958 1713 1012 dixit.

1264 960 1518 1014 imachus
1552 958 1713 1012 dixit.
2195 961 2224 1013 ὁ
2252 959 2553 1030 Σύμμαχος
2577 962 2818 1031 εἴρηκεν.

590 1078 611 1112 ι
647 1058 817 1113 Terra
839 1057 1042 1119 timuit,
1062 1063 1117 1109 et
1140 1055 1365 1124 quievit,
1392 1051 1579 1124 [Vens
1607 1050 1695 1123 10]
1744 1050 1871 1106 dum
1899 1064 2093 1104 exsur-

2273 1068 2293 1102 ι
2333 1051 2409 1121 Γῆ
2448 1051 2722 1123 ἐφοϐήθη.
2767 1052 2864 1106 καὶ
2890 1052 3185 1124 ἡσύχασεν,
3218 1052 3333 1127 [ι’]
3356 1056 3416 1109 ἐν
3447 1054 3528 1127 τῷ
3561 1057 3776 1131 ἀναστῆ-

512 1156 664 1219 geret
710 1147 762 1200 in
794 1146 1061 1215 judicium
1100 1143 1267 1208 Deus,
1326 1152 1385 1197 ut
1433 1143 1614 1197 salvos
1666 1142 1871 1196 faceret
1906 1154 2065 1195 omne

2224 1160 2291 1197 ναι
2331 1144 2412 1207 είς
2452 1143 2637 1214 κρίσιν
2678 1143 2769 1199 τὸν
2814 1144 2979 1211 Θεὸν,
3019 1145 3113 1199 τοῦ
3169 1147 3356 1201 σῶσαι
3408 1148 3625 1213 πάντας
3667 1155 3778 1218 τοὺς

514 1248 832 1295 mansuetos
886 1246 1067 1291 teme.
1125 1254 1145 1288 ι
1189 1234 1434 1300 Timore,
1480 1234 1678 1305 inquit,
1729 1233 1932 1302 impleti
1969 1247 2068 1287 sun

2224 1238 2414 1308 πραεῖς
2465 1237 2564 1307 τῆς
2606 1238 2711 1308 γῆς
2731 1238 2798 1293 ⁸⁸.
2866 1259 2885 1292 ι
2938 1240 3135 1306 Δέους,
3170 1243 3388 1311 φησὶν,
3437 1243 3778 1317 ἐπλήσθησαν

515 1348 727 1396 omnes,
781 1341 835 1385 et
888 1331 956 1384 ab
995 1331 1202 1399 impetu
1256 1338 1445 1383 contra
1482 1344 1584 1383 nos
1634 1335 1938 1392 cessarunt,
1971 1341 2069 1380 cun

2222 1329 2466 1393 ἱπαντες,
2501 1331 2596 1384 κα)⁸
2628 1332 2729 1403 τῆς
2762 1332 2884 1386 καθ’
2913 1333 3071 1403 ἡμῶν
3105 1335 3432 1388 ἐπαύσαντο
3460 1337 3776 1409 προσϐολῆς,

514 1424 768 1479 viderent
796 1430 870 1486 te,
900 1421 1070 1476 veluti
1102 1421 1398 1490 quemdam
1427 1421 1686 1489 judicem,
1717 1420 1772 1473 in
1810 1419 1931 1473 illos
1973 1418 2065 1488 qui

2224 1423 2535 1493 δεασάμενοί
2572 1440 2632 1476 σε
2662 1424 2916 1496 καθάπερ
2945 1426 3067 1481 τινὰ
3088 1427 3384 1498 δικαστὴν,
3412 1430 3539 1483 κατ’
3572 1432 3778 1486 ἐκείνων

515 1517 637 1570 dem
669 1514 995 1569 sententiam
1034 1513 1352 1582 protulisse,
1402 1522 1455 1566 et
1492 1528 1586 1566 eos
1617 1511 1713 1581 qui
1750 1512 1917 1565 rectis
1944 1510 2062 1581 cogi

2222 1513 2304 1566 ιὲν
2343 1513 2700 1583 ἐξενεγκόντα
2730 1516 2833 1588 τὴν
2877 1517 3087 1589 ψῆφον,
3132 1520 3265 1583 τοὺς
3313 1520 3376 1573 δὲ
3426 1521 3609 1592 ὀρθοῖς
3643 1524 3776 1593 λογι-

518 1610 820 1666 tationihus
852 1610 937 1663 usi
968 1616 1127 1674 sunt,
1156 1616 1210 1662 et
1238 1607 1330 1677 qui
1364 1616 1511 1661 tuam
1553 1621 1709 1677 opem
1747 1604 2071 1659 annuntiant

2220 1608 2365 1674 ςμοῖς
2390 1607 2799 1678 χρησαμένους,
2827 1608 2924 1662 καὶ
2952 1609 3052 1681 τὴν
3084 1610 3186 1681 σὴν
3222 1610 3495 1682 βοήθειαν
3525 1614 3774 1685 ἀπαγγεί-

524 1703 723 1757 salutis
747 1710 1029 1770 compotes
1058 1699 1236 1754 factos
1268 1697 1459 1754 fuisse.

2128 1766 2170 1773 _
2203 1696 2402 1761 λαντας
2418 1699 2463 1730 ⁸³
2484 1738 2499 1762 ,
2534 1699 2634 1770 τῆς
2664 1702 2940 1771 σωτηρίας
2970 1704 3369 1773 τετυχηκότας.

591 1793 755 1848 Vens.
794 1766 891 1848 li.
919 1812 937 1844 ‹
989 1792 1268 1858 Quoniam
1319 1790 1577 1860 cogitatio
1606 1789 1845 1844 hominis
1876 1766 2145 1844 confite-1

2276 1796 2364 1845 ια’.
2426 1808 2445 1842 ‹
2490 1766 2612 1845 Ὅτι
2646 1766 2901 1863 ἐνθύμιον
2919 1794 2964 1826 ⁸³
3000 1766 3297 1867 ἀνθ’ρῶπου
3329 1796 3776 1871 ἐξομολογήσεται

518 1886 666 1941 bitur
718 1885 837 1951 tibi,
884 1892 937 1939 et
980 1884 1229 1953 reliquiae
1283 1880 1633 1951 cOgitationis
1696 1881 1837 1934 diem
1902 1880 2072 1935 festun

2213 1899 2287 1934 σοι
2317 1922 2332 1947 ,
2374 1883 2470 1936 καὶ
2498 1884 2545 1916 ⁸⁵
2579 1884 3003 1957 ἐγκατάλειμμα
3032 1888 3295 1959 ἐνθυμίου
3334 1890 3593 1961 ἑορτάσει
3625 1912 3719 1949 σοι.
3753 1916 3767 1948 ι

529 1987 692 2048 agent
725 1978 843 2032 tibi.
875 1997 893 2029 ι
921 1976 1056 2032 Cum
1086 1977 1204 2031 hmo
1237 1975 1374 2029 bona
1408 1973 1685 2029 consecuti
1717 1974 1911 2037 simus,
1948 1973 2083 2043 hym.

2217 1972 2429 2027 Τούτων
2471 1974 2882 2042 ἀπολαύσαντες
2922 1978 3032 2033 τῶν
3081 1980 3346 2049 ἀγαθῶν,
3385 1984 3471 2046 είς
3520 1984 3771 2056 ὑμνῳδίαν

526 2082 722 2121 norum
755 2066 939 2120 cantui
968 2065 1331 2135 cogitationes
1380 2078 1790 2127 consecramus,
1827 2078 1895 2117 ne
1940 2064 2080 2117 minii

2214 2064 2442 2135 ἀφιεροῦ
2454 2083 2551 2136 μεν
2586 2068 2713 2129 τοὺς
2743 2068 3036 2139 λογισμοὺς
3055 2109 3069 2135 ,
3108 2072 3232 2124 οὑδὲ
3266 2073 3451 2145 βραχὺ
3482 2075 3658 2128 αὑτῶν
3684 2079 3768 2147 μό-

524 2176 669 2215 mam
703 2159 924 2229 quidem
953 2172 1148 2213 earum
1182 2165 1397 2227 partem
1421 2154 1475 2207 in
1500 2153 1661 2207 aliam
1708 2169 1894 2209 curam
1929 2162 2078 2209 trans

1808 2169 1894 2208 am
1929 2162 2107 2209 trans-
2211 2172 2326 2226 ριον
2356 2157 2436 2219 εἰς
2465 2156 2660 2228 ἑτέραν
2694 2159 3047 2230 ἀσχολοῦντες
3078 2163 3362 2232 φροντίδα.

526 2252 791 2307 ferentes.

598 2342 764 2400 Vens.
793 2343 880 2396 12.
920 2361 938 2393 ι
988 2340 1221 2405 Vovete,
1270 2348 1323 2393 et
1365 2339 1585 2394 reddite
1616 2338 1845 2393 Domino
1875 2336 1984 2392 Deo
2009 2352 2107 2391 no-

2278 2335 2368 2405 ιβ’.
2426 2355 2445 2388 ι
2510 2337 2793 2407 Εὑξασθε,
2850 2341 2942 2395 καὶ
3006 2343 3233 2398 ἀπόδοτε
3297 2346 3497 2417 Κυρίῳ
3547 2349 3624 2418 τῷ
3668 2351 3768 2422 θεῷ

526 2448 663 2493 stro.
706 2454 725 2488 ι
779 2436 912 2489 Sese
948 2434 1181 2487 invicem
1235 2432 1614 2496 cohortantur,
1673 2439 1733 2484 ut
1784 2430 2080 2500 promittan

2204 2427 2363 2497 ἡμῶν
2385 2426 2454 2481 ⁸⁸.
2515 2448 2534 2481 ι
2567 2430 2845 2499 Ἀλλήλοις
2894 2435 3277 2503 ἐγκελεύονται
3324 2438 3423 2491 καὶ
3458 2440 3758 2511 ὑποσχέσθαι

527 2529 692 2594 dona,
748 2535 802 2582 et
856 2524 1246 2597 promissiones
1291 2523 1593 2594 perﬁciant.
1646 2520 1829 2591 Turpe
1871 2521 2013 2575 enim
2053 2536 2081 2576 e

2210 2520 2372 2585 δῶρα,
2411 2522 2505 2574 καῖ⁵
2554 2523 2844 2594 πληρῶσαι
2888 2525 2985 2586 τὰς
3017 2528 3374 2600 ὑποσχέσεις.
3414 2533 3647 2605 Αίσχρὸν
3671 2537 3764 2609 γὰρ

529 2618 726 2690 ingrati
758 2617 924 2672 animi
956 2617 1159 2672 crimen
1193 2624 1296 2681 est,
1326 2616 1371 2671 si
1424 2613 1641 2670 ﬁnitimi
1672 2614 1890 2684 quidem
1919 2613 1988 2666 ob
2035 2613 2083 2667 tit

2207 2612 2301 2665 καὶ
2344 2613 2741 2684 ἀγνωμοσύνης
2775 2618 3004 2687 μεστὸν,
3036 2622 3164 2685 τοὺς
3199 2623 3304 2693 μὲν
3339 2624 3579 2695 ὁμόρους
3610 2628 3761 2681 ἄπαν-

529 2726 735 2766 morem
773 2710 875 2764 hoc
905 2708 1135 2772 faciunt,
1164 2707 1245 2761 illi
1274 2714 1457 2762 autem
1488 2706 1584 2776 qui
1618 2705 1942 2759 beneficium
1971 2719 2083 2759 con-

2206 2721 2305 2767 τας
2337 2704 2496 2758 τοῦτο
2525 2706 2722 2777 δράσαι
2751 2707 2836 2761 διὰ
2878 2710 2939 2763 τὸ
2982 2711 3101 2775 δέος
3124 2754 3139 2777 ,
3168 2715 3301 2777 τοὺς
3329 2715 3389 2768 δὲ
3421 2716 3523 2786 τῆς
3561 2718 3760 2789 εὐεργε-

530 2804 704 2860 secuti
758 2812 911 2868 sunt,
956 2801 1158 2871 ingrati
1218 2799 1386 2854 animi
1440 2800 1632 2854 morbo
1680 2798 1950 2853 laborant.
1995 2795 2084 2851 11οι

2208 2794 2327 2858 σίας
2358 2798 2725 2867 τετυχηκότας
2763 2799 3058 2873 ἀχαριστίᾳ
3084 2804 3130 2835 ⁸⁸
3176 2805 3434 2876 νοσῆσαι.
3483 2807 3645 2861 Τοῦτο
3668 2811 3758 2881 γάρ

528 2897 675 2951 enim
703 2911 798 2966 per
835 2910 898 2949 ea
938 2910 1058 2964 quae
1085 2902 1391 2964 sequuntur
1419 2892 1675 2947 ostendit.

1544 2892 1675 2946 ndit.
2205 2886 2293 2940 διὰ
2324 2887 2432 2941 τῶν
2461 2890 2816 2960 ἐπαγομένων
2845 2893 3098 2965 ἐδήλωσε.

614 2990 676 3040 ἰ
720 2987 923 3042 Omnes
965 2986 1060 3057 qui
1111 2986 1166 3040 in
1212 2986 1443 3040 circuitu
1496 2984 1617 3053 ejus
1679 2992 1837 3047 sunt,
1886 2983 2109 3038 afferent

2283 2995 2301 3028 ‹
2344 2979 2551 3043 Πάντες
2574 2981 2650 3044 ‘oi
2682 2981 2867 3054 κύκλῳ
2900 2985 3064 3039 αὑτοῦ
3110 2986 3324 3042 οἴσουσι
3374 2988 3523 3060 δῶρα
3566 2991 3639 3062 τῷ
3676 3010 3755 3061 φο-

533 3095 764 3136 munera
802 3079 1055 3134 terribili.
1091 3078 1285 3149 (Vrsas.
1327 3076 1440 3149 Κλ]
1471 3076 1537 3131 Ει
1574 3078 1622 3131 ei
1654 3078 1745 3146 qui
1783 3075 1958 3130 aufert
2000 3078 2087 3145 spi

2212 3068 2525 3170 626(1),}:7']
2577 3074 2673 3170 καὶ
2704 3076 3092 3149 ἀφαιρουμένῳ
3139 3080 3437 3152 πνεύματα
3468 3083 3756 3153 ἀρχόντων,

535 3175 702 3228 ritum
741 3172 1073 3240 principum,
1112 3169 1340 3223 terribili
1373 3170 1515 3238 apud
1558 3184 1710 3239 reges
1735 3178 1909 3222 terrm.
1955 3186 1973 3218 ι
2010 3167 2089 3220 Af-

2213 3161 2430 3232 φοὸερῷ
2470 3164 2624 3235 παρὰ
2665 3169 2780 3230 τοῖς
2830 3168 3109 3237 βασιλεῦσι
3141 3171 3244 3243 τῆς
3272 3174 3405 3243 γῆς.
3451 3195 3471 3227 ›
3518 3176 3754 3247 Κομιοῦσι

535 3267 709 3320 ferent
772 3272 952 3316 autem
999 3261 1182 3327 dona,
1243 3275 1367 3315 cum
1406 3270 1627 3329 propter
1658 3260 1801 3313 edita
1848 3261 2089 3314 miracul:

2209 3252 2265 3306 δὲ
2296 3256 2363 3307 τά
2391 3255 2574 3327 δῶρα,
2624 3258 2728 3311 ὑπὸ
2766 3261 2874 3313 τῶν
2912 3266 3304 3336 γεγενημένων
3344 3268 3756 3339 ἐκδειματωθέν-

535 3353 910 3425 perterrefacti
961 3352 1183 3417 fuerint,
1219 3366 1284 3405 ac
1331 3366 1514 3405 rerum
1574 3358 1771 3405 eventu
1822 3350 2084 3404 didicerin

2209 3360 2301 3406 τες
2321 3346 2365 3376 ⁸⁷
2394 3345 2690 3418 θαυμάτων
2709 3391 2724 3416 ,
2758 3353 2852 3405 καὶ
2881 3353 2969 3406 διὰ
2998 3355 3107 3409 τῶν
3140 3360 3496 3429 πραγμάτων
3536 3362 3754 3431 μεμαθη-

535 3450 714 3516 ipsum
758 3461 884 3499 vere
924 3444 1095 3497 Deum
1140 3458 1283 3508 esse,
1332 3443 1426 3511 qui
1474 3442 1808 3510 potentibus,
1850 3452 1905 3495 et
1955 3450 2089 3496 terra

2212 3434 2387 3498 κότες,
2423 3437 2499 3500 ὡς
2533 3431 2689 3504 οὗτος
2709 3442 2755 3473 ⁸⁸
2792 3443 3007 3513 ἀληθῶς
3040 3447 3277 3518 ὑπάρχει
3300 3450 3457 3515 Θεὸς,
3497 3455 3525 3505 ό
3550 3453 3755 3515 καὶτοῖς

541 3538 754 3611 1143
786 3537 1060 3608 imperare
1092 3550 1151 3591 se
1183 3535 1560 3606 opinantibus,
1591 3543 1824 3589 mortem
1855 3534 2039 3589 infert.

2209 3525 2641 3599 δυναστεύουσι,
2668 3535 2762 3588 καὶ
2796 3536 2895 3609 τῆς
2932 3540 3036 3610 γῆς
3081 3539 3393 3610 βασιλεύειν
3424 3543 3750 3615 ὑπειληφόσι.

2213 3618 2442 3678 θάνατον
2479 3624 2702 3693 ἐπάγων
2729 3627 2795 3682 θ’.

884 3774 1213 3831 INTERPR.
1238 3771 1510 3828 'PSALMI
1549 3770 1778 3827 LXXVI.

2516 3764 2784 3819 EPMHN.
2826 3767 2963 3822 ΤΟΥ
2999 3767 3116 3838 θεῖν
3152 3771 3475 3828 mmor.

610 3890 778 3946 Vens.
816 3891 868 3944 1.
925 3908 943 3941 ι
994 3888 1051 3943 ln
1110 3889 1307 3952 ﬁnem,
1352 3903 1451 3958 pro
1514 3886 1807 3941 ldithumo.
1867 3885 2115 3941 Psalmus

2286 3893 2360 3930 α.
2408 3894 2427 3927 ‹
2483 3878 2580 3941 Ei;
2626 3878 2686 3931 τὸ
2717 3879 2897 3945 τέλος,
2951 3882 3093 3954 ὑπὲρ
3126 3884 3402 3956 ’Ῑδιθοὺμ,
3449 3884 3650 3957 eam;
3685 3884 3751 3953 τῷ

540 3985 746 4054 Asaph.
772 4002 790 4035 ι
822 3981 1207 4052 Symmachus,
1244 3995 1335 4048 per
1386 3976 1742 4031 Idithumum.
1806 3974 1940 4030 Huic
1987 3991 2094 4029 γεγε

2217 3965 2385 4035 Ἀσάῳ
2408 3968 2474 4023 ⁸⁸.
2520 3988 2538 4019 ι
2595 3969 2653 4022 Ὀ
2692 3969 3113 4044 δὲιΣύμμαχος,
3157 3975 3256 4031 διὰ
3304 3978 3564 4049 Ἰὸιθούμ.
3602 3979 3749 4049 Χορδν

541 4081 711 4132 etiam
765 4075 972 4129 chorus
1008 4071 1179 4127 Deum
1215 4071 1560 4126 laudantium
1593 4069 1929 4124 commissus
1978 4078 2093 4123 erat

2218 4060 2276 4113 δὲ
2301 4061 2395 4114 καὶ
2427 4061 2589 4126 αὑτὸς
2618 4063 2982 4120 ἐπεπίστευτο
3012 4066 3103 4120 τὸν
3128 4070 3171 4101 ⁹¹
3202 4070 3337 4124 Θεὸν
3362 4070 3713 4141 ἀνυμνούντων
3735 4087 3746 4099 ·

542 4169 702 4224 llunc
732 4168 898 4237 igitur
930 4166 1202 4236 psalmum
1235 4164 1417 4233 Asaph
1457 4164 1542 4218 vel
1575 4164 1691 4233 ipse
1720 4163 1875 4227 dixit,
1902 4162 1986 4216 vel
2015 4161 2096 4215 Da

2221 4153 2411 4207 τοῦτον
2446 4156 2627 4209 τοίνυν
2670 4159 2698 4211 ὁ
2748 4158 2953 4229 ’Δσὰφ,
2983 4161 3017 4232 ἢ
3050 4162 3211 4227 αὐτὸς
3238 4163 3495 4235 εἰρηκὼς,
3527 4164 3640 4234 ῆτῇ
3670 4162 3745 4215 τοῦ

540 4258 687 4312 vidis
723 4256 1102 4311 vaticinationi
1133 4255 1449 4311 suliserviit.
1486 4254 1744 4331 Decidere
1768 4255 1909 4308 enim
1939 4252 2003 4307 de
2029 4267 2094 4306 re

2217 4247 2381 4301 Aa6‘t8
2412 4249 2704 4321 ὑπουργῶν
2731 4254 3057 4327 προφητείᾳ.
3088 4256 3498 4328 Ἀποφήνασθαι
3522 4256 3622 4327 γάρ
3642 4257 3747 4325 περὶ

542 4351 647 4405 bus
684 4348 886 4414 dubiis,
934 4347 1180 4416 periculo
1228 4363 1337 4400 non
1373 4354 1550 4399 vacat.
1582 4344 1849 4399 Caeterum
1878 4344 2094 4412 praedici

2218 4340 2327 4393 τῶν
2364 4343 2863 4414 άμφιὸαλλομένων
2891 4348 2992 4400 οὑκ
3022 4350 3329 4407 ἀκίνδυνον.
3362 4351 3611 4422 Προλέγει
3637 4350 3686 4403 δὲ
3709 4350 3744 4380 ¹¹¹

543 4441 949 4505 lsraelitarum,
997 4440 1093 4509 qui
1131 4439 1402 4509 Babylone
1460 4438 1666 4492 servire
1728 4436 1907 4490 coacti
1952 4444 2080 4489 sunt

2189 4430 2330 4506 ,τῶν
2372 4434 2430 4487 ἐν
2468 4432 2748 4488 Βαϐυλῶνι
2780 4437 3055 4492 δουλεύειν
3084 4442 3516 4514 ἠναγκασμένων
3559 4442 3743 4511 Ἰσραη-

544 4534 811 4603 ancipites
840 4533 1231 4602 cogitationum
1277 4540 1478 4594 motus,
1511 4539 1563 4584 et
1597 4531 1810 4584 dolores
1848 4530 1935 4597 qui
1992 4528 2098 4580 him

2218 4522 2419 4592 λιτῶν,
2471 4526 2694 4590 καὶτὰς
2745 4529 2854 4584 τῶν
2886 4530 3160 4602 λογισμῶν
3211 4535 3503 4605 διχονοίας,
3548 4537 3629 4587 καὶ
3665 4533 3742 4594 τὰς

545 4626 894 4684 emanabant.
933 4624 1101 4679 Docet
1158 4633 1342 4678 autem
1371 4639 1511 4693 quas
1540 4638 1728 4694 preces
1776 4638 1884 4693 par~
1906 4630 2022 4675 erat
2051 4621 2099 4674 il-

2223 4615 2474 4670 ἐντεῦθεν
2523 4620 2800 4689 φυομένας
2846 4623 3057 4688 ὀδύνας.
3115 4628 3369 4684 Διδάσκει
3399 4630 3453 4683 δὲ
3483 4630 3573 4683 καὶ
3610 4626 3742 4679 ποίαν

544 4718 629 4773 los
655 4717 766 4772 Deo
796 4716 1012 4782 offerre,
1045 4716 1312 4769 malorum
1347 4714 1721 4770 liberationem
1755 4712 2098 4782 postulantes,

2223 4706 2420 4769 αὐτοὺς
2457 4711 2727 4780 προσήκει
2761 4711 2839 4785 τῷ
2878 4714 2997 4780 Θεῷ
3034 4724 3419 4790 προσενεγκεῖν
3450 4717 3736 4791 προσευχὴν.

547 4809 830 4864 Formavit
858 4824 989 4863 vero
1017 4808 1309 4877 psalmum.
1347 4815 1604 4875 tanquam
1642 4808 1685 4860 si
1716 4805 1789 4858 illi
1823 4815 1941 4874 post
1996 4805 2101 4857 red-

2220 4800 2320 4871 τὴν
2384 4800 2494 4857 τῶν
2540 4804 2729 4859 κακῶν
2787 4808 3073 4874 αίτοῦντας
3119 4813 3456 4883 ἀπαλλαγήν.
3508 4807 3739 4880 Ἐσχημά·

548 4901 684 4956 itum
721 4902 839 4957 haec
884 4910 1195 4964 narrarent,
1225 4907 1279 4952 et
1316 4896 1485 4952 Deum
1538 4897 1785 4951 laudibus
1821 4910 2102 4965 proseque-

2219 4912 2337 4948 τισε
2386 4895 2443 4949 δὲ
2489 4896 2580 4951 τὸν
2626 4898 2861 4968 ψαλμὸν,
2909 4901 2987 4963 ὡς
3014 4904 3151 4972 μετά
3179 4903 3277 4975 τὴν
3307 4903 3553 4958 ἐπάνοδον
3592 4897 3735 4952 ταῦτα

548 5003 753 5050 remur,
2219 4988 2359 5044 αὐτὰ
2378 4990 2424 5023 ’³
2446 4990 2842 5062 διηγουμένων,
2873 4993 2972 5046 καὶ
2998 4994 3089 5048 τὸν
3113 4995 3247 5049 Θεὸν
3276 4997 3647 5069 ἀνυμνούντων.

1639 5226 1869 5282 VARUE
1906 5227 2291 5284 LECTIONES
2317 5227 2403 5284 ET
2441 5225 2667 5283 ΝΟΤᾸΞ.

619 5377 666 5409 τ’
717 5376 1080 5457 ᾙκσύτισας.
1112 5380 1239 5457 god.
1262 5381 1449 5457 Z‘add.
1470 5382 1673 5457 κρίσιν.
1751 5385 1799 5416 ⁸ο
1838 5388 1958 5441 cod.
1988 5386 2023 5439 Ξ
2045 5389 2168 5457 ποιή

2178 5406 2277 5441 σει.
2351 5387 2394 5419 ⁸¹
2441 5387 2556 5453 Τῆς
2598 5384 2727 5455 γῆς.
2756 5384 2833 5439 Ita
2888 5386 2994 5457 leg.
3031 5385 3083 5439 in
3115 5385 3244 5440 edit.
3302 5384 3415 5457 Ald.
3456 5390 3504 5435 et
3550 5372 3724 5457 6:0!an

554 5445 684 5524 μσς.
732 5448 896 5524 lectio
946 5453 1140 5524 εει-,τῇ
1195 5452 1409 5524 καρδία.
1486 5445 1531 5486 ⁸⁵
1569 5457 1690 5509 cod.
1723 5457 1758 5510 2
1790 5457 2108 5523 ἐπαγγείλαπ

2170 5476 2243 5522 ις.
2318 5458 2364 5488 ⁸³
2416 5445 2747 5524 Ἐφίθύμιοὶρ.
2802 5445 2971 5510 Hebr:
3006 5468 3156 5519 nm,
3206 5458 3312 5518 ira,
3347 5447 3724 5524 Synirn._0up6;_-

554 5516 600 5599 ᾖ*
639 5516 746 5569 Καὶ
777 5549 846 5557 —
870 5521 986 5572 σοί.
1022 5516 1185 5575 Hebr.
1217 5541 1229 5576 :
1257 5516 1486 5578 Residuo
1506 5526 1706 5577 irarum
1741 5516 1983 5596 accingés
2017 5539 2085 5591 te,

2169 5516 2332 5599 yinm.
2369 5516 2620 5599 λείψανον
2646 5525 2821 5597 θὐμοῦ
2845 5516 3162 5597 περιζωθέν.
3240 5516 3306 5558 “—
3338 5516 3518 5593 Ἠμῶν.
3539 5518 3723 5570 Praestat

558 5597 731 5681 lectio‘
756 5599 930 5669 ὑμῶν,
990 5605 1401 5681 qu_am__hahgnt
1454 5609 1673 5681 quidam
1731 5610 1851 5664 libri
1901 5621 2108 5665 veteres

2169 5595 2336 5665 vHebr.
2378 5595 2610 5671 ωντῶκ.
2716 5595 2763 5641 ⁸⁸
2801 5595 2929 5664 cod.
2971 5610 3006 5664 2
3052 5611 3393 5681 ἀχαριστίαν.
3428 5599 3716 5681 ξτἘκδξψς

555 5667 733 5751 ςυᾳᾷ
768 5667 1215 5751 ρἰ·ξιξη].“κάί.μ⁸⁸
1258 5667 1487 5751 (hirae.-
1516 5679 1681 5734 Abest
1728 5696 1758 5733 a
1807 5681 1928 5736 cod.
1973 5682 2028 5735 9..
2101 5687 2109 5711 ‘

2177 5681 2299 5736 cod.
2330 5667 2623 5747 Ξέπάγειν
2661 5680 2980 5751 δυνάμενος.
3089 5667 3136 5720 ίδ
3166 5667 3377 5750 ’Ἀσάφ
3428 5674 3563 5731 Prior
3586 5668 3719 5726 editio

558 5736 790 5792 habebat
818 5741 998 5794 Δαϐίδ.
1109 5746 1151 5776 ⁹¹
1183 5746 1301 5800 cod.
1335 5747 1369 5800 Ξ
1396 5736 1526 5804 τ’ῶν.
1629 5752 1673 5781 θ’
1705 5751 1827 5807 cod.
1867 5752 1902 5804 2
1933 5752 2050 5821 μέν.

1109 5746 1151 5776 τί
1183 5746 1301 5800 cod.
1335 5747 1369 5800 ε
1396 5736 1526 5804 τ’ῶν.
1629 5752 1673 5781 θ’
1705 5751 1827 5807 cod.
1867 5752 1902 5804 ε
1933 5752 2050 5821 μέν.
2124 5753 2168 5785 υ
2206 5753 2325 5808 cod.
2355 5752 2389 5804 ε
2415 5736 2611 5805 αὑτῶν.
