  <div class='ocr_page' id='page_1' title='image "/cluster/home/n/w/nwhite01/storage/ocr_20150623/80/hvd.32044009825613/756.png"; bbox 0 0 3936 6486; ppageno 0'>
   <div class='ocr_carea' id='block_1_1' title="bbox 172 284 357 389">
    <p class='ocr_par' dir='ltr' id='par_1_1' title="bbox 172 284 357 389">
     <span class='ocr_line' id='line_1_1' title="bbox 172 284 357 389; baseline -0.011 0"><span class='ocrx_word' id='word_1_1' title='bbox 172 284 357 389; x_wconf 57' lang='grc' dir='ltr'>λιττ’</span> 
     </span>
    </p>
   </div>
   <div class='ocr_carea' id='block_1_2' title="bbox 1476 310 2097 371">
    <p class='ocr_par' dir='ltr' id='par_1_2' title="bbox 1476 310 2097 371">
     <span class='ocr_line' id='line_1_2' title="bbox 1476 310 2097 371; baseline -0.002 0"><span class='ocrx_word' id='word_1_2' title='bbox 1476 313 1504 371; x_wconf 83' lang='grc' dir='ltr'>Ῑ</span> <span class='ocrx_word' id='word_1_3' title='bbox 1512 310 1561 370; x_wconf 86' lang='grc' dir='ltr'><strong>Ν</strong></span> <span class='ocrx_word' id='word_1_4' title='bbox 1590 310 1799 370; x_wconf 82' lang='lat' dir='ltr'><strong>PSAL.</strong></span> <span class='ocrx_word' id='word_1_5' title='bbox 1843 310 2097 370; x_wconf 64' lang='lat' dir='ltr'><strong>LXXVI.</strong></span> 
     </span>
    </p>
   </div>
   <div class='ocr_carea' id='block_1_3' title="bbox 3317 302 3454 365">
    <p class='ocr_par' dir='ltr' id='par_1_3' title="bbox 3317 302 3454 365">
     <span class='ocr_line' id='line_1_3' title="bbox 3317 302 3454 365; baseline -0.007 0"><span class='ocrx_word' id='word_1_6' title='bbox 3317 302 3454 365; x_wconf 75' lang='grc'>1478</span> 
     </span>
    </p>
   </div>
   <div class='ocr_carea' id='block_1_4' title="bbox 249 437 1790 529">
    <p class='ocr_par' dir='ltr' id='par_1_4' title="bbox 249 442 1770 529">
     <span class='ocr_line' id='line_1_4' title="bbox 249 442 1770 529; baseline -0.007 -49"><span class='ocrx_word' id='word_1_7' title='bbox 249 459 323 529; x_wconf 63' lang='grc' dir='ltr'><strong>βε.</strong></span> <span class='ocrx_word' id='word_1_8' title='bbox 366 478 384 510; x_wconf 74' lang='grc' dir='ltr'><strong>ι</strong></span> <span class='ocrx_word' id='word_1_9' title='bbox 437 454 593 523; x_wconf 77' lang='grc' dir='ltr'>Φωνῇ</span> <span class='ocrx_word' id='word_1_10' title='bbox 634 467 738 521; x_wconf 88' lang='grc' dir='ltr'><strong>μου</strong></span> <span class='ocrx_word' id='word_1_11' title='bbox 784 447 923 518; x_wconf 76' lang='grc' dir='ltr'>πρὸς</span> <span class='ocrx_word' id='word_1_12' title='bbox 954 445 1161 517; x_wconf 79' lang='grc' dir='ltr'>Κύριον</span> <span class='ocrx_word' id='word_1_13' title='bbox 1194 443 1495 515; x_wconf 76' lang='grc' dir='ltr'><strong>ἐκέκραξα,</strong></span> <span class='ocrx_word' id='word_1_14' title='bbox 1540 443 1695 511; x_wconf 72' lang='grc' dir='ltr'><strong>φωνῇ</strong></span> <span class='ocrx_word' id='word_1_15' title='bbox 1723 442 1770 472; x_wconf 66' lang='grc' dir='ltr'><strong>οι</strong></span> 
     </span>
    </p>
   </div>
   <div class='ocr_carea' id='block_1_5' title="bbox 1896 437 3452 529">
    <p class='ocr_par' dir='ltr' id='par_1_5' title="bbox 1943 437 3452 507">
     <span class='ocr_line' id='line_1_5' title="bbox 1943 437 3452 507; baseline -0.003 -13"><span class='ocrx_word' id='word_1_16' title='bbox 1943 442 2108 497; x_wconf 72' lang='lat' dir='ltr'><strong>Vens.</strong></span> <span class='ocrx_word' id='word_1_17' title='bbox 2143 440 2197 507; x_wconf 72' lang='lat'><strong>2,</strong></span> <span class='ocrx_word' id='word_1_18' title='bbox 2247 460 2264 492; x_wconf 80' lang='grc' dir='ltr'><strong>ι</strong></span> <span class='ocrx_word' id='word_1_19' title='bbox 2305 440 2455 497; x_wconf 80' lang='lat' dir='ltr'><strong>Voce</strong></span> <span class='ocrx_word' id='word_1_20' title='bbox 2494 456 2613 497; x_wconf 86' lang='lat' dir='ltr'><strong>mea</strong></span> <span class='ocrx_word' id='word_1_21' title='bbox 2646 440 2711 495; x_wconf 88' lang='lat' dir='ltr'><strong>ad</strong></span> <span class='ocrx_word' id='word_1_22' title='bbox 2745 438 3032 493; x_wconf 88' lang='lat' dir='ltr'><strong>Dominum</strong></span> <span class='ocrx_word' id='word_1_23' title='bbox 3070 437 3323 502; x_wconf 80' lang='lat' dir='ltr'><strong>clamavi,</strong></span> <span class='ocrx_word' id='word_1_24' title='bbox 3357 454 3452 489; x_wconf 77' lang='lat' dir='ltr'><strong>w-</strong></span> 
     </span>
    </p>
   </div>
   <div class='ocr_carea' id='block_1_6' title="bbox 180 532 1761 623">
    <p class='ocr_par' dir='ltr' id='par_1_6' title="bbox 180 532 1761 623">
     <span class='ocr_line' id='line_1_6' title="bbox 180 532 1761 623; baseline -0.013 -18"><span class='ocrx_word' id='word_1_25' title='bbox 180 569 286 623; x_wconf 85' lang='grc' dir='ltr'><strong>μου</strong></span> <span class='ocrx_word' id='word_1_26' title='bbox 324 547 462 620; x_wconf 77' lang='grc' dir='ltr'>πρὸς</span> <span class='ocrx_word' id='word_1_27' title='bbox 482 546 577 600; x_wconf 83' lang='grc' dir='ltr'><strong>τὸν</strong></span> <span class='ocrx_word' id='word_1_28' title='bbox 603 542 760 600; x_wconf 80' lang='grc' dir='ltr'>Θεὸν.</span> <span class='ocrx_word' id='word_1_29' title='bbox 793 541 891 593; x_wconf 72' lang='grc' dir='ltr'><strong>καὶ</strong></span> <span class='ocrx_word' id='word_1_30' title='bbox 915 537 1190 609; x_wconf 82' lang='grc' dir='ltr'><strong>προσέσχε</strong></span> <span class='ocrx_word' id='word_1_31' title='bbox 1219 553 1331 607; x_wconf 92' lang='grc' dir='ltr'>μοι.</span> <span class='ocrx_word' id='word_1_32' title='bbox 1367 554 1386 587; x_wconf 76' lang='grc' dir='ltr'>ι</span> <span class='ocrx_word' id='word_1_33' title='bbox 1421 532 1761 595; x_wconf 80' lang='grc' dir='ltr'><strong>Σπουδαίως,</strong></span> 
     </span>
    </p>
   </div>
   <div class='ocr_carea' id='block_1_7' title="bbox 1868 530 3448 599">
    <p class='ocr_par' dir='ltr' id='par_1_7' title="bbox 1868 530 3448 599">
     <span class='ocr_line' id='line_1_7' title="bbox 1868 530 3448 599; baseline -0.006 -9"><span class='ocrx_word' id='word_1_34' title='bbox 1868 551 1932 590; x_wconf 93' lang='lat' dir='ltr'><strong>ce</strong></span> <span class='ocrx_word' id='word_1_35' title='bbox 1978 551 2098 590; x_wconf 89' lang='lat' dir='ltr'><strong>mea</strong></span> <span class='ocrx_word' id='word_1_36' title='bbox 2136 534 2204 589; x_wconf 92' lang='lat' dir='ltr'><strong>ad</strong></span> <span class='ocrx_word' id='word_1_37' title='bbox 2242 534 2436 599; x_wconf 90' lang='lat' dir='ltr'><strong>Deum,</strong></span> <span class='ocrx_word' id='word_1_38' title='bbox 2478 546 2531 590; x_wconf 89' lang='lat' dir='ltr'><strong>et</strong></span> <span class='ocrx_word' id='word_1_39' title='bbox 2582 535 2812 590; x_wconf 86' lang='lat' dir='ltr'><strong>attendit</strong></span> <span class='ocrx_word' id='word_1_40' title='bbox 2851 532 2919 587; x_wconf 91' lang='lat' dir='ltr'><strong>ad</strong></span> <span class='ocrx_word' id='word_1_41' title='bbox 2958 547 3065 585; x_wconf 88' lang='lat' dir='ltr'><strong>me.</strong></span> <span class='ocrx_word' id='word_1_42' title='bbox 3112 549 3129 581; x_wconf 81' lang='grc' dir='ltr'>ι</span> <span class='ocrx_word' id='word_1_43' title='bbox 3171 530 3448 594; x_wconf 73' lang='lat' dir='ltr'><strong>Studiose,</strong></span> 
     </span>
    </p>
   </div>
   <div class='ocr_carea' id='block_1_8' title="bbox 178 624 1790 713">
    <p class='ocr_par' dir='ltr' id='par_1_8' title="bbox 178 624 1766 713">
     <span class='ocr_line' id='line_1_8' title="bbox 178 624 1766 713; baseline -0.013 -17"><span class='ocrx_word' id='word_1_44' title='bbox 178 642 354 713; x_wconf 76' lang='grc' dir='ltr'>φησὶ,</span> <span class='ocrx_word' id='word_1_45' title='bbox 400 640 499 710; x_wconf 79' lang='grc' dir='ltr'><strong>τὴν</strong></span> <span class='ocrx_word' id='word_1_46' title='bbox 544 632 857 707; x_wconf 82' lang='grc' dir='ltr'>προσευχὴν</span> <span class='ocrx_word' id='word_1_47' title='bbox 894 630 1304 701; x_wconf 81' lang='grc' dir='ltr'>προσενήνοχα,</span> <span class='ocrx_word' id='word_1_48' title='bbox 1342 627 1439 680; x_wconf 75' lang='grc' dir='ltr'><strong>καὶ</strong></span> <span class='ocrx_word' id='word_1_49' title='bbox 1482 624 1766 693; x_wconf 85' lang='grc' dir='ltr'><strong>συντόμως</strong></span> 
     </span>
    </p>
   </div>
   <div class='ocr_carea' id='block_1_9' title="bbox 1896 624 3451 713">
    <p class='ocr_par' dir='ltr' id='par_1_9' title="bbox 1896 626 3451 699">
     <span class='ocr_line' id='line_1_9' title="bbox 1896 626 3451 699; baseline -0.003 -17"><span class='ocrx_word' id='word_1_50' title='bbox 1896 629 2067 699; x_wconf 90' lang='lat' dir='ltr'><strong>nquit,</strong></span> <span class='ocrx_word' id='word_1_51' title='bbox 2110 643 2301 698; x_wconf 88' lang='lat' dir='ltr'><strong>preces</strong></span> <span class='ocrx_word' id='word_1_52' title='bbox 2348 628 2545 694; x_wconf 90' lang='lat' dir='ltr'><strong>obtuli,</strong></span> <span class='ocrx_word' id='word_1_53' title='bbox 2581 638 2634 683; x_wconf 92' lang='lat' dir='ltr'><strong>et</strong></span> <span class='ocrx_word' id='word_1_54' title='bbox 2669 629 2853 683; x_wconf 90' lang='lat' dir='ltr'><strong>statim</strong></span> <span class='ocrx_word' id='word_1_55' title='bbox 2903 626 3182 697; x_wconf 85' lang='lat' dir='ltr'><strong>petitionis</strong></span> <span class='ocrx_word' id='word_1_56' title='bbox 3227 639 3451 694; x_wconf 81' lang='lat' dir='ltr'><strong>compos</strong></span> 
     </span>
    </p>
   </div>
   <div class='ocr_carea' id='block_1_10' title="bbox 177 714 1790 803">
    <p class='ocr_par' dir='ltr' id='par_1_10' title="bbox 177 714 1767 803">
     <span class='ocr_line' id='line_1_10' title="bbox 177 714 1767 803; baseline -0.013 -16"><span class='ocrx_word' id='word_1_57' title='bbox 177 736 283 803; x_wconf 73' lang='grc' dir='ltr'><strong>τὴν</strong></span> <span class='ocrx_word' id='word_1_58' title='bbox 336 732 555 802; x_wconf 84' lang='grc' dir='ltr'>αῐτησιν</span> <span class='ocrx_word' id='word_1_59' title='bbox 605 725 820 780; x_wconf 75' lang='grc' dir='ltr'>ἔλαϐον.</span> <span class='ocrx_word' id='word_1_60' title='bbox 877 718 1010 775; x_wconf 83' lang='grc' dir='ltr'>Εἶτα</span> <span class='ocrx_word' id='word_1_61' title='bbox 1061 720 1155 774; x_wconf 84' lang='grc' dir='ltr'><strong>τὸν</strong></span> <span class='ocrx_word' id='word_1_62' title='bbox 1190 718 1397 773; x_wconf 87' lang='grc' dir='ltr'>τούτων</span> <span class='ocrx_word' id='word_1_63' title='bbox 1431 719 1477 750; x_wconf 72' lang='grc'><strong>’⁸</strong></span> <span class='ocrx_word' id='word_1_64' title='bbox 1525 714 1767 769; x_wconf 74' lang='grc' dir='ltr'><strong>διδάσκει</strong></span> 
     </span>
    </p>
   </div>
   <div class='ocr_carea' id='block_1_11' title="bbox 1896 714 3153 803">
    <p class='ocr_par' dir='ltr' id='par_1_11' title="bbox 1896 720 3153 791">
     <span class='ocr_line' id='line_1_11' title="bbox 1896 720 3153 791; baseline -0.005 -15"><span class='ocrx_word' id='word_1_65' title='bbox 1896 731 2047 777; x_wconf 89' lang='lat' dir='ltr'><strong>actus</strong></span> <span class='ocrx_word' id='word_1_66' title='bbox 2080 737 2226 777; x_wconf 90' lang='lat' dir='ltr'><strong>sum.</strong></span> <span class='ocrx_word' id='word_1_67' title='bbox 2263 721 2468 776; x_wconf 83' lang='lat' dir='ltr'><strong>Deinde</strong></span> <span class='ocrx_word' id='word_1_68' title='bbox 2498 723 2692 776; x_wconf 90' lang='lat' dir='ltr'><strong>horum</strong></span> <span class='ocrx_word' id='word_1_69' title='bbox 2725 732 2942 791; x_wconf 89' lang='lat' dir='ltr'><strong>tempus</strong></span> <span class='ocrx_word' id='word_1_70' title='bbox 2978 720 3153 774; x_wconf 88' lang='lat' dir='ltr'><strong>docet.</strong></span> 
     </span>
    </p>
   </div>
   <div class='ocr_carea' id='block_1_12' title="bbox 180 824 399 895">
    <p class='ocr_par' dir='ltr' id='par_1_12' title="bbox 180 824 399 895">
     <span class='ocr_line' id='line_1_12' title="bbox 180 824 399 895; baseline -0.014 -17"><span class='ocrx_word' id='word_1_71' title='bbox 180 824 399 895; x_wconf 79' lang='grc' dir='ltr'>καιρόν.</span> 
     </span>
    </p>
   </div>
   <div class='ocr_carea' id='block_1_13' title="bbox 252 918 1763 1004">
    <p class='ocr_par' dir='ltr' id='par_1_13' title="bbox 252 918 1763 1004">
     <span class='ocr_line' id='line_1_13' title="bbox 252 918 1763 1004; baseline -0.011 -16"><span class='ocrx_word' id='word_1_72' title='bbox 252 942 329 1004; x_wconf 88' lang='grc' dir='ltr'><strong>τ’.</strong></span> <span class='ocrx_word' id='word_1_73' title='bbox 358 953 376 985; x_wconf 74' lang='grc' dir='ltr'><strong>ι</strong></span> <span class='ocrx_word' id='word_1_74' title='bbox 411 932 503 985; x_wconf 87' lang='grc' dir='ltr'><strong>Ἐν</strong></span> <span class='ocrx_word' id='word_1_75' title='bbox 530 928 719 1001; x_wconf 76' lang='grc' dir='ltr'>ἡμέρᾳ</span> <span class='ocrx_word' id='word_1_76' title='bbox 743 924 978 997; x_wconf 79' lang='grc' dir='ltr'>θλίψεὼς</span> <span class='ocrx_word' id='word_1_77' title='bbox 1010 942 1113 995; x_wconf 88' lang='grc' dir='ltr'><strong>μου</strong></span> <span class='ocrx_word' id='word_1_78' title='bbox 1134 924 1227 979; x_wconf 81' lang='grc' dir='ltr'><strong>τὸν</strong></span> <span class='ocrx_word' id='word_1_79' title='bbox 1244 922 1378 975; x_wconf 84' lang='grc' dir='ltr'>Θεὸν</span> <span class='ocrx_word' id='word_1_80' title='bbox 1408 918 1763 992; x_wconf 76' lang='grc' dir='ltr'>ὲξεζήτησα.»</span> 
     </span>
    </p>
   </div>
   <div class='ocr_carea' id='block_1_14' title="bbox 179 1012 1771 1093">
    <p class='ocr_par' dir='ltr' id='par_1_14' title="bbox 179 1012 1771 1093">
     <span class='ocr_line' id='line_1_14' title="bbox 179 1012 1771 1093; baseline -0.013 -10"><span class='ocrx_word' id='word_1_81' title='bbox 179 1030 435 1089; x_wconf 84' lang='grc' dir='ltr'>Ὀδύναις</span> <span class='ocrx_word' id='word_1_82' title='bbox 485 1022 596 1093; x_wconf 79' lang='grc' dir='ltr'>γὰρ</span> <span class='ocrx_word' id='word_1_83' title='bbox 650 1018 983 1091; x_wconf 85' lang='grc' dir='ltr'>βαλλόμενος</span> <span class='ocrx_word' id='word_1_84' title='bbox 1023 1014 1300 1085; x_wconf 71' lang='grc' dir='ltr'><strong>ἐπιμελῶς</strong></span> <span class='ocrx_word' id='word_1_85' title='bbox 1328 1013 1426 1084; x_wconf 78' lang='grc' dir='ltr'><strong>τὴν</strong></span> <span class='ocrx_word' id='word_1_86' title='bbox 1457 1012 1611 1066; x_wconf 83' lang='grc' dir='ltr'>Θείαν</span> <span class='ocrx_word' id='word_1_87' title='bbox 1650 1014 1771 1065; x_wconf 79' lang='grc' dir='ltr'><strong>ἑπι-</strong></span> 
     </span>
    </p>
   </div>
   <div class='ocr_carea' id='block_1_15' title="bbox 188 1103 1775 1187">
    <p class='ocr_par' dir='ltr' id='par_1_15' title="bbox 188 1103 1775 1187">
     <span class='ocr_line' id='line_1_15' title="bbox 188 1103 1775 1187; baseline -0.011 -16"><span class='ocrx_word' id='word_1_88' title='bbox 188 1116 415 1187; x_wconf 74' lang='grc' dir='ltr'>κουρίαν</span> <span class='ocrx_word' id='word_1_89' title='bbox 451 1109 793 1181; x_wconf 75' lang='grc' dir='ltr'><strong>ἐξεζήτησα·</strong></span> <span class='ocrx_word' id='word_1_90' title='bbox 830 1112 907 1161; x_wconf 46' lang='grc' dir='ltr'>τὸη</span> <span class='ocrx_word' id='word_1_91' title='bbox 948 1107 1059 1178; x_wconf 79' lang='grc' dir='ltr'>γὰρ</span> <span class='ocrx_word' id='word_1_92' title='bbox 1107 1104 1441 1173; x_wconf 79' lang='grc' dir='ltr'><strong>ἐξεζήτησα</strong></span> <span class='ocrx_word' id='word_1_93' title='bbox 1476 1103 1573 1174; x_wconf 79' lang='grc' dir='ltr'><strong>τὴν</strong></span> <span class='ocrx_word' id='word_1_94' title='bbox 1606 1119 1775 1154; x_wconf 88' lang='grc' dir='ltr'>σπου-</span> 
     </span>
    </p>
   </div>
   <div class='ocr_carea' id='block_1_16' title="bbox 189 1195 1774 1272">
    <p class='ocr_par' dir='ltr' id='par_1_16' title="bbox 189 1195 1774 1272">
     <span class='ocr_line' id='line_1_16' title="bbox 189 1195 1774 1272; baseline -0.01 -10"><span class='ocrx_word' id='word_1_95' title='bbox 189 1209 348 1261; x_wconf 78' lang='grc' dir='ltr'>δαίαν</span> <span class='ocrx_word' id='word_1_96' title='bbox 392 1204 696 1260; x_wconf 72' lang='grc' dir='ltr'><strong>αἰνίττεται</strong></span> <span class='ocrx_word' id='word_1_97' title='bbox 749 1201 1083 1272; x_wconf 77' lang='grc' dir='ltr'>προσευχήν.</span> <span class='ocrx_word' id='word_1_98' title='bbox 1128 1199 1361 1251; x_wconf 83' lang='grc' dir='ltr'><strong>Ἔπειτα</strong></span> <span class='ocrx_word' id='word_1_99' title='bbox 1400 1195 1638 1249; x_wconf 86' lang='grc' dir='ltr'>δείκνυσι</span> <span class='ocrx_word' id='word_1_100' title='bbox 1673 1196 1774 1266; x_wconf 77' lang='grc' dir='ltr'><strong>τῆς</strong></span> 
     </span>
    </p>
   </div>
   <div class='ocr_carea' id='block_1_17' title="bbox 194 1286 1774 1366">
    <p class='ocr_par' dir='ltr' id='par_1_17' title="bbox 194 1286 1774 1366">
     <span class='ocr_line' id='line_1_17' title="bbox 194 1286 1774 1366; baseline -0.009 -13"><span class='ocrx_word' id='word_1_101' title='bbox 194 1298 436 1361; x_wconf 77' lang='grc' dir='ltr'><strong>ἱκετείας</strong></span> <span class='ocrx_word' id='word_1_102' title='bbox 487 1295 581 1349; x_wconf 76' lang='grc' dir='ltr'><strong>τὸν</strong></span> <span class='ocrx_word' id='word_1_103' title='bbox 628 1293 853 1366; x_wconf 84' lang='grc' dir='ltr'><strong>τρόπον.</strong></span> <span class='ocrx_word' id='word_1_104' title='bbox 897 1312 916 1345; x_wconf 79' lang='grc' dir='ltr'>ι</span> <span class='ocrx_word' id='word_1_105' title='bbox 969 1291 1169 1353; x_wconf 63' lang='grc' dir='ltr'><strong>Ταῖς*⁸</strong></span> <span class='ocrx_word' id='word_1_106' title='bbox 1217 1288 1377 1362; x_wconf 87' lang='grc' dir='ltr'>χερσί</span> <span class='ocrx_word' id='word_1_107' title='bbox 1426 1306 1531 1360; x_wconf 88' lang='grc' dir='ltr'><strong>μου</strong></span> <span class='ocrx_word' id='word_1_108' title='bbox 1578 1286 1774 1350; x_wconf 86' lang='grc' dir='ltr'><strong>νυκτὸς</strong></span> 
     </span>
    </p>
   </div>
   <div class='ocr_carea' id='block_1_18' title="bbox 193 1380 1777 1456">
    <p class='ocr_par' dir='ltr' id='par_1_18' title="bbox 193 1380 1777 1456">
     <span class='ocr_line' id='line_1_18' title="bbox 193 1380 1777 1456; baseline -0.009 -10"><span class='ocrx_word' id='word_1_109' title='bbox 193 1392 435 1445; x_wconf 78' lang='grc' dir='ltr'>ἐναντίον</span> <span class='ocrx_word' id='word_1_110' title='bbox 481 1386 685 1451; x_wconf 80' lang='grc' dir='ltr'>αὐτοῦ,</span> <span class='ocrx_word' id='word_1_111' title='bbox 720 1388 817 1441; x_wconf 79' lang='grc' dir='ltr'><strong>καὶ</strong></span> <span class='ocrx_word' id='word_1_112' title='bbox 857 1386 958 1440; x_wconf 84' lang='grc' dir='ltr'><strong>οὐκ</strong></span> <span class='ocrx_word' id='word_1_113' title='bbox 1004 1385 1320 1456; x_wconf 83' lang='grc' dir='ltr'>ὴπατήθην.</span> <span class='ocrx_word' id='word_1_114' title='bbox 1364 1401 1383 1435; x_wconf 73' lang='grc' dir='ltr'><strong>ε</strong></span> <span class='ocrx_word' id='word_1_115' title='bbox 1440 1383 1503 1436; x_wconf 86' lang='lat'><strong>&#39;0</strong></span> <span class='ocrx_word' id='word_1_116' title='bbox 1533 1382 1590 1435; x_wconf 81' lang='grc' dir='ltr'>δὲ</span> <span class='ocrx_word' id='word_1_117' title='bbox 1631 1380 1777 1451; x_wconf 90' lang='grc' dir='ltr'>Σύμ-</span> 
     </span>
    </p>
   </div>
   <div class='ocr_carea' id='block_1_19' title="bbox 198 1471 1769 1555">
    <p class='ocr_par' dir='ltr' id='par_1_19' title="bbox 198 1471 1769 1555">
     <span class='ocr_line' id='line_1_19' title="bbox 198 1471 1769 1555; baseline -0.009 -17"><span class='ocrx_word' id='word_1_118' title='bbox 198 1500 369 1555; x_wconf 77' lang='grc' dir='ltr'>μαχος</span> <span class='ocrx_word' id='word_1_119' title='bbox 397 1481 574 1544; x_wconf 75' lang='grc' dir='ltr'>οὕτως</span> <span class='ocrx_word' id='word_1_120' title='bbox 600 1496 615 1511; x_wconf 81' lang='grc'><em>’</em></span> <span class='ocrx_word' id='word_1_121' title='bbox 659 1480 731 1534; x_wconf 83' lang='grc' dir='ltr'><strong><em>Ἠ</em></strong></span> <span class='ocrx_word' id='word_1_122' title='bbox 776 1478 905 1549; x_wconf 78' lang='grc' dir='ltr'>χείρ</span> <span class='ocrx_word' id='word_1_123' title='bbox 944 1494 1066 1547; x_wconf 84' lang='grc' dir='ltr'><strong>μου</strong></span> <span class='ocrx_word' id='word_1_124' title='bbox 1128 1474 1352 1541; x_wconf 81' lang='grc' dir='ltr'>νυκτός</span> <span class='ocrx_word' id='word_1_125' title='bbox 1398 1473 1704 1527; x_wconf 79' lang='grc' dir='ltr'><strong>ἐκτέταται</strong></span> <span class='ocrx_word' id='word_1_126' title='bbox 1725 1471 1769 1502; x_wconf 74' lang='grc'><strong>⁸⁷</strong></span> 
     </span>
    </p>
   </div>
   <div class='ocr_carea' id='block_1_20' title="bbox 194 1564 1778 1648">
    <p class='ocr_par' dir='ltr' id='par_1_20' title="bbox 194 1564 1778 1648">
     <span class='ocr_line' id='line_1_20' title="bbox 194 1564 1778 1648; baseline -0.009 -16"><span class='ocrx_word' id='word_1_127' title='bbox 194 1577 507 1648; x_wconf 76' lang='grc' dir='ltr'><strong>διηνεκῶς.</strong></span> <span class='ocrx_word' id='word_1_128' title='bbox 554 1575 791 1646; x_wconf 83' lang='grc' dir='ltr'><strong>Νύκτωρ</strong></span> <span class='ocrx_word' id='word_1_129' title='bbox 843 1573 1077 1645; x_wconf 79' lang='grc' dir='ltr'><strong>ἡσυχίαν</strong></span> <span class='ocrx_word' id='word_1_130' title='bbox 1122 1571 1273 1640; x_wconf 79' lang='grc' dir='ltr'>ἄγων</span> <span class='ocrx_word' id='word_1_131' title='bbox 1314 1569 1414 1632; x_wconf 87' lang='grc' dir='ltr'>τὰς</span> <span class='ocrx_word' id='word_1_132' title='bbox 1445 1570 1637 1639; x_wconf 87' lang='grc' dir='ltr'>χεῖρας</span> <span class='ocrx_word' id='word_1_133' title='bbox 1689 1564 1778 1630; x_wconf 76' lang='grc' dir='ltr'><strong>ἐξ·</strong></span> 
     </span>
    </p>
   </div>
   <div class='ocr_carea' id='block_1_21' title="bbox 207 1658 1782 1740">
    <p class='ocr_par' dir='ltr' id='par_1_21' title="bbox 207 1658 1782 1740">
     <span class='ocr_line' id='line_1_21' title="bbox 207 1658 1782 1740; baseline -0.011 -14"><span class='ocrx_word' id='word_1_134' title='bbox 207 1675 431 1734; x_wconf 70' lang='grc' dir='ltr'>ἔτεινον,</span> <span class='ocrx_word' id='word_1_135' title='bbox 477 1673 663 1740; x_wconf 82' lang='grc' dir='ltr'><strong>τυχεῖν</strong></span> <span class='ocrx_word' id='word_1_136' title='bbox 690 1665 1105 1737; x_wconf 77' lang='grc' dir='ltr'><strong>φιλανθρωπίας</strong></span> <span class='ocrx_word' id='word_1_137' title='bbox 1139 1662 1458 1725; x_wconf 87' lang='grc' dir='ltr'>ἀντιϐολῶν,</span> <span class='ocrx_word' id='word_1_138' title='bbox 1492 1661 1588 1714; x_wconf 75' lang='grc' dir='ltr'><strong>καὶ</strong></span> <span class='ocrx_word' id='word_1_139' title='bbox 1615 1658 1675 1711; x_wconf 85' lang='grc' dir='ltr'><strong>ού</strong></span> <span class='ocrx_word' id='word_1_140' title='bbox 1704 1658 1782 1711; x_wconf 88' lang='grc' dir='ltr'>δι-</span> 
     </span>
    </p>
   </div>
   <div class='ocr_carea' id='block_1_22' title="bbox 196 1752 1783 1836">
    <p class='ocr_par' dir='ltr' id='par_1_22' title="bbox 196 1752 1783 1836">
     <span class='ocr_line' id='line_1_22' title="bbox 196 1752 1783 1836; baseline -0.008 -19"><span class='ocrx_word' id='word_1_141' title='bbox 196 1768 447 1836; x_wconf 79' lang='grc' dir='ltr'>ήμαρτον</span> <span class='ocrx_word' id='word_1_142' title='bbox 473 1762 573 1833; x_wconf 81' lang='grc' dir='ltr'><strong>τῆς</strong></span> <span class='ocrx_word' id='word_1_143' title='bbox 600 1759 836 1822; x_wconf 73' lang='grc' dir='ltr'>ἐλπίδος.</span> <span class='ocrx_word' id='word_1_144' title='bbox 876 1757 1046 1811; x_wconf 80' lang='grc' dir='ltr'>Τοῦτο</span> <span class='ocrx_word' id='word_1_145' title='bbox 1075 1755 1185 1827; x_wconf 87' lang='grc' dir='ltr'><strong>γάρ</strong></span> <span class='ocrx_word' id='word_1_146' title='bbox 1226 1755 1486 1825; x_wconf 82' lang='grc' dir='ltr'><strong>σημαίνει</strong></span> <span class='ocrx_word' id='word_1_147' title='bbox 1510 1753 1592 1815; x_wconf 86' lang='grc' dir='ltr'><strong>τδ,</strong></span> <span class='ocrx_word' id='word_1_148' title='bbox 1617 1770 1634 1803; x_wconf 79' lang='grc' dir='ltr'>ι</span> <span class='ocrx_word' id='word_1_149' title='bbox 1668 1752 1783 1805; x_wconf 85' lang='grc' dir='ltr'><strong>Οὐκ</strong></span> 
     </span>
    </p>
   </div>
   <div class='ocr_carea' id='block_1_23' title="bbox 193 1844 1779 1929">
    <p class='ocr_par' dir='ltr' id='par_1_23' title="bbox 193 1844 1779 1929">
     <span class='ocr_line' id='line_1_23' title="bbox 193 1844 1779 1929; baseline -0.016 -17"><span class='ocrx_word' id='word_1_150' title='bbox 193 1856 481 1929; x_wconf 75' lang='grc' dir='ltr'>ἠπατήθην</span> <span class='ocrx_word' id='word_1_151' title='bbox 502 1894 518 1920; x_wconf 91' lang='grc'><strong>,</strong></span> <span class='ocrx_word' id='word_1_152' title='bbox 558 1872 578 1905; x_wconf 72' lang='grc' dir='ltr'><strong>ε</strong></span> <span class='ocrx_word' id='word_1_153' title='bbox 613 1853 737 1906; x_wconf 71' lang='grc' dir='ltr'>ἀντὶ</span> <span class='ocrx_word' id='word_1_154' title='bbox 762 1850 882 1915; x_wconf 78' lang='grc' dir='ltr'>τοῦ,</span> <span class='ocrx_word' id='word_1_155' title='bbox 924 1851 1000 1903; x_wconf 76' lang='grc' dir='ltr'>Οὐ</span> <span class='ocrx_word' id='word_1_156' title='bbox 1033 1850 1212 1921; x_wconf 84' lang='grc' dir='ltr'><strong>μάτην</strong></span> <span class='ocrx_word' id='word_1_157' title='bbox 1257 1847 1596 1919; x_wconf 76' lang='grc' dir='ltr'>ἠγρύπνησα</span> <span class='ocrx_word' id='word_1_158' title='bbox 1619 1884 1634 1911; x_wconf 71' lang='grc'><strong>,</strong></span> <span class='ocrx_word' id='word_1_159' title='bbox 1663 1844 1779 1899; x_wconf 82' lang='grc' dir='ltr'>ἀλλ’</span> 
     </span>
    </p>
   </div>
   <div class='ocr_carea' id='block_1_24' title="bbox 197 1942 1220 2021">
    <p class='ocr_par' dir='ltr' id='par_1_24' title="bbox 197 1942 1220 2021">
     <span class='ocr_line' id='line_1_24' title="bbox 197 1942 1220 2021; baseline -0.006 -19"><span class='ocrx_word' id='word_1_160' title='bbox 197 1948 511 2021; x_wconf 78' lang='grc' dir='ltr'>ἐδρεψάμην</span> <span class='ocrx_word' id='word_1_161' title='bbox 537 1945 637 2015; x_wconf 85' lang='grc' dir='ltr'><strong>τῆς</strong></span> <span class='ocrx_word' id='word_1_162' title='bbox 661 1944 830 2015; x_wconf 80' lang='grc' dir='ltr'><strong>εὐχῆς</strong></span> <span class='ocrx_word' id='word_1_163' title='bbox 856 1942 948 1997; x_wconf 85' lang='grc' dir='ltr'><strong>τὸν</strong></span> <span class='ocrx_word' id='word_1_164' title='bbox 982 1942 1220 2013; x_wconf 84' lang='grc' dir='ltr'>καρπόν.</span> 
     </span>
    </p>
   </div>
   <div class='ocr_carea' id='block_1_25' title="bbox 267 2051 1779 2130">
    <p class='ocr_par' dir='ltr' id='par_1_25' title="bbox 267 2051 1779 2130">
     <span class='ocr_line' id='line_1_25' title="bbox 267 2051 1779 2130; baseline -0.004 -18"><span class='ocrx_word' id='word_1_165' title='bbox 267 2079 287 2112; x_wconf 78' lang='grc' dir='ltr'>ι</span> <span class='ocrx_word' id='word_1_166' title='bbox 340 2058 692 2130; x_wconf 81' lang='grc' dir='ltr'>’Δπηνήνατο</span> <span class='ocrx_word' id='word_1_167' title='bbox 742 2056 1172 2128; x_wconf 80' lang='grc' dir='ltr'><strong>παρακληθῆναι</strong></span> <span class='ocrx_word' id='word_1_168' title='bbox 1228 2055 1263 2126; x_wconf 83' lang='grc' dir='ltr'>ή</span> <span class='ocrx_word' id='word_1_169' title='bbox 1293 2054 1441 2124; x_wconf 84' lang='grc' dir='ltr'>ψυχή</span> <span class='ocrx_word' id='word_1_170' title='bbox 1483 2070 1612 2125; x_wconf 91' lang='grc' dir='ltr'>μου.</span> 
     </span>
    </p>
   </div>
   <div class='ocr_carea' id='block_1_26' title="bbox 206 2148 1782 2225">
    <p class='ocr_par' dir='ltr' id='par_1_26' title="bbox 206 2148 1782 2225">
     <span class='ocr_line' id='line_1_26' title="bbox 206 2148 1782 2225; baseline -0.004 -18"><span class='ocrx_word' id='word_1_171' title='bbox 206 2153 522 2225; x_wconf 82' lang='grc' dir='ltr'>Ἐμνήσθην</span> <span class='ocrx_word' id='word_1_172' title='bbox 569 2152 663 2205; x_wconf 81' lang='grc' dir='ltr'><strong>τοῦ</strong></span> <span class='ocrx_word' id='word_1_173' title='bbox 695 2150 830 2203; x_wconf 82' lang='grc' dir='ltr'><strong>Θεοῦ</strong></span> <span class='ocrx_word' id='word_1_174' title='bbox 856 2190 872 2213; x_wconf 87' lang='grc'><strong>,</strong></span> <span class='ocrx_word' id='word_1_175' title='bbox 920 2150 1016 2203; x_wconf 74' lang='grc' dir='ltr'><strong>καὶ</strong></span> <span class='ocrx_word' id='word_1_176' title='bbox 1062 2149 1380 2221; x_wconf 81' lang='grc' dir='ltr'>εύφράνθην</span> <span class='ocrx_word' id='word_1_177' title='bbox 1407 2149 1474 2201; x_wconf 74' lang='grc'><strong>’⁸.</strong></span> <span class='ocrx_word' id='word_1_178' title='bbox 1518 2168 1539 2198; x_wconf 74' lang='grc' dir='ltr'>ι</span> <span class='ocrx_word' id='word_1_179' title='bbox 1590 2148 1782 2201; x_wconf 80' lang='grc' dir='ltr'>Πᾶσαν</span> 
     </span>
    </p>
   </div>
   <div class='ocr_carea' id='block_1_27' title="bbox 203 2237 1784 2314">
    <p class='ocr_par' dir='ltr' id='par_1_27' title="bbox 203 2237 1784 2314">
     <span class='ocr_line' id='line_1_27' title="bbox 203 2237 1784 2314; baseline -0.001 -19"><span class='ocrx_word' id='word_1_180' title='bbox 203 2244 295 2314; x_wconf 76' lang='grc' dir='ltr'><strong>μὲν</strong></span> <span class='ocrx_word' id='word_1_181' title='bbox 325 2240 717 2311; x_wconf 79' lang='grc' dir='ltr'>ἀπεσεισάμην</span> <span class='ocrx_word' id='word_1_182' title='bbox 737 2239 783 2271; x_wconf 78' lang='grc'><strong><em>³⁸</em></strong></span> <span class='ocrx_word' id='word_1_183' title='bbox 819 2238 1153 2311; x_wconf 79' lang='grc' dir='ltr'>παραψυχῆς</span> <span class='ocrx_word' id='word_1_184' title='bbox 1203 2237 1462 2309; x_wconf 84' lang='grc' dir='ltr'>ἀφορμὴν</span> <span class='ocrx_word' id='word_1_185' title='bbox 1482 2277 1497 2301; x_wconf 92' lang='grc'><strong>,</strong></span> <span class='ocrx_word' id='word_1_186' title='bbox 1531 2238 1784 2309; x_wconf 73' lang='grc' dir='ltr'>ψυχαγω-</span> 
     </span>
    </p>
   </div>
   <div class='ocr_carea' id='block_1_28' title="bbox 200 2327 1783 2403">
    <p class='ocr_par' dir='ltr' id='par_1_28' title="bbox 200 2327 1783 2403">
     <span class='ocr_line' id='line_1_28' title="bbox 200 2327 1783 2403; baseline -0.003 -15"><span class='ocrx_word' id='word_1_187' title='bbox 200 2335 319 2403; x_wconf 84' lang='grc' dir='ltr'>γίαν</span> <span class='ocrx_word' id='word_1_188' title='bbox 344 2334 408 2387; x_wconf 84' lang='grc' dir='ltr'>δὲ</span> <span class='ocrx_word' id='word_1_189' title='bbox 447 2334 618 2403; x_wconf 87' lang='grc' dir='ltr'>μόνην</span> <span class='ocrx_word' id='word_1_190' title='bbox 649 2327 795 2403; x_wconf 73' lang='grc' dir='ltr'><strong>εἶχον</strong></span> <span class='ocrx_word' id='word_1_191' title='bbox 825 2331 922 2385; x_wconf 85' lang='grc' dir='ltr'>τοῦ</span> <span class='ocrx_word' id='word_1_192' title='bbox 950 2330 1087 2385; x_wconf 86' lang='grc' dir='ltr'><strong>Θεοῦ</strong></span> <span class='ocrx_word' id='word_1_193' title='bbox 1112 2332 1129 2363; x_wconf 87' lang='grc'>¹</span> <span class='ocrx_word' id='word_1_194' title='bbox 1154 2330 1255 2402; x_wconf 84' lang='grc' dir='ltr'>τὴν</span> <span class='ocrx_word' id='word_1_195' title='bbox 1284 2331 1529 2401; x_wconf 83' lang='grc' dir='ltr'><strong>μνήμην.</strong></span> <span class='ocrx_word' id='word_1_196' title='bbox 1563 2351 1582 2384; x_wconf 79' lang='grc' dir='ltr'><strong>ι</strong></span> <span class='ocrx_word' id='word_1_197' title='bbox 1627 2330 1783 2384; x_wconf 90' lang='grc' dir='ltr'>Ἦδο-</span> 
     </span>
    </p>
   </div>
   <div class='ocr_carea' id='block_1_29' title="bbox 202 2421 1786 2495">
    <p class='ocr_par' dir='ltr' id='par_1_29' title="bbox 202 2421 1786 2495">
     <span class='ocr_line' id='line_1_29' title="bbox 202 2421 1786 2495; baseline -0.001 -17"><span class='ocrx_word' id='word_1_198' title='bbox 202 2427 443 2495; x_wconf 71' lang='grc' dir='ltr'>λέσχησα</span> <span class='ocrx_word' id='word_1_199' title='bbox 460 2425 504 2491; x_wconf 85' lang='grc'>¹,</span> <span class='ocrx_word' id='word_1_200' title='bbox 546 2425 643 2477; x_wconf 72' lang='grc' dir='ltr'><strong>καὶ</strong></span> <span class='ocrx_word' id='word_1_201' title='bbox 678 2424 1060 2495; x_wconf 75' lang='grc' dir='ltr'>ὠλιγοψύχησε</span> <span class='ocrx_word' id='word_1_202' title='bbox 1091 2423 1152 2477; x_wconf 85' lang='grc' dir='ltr'><strong>τὸ</strong></span> <span class='ocrx_word' id='word_1_203' title='bbox 1186 2421 1405 2494; x_wconf 82' lang='grc' dir='ltr'>πνεῦμά</span> <span class='ocrx_word' id='word_1_204' title='bbox 1435 2440 1557 2494; x_wconf 90' lang='grc' dir='ltr'>μου.</span> <span class='ocrx_word' id='word_1_205' title='bbox 1609 2442 1627 2475; x_wconf 78' lang='grc' dir='ltr'>ι</span> <span class='ocrx_word' id='word_1_206' title='bbox 1681 2424 1739 2476; x_wconf 89' lang='lat'><strong>&#39;0</strong></span> <span class='ocrx_word' id='word_1_207' title='bbox 1765 2424 1786 2456; x_wconf 88' lang='grc'><strong><em>³</em></strong></span> 
     </span>
    </p>
   </div>
   <div class='ocr_carea' id='block_1_30' title="bbox 203 2515 1788 2588">
    <p class='ocr_par' dir='ltr' id='par_1_30' title="bbox 203 2515 1788 2588">
     <span class='ocr_line' id='line_1_30' title="bbox 203 2515 1788 2588; baseline -0.001 -18"><span class='ocrx_word' id='word_1_208' title='bbox 203 2520 252 2571; x_wconf 79' lang='grc' dir='ltr'>δὲ</span> <span class='ocrx_word' id='word_1_209' title='bbox 280 2517 587 2588; x_wconf 76' lang='grc' dir='ltr'><strong>Σύμμαχος</strong></span> <span class='ocrx_word' id='word_1_210' title='bbox 616 2515 790 2580; x_wconf 80' lang='grc' dir='ltr'>οὕτως</span> <span class='ocrx_word' id='word_1_211' title='bbox 811 2533 826 2549; x_wconf 76' lang='grc' dir='ltr'><strong>ο</strong></span> <span class='ocrx_word' id='word_1_212' title='bbox 858 2515 1189 2570; x_wconf 77' lang='grc' dir='ltr'>Διελάλουν</span> <span class='ocrx_word' id='word_1_213' title='bbox 1212 2515 1469 2584; x_wconf 83' lang='grc' dir='ltr'><strong>ἐμαυτῷ,</strong></span> <span class='ocrx_word' id='word_1_214' title='bbox 1502 2517 1600 2570; x_wconf 81' lang='grc' dir='ltr'>καί</span> <span class='ocrx_word' id='word_1_215' title='bbox 1635 2517 1788 2571; x_wconf 81' lang='grc' dir='ltr'>ἐλει-</span> 
     </span>
    </p>
   </div>
   <div class='ocr_carea' id='block_1_31' title="bbox 204 2607 1787 2679">
    <p class='ocr_par' dir='ltr' id='par_1_31' title="bbox 204 2607 1787 2679">
     <span class='ocr_line' id='line_1_31' title="bbox 204 2607 1787 2679; baseline -0.001 -18"><span class='ocrx_word' id='word_1_216' title='bbox 204 2611 534 2678; x_wconf 76' lang='grc' dir='ltr'>ποθύμουν.</span> <span class='ocrx_word' id='word_1_217' title='bbox 567 2609 817 2679; x_wconf 83' lang='grc' dir='ltr'><strong>Συνεχῶς</strong></span> <span class='ocrx_word' id='word_1_218' title='bbox 849 2608 1073 2678; x_wconf 79' lang='grc' dir='ltr'><strong>ἐμαυτῷ</strong></span> <span class='ocrx_word' id='word_1_219' title='bbox 1106 2607 1660 2679; x_wconf 85' lang='grc' dir='ltr'>προσδιαλεγόμενος,</span> <span class='ocrx_word' id='word_1_220' title='bbox 1692 2608 1787 2661; x_wconf 72' lang='grc' dir='ltr'><strong>καὶ</strong></span> 
     </span>
    </p>
   </div>
   <div class='ocr_carea' id='block_1_32' title="bbox 203 2696 1788 2769">
    <p class='ocr_par' dir='ltr' id='par_1_32' title="bbox 203 2696 1788 2769">
     <span class='ocr_line' id='line_1_32' title="bbox 203 2696 1788 2769; baseline 0 -19"><span class='ocrx_word' id='word_1_221' title='bbox 203 2699 265 2751; x_wconf 67' lang='grc' dir='ltr'>τὰ</span> <span class='ocrx_word' id='word_1_222' title='bbox 312 2698 622 2769; x_wconf 81' lang='grc' dir='ltr'>συνέχοντά</span> <span class='ocrx_word' id='word_1_223' title='bbox 662 2714 732 2768; x_wconf 92' lang='grc' dir='ltr'><strong>με</strong></span> <span class='ocrx_word' id='word_1_224' title='bbox 783 2697 931 2750; x_wconf 73' lang='grc' dir='ltr'><strong>κακὰ</strong></span> <span class='ocrx_word' id='word_1_225' title='bbox 968 2696 1360 2767; x_wconf 71' lang='grc' dir='ltr'>λογιζόμενοςδ</span> <span class='ocrx_word' id='word_1_226' title='bbox 1385 2738 1400 2763; x_wconf 91' lang='grc'><strong>,</strong></span> <span class='ocrx_word' id='word_1_227' title='bbox 1441 2698 1788 2769; x_wconf 85' lang='grc' dir='ltr'>ἀπηγόρευον</span> 
     </span>
    </p>
   </div>
   <div class='ocr_carea' id='block_1_33' title="bbox 206 2787 1787 2862">
    <p class='ocr_par' dir='ltr' id='par_1_33' title="bbox 206 2787 1787 2862">
     <span class='ocr_line' id='line_1_33' title="bbox 206 2787 1787 2862; baseline 0.003 -21"><span class='ocrx_word' id='word_1_228' title='bbox 206 2791 296 2859; x_wconf 79' lang='grc' dir='ltr'><strong>τὴν</strong></span> <span class='ocrx_word' id='word_1_229' title='bbox 329 2789 548 2842; x_wconf 86' lang='grc' dir='ltr'>τούτων</span> <span class='ocrx_word' id='word_1_230' title='bbox 585 2787 947 2859; x_wconf 83' lang='grc' dir='ltr'>ἀπαλλαγὴν,</span> <span class='ocrx_word' id='word_1_231' title='bbox 990 2792 1085 2843; x_wconf 79' lang='grc' dir='ltr'><strong>καὶ</strong></span> <span class='ocrx_word' id='word_1_232' title='bbox 1134 2790 1342 2861; x_wconf 75' lang='grc' dir='ltr'>πικρὰς</span> <span class='ocrx_word' id='word_1_233' title='bbox 1387 2791 1657 2862; x_wconf 75' lang='grc' dir='ltr'><strong>ἐδεχόμην</strong></span> <span class='ocrx_word' id='word_1_234' title='bbox 1687 2791 1787 2862; x_wconf 83' lang='grc' dir='ltr'><strong>τῆς</strong></span> 
     </span>
    </p>
   </div>
   <div class='ocr_carea' id='block_1_34' title="bbox 206 2879 817 2949">
    <p class='ocr_par' dir='ltr' id='par_1_34' title="bbox 206 2879 817 2949">
     <span class='ocr_line' id='line_1_34' title="bbox 206 2879 817 2949; baseline -0.002 -14"><span class='ocrx_word' id='word_1_235' title='bbox 206 2882 440 2949; x_wconf 74' lang='grc' dir='ltr'>ἀθυμίας</span> <span class='ocrx_word' id='word_1_236' title='bbox 471 2879 571 2943; x_wconf 69' lang='grc' dir='ltr'>τὰς</span> <span class='ocrx_word' id='word_1_237' title='bbox 598 2879 817 2943; x_wconf 82' lang='grc' dir='ltr'>ἀκίδας.</span> 
     </span>
    </p>
   </div>
   <div class='ocr_carea' id='block_1_35' title="bbox 268 2991 1788 3067">
    <p class='ocr_par' dir='ltr' id='par_1_35' title="bbox 268 2991 1788 3067">
     <span class='ocr_line' id='line_1_35' title="bbox 268 2991 1788 3067; baseline 0.002 -20"><span class='ocrx_word' id='word_1_238' title='bbox 268 2992 330 3047; x_wconf 82' lang='grc' dir='ltr'>ε’.</span> <span class='ocrx_word' id='word_1_239' title='bbox 384 3011 405 3044; x_wconf 75' lang='grc' dir='ltr'><strong>ι</strong></span> <span class='ocrx_word' id='word_1_240' title='bbox 482 2991 964 3063; x_wconf 82' lang='grc' dir='ltr'>Προκατελάϐοντο</span> <span class='ocrx_word' id='word_1_241' title='bbox 1005 2993 1026 3025; x_wconf 80' lang='grc'>⁸</span> <span class='ocrx_word' id='word_1_242' title='bbox 1092 2993 1341 3062; x_wconf 80' lang='grc' dir='ltr'>φυλακὰς</span> <span class='ocrx_word' id='word_1_243' title='bbox 1404 2997 1452 3049; x_wconf 90' lang='grc' dir='ltr'>οἱ</span> <span class='ocrx_word' id='word_1_244' title='bbox 1504 2995 1788 3067; x_wconf 64' lang='grc' dir='ltr'>ὀφθαλμοί</span> 
     </span>
    </p>
   </div>
   <div class='ocr_carea' id='block_1_36' title="bbox 209 3086 1785 3163">
    <p class='ocr_par' dir='ltr' id='par_1_36' title="bbox 209 3086 1785 3163">
     <span class='ocr_line' id='line_1_36' title="bbox 209 3086 1785 3163; baseline 0.002 -22"><span class='ocrx_word' id='word_1_245' title='bbox 209 3105 302 3159; x_wconf 84' lang='grc' dir='ltr'><strong>μου</strong></span> <span class='ocrx_word' id='word_1_246' title='bbox 324 3088 368 3141; x_wconf 82' lang='grc'>⁸.</span> <span class='ocrx_word' id='word_1_247' title='bbox 410 3105 431 3137; x_wconf 76' lang='grc' dir='ltr'>ι</span> <span class='ocrx_word' id='word_1_248' title='bbox 466 3087 750 3151; x_wconf 72' lang='grc' dir='ltr'>Φυλακὰς</span> <span class='ocrx_word' id='word_1_249' title='bbox 782 3086 939 3139; x_wconf 84' lang='grc' dir='ltr'><strong>καλεί</strong></span> <span class='ocrx_word' id='word_1_250' title='bbox 986 3088 1084 3147; x_wconf 74' lang='grc' dir='ltr'><strong>τὰς</strong></span> <span class='ocrx_word' id='word_1_251' title='bbox 1114 3087 1215 3157; x_wconf 81' lang='grc' dir='ltr'><strong>τῆς</strong></span> <span class='ocrx_word' id='word_1_252' title='bbox 1249 3088 1443 3151; x_wconf 80' lang='grc' dir='ltr'>νυκτὸς</span> <span class='ocrx_word' id='word_1_253' title='bbox 1471 3089 1785 3163; x_wconf 75' lang='grc' dir='ltr'>διαιρέσεις,</span> 
     </span>
    </p>
   </div>
   <div class='ocr_carea' id='block_1_37' title="bbox 209 3144 1862 3255">
    <p class='ocr_par' dir='ltr' id='par_1_37' title="bbox 209 3144 1862 3255">
     <span class='ocr_line' id='line_1_37' title="bbox 209 3144 1862 3255; baseline 0.003 -24"><span class='ocrx_word' id='word_1_254' title='bbox 209 3144 325 3231; x_wconf 65' lang='grc' dir='ltr'><strong>καθ’</strong></span> <span class='ocrx_word' id='word_1_255' title='bbox 372 3177 445 3240; x_wconf 76' lang='grc' dir='ltr'><strong>ἃς</strong></span> <span class='ocrx_word' id='word_1_256' title='bbox 488 3178 539 3229; x_wconf 86' lang='grc' dir='ltr'>οἱ</span> <span class='ocrx_word' id='word_1_257' title='bbox 570 3144 811 3246; x_wconf 78' lang='grc' dir='ltr'>φύλακες</span> <span class='ocrx_word' id='word_1_258' title='bbox 840 3144 1094 3248; x_wconf 78' lang='grc' dir='ltr'>ἀλλήλοις</span> <span class='ocrx_word' id='word_1_259' title='bbox 1137 3144 1235 3249; x_wconf 43' lang='grc' dir='ltr'>τίη-ν</span> <span class='ocrx_word' id='word_1_260' title='bbox 1264 3144 1516 3251; x_wconf 81' lang='grc' dir='ltr'>φυλακὴν</span> <span class='ocrx_word' id='word_1_261' title='bbox 1550 3144 1790 3255; x_wconf 39' lang='grc' dir='ltr'>ἐγχειρίλ</span> <span class='ocrx_word' id='word_1_262' title='bbox 1816 3144 1862 3207; x_wconf 77' lang='lat' dir='ltr'>c</span> 
     </span>
    </p>
   </div>
   <div class='ocr_carea' id='block_1_38' title="bbox 210 3268 1791 3345">
    <p class='ocr_par' dir='ltr' id='par_1_38' title="bbox 210 3268 1791 3345">
     <span class='ocr_line' id='line_1_38' title="bbox 210 3268 1791 3345; baseline 0.004 -22"><span class='ocrx_word' id='word_1_263' title='bbox 210 3273 355 3335; x_wconf 77' lang='grc' dir='ltr'>ζουσι</span> <span class='ocrx_word' id='word_1_264' title='bbox 382 3288 397 3301; x_wconf 75' lang='grc' dir='ltr'><strong><em>ο</em></strong></span> <span class='ocrx_word' id='word_1_265' title='bbox 426 3270 577 3341; x_wconf 83' lang='grc' dir='ltr'>δηλοῖ</span> <span class='ocrx_word' id='word_1_266' title='bbox 601 3268 657 3321; x_wconf 90' lang='grc' dir='ltr'>δὲ</span> <span class='ocrx_word' id='word_1_267' title='bbox 676 3268 762 3321; x_wconf 80' lang='grc' dir='ltr'>διὰ</span> <span class='ocrx_word' id='word_1_268' title='bbox 790 3268 997 3322; x_wconf 88' lang='grc' dir='ltr'>τούτων</span> <span class='ocrx_word' id='word_1_269' title='bbox 1020 3270 1118 3341; x_wconf 81' lang='grc' dir='ltr'><strong>τὴν</strong></span> <span class='ocrx_word' id='word_1_270' title='bbox 1146 3271 1234 3324; x_wconf 82' lang='grc' dir='ltr'>διὰ</span> <span class='ocrx_word' id='word_1_271' title='bbox 1267 3272 1447 3343; x_wconf 84' lang='grc' dir='ltr'>πάσης</span> <span class='ocrx_word' id='word_1_272' title='bbox 1470 3276 1572 3345; x_wconf 82' lang='grc' dir='ltr'><strong>τῆς</strong></span> <span class='ocrx_word' id='word_1_273' title='bbox 1597 3279 1791 3339; x_wconf 80' lang='grc' dir='ltr'><strong>νυκτὸς</strong></span> 
     </span>
    </p>
   </div>
   <div class='ocr_carea' id='block_1_39' title="bbox 210 3360 1792 3435">
    <p class='ocr_par' dir='ltr' id='par_1_39' title="bbox 210 3360 1792 3435">
     <span class='ocr_line' id='line_1_39' title="bbox 210 3360 1792 3435; baseline 0.003 -19"><span class='ocrx_word' id='word_1_274' title='bbox 210 3362 541 3433; x_wconf 83' lang='grc' dir='ltr'>ἀγρυπνίαν.</span> <span class='ocrx_word' id='word_1_275' title='bbox 571 3379 590 3412; x_wconf 79' lang='grc' dir='ltr'><strong>ι</strong></span> <span class='ocrx_word' id='word_1_276' title='bbox 620 3360 963 3433; x_wconf 83' lang='grc' dir='ltr'>Ἐταράχθην</span> <span class='ocrx_word' id='word_1_277' title='bbox 983 3403 997 3426; x_wconf 92' lang='grc'><strong>,</strong></span> <span class='ocrx_word' id='word_1_278' title='bbox 1028 3364 1121 3415; x_wconf 77' lang='grc' dir='ltr'><strong>καὶ</strong></span> <span class='ocrx_word' id='word_1_279' title='bbox 1143 3364 1244 3417; x_wconf 80' lang='grc' dir='ltr'><strong>οὐκ</strong></span> <span class='ocrx_word' id='word_1_280' title='bbox 1269 3364 1527 3435; x_wconf 78' lang='grc' dir='ltr'>ἐλάλησα.</span> <span class='ocrx_word' id='word_1_281' title='bbox 1561 3386 1580 3419; x_wconf 73' lang='grc' dir='ltr'>ι</span> <span class='ocrx_word' id='word_1_282' title='bbox 1608 3368 1792 3421; x_wconf 83' lang='grc' dir='ltr'>Ταῦτα</span> 
     </span>
    </p>
   </div>
   <div class='ocr_carea' id='block_1_40' title="bbox 209 3454 1789 3532">
    <p class='ocr_par' dir='ltr' id='par_1_40' title="bbox 209 3454 1789 3532">
     <span class='ocr_line' id='line_1_40' title="bbox 209 3454 1789 3532; baseline 0.004 -25"><span class='ocrx_word' id='word_1_283' title='bbox 209 3457 253 3507; x_wconf 81' lang='lat' dir='ltr'><strong>oi</strong></span> <span class='ocrx_word' id='word_1_284' title='bbox 302 3456 463 3509; x_wconf 58' lang='grc' dir='ltr'><strong>αὐτοὶ⁵</strong></span> <span class='ocrx_word' id='word_1_285' title='bbox 500 3454 594 3507; x_wconf 73' lang='grc' dir='ltr'><strong>καὶ</strong></span> <span class='ocrx_word' id='word_1_286' title='bbox 628 3456 686 3507; x_wconf 81' lang='grc' dir='ltr'>ἐν</span> <span class='ocrx_word' id='word_1_287' title='bbox 732 3454 811 3522; x_wconf 82' lang='grc' dir='ltr'><strong>τῷ</strong></span> <span class='ocrx_word' id='word_1_288' title='bbox 850 3462 939 3524; x_wconf 85' lang='grc' dir='ltr'><strong>μα’</strong></span> <span class='ocrx_word' id='word_1_289' title='bbox 985 3454 1225 3525; x_wconf 73' lang='grc' dir='ltr'>ψαλμῷ⁷</span> <span class='ocrx_word' id='word_1_290' title='bbox 1264 3473 1278 3487; x_wconf 86' lang='grc'><strong>·</strong></span> <span class='ocrx_word' id='word_1_291' title='bbox 1307 3458 1451 3530; x_wconf 83' lang='grc' dir='ltr'><strong>Πρὸς</strong></span> <span class='ocrx_word' id='word_1_292' title='bbox 1490 3460 1729 3530; x_wconf 76' lang='grc' dir='ltr'>ἐμαυτὸν</span> <span class='ocrx_word' id='word_1_293' title='bbox 1757 3466 1789 3532; x_wconf 79' lang='grc' dir='ltr'>ἡ</span> 
     </span>
    </p>
   </div>
   <div class='ocr_carea' id='block_1_41' title="bbox 210 3545 1793 3623">
    <p class='ocr_par' dir='ltr' id='par_1_41' title="bbox 210 3545 1793 3623">
     <span class='ocr_line' id='line_1_41' title="bbox 210 3545 1793 3623; baseline 0.006 -24"><span class='ocrx_word' id='word_1_294' title='bbox 210 3547 348 3617; x_wconf 45' lang='lat' dir='ltr'><strong>dum</strong></span> <span class='ocrx_word' id='word_1_295' title='bbox 383 3564 490 3617; x_wconf 87' lang='grc' dir='ltr'><strong>μου</strong></span> <span class='ocrx_word' id='word_1_296' title='bbox 514 3545 812 3617; x_wconf 76' lang='grc' dir='ltr'>ἐταράχθη.</span> <span class='ocrx_word' id='word_1_297' title='bbox 842 3566 861 3598; x_wconf 77' lang='grc' dir='ltr'>ι</span> <span class='ocrx_word' id='word_1_298' title='bbox 898 3548 973 3601; x_wconf 85' lang='grc' dir='ltr'><strong>Οὐ</strong></span> <span class='ocrx_word' id='word_1_299' title='bbox 997 3548 1103 3620; x_wconf 85' lang='grc' dir='ltr'>γὰρ</span> <span class='ocrx_word' id='word_1_300' title='bbox 1126 3550 1439 3623; x_wconf 78' lang='grc' dir='ltr'>ἠνεσχόμην</span> <span class='ocrx_word' id='word_1_301' title='bbox 1462 3554 1641 3618; x_wconf 83' lang='grc' dir='ltr'>ἄλλοις</span> <span class='ocrx_word' id='word_1_302' title='bbox 1668 3558 1793 3620; x_wconf 76' lang='grc' dir='ltr'>τοὺς</span> 
     </span>
    </p>
   </div>
   <div class='ocr_carea' id='block_1_42' title="bbox 213 3636 995 3709">
    <p class='ocr_par' dir='ltr' id='par_1_42' title="bbox 213 3636 995 3709">
     <span class='ocr_line' id='line_1_42' title="bbox 213 3636 995 3709; baseline 0.001 -19"><span class='ocrx_word' id='word_1_303' title='bbox 213 3640 375 3707; x_wconf 78' lang='grc' dir='ltr'>ἐμοὺς</span> <span class='ocrx_word' id='word_1_304' title='bbox 404 3636 705 3707; x_wconf 75' lang='grc' dir='ltr'>λογισμοὺς</span> <span class='ocrx_word' id='word_1_305' title='bbox 737 3639 995 3709; x_wconf 78' lang='grc' dir='ltr'><strong>ἐκφῆναι.</strong></span> 
     </span>
    </p>
   </div>
   <div class='ocr_carea' id='block_1_43' title="bbox 280 3749 1790 3833">
    <p class='ocr_par' dir='ltr' id='par_1_43' title="bbox 280 3749 1790 3833">
     <span class='ocr_line' id='line_1_43' title="bbox 280 3749 1790 3833; baseline 0.007 -29"><span class='ocrx_word' id='word_1_306' title='bbox 280 3756 357 3814; x_wconf 83' lang='grc' dir='ltr'><strong>ς’,</strong></span> <span class='ocrx_word' id='word_1_307' title='bbox 404 3749 472 3814; x_wconf 79' lang='grc' dir='ltr'>ζ’.</span> <span class='ocrx_word' id='word_1_308' title='bbox 510 3768 531 3801; x_wconf 76' lang='grc' dir='ltr'><strong>ι</strong></span> <span class='ocrx_word' id='word_1_309' title='bbox 566 3750 969 3822; x_wconf 83' lang='grc' dir='ltr'>Διελογισάμην</span> <span class='ocrx_word' id='word_1_310' title='bbox 1006 3752 1223 3824; x_wconf 80' lang='grc' dir='ltr'>ἡμέρας</span> <span class='ocrx_word' id='word_1_311' title='bbox 1258 3756 1495 3828; x_wconf 81' lang='grc' dir='ltr'>ἀρχαίας</span> <span class='ocrx_word' id='word_1_312' title='bbox 1518 3777 1533 3791; x_wconf 76' lang='grc' dir='ltr'><strong>ο</strong></span> <span class='ocrx_word' id='word_1_313' title='bbox 1572 3762 1667 3815; x_wconf 76' lang='grc' dir='ltr'><strong>καὶ</strong></span> <span class='ocrx_word' id='word_1_314' title='bbox 1696 3762 1790 3833; x_wconf 77' lang='grc' dir='ltr'>ἔτη</span> 
     </span>
    </p>
   </div>
   <div class='ocr_carea' id='block_1_44' title="bbox 215 3841 1795 3925">
    <p class='ocr_par' dir='ltr' id='par_1_44' title="bbox 215 3841 1795 3925">
     <span class='ocr_line' id='line_1_44' title="bbox 215 3841 1795 3925; baseline 0.009 -33"><span class='ocrx_word' id='word_1_315' title='bbox 215 3841 408 3894; x_wconf 80' lang='grc' dir='ltr'>αίὼνια</span> <span class='ocrx_word' id='word_1_316' title='bbox 450 3841 731 3913; x_wconf 74' lang='grc' dir='ltr'><strong>ἐμνήσθην</strong></span> <span class='ocrx_word' id='word_1_317' title='bbox 758 3843 801 3897; x_wconf 84' lang='grc'>⁸.</span> <span class='ocrx_word' id='word_1_318' title='bbox 836 3844 946 3895; x_wconf 73' lang='grc' dir='ltr'><strong>Καὶ</strong></span> <span class='ocrx_word' id='word_1_319' title='bbox 992 3843 1300 3925; x_wconf 80' lang='grc' dir='ltr'>ὲμελέτησα</span> <span class='ocrx_word' id='word_1_320' title='bbox 1325 3849 1369 3901; x_wconf 76' lang='grc'>⁸.</span> <span class='ocrx_word' id='word_1_321' title='bbox 1408 3867 1427 3900; x_wconf 75' lang='grc' dir='ltr'>ι</span> <span class='ocrx_word' id='word_1_322' title='bbox 1461 3850 1581 3904; x_wconf 91' lang='grc' dir='ltr'><strong>Τῶν</strong></span> <span class='ocrx_word' id='word_1_323' title='bbox 1607 3854 1795 3925; x_wconf 81' lang='grc' dir='ltr'>προτέ-</span> 
     </span>
    </p>
   </div>
   <div class='ocr_carea' id='block_1_45' title="bbox 216 3922 1793 4017">
    <p class='ocr_par' dir='ltr' id='par_1_45' title="bbox 216 3922 1793 4017">
     <span class='ocr_line' id='line_1_45' title="bbox 216 3922 1793 4017; baseline 0.006 -31"><span class='ocrx_word' id='word_1_324' title='bbox 216 3951 325 4006; x_wconf 85' lang='grc' dir='ltr'><strong>ρων</strong></span> <span class='ocrx_word' id='word_1_325' title='bbox 357 3951 476 3997; x_wconf 89' lang='grc' dir='ltr'>σου,</span> <span class='ocrx_word' id='word_1_326' title='bbox 529 3934 730 4005; x_wconf 77' lang='grc' dir='ltr'>φησὶν,</span> <span class='ocrx_word' id='word_1_327' title='bbox 782 3922 1485 4012; x_wconf 70' lang='grc' dir='ltr'>εὐεργεσιῶν’ἀνενεούμην</span> <span class='ocrx_word' id='word_1_328' title='bbox 1513 3943 1612 4013; x_wconf 83' lang='grc' dir='ltr'><strong>τὴν</strong></span> <span class='ocrx_word' id='word_1_329' title='bbox 1650 3922 1793 4017; x_wconf 81' lang='grc' dir='ltr'><strong>μνή-</strong></span> 
     </span>
    </p>
   </div>
   <div class='ocr_carea' id='block_1_46' title="bbox 219 4024 1794 4104">
    <p class='ocr_par' dir='ltr' id='par_1_46' title="bbox 219 4024 1794 4104">
     <span class='ocr_line' id='line_1_46' title="bbox 219 4024 1794 4104; baseline 0.005 -26"><span class='ocrx_word' id='word_1_330' title='bbox 219 4042 324 4095; x_wconf 88' lang='grc' dir='ltr'><strong>μην</strong></span> <span class='ocrx_word' id='word_1_331' title='bbox 347 4064 363 4088; x_wconf 89' lang='grc'><strong>,</strong></span> <span class='ocrx_word' id='word_1_332' title='bbox 414 4024 511 4078; x_wconf 80' lang='grc' dir='ltr'><strong>καὶ</strong></span> <span class='ocrx_word' id='word_1_333' title='bbox 538 4025 917 4097; x_wconf 79' lang='grc' dir='ltr'>ἐνεθυμούμην</span> <span class='ocrx_word' id='word_1_334' title='bbox 941 4066 955 4091; x_wconf 93' lang='grc'><strong>,</strong></span> <span class='ocrx_word' id='word_1_335' title='bbox 992 4026 1136 4080; x_wconf 87' lang='grc' dir='ltr'><strong>ὅσων</strong></span> <span class='ocrx_word' id='word_1_336' title='bbox 1178 4027 1334 4100; x_wconf 87' lang='grc' dir='ltr'><strong>παρά</strong></span> <span class='ocrx_word' id='word_1_337' title='bbox 1370 4029 1463 4083; x_wconf 80' lang='grc' dir='ltr'><strong>σού</strong></span> <span class='ocrx_word' id='word_1_338' title='bbox 1498 4037 1794 4104; x_wconf 85' lang='grc' dir='ltr'>τετυχήκα-</span> 
     </span>
    </p>
   </div>
   <div class='ocr_carea' id='block_1_47' title="bbox 219 4118 1794 4199">
    <p class='ocr_par' dir='ltr' id='par_1_47' title="bbox 219 4118 1794 4199">
     <span class='ocr_line' id='line_1_47' title="bbox 219 4118 1794 4199; baseline 0.006 -29"><span class='ocrx_word' id='word_1_339' title='bbox 219 4135 299 4171; x_wconf 89' lang='grc' dir='ltr'>σιν</span> <span class='ocrx_word' id='word_1_340' title='bbox 353 4118 690 4189; x_wconf 76' lang='grc' dir='ltr'><strong>εὐεργεσιῶν</strong></span> <span class='ocrx_word' id='word_1_341' title='bbox 734 4120 785 4172; x_wconf 87' lang='grc' dir='ltr'><strong>οί</strong></span> <span class='ocrx_word' id='word_1_342' title='bbox 825 4122 1087 4192; x_wconf 83' lang='grc' dir='ltr'><strong>ἡμέτεροι</strong></span> <span class='ocrx_word' id='word_1_343' title='bbox 1144 4123 1443 4192; x_wconf 66' lang='grc' dir='ltr'>πρόγονον</span> <span class='ocrx_word' id='word_1_344' title='bbox 1489 4124 1637 4189; x_wconf 82' lang='grc' dir='ltr'>ὅπως</span> <span class='ocrx_word' id='word_1_345' title='bbox 1693 4128 1794 4199; x_wconf 82' lang='grc' dir='ltr'><strong>τῆς</strong></span> 
     </span>
    </p>
   </div>
   <div class='ocr_carea' id='block_1_48' title="bbox 218 4210 1794 4291">
    <p class='ocr_par' dir='ltr' id='par_1_48' title="bbox 218 4210 1794 4291">
     <span class='ocr_line' id='line_1_48' title="bbox 218 4210 1794 4291; baseline 0.008 -31"><span class='ocrx_word' id='word_1_346' title='bbox 218 4211 533 4278; x_wconf 74' lang='grc' dir='ltr'>Αἰγυπτίων</span> <span class='ocrx_word' id='word_1_347' title='bbox 562 4210 807 4275; x_wconf 88' lang='grc' dir='ltr'>δουλείας</span> <span class='ocrx_word' id='word_1_348' title='bbox 838 4213 1321 4287; x_wconf 67' lang='grc' dir='ltr'>ἠλευθερώθησαν,</span> <span class='ocrx_word' id='word_1_349' title='bbox 1345 4217 1495 4280; x_wconf 87' lang='grc' dir='ltr'>ὅπως</span> <span class='ocrx_word' id='word_1_350' title='bbox 1520 4220 1617 4288; x_wconf 83' lang='grc' dir='ltr'><strong>τὴν</strong></span> <span class='ocrx_word' id='word_1_351' title='bbox 1637 4219 1794 4291; x_wconf 82' lang='grc' dir='ltr'>Ἐρυ-</span> 
     </span>
    </p>
   </div>
   <div class='ocr_carea' id='block_1_49' title="bbox 222 4301 1792 4381">
    <p class='ocr_par' dir='ltr' id='par_1_49' title="bbox 222 4301 1792 4381">
     <span class='ocr_line' id='line_1_49' title="bbox 222 4301 1792 4381; baseline 0.006 -28"><span class='ocrx_word' id='word_1_352' title='bbox 222 4302 353 4370; x_wconf 75' lang='grc' dir='ltr'><strong>θράν</strong></span> <span class='ocrx_word' id='word_1_353' title='bbox 384 4301 650 4371; x_wconf 83' lang='grc' dir='ltr'>διέϐησαν</span> <span class='ocrx_word' id='word_1_354' title='bbox 692 4303 989 4369; x_wconf 79' lang='grc' dir='ltr'>θάλασσαν,</span> <span class='ocrx_word' id='word_1_355' title='bbox 1033 4307 1184 4370; x_wconf 83' lang='grc' dir='ltr'>ὅπως</span> <span class='ocrx_word' id='word_1_356' title='bbox 1235 4306 1334 4379; x_wconf 81' lang='grc' dir='ltr'><strong>τὴν</strong></span> <span class='ocrx_word' id='word_1_357' title='bbox 1372 4309 1792 4381; x_wconf 75' lang='grc' dir='ltr'>ἐπηγγελμένην</span> 
     </span>
    </p>
   </div>
   <div class='ocr_carea' id='block_1_50' title="bbox 220 4398 1792 4476">
    <p class='ocr_par' dir='ltr' id='par_1_50' title="bbox 220 4398 1792 4476">
     <span class='ocr_line' id='line_1_50' title="bbox 220 4398 1792 4476; baseline 0.008 -29"><span class='ocrx_word' id='word_1_358' title='bbox 220 4398 327 4460; x_wconf 81' lang='grc' dir='ltr'>τοῖς</span> <span class='ocrx_word' id='word_1_359' title='bbox 368 4398 640 4469; x_wconf 83' lang='grc' dir='ltr'>πατράσιν</span> <span class='ocrx_word' id='word_1_360' title='bbox 669 4398 941 4453; x_wconf 76' lang='grc' dir='ltr'>ἀπέλαϐον</span> <span class='ocrx_word' id='word_1_361' title='bbox 967 4401 1010 4433; x_wconf 84' lang='grc'><strong>¹⁰</strong></span> <span class='ocrx_word' id='word_1_362' title='bbox 1047 4402 1169 4472; x_wconf 76' lang='grc' dir='ltr'>γῆν.</span> <span class='ocrx_word' id='word_1_363' title='bbox 1220 4421 1239 4455; x_wconf 78' lang='grc' dir='ltr'>ι</span> <span class='ocrx_word' id='word_1_364' title='bbox 1277 4404 1491 4468; x_wconf 83' lang='grc' dir='ltr'><strong>Νυκτὸς</strong></span> <span class='ocrx_word' id='word_1_365' title='bbox 1523 4405 1663 4475; x_wconf 87' lang='grc' dir='ltr'><strong>μετὰ</strong></span> <span class='ocrx_word' id='word_1_366' title='bbox 1693 4406 1792 4476; x_wconf 82' lang='grc' dir='ltr'><strong>τῆς</strong></span> 
     </span>
    </p>
   </div>
   <div class='ocr_carea' id='block_1_51' title="bbox 1944 916 3457 987">
    <p class='ocr_par' dir='ltr' id='par_1_51' title="bbox 1944 916 3457 987">
     <span class='ocr_line' id='line_1_51' title="bbox 1944 916 3457 987; baseline 0.001 -17"><span class='ocrx_word' id='word_1_367' title='bbox 1944 916 2113 974; x_wconf 70' lang='lat' dir='ltr'><strong>Vens.</strong></span> <span class='ocrx_word' id='word_1_368' title='bbox 2164 920 2219 973; x_wconf 82' lang='grc'>5.</span> <span class='ocrx_word' id='word_1_369' title='bbox 2280 938 2298 971; x_wconf 79' lang='grc' dir='ltr'><strong>ι</strong></span> <span class='ocrx_word' id='word_1_370' title='bbox 2338 918 2433 973; x_wconf 87' lang='lat' dir='ltr'><strong>Die</strong></span> <span class='ocrx_word' id='word_1_371' title='bbox 2478 919 2850 974; x_wconf 83' lang='lat' dir='ltr'><strong>tribulationis</strong></span> <span class='ocrx_word' id='word_1_372' title='bbox 2891 933 3025 973; x_wconf 74' lang='lat' dir='ltr'><strong>meae</strong></span> <span class='ocrx_word' id='word_1_373' title='bbox 3073 918 3239 971; x_wconf 91' lang='lat' dir='ltr'><strong>Deum</strong></span> <span class='ocrx_word' id='word_1_374' title='bbox 3272 916 3457 987; x_wconf 76' lang='lat' dir='ltr'><strong>exqui-</strong></span> 
     </span>
    </p>
   </div>
   <div class='ocr_carea' id='block_1_52' title="bbox 1874 1011 3453 1085">
    <p class='ocr_par' dir='ltr' id='par_1_52' title="bbox 1874 1011 3453 1085">
     <span class='ocr_line' id='line_1_52' title="bbox 1874 1011 3453 1085; baseline -0.002 -20"><span class='ocrx_word' id='word_1_375' title='bbox 1874 1012 2000 1085; x_wconf 72' lang='lat' dir='ltr'><strong>sivi.</strong></span> <span class='ocrx_word' id='word_1_376' title='bbox 2040 1031 2059 1063; x_wconf 71' lang='grc' dir='ltr'>ι</span> <span class='ocrx_word' id='word_1_377' title='bbox 2107 1012 2398 1067; x_wconf 79' lang='lat' dir='ltr'><strong>holeribus</strong></span> <span class='ocrx_word' id='word_1_378' title='bbox 2426 1012 2572 1067; x_wconf 88' lang='lat' dir='ltr'><strong>enim</strong></span> <span class='ocrx_word' id='word_1_379' title='bbox 2605 1012 2856 1066; x_wconf 79' lang='lat' dir='ltr'><strong>conﬁxus</strong></span> <span class='ocrx_word' id='word_1_380' title='bbox 2895 1012 3183 1081; x_wconf 88' lang='lat' dir='ltr'><strong>diligenter</strong></span> <span class='ocrx_word' id='word_1_381' title='bbox 3211 1011 3453 1064; x_wconf 80' lang='lat' dir='ltr'><strong>divinam</strong></span> 
     </span>
    </p>
   </div>
   <div class='ocr_carea' id='block_1_53' title="bbox 1879 1104 3457 1175">
    <p class='ocr_par' dir='ltr' id='par_1_53' title="bbox 1879 1104 3457 1175">
     <span class='ocr_line' id='line_1_53' title="bbox 1879 1104 3457 1175; baseline -0.001 -16"><span class='ocrx_word' id='word_1_382' title='bbox 1879 1120 2042 1175; x_wconf 86' lang='lat' dir='ltr'><strong>opem</strong></span> <span class='ocrx_word' id='word_1_383' title='bbox 2074 1106 2337 1175; x_wconf 82' lang='lat' dir='ltr'><strong>expetivi.</strong></span> <span class='ocrx_word' id='word_1_384' title='bbox 2387 1104 2671 1175; x_wconf 90' lang='lat' dir='ltr'><strong>Siquidem</strong></span> <span class='ocrx_word' id='word_1_385' title='bbox 2715 1104 2846 1158; x_wconf 90' lang='lat' dir='ltr'><strong>illud</strong></span> <span class='ocrx_word' id='word_1_386' title='bbox 2892 1105 3147 1173; x_wconf 65' lang='lat' dir='ltr'><strong>exquisivi</strong></span> <span class='ocrx_word' id='word_1_387' title='bbox 3181 1104 3457 1159; x_wconf 90' lang='lat' dir='ltr'><strong>studiusas</strong></span> 
     </span>
    </p>
   </div>
   <div class='ocr_carea' id='block_1_54' title="bbox 1877 1197 3453 1267">
    <p class='ocr_par' dir='ltr' id='par_1_54' title="bbox 1877 1197 3453 1267">
     <span class='ocr_line' id='line_1_54' title="bbox 1877 1197 3453 1267; baseline 0 -16"><span class='ocrx_word' id='word_1_388' title='bbox 1877 1213 2069 1267; x_wconf 87' lang='lat' dir='ltr'><strong>preces</strong></span> <span class='ocrx_word' id='word_1_389' title='bbox 2093 1198 2296 1251; x_wconf 91' lang='lat' dir='ltr'><strong>innuit.</strong></span> <span class='ocrx_word' id='word_1_390' title='bbox 2318 1197 2520 1252; x_wconf 87' lang='lat' dir='ltr'><strong>Deinde</strong></span> <span class='ocrx_word' id='word_1_391' title='bbox 2542 1198 3191 1253; x_wconf 88' lang='lat' dir='ltr'><strong>ostenditobsecrationis</strong></span> <span class='ocrx_word' id='word_1_392' title='bbox 3215 1198 3453 1251; x_wconf 85' lang='lat' dir='ltr'><strong>modum.</strong></span> 
     </span>
    </p>
   </div>
   <div class='ocr_carea' id='block_1_55' title="bbox 1884 1291 3457 1356">
    <p class='ocr_par' dir='ltr' id='par_1_55' title="bbox 1884 1291 3457 1356">
     <span class='ocr_line' id='line_1_55' title="bbox 1884 1291 3457 1356; baseline 0.002 -13"><span class='ocrx_word' id='word_1_393' title='bbox 1884 1309 1902 1343; x_wconf 83' lang='grc' dir='ltr'><strong>ι</strong></span> <span class='ocrx_word' id='word_1_394' title='bbox 1942 1291 2201 1347; x_wconf 84' lang='lat' dir='ltr'><strong>Manibus</strong></span> <span class='ocrx_word' id='word_1_395' title='bbox 2229 1293 2369 1347; x_wconf 90' lang='lat' dir='ltr'><strong>meis</strong></span> <span class='ocrx_word' id='word_1_396' title='bbox 2408 1302 2568 1346; x_wconf 82' lang='lat' dir='ltr'><strong>nocte</strong></span> <span class='ocrx_word' id='word_1_397' title='bbox 2604 1302 2795 1346; x_wconf 90' lang='lat' dir='ltr'><strong>contra</strong></span> <span class='ocrx_word' id='word_1_398' title='bbox 2824 1309 2970 1356; x_wconf 88' lang='lat' dir='ltr'><strong>eum,</strong></span> <span class='ocrx_word' id='word_1_399' title='bbox 2999 1301 3053 1346; x_wconf 93' lang='lat' dir='ltr'><strong>et</strong></span> <span class='ocrx_word' id='word_1_400' title='bbox 3079 1308 3185 1345; x_wconf 87' lang='lat' dir='ltr'><strong>non</strong></span> <span class='ocrx_word' id='word_1_401' title='bbox 3213 1308 3332 1345; x_wconf 88' lang='lat' dir='ltr'><strong>sutn</strong></span> <span class='ocrx_word' id='word_1_402' title='bbox 3360 1291 3457 1346; x_wconf 83' lang='lat' dir='ltr'><strong>de-</strong></span> 
     </span>
    </p>
   </div>
   <div class='ocr_carea' id='block_1_56' title="bbox 1878 1383 3459 1456">
    <p class='ocr_par' dir='ltr' id='par_1_56' title="bbox 1878 1383 3459 1456">
     <span class='ocr_line' id='line_1_56' title="bbox 1878 1383 3459 1456; baseline -0.002 -18"><span class='ocrx_word' id='word_1_403' title='bbox 1878 1394 2090 1454; x_wconf 86' lang='lat' dir='ltr'><strong>ceptus.</strong></span> <span class='ocrx_word' id='word_1_404' title='bbox 2133 1403 2153 1438; x_wconf 69' lang='grc'><strong>)</strong></span> <span class='ocrx_word' id='word_1_405' title='bbox 2196 1384 2561 1456; x_wconf 82' lang='lat' dir='ltr'><strong>Symmachus</strong></span> <span class='ocrx_word' id='word_1_406' title='bbox 2588 1394 2769 1440; x_wconf 82' lang='lat' dir='ltr'><strong>autem</strong></span> <span class='ocrx_word' id='word_1_407' title='bbox 2795 1388 2892 1449; x_wconf 81' lang='lat' dir='ltr'><strong>sic,</strong></span> <span class='ocrx_word' id='word_1_408' title='bbox 2930 1383 3122 1437; x_wconf 81' lang='lat' dir='ltr'><strong>Manus</strong></span> <span class='ocrx_word' id='word_1_409' title='bbox 3160 1401 3274 1437; x_wconf 85' lang='lat' dir='ltr'><strong>mea</strong></span> <span class='ocrx_word' id='word_1_410' title='bbox 3309 1393 3459 1437; x_wconf 85' lang='lat' dir='ltr'><strong>nocte</strong></span> 
     </span>
    </p>
   </div>
   <div class='ocr_carea' id='block_1_57' title="bbox 1880 1479 3535 1548">
    <p class='ocr_par' dir='ltr' id='par_1_57' title="bbox 1880 1479 3535 1548">
     <span class='ocr_line' id='line_1_57' title="bbox 1880 1479 3535 1548; baseline -0.003 -15"><span class='ocrx_word' id='word_1_411' title='bbox 1880 1480 2126 1533; x_wconf 79' lang='lat' dir='ltr'><strong>continue</strong></span> <span class='ocrx_word' id='word_1_412' title='bbox 2177 1489 2397 1533; x_wconf 70' lang='lat' dir='ltr'><strong>extensa</strong></span> <span class='ocrx_word' id='word_1_413' title='bbox 2445 1492 2542 1533; x_wconf 86' lang='grc' dir='ltr'>εει.</span> <span class='ocrx_word' id='word_1_414' title='bbox 2590 1479 2765 1533; x_wconf 73' lang='lat' dir='ltr'><strong>Noctu</strong></span> <span class='ocrx_word' id='word_1_415' title='bbox 2799 1480 3035 1548; x_wconf 83' lang='lat' dir='ltr'><strong>quietem</strong></span> <span class='ocrx_word' id='word_1_416' title='bbox 3071 1493 3237 1546; x_wconf 80' lang='lat' dir='ltr'><strong>agens</strong></span> <span class='ocrx_word' id='word_1_417' title='bbox 3266 1492 3459 1530; x_wconf 89' lang='lat' dir='ltr'><strong>manus</strong></span> <span class='ocrx_word' id='word_1_418' title='bbox 3529 1526 3535 1547; x_wconf 65' lang='grc'><em>,</em></span> 
     </span>
    </p>
   </div>
   <div class='ocr_carea' id='block_1_58' title="bbox 1880 1573 3459 1642">
    <p class='ocr_par' dir='ltr' id='par_1_58' title="bbox 1880 1573 3459 1642">
     <span class='ocr_line' id='line_1_58' title="bbox 1880 1573 3459 1642; baseline -0.003 -15"><span class='ocrx_word' id='word_1_419' title='bbox 1880 1573 2098 1639; x_wconf 80' lang='lat' dir='ltr'><strong>susmli,</strong></span> <span class='ocrx_word' id='word_1_420' title='bbox 2120 1573 2437 1642; x_wconf 86' lang='lat' dir='ltr'><strong>supplicans</strong></span> <span class='ocrx_word' id='word_1_421' title='bbox 2470 1583 2528 1626; x_wconf 94' lang='lat' dir='ltr'><strong>ut</strong></span> <span class='ocrx_word' id='word_1_422' title='bbox 2556 1573 2948 1642; x_wconf 78' lang='lat' dir='ltr'><strong>benignitatem</strong></span> <span class='ocrx_word' id='word_1_423' title='bbox 2975 1586 3360 1640; x_wconf 84' lang='lat' dir='ltr'><strong>consequerer,</strong></span> <span class='ocrx_word' id='word_1_424' title='bbox 3406 1579 3459 1623; x_wconf 89' lang='lat' dir='ltr'><strong>et</strong></span> 
     </span>
    </p>
   </div>
   <div class='ocr_carea' id='block_1_59' title="bbox 1882 1660 3456 1733">
    <p class='ocr_par' dir='ltr' id='par_1_59' title="bbox 1882 1660 3456 1733">
     <span class='ocr_line' id='line_1_59' title="bbox 1882 1660 3456 1733; baseline -0.003 -15"><span class='ocrx_word' id='word_1_425' title='bbox 1882 1678 1979 1733; x_wconf 83' lang='lat' dir='ltr'><strong>Spe</strong></span> <span class='ocrx_word' id='word_1_426' title='bbox 2025 1665 2251 1717; x_wconf 91' lang='lat' dir='ltr'><strong>minime</strong></span> <span class='ocrx_word' id='word_1_427' title='bbox 2301 1663 2502 1718; x_wconf 89' lang='lat' dir='ltr'><strong>decidi.</strong></span> <span class='ocrx_word' id='word_1_428' title='bbox 2565 1664 2683 1719; x_wconf 84' lang='lat' dir='ltr'><strong>Hoc</strong></span> <span class='ocrx_word' id='word_1_429' title='bbox 2733 1665 2878 1718; x_wconf 87' lang='lat' dir='ltr'><strong>enim</strong></span> <span class='ocrx_word' id='word_1_430' title='bbox 2921 1665 3191 1733; x_wconf 81' lang='lat' dir='ltr'><strong>siguilirat</strong></span> <span class='ocrx_word' id='word_1_431' title='bbox 3226 1682 3239 1717; x_wconf 87' lang='lat'><strong>:</strong></span> <span class='ocrx_word' id='word_1_432' title='bbox 3277 1681 3295 1712; x_wconf 73' lang='grc' dir='ltr'><strong>ι</strong></span> <span class='ocrx_word' id='word_1_433' title='bbox 3342 1660 3456 1715; x_wconf 79' lang='lat' dir='ltr'><strong>Non</strong></span> 
     </span>
    </p>
   </div>
   <div class='ocr_carea' id='block_1_60' title="bbox 1885 1754 3458 1827">
    <p class='ocr_par' dir='ltr' id='par_1_60' title="bbox 1885 1754 3458 1827">
     <span class='ocr_line' id='line_1_60' title="bbox 1885 1754 3458 1827; baseline 0 -18"><span class='ocrx_word' id='word_1_434' title='bbox 1885 1771 2006 1809; x_wconf 89' lang='lat' dir='ltr'><strong>sum</strong></span> <span class='ocrx_word' id='word_1_435' title='bbox 2034 1755 2249 1827; x_wconf 66' lang='grc'><strong>1144</strong></span> <span class='ocrx_word' id='word_1_436' title='bbox 2277 1757 2538 1826; x_wconf 88' lang='lat' dir='ltr'><strong>deceptus</strong></span> <span class='ocrx_word' id='word_1_437' title='bbox 2568 1774 2582 1822; x_wconf 92' lang='lat'><strong>;</strong></span> <span class='ocrx_word' id='word_1_438' title='bbox 2639 1775 2657 1808; x_wconf 77' lang='grc' dir='ltr'>ι</span> <span class='ocrx_word' id='word_1_439' title='bbox 2697 1757 2852 1826; x_wconf 89' lang='lat' dir='ltr'><strong>quasi</strong></span> <span class='ocrx_word' id='word_1_440' title='bbox 2886 1757 3031 1811; x_wconf 87' lang='lat' dir='ltr'><strong>dicat</strong></span> <span class='ocrx_word' id='word_1_441' title='bbox 3062 1775 3075 1809; x_wconf 90' lang='lat'><strong>:</strong></span> <span class='ocrx_word' id='word_1_442' title='bbox 3105 1754 3223 1809; x_wconf 87' lang='lat' dir='ltr'><strong>Non</strong></span> <span class='ocrx_word' id='word_1_443' title='bbox 3257 1755 3458 1811; x_wconf 82' lang='lat' dir='ltr'><strong>frustra</strong></span> 
     </span>
    </p>
   </div>
   <div class='ocr_carea' id='block_1_61' title="bbox 1885 1849 3232 1921">
    <p class='ocr_par' dir='ltr' id='par_1_61' title="bbox 1885 1849 3232 1921">
     <span class='ocr_line' id='line_1_61' title="bbox 1885 1849 3232 1921; baseline -0.001 -17"><span class='ocrx_word' id='word_1_444' title='bbox 1885 1850 2126 1921; x_wconf 77' lang='lat' dir='ltr'><strong>vigilavi,</strong></span> <span class='ocrx_word' id='word_1_445' title='bbox 2158 1852 2253 1904; x_wconf 87' lang='lat' dir='ltr'><strong>sed</strong></span> <span class='ocrx_word' id='word_1_446' title='bbox 2293 1850 2698 1905; x_wconf 91' lang='lat' dir='ltr'><strong>obsecrationis</strong></span> <span class='ocrx_word' id='word_1_447' title='bbox 2730 1849 2968 1904; x_wconf 81' lang='lat' dir='ltr'><strong>fructum</strong></span> <span class='ocrx_word' id='word_1_448' title='bbox 2996 1850 3232 1919; x_wconf 85' lang='lat' dir='ltr'><strong>percepi.</strong></span> 
     </span>
    </p>
   </div>
   <div class='ocr_carea' id='block_1_62' title="bbox 1958 2048 3462 2121">
    <p class='ocr_par' dir='ltr' id='par_1_62' title="bbox 1958 2048 3462 2121">
     <span class='ocr_line' id='line_1_62' title="bbox 1958 2048 3462 2121; baseline 0.003 -19"><span class='ocrx_word' id='word_1_449' title='bbox 1958 2068 1978 2102; x_wconf 71' lang='grc' dir='ltr'><strong>ε</strong></span> <span class='ocrx_word' id='word_1_450' title='bbox 2010 2048 2214 2105; x_wconf 81' lang='lat' dir='ltr'><strong>Renuit</strong></span> <span class='ocrx_word' id='word_1_451' title='bbox 2240 2050 2438 2105; x_wconf 85' lang='lat' dir='ltr'><strong>solatio</strong></span> <span class='ocrx_word' id='word_1_452' title='bbox 2471 2050 2604 2119; x_wconf 82' lang='lat' dir='ltr'><strong>erigi</strong></span> <span class='ocrx_word' id='word_1_453' title='bbox 2630 2051 2813 2104; x_wconf 88' lang='lat' dir='ltr'><strong>anima</strong></span> <span class='ocrx_word' id='word_1_454' title='bbox 2846 2065 2984 2104; x_wconf 90' lang='lat' dir='ltr'><strong>mea.</strong></span> <span class='ocrx_word' id='word_1_455' title='bbox 3020 2048 3208 2121; x_wconf 63' lang='grc' dir='ltr'>[νεεδ.</span> <span class='ocrx_word' id='word_1_456' title='bbox 3242 2050 3323 2121; x_wconf 78' lang='grc'><strong>4.]</strong></span> <span class='ocrx_word' id='word_1_457' title='bbox 3354 2051 3462 2106; x_wconf 64' lang='grc' dir='ltr'><strong>Μες</strong></span> 
     </span>
    </p>
   </div>
   <div class='ocr_carea' id='block_1_63' title="bbox 1884 2142 3457 2214">
    <p class='ocr_par' dir='ltr' id='par_1_63' title="bbox 1884 2142 3457 2214">
     <span class='ocr_line' id='line_1_63' title="bbox 1884 2142 3457 2214; baseline 0 -17"><span class='ocrx_word' id='word_1_458' title='bbox 1884 2158 2007 2197; x_wconf 91' lang='lat' dir='ltr'><strong>mor</strong></span> <span class='ocrx_word' id='word_1_459' title='bbox 2037 2142 2113 2197; x_wconf 84' lang='lat' dir='ltr'><strong>fui</strong></span> <span class='ocrx_word' id='word_1_460' title='bbox 2147 2142 2265 2209; x_wconf 92' lang='lat' dir='ltr'><strong>Dei,</strong></span> <span class='ocrx_word' id='word_1_461' title='bbox 2295 2154 2349 2197; x_wconf 91' lang='lat' dir='ltr'><strong>et</strong></span> <span class='ocrx_word' id='word_1_462' title='bbox 2398 2144 2696 2199; x_wconf 84' lang='lat' dir='ltr'><strong>delectatus</strong></span> <span class='ocrx_word' id='word_1_463' title='bbox 2729 2158 2872 2196; x_wconf 85' lang='lat' dir='ltr'><strong>sum.</strong></span> <span class='ocrx_word' id='word_1_464' title='bbox 2917 2161 2935 2194; x_wconf 77' lang='grc' dir='ltr'>ι</span> <span class='ocrx_word' id='word_1_465' title='bbox 2975 2143 3205 2198; x_wconf 78' lang='lat' dir='ltr'><strong>Omnem</strong></span> <span class='ocrx_word' id='word_1_466' title='bbox 3240 2146 3457 2214; x_wconf 89' lang='lat' dir='ltr'><strong>quidem</strong></span> 
     </span>
    </p>
   </div>
   <div class='ocr_carea' id='block_1_64' title="bbox 1884 2237 3461 2306">
    <p class='ocr_par' dir='ltr' id='par_1_64' title="bbox 1884 2237 3461 2306">
     <span class='ocr_line' id='line_1_64' title="bbox 1884 2237 3461 2306; baseline -0.002 -14"><span class='ocrx_word' id='word_1_467' title='bbox 1884 2238 2280 2292; x_wconf 81' lang='lat' dir='ltr'><strong>consolationis</strong></span> <span class='ocrx_word' id='word_1_468' title='bbox 2311 2254 2534 2292; x_wconf 87' lang='lat' dir='ltr'><strong>causam</strong></span> <span class='ocrx_word' id='word_1_469' title='bbox 2562 2242 2578 2258; x_wconf 82' lang='lat'><strong>‘</strong></span> <span class='ocrx_word' id='word_1_470' title='bbox 2620 2237 2817 2306; x_wconf 86' lang='lat' dir='ltr'><strong>ahjeci,</strong></span> <span class='ocrx_word' id='word_1_471' title='bbox 2845 2237 3019 2290; x_wconf 91' lang='lat' dir='ltr'><strong>solam</strong></span> <span class='ocrx_word' id='word_1_472' title='bbox 3049 2246 3230 2290; x_wconf 90' lang='lat' dir='ltr'><strong>autem</strong></span> <span class='ocrx_word' id='word_1_473' title='bbox 3263 2253 3461 2292; x_wconf 85' lang='lat' dir='ltr'><strong>conso-</strong></span> 
     </span>
    </p>
   </div>
   <div class='ocr_carea' id='block_1_65' title="bbox 1886 2328 3462 2394">
    <p class='ocr_par' dir='ltr' id='par_1_65' title="bbox 1886 2328 3462 2394">
     <span class='ocr_line' id='line_1_65' title="bbox 1886 2328 3462 2394; baseline -0.001 -11"><span class='ocrx_word' id='word_1_474' title='bbox 1886 2330 2142 2384; x_wconf 88' lang='lat' dir='ltr'><strong>lationem</strong></span> <span class='ocrx_word' id='word_1_475' title='bbox 2171 2329 2265 2383; x_wconf 91' lang='lat' dir='ltr'><strong>Dei</strong></span> <span class='ocrx_word' id='word_1_476' title='bbox 2297 2331 2618 2384; x_wconf 88' lang='lat' dir='ltr'><strong>memoriam</strong></span> <span class='ocrx_word' id='word_1_477' title='bbox 2657 2330 2845 2383; x_wconf 88' lang='lat' dir='ltr'><strong>hahui.</strong></span> <span class='ocrx_word' id='word_1_478' title='bbox 2882 2348 2900 2381; x_wconf 76' lang='grc' dir='ltr'>ι</span> <span class='ocrx_word' id='word_1_479' title='bbox 2942 2328 3272 2394; x_wconf 78' lang='lat' dir='ltr'><strong>Exercebar,</strong></span> <span class='ocrx_word' id='word_1_480' title='bbox 3298 2342 3347 2384; x_wconf 87' lang='lat' dir='ltr'><strong>et</strong></span> <span class='ocrx_word' id='word_1_481' title='bbox 3365 2333 3462 2384; x_wconf 77' lang='lat' dir='ltr'><strong>de-</strong></span> 
     </span>
    </p>
   </div>
   <div class='ocr_carea' id='block_1_66' title="bbox 1889 2422 3462 2494">
    <p class='ocr_par' dir='ltr' id='par_1_66' title="bbox 1889 2422 3462 2494">
     <span class='ocr_line' id='line_1_66' title="bbox 1889 2422 3462 2494; baseline -0.001 -17"><span class='ocrx_word' id='word_1_482' title='bbox 1889 2424 2018 2479; x_wconf 81' lang='lat' dir='ltr'><strong>fecit</strong></span> <span class='ocrx_word' id='word_1_483' title='bbox 2058 2426 2285 2493; x_wconf 85' lang='lat' dir='ltr'><strong>spiritus</strong></span> <span class='ocrx_word' id='word_1_484' title='bbox 2337 2440 2519 2478; x_wconf 87' lang='lat' dir='ltr'><strong>meus.</strong></span> <span class='ocrx_word' id='word_1_485' title='bbox 2572 2443 2590 2475; x_wconf 76' lang='grc' dir='ltr'>ι</span> <span class='ocrx_word' id='word_1_486' title='bbox 2643 2422 3006 2494; x_wconf 82' lang='lat' dir='ltr'><strong>Symmachus</strong></span> <span class='ocrx_word' id='word_1_487' title='bbox 3038 2439 3165 2477; x_wconf 85' lang='lat' dir='ltr'><strong>vero</strong></span> <span class='ocrx_word' id='word_1_488' title='bbox 3206 2424 3304 2486; x_wconf 88' lang='lat' dir='ltr'><strong>sic,</strong></span> <span class='ocrx_word' id='word_1_489' title='bbox 3348 2424 3462 2477; x_wconf 86' lang='lat' dir='ltr'><strong>Me-</strong></span> 
     </span>
    </p>
   </div>
   <div class='ocr_carea' id='block_1_67' title="bbox 1888 2516 3459 2587">
    <p class='ocr_par' dir='ltr' id='par_1_67' title="bbox 1888 2516 3459 2587">
     <span class='ocr_line' id='line_1_67' title="bbox 1888 2516 3459 2587; baseline -0.001 -17"><span class='ocrx_word' id='word_1_490' title='bbox 1888 2534 2006 2570; x_wconf 85' lang='lat' dir='ltr'><strong>cum</strong></span> <span class='ocrx_word' id='word_1_491' title='bbox 2060 2518 2169 2587; x_wconf 80' lang='lat' dir='ltr'><strong>r&#39;pse</strong></span> <span class='ocrx_word' id='word_1_492' title='bbox 2218 2516 2492 2587; x_wconf 84' lang='lat' dir='ltr'><strong>loquebar,</strong></span> <span class='ocrx_word' id='word_1_493' title='bbox 2544 2527 2592 2570; x_wconf 87' lang='lat' dir='ltr'><strong>et</strong></span> <span class='ocrx_word' id='word_1_494' title='bbox 2638 2518 2814 2569; x_wconf 80' lang='lat' dir='ltr'><strong>animo</strong></span> <span class='ocrx_word' id='word_1_495' title='bbox 2867 2516 3193 2586; x_wconf 78' lang='lat' dir='ltr'><strong>deﬁciebam.</strong></span> <span class='ocrx_word' id='word_1_496' title='bbox 3252 2517 3459 2571; x_wconf 73' lang='lat' dir='ltr'><strong>Mecum</strong></span> 
     </span>
    </p>
   </div>
   <div class='ocr_carea' id='block_1_68' title="bbox 1889 2608 3464 2679">
    <p class='ocr_par' dir='ltr' id='par_1_68' title="bbox 1889 2608 3464 2679">
     <span class='ocr_line' id='line_1_68' title="bbox 1889 2608 3464 2679; baseline -0.001 -15"><span class='ocrx_word' id='word_1_497' title='bbox 1889 2610 2157 2664; x_wconf 85' lang='lat' dir='ltr'><strong>continuo</strong></span> <span class='ocrx_word' id='word_1_498' title='bbox 2188 2610 2438 2679; x_wconf 90' lang='lat' dir='ltr'><strong>loquens,</strong></span> <span class='ocrx_word' id='word_1_499' title='bbox 2464 2619 2517 2663; x_wconf 91' lang='lat' dir='ltr'><strong>et</strong></span> <span class='ocrx_word' id='word_1_500' title='bbox 2553 2610 2694 2663; x_wconf 90' lang='lat' dir='ltr'><strong>mala</strong></span> <span class='ocrx_word' id='word_1_501' title='bbox 2741 2609 2941 2677; x_wconf 88' lang='lat' dir='ltr'><strong>quibus</strong></span> <span class='ocrx_word' id='word_1_502' title='bbox 2987 2608 3285 2663; x_wconf 79' lang='lat' dir='ltr'><strong>distinebar</strong></span> <span class='ocrx_word' id='word_1_503' title='bbox 3316 2612 3464 2677; x_wconf 73' lang='lat' dir='ltr'><strong>cogi-</strong></span> 
     </span>
    </p>
   </div>
   <div class='ocr_carea' id='block_1_69' title="bbox 1891 2702 3463 2774">
    <p class='ocr_par' dir='ltr' id='par_1_69' title="bbox 1891 2702 3463 2774">
     <span class='ocr_line' id='line_1_69' title="bbox 1891 2702 3463 2774; baseline -0.001 -17"><span class='ocrx_word' id='word_1_504' title='bbox 1891 2714 2034 2769; x_wconf 90' lang='lat' dir='ltr'><strong>tans,</strong></span> <span class='ocrx_word' id='word_1_505' title='bbox 2058 2704 2412 2774; x_wconf 89' lang='lat' dir='ltr'><strong>desperabam</strong></span> <span class='ocrx_word' id='word_1_506' title='bbox 2476 2718 2560 2755; x_wconf 88' lang='lat' dir='ltr'><strong>me</strong></span> <span class='ocrx_word' id='word_1_507' title='bbox 2592 2718 2831 2771; x_wconf 89' lang='lat' dir='ltr'><strong>unquam</strong></span> <span class='ocrx_word' id='word_1_508' title='bbox 2872 2702 2942 2755; x_wconf 82' lang='lat' dir='ltr'><strong>ab</strong></span> <span class='ocrx_word' id='word_1_509' title='bbox 2973 2702 3079 2755; x_wconf 87' lang='lat' dir='ltr'><strong>illis</strong></span> <span class='ocrx_word' id='word_1_510' title='bbox 3112 2702 3343 2757; x_wconf 90' lang='lat' dir='ltr'><strong>liberum</strong></span> <span class='ocrx_word' id='word_1_511' title='bbox 3380 2704 3463 2757; x_wconf 78' lang='lat' dir='ltr'><strong>l‘o-</strong></span> 
     </span>
    </p>
   </div>
   <div class='ocr_carea' id='block_1_70' title="bbox 1890 2795 3156 2863">
    <p class='ocr_par' dir='ltr' id='par_1_70' title="bbox 1890 2795 3156 2863">
     <span class='ocr_line' id='line_1_70' title="bbox 1890 2795 3156 2863; baseline -0.001 -12"><span class='ocrx_word' id='word_1_512' title='bbox 1890 2812 1970 2862; x_wconf 89' lang='lat' dir='ltr'><strong>re,</strong></span> <span class='ocrx_word' id='word_1_513' title='bbox 2006 2805 2060 2852; x_wconf 91' lang='lat' dir='ltr'><strong>et</strong></span> <span class='ocrx_word' id='word_1_514' title='bbox 2098 2797 2349 2851; x_wconf 88' lang='lat' dir='ltr'><strong>stimulus</strong></span> <span class='ocrx_word' id='word_1_515' title='bbox 2386 2796 2566 2850; x_wconf 88' lang='lat' dir='ltr'><strong>acerbi</strong></span> <span class='ocrx_word' id='word_1_516' title='bbox 2600 2795 2856 2849; x_wconf 76' lang='lat' dir='ltr'><strong>tuteroris</strong></span> <span class='ocrx_word' id='word_1_517' title='bbox 2888 2796 3156 2863; x_wconf 83' lang='lat' dir='ltr'><strong>patiebar.</strong></span> 
     </span>
    </p>
   </div>
   <div class='ocr_carea' id='block_1_71' title="bbox 1962 2993 3457 3065">
    <p class='ocr_par' dir='ltr' id='par_1_71' title="bbox 1962 2993 3457 3065">
     <span class='ocr_line' id='line_1_71' title="bbox 1962 2993 3457 3065; baseline 0 -18"><span class='ocrx_word' id='word_1_518' title='bbox 1962 2993 2129 3050; x_wconf 76' lang='lat' dir='ltr'><strong>Vens.</strong></span> <span class='ocrx_word' id='word_1_519' title='bbox 2164 2994 2215 3048; x_wconf 78' lang='grc'>5.</span> <span class='ocrx_word' id='word_1_520' title='bbox 2276 3018 2293 3045; x_wconf 75' lang='grc' dir='ltr'><strong>ε</strong></span> <span class='ocrx_word' id='word_1_521' title='bbox 2328 2996 2775 3063; x_wconf 65' lang='lat' dir='ltr'><strong>Anticipaverunt</strong></span> <span class='ocrx_word' id='word_1_522' title='bbox 2827 2996 3039 3065; x_wconf 79' lang='lat' dir='ltr'><strong>vigilias</strong></span> <span class='ocrx_word' id='word_1_523' title='bbox 3078 2995 3221 3049; x_wconf 91' lang='lat' dir='ltr'><strong>oculi</strong></span> <span class='ocrx_word' id='word_1_524' title='bbox 3270 2996 3395 3051; x_wconf 89' lang='lat' dir='ltr'><strong>mei.</strong></span> <span class='ocrx_word' id='word_1_525' title='bbox 3440 3015 3457 3047; x_wconf 78' lang='grc' dir='ltr'>ι</span> 
     </span>
    </p>
   </div>
   <div class='ocr_carea' id='block_1_72' title="bbox 1903 3086 3465 3158">
    <p class='ocr_par' dir='ltr' id='par_1_72' title="bbox 1903 3086 3465 3158">
     <span class='ocr_line' id='line_1_72' title="bbox 1903 3086 3465 3158; baseline 0.001 -17"><span class='ocrx_word' id='word_1_526' title='bbox 1903 3086 2127 3158; x_wconf 81' lang='lat' dir='ltr'><strong>Vigilias</strong></span> <span class='ocrx_word' id='word_1_527' title='bbox 2184 3099 2341 3141; x_wconf 87' lang='lat' dir='ltr'><strong>vocat</strong></span> <span class='ocrx_word' id='word_1_528' title='bbox 2394 3089 2569 3142; x_wconf 87' lang='lat' dir='ltr'><strong>noctis</strong></span> <span class='ocrx_word' id='word_1_529' title='bbox 2602 3088 2921 3153; x_wconf 78' lang='lat' dir='ltr'><strong>divisiones,</strong></span> <span class='ocrx_word' id='word_1_530' title='bbox 2967 3091 3271 3142; x_wconf 88' lang='lat' dir='ltr'><strong>secundum</strong></span> <span class='ocrx_word' id='word_1_531' title='bbox 3327 3104 3465 3158; x_wconf 87' lang='lat' dir='ltr'><strong>quas</strong></span> 
     </span>
    </p>
   </div>
   <div class='ocr_carea' id='block_1_73' title="bbox 1894 3180 3468 3237">
    <p class='ocr_par' dir='ltr' id='par_1_73' title="bbox 1894 3180 3468 3237">
     <span class='ocr_line' id='line_1_73' title="bbox 1894 3180 3468 3237; baseline 0.001 -1"><span class='ocrx_word' id='word_1_532' title='bbox 1894 3180 2147 3236; x_wconf 79' lang='lat' dir='ltr'><strong>custodes</strong></span> <span class='ocrx_word' id='word_1_533' title='bbox 2180 3180 2282 3234; x_wconf 90' lang='lat' dir='ltr'><strong>sibi</strong></span> <span class='ocrx_word' id='word_1_534' title='bbox 2337 3181 2567 3233; x_wconf 74' lang='lat' dir='ltr'><strong>invitern</strong></span> <span class='ocrx_word' id='word_1_535' title='bbox 2611 3181 2873 3235; x_wconf 59' lang='lat' dir='ltr'><strong>excubias</strong></span> <span class='ocrx_word' id='word_1_536' title='bbox 2922 3184 3157 3235; x_wconf 87' lang='lat' dir='ltr'><strong>tradunt.</strong></span> <span class='ocrx_word' id='word_1_537' title='bbox 3219 3181 3468 3237; x_wconf 67' lang='lat' dir='ltr'><strong>Dt-clarat</strong></span> 
     </span>
    </p>
   </div>
   <div class='ocr_carea' id='block_1_74' title="bbox 1893 3273 3463 3345">
    <p class='ocr_par' dir='ltr' id='par_1_74' title="bbox 1893 3273 3463 3345">
     <span class='ocr_line' id='line_1_74' title="bbox 1893 3273 3463 3345; baseline 0.002 -17"><span class='ocrx_word' id='word_1_538' title='bbox 1893 3287 2071 3328; x_wconf 70' lang='lat' dir='ltr'><strong>autem</strong></span> <span class='ocrx_word' id='word_1_539' title='bbox 2118 3274 2203 3327; x_wconf 91' lang='lat' dir='ltr'><strong>his</strong></span> <span class='ocrx_word' id='word_1_540' title='bbox 2248 3273 2425 3326; x_wconf 74' lang='lat' dir='ltr'><strong>verbis</strong></span> <span class='ocrx_word' id='word_1_541' title='bbox 2471 3288 2529 3327; x_wconf 89' lang='lat' dir='ltr'><strong>se</strong></span> <span class='ocrx_word' id='word_1_542' title='bbox 2581 3289 2675 3342; x_wconf 90' lang='lat' dir='ltr'><strong>per</strong></span> <span class='ocrx_word' id='word_1_543' title='bbox 2722 3282 2886 3327; x_wconf 89' lang='lat' dir='ltr'><strong>totam</strong></span> <span class='ocrx_word' id='word_1_544' title='bbox 2943 3283 3157 3339; x_wconf 86' lang='lat' dir='ltr'><strong>noctem</strong></span> <span class='ocrx_word' id='word_1_545' title='bbox 3218 3276 3463 3345; x_wconf 69' lang='lat' dir='ltr'><strong>vigilare.</strong></span> 
     </span>
    </p>
   </div>
   <div class='ocr_carea' id='block_1_75' title="bbox 1899 3367 3461 3431">
    <p class='ocr_par' dir='ltr' id='par_1_75' title="bbox 1899 3367 3461 3431">
     <span class='ocr_line' id='line_1_75' title="bbox 1899 3367 3461 3431; baseline 0.001 -11"><span class='ocrx_word' id='word_1_546' title='bbox 1899 3387 1918 3420; x_wconf 79' lang='grc' dir='ltr'><strong>ι</strong></span> <span class='ocrx_word' id='word_1_547' title='bbox 1952 3367 2227 3422; x_wconf 88' lang='lat' dir='ltr'><strong>Turbatus</strong></span> <span class='ocrx_word' id='word_1_548' title='bbox 2249 3384 2394 3431; x_wconf 86' lang='lat' dir='ltr'><strong>sum,</strong></span> <span class='ocrx_word' id='word_1_549' title='bbox 2429 3377 2483 3421; x_wconf 92' lang='lat' dir='ltr'><strong>et</strong></span> <span class='ocrx_word' id='word_1_550' title='bbox 2514 3381 2621 3421; x_wconf 93' lang='lat' dir='ltr'><strong>non</strong></span> <span class='ocrx_word' id='word_1_551' title='bbox 2655 3382 2776 3421; x_wconf 88' lang='lat' dir='ltr'><strong>sum</strong></span> <span class='ocrx_word' id='word_1_552' title='bbox 2813 3368 3053 3422; x_wconf 87' lang='lat' dir='ltr'><strong>locutus.</strong></span> <span class='ocrx_word' id='word_1_553' title='bbox 3084 3387 3099 3418; x_wconf 74' lang='grc' dir='ltr'>ι</span> <span class='ocrx_word' id='word_1_554' title='bbox 3140 3368 3265 3422; x_wconf 70' lang='grc' dir='ltr'><strong>Ηίηο</strong></span> <span class='ocrx_word' id='word_1_555' title='bbox 3298 3369 3461 3422; x_wconf 85' lang='lat' dir='ltr'><strong>iidem</strong></span> 
     </span>
    </p>
   </div>
   <div class='ocr_carea' id='block_1_76' title="bbox 1895 3460 3464 3532">
    <p class='ocr_par' dir='ltr' id='par_1_76' title="bbox 1895 3460 3464 3532">
     <span class='ocr_line' id='line_1_76' title="bbox 1895 3460 3464 3532; baseline 0.001 -17"><span class='ocrx_word' id='word_1_556' title='bbox 1895 3463 1948 3515; x_wconf 90' lang='lat' dir='ltr'><strong>in</strong></span> <span class='ocrx_word' id='word_1_557' title='bbox 1979 3460 2402 3532; x_wconf 81' lang='lat' dir='ltr'><strong>quadragesimo</strong></span> <span class='ocrx_word' id='word_1_558' title='bbox 2434 3461 2616 3530; x_wconf 89' lang='lat' dir='ltr'><strong>primo</strong></span> <span class='ocrx_word' id='word_1_559' title='bbox 2665 3460 2877 3529; x_wconf 90' lang='lat' dir='ltr'><strong>psalmo</strong></span> <span class='ocrx_word' id='word_1_560' title='bbox 2908 3460 3166 3514; x_wconf 78' lang='lat' dir='ltr'><strong>dixerunt</strong></span> <span class='ocrx_word' id='word_1_561' title='bbox 3200 3480 3212 3514; x_wconf 91' lang='lat'>:</span> <span class='ocrx_word' id='word_1_562' title='bbox 3260 3480 3278 3512; x_wconf 77' lang='grc' dir='ltr'><strong>ι</strong></span> <span class='ocrx_word' id='word_1_563' title='bbox 3307 3462 3464 3530; x_wconf 81' lang='lat' dir='ltr'><strong>Apud</strong></span> 
     </span>
    </p>
   </div>
   <div class='ocr_carea' id='block_1_77' title="bbox 1894 3550 3470 3625">
    <p class='ocr_par' dir='ltr' id='par_1_77' title="bbox 1894 3550 3470 3625">
     <span class='ocr_line' id='line_1_77' title="bbox 1894 3550 3470 3625; baseline -0.004 -14"><span class='ocrx_word' id='word_1_564' title='bbox 1894 3573 1982 3611; x_wconf 89' lang='lat' dir='ltr'><strong>me</strong></span> <span class='ocrx_word' id='word_1_565' title='bbox 2018 3557 2193 3625; x_wconf 90' lang='lat' dir='ltr'><strong>ipsum</strong></span> <span class='ocrx_word' id='word_1_566' title='bbox 2228 3556 2412 3608; x_wconf 89' lang='lat' dir='ltr'><strong>anima</strong></span> <span class='ocrx_word' id='word_1_567' title='bbox 2460 3556 2679 3609; x_wconf 85' lang='lat' dir='ltr'><strong>turbata</strong></span> <span class='ocrx_word' id='word_1_568' title='bbox 2720 3562 2805 3608; x_wconf 91' lang='lat' dir='ltr'><strong>est</strong></span> <span class='ocrx_word' id='word_1_569' title='bbox 2836 3562 2884 3606; x_wconf 72' lang='grc' dir='ltr'>τ.</span> <span class='ocrx_word' id='word_1_570' title='bbox 2932 3572 2950 3604; x_wconf 76' lang='grc' dir='ltr'>ι</span> <span class='ocrx_word' id='word_1_571' title='bbox 2983 3550 3099 3606; x_wconf 82' lang='lat' dir='ltr'><strong>Non</strong></span> <span class='ocrx_word' id='word_1_572' title='bbox 3132 3553 3276 3607; x_wconf 89' lang='lat' dir='ltr'><strong>enim</strong></span> <span class='ocrx_word' id='word_1_573' title='bbox 3309 3556 3470 3608; x_wconf 89' lang='lat' dir='ltr'><strong>susti-</strong></span> 
     </span>
    </p>
   </div>
   <div class='ocr_carea' id='block_1_78' title="bbox 1894 3644 3321 3718">
    <p class='ocr_par' dir='ltr' id='par_1_78' title="bbox 1894 3644 3321 3718">
     <span class='ocr_line' id='line_1_78' title="bbox 1894 3644 3321 3718; baseline -0.004 -13"><span class='ocrx_word' id='word_1_574' title='bbox 1894 3650 2091 3705; x_wconf 85' lang='lat' dir='ltr'><strong>nebam</strong></span> <span class='ocrx_word' id='word_1_575' title='bbox 2126 3665 2274 3704; x_wconf 85' lang='lat' dir='ltr'><strong>meas</strong></span> <span class='ocrx_word' id='word_1_576' title='bbox 2306 3648 2666 3718; x_wconf 82' lang='lat' dir='ltr'><strong>cogitationes</strong></span> <span class='ocrx_word' id='word_1_577' title='bbox 2697 3647 2822 3701; x_wconf 88' lang='lat' dir='ltr'><strong>aliis</strong></span> <span class='ocrx_word' id='word_1_578' title='bbox 2853 3645 3182 3715; x_wconf 79' lang='lat' dir='ltr'><strong>patefacere.</strong></span> <span class='ocrx_word' id='word_1_579' title='bbox 3318 3644 3321 3645; x_wconf 57' lang='grc'><strong><em>⁷</em></strong></span> 
     </span>
    </p>
   </div>
   <div class='ocr_carea' id='block_1_79' title="bbox 1965 3758 3469 3828">
    <p class='ocr_par' dir='ltr' id='par_1_79' title="bbox 1965 3758 3469 3828">
     <span class='ocr_line' id='line_1_79' title="bbox 1965 3758 3469 3828; baseline -0.001 -14"><span class='ocrx_word' id='word_1_580' title='bbox 1965 3760 2130 3815; x_wconf 77' lang='lat' dir='ltr'><strong>Vens.</strong></span> <span class='ocrx_word' id='word_1_581' title='bbox 2166 3758 2219 3824; x_wconf 90' lang='lat'><strong>6,</strong></span> <span class='ocrx_word' id='word_1_582' title='bbox 2252 3759 2307 3815; x_wconf 89' lang='lat'><strong>7.</strong></span> <span class='ocrx_word' id='word_1_583' title='bbox 2359 3778 2375 3809; x_wconf 77' lang='grc' dir='ltr'><strong>ι</strong></span> <span class='ocrx_word' id='word_1_584' title='bbox 2427 3758 2671 3828; x_wconf 76' lang='lat' dir='ltr'><strong>Cogitavr</strong></span> <span class='ocrx_word' id='word_1_585' title='bbox 2721 3758 2838 3812; x_wconf 89' lang='lat' dir='ltr'><strong>dies</strong></span> <span class='ocrx_word' id='word_1_586' title='bbox 2880 3758 3158 3826; x_wconf 88' lang='lat' dir='ltr'><strong>antiquos,</strong></span> <span class='ocrx_word' id='word_1_587' title='bbox 3209 3765 3262 3811; x_wconf 82' lang='lat' dir='ltr'><strong>et</strong></span> <span class='ocrx_word' id='word_1_588' title='bbox 3292 3773 3469 3812; x_wconf 87' lang='lat' dir='ltr'><strong>annos</strong></span> 
     </span>
    </p>
   </div>
   <div class='ocr_carea' id='block_1_80' title="bbox 1894 3850 3468 3909">
    <p class='ocr_par' dir='ltr' id='par_1_80' title="bbox 1894 3850 3468 3909">
     <span class='ocr_line' id='line_1_80' title="bbox 1894 3850 3468 3909; baseline -0.004 0"><span class='ocrx_word' id='word_1_589' title='bbox 1894 3863 2127 3909; x_wconf 67' lang='lat' dir='ltr'><strong>aeternos</strong></span> <span class='ocrx_word' id='word_1_590' title='bbox 2156 3854 2209 3908; x_wconf 91' lang='lat' dir='ltr'><strong>in</strong></span> <span class='ocrx_word' id='word_1_591' title='bbox 2242 3862 2426 3907; x_wconf 91' lang='lat' dir='ltr'><strong>mente</strong></span> <span class='ocrx_word' id='word_1_592' title='bbox 2462 3850 2733 3905; x_wconf 88' lang='lat' dir='ltr'><strong>habui.Et</strong></span> <span class='ocrx_word' id='word_1_593' title='bbox 2758 3850 3047 3905; x_wconf 88' lang='lat' dir='ltr'><strong>meditatus</strong></span> <span class='ocrx_word' id='word_1_594' title='bbox 3083 3866 3225 3905; x_wconf 89' lang='lat' dir='ltr'><strong>sum.</strong></span> <span class='ocrx_word' id='word_1_595' title='bbox 3262 3870 3278 3901; x_wconf 77' lang='grc' dir='ltr'>ι</span> <span class='ocrx_word' id='word_1_596' title='bbox 3309 3850 3468 3904; x_wconf 88' lang='lat' dir='ltr'><strong>Prio-</strong></span> 
     </span>
    </p>
   </div>
   <div class='ocr_carea' id='block_1_81' title="bbox 1896 3942 3467 4016">
    <p class='ocr_par' dir='ltr' id='par_1_81' title="bbox 1896 3942 3467 4016">
     <span class='ocr_line' id='line_1_81' title="bbox 1896 3942 3467 4016; baseline -0.005 -13"><span class='ocrx_word' id='word_1_597' title='bbox 1896 3964 2040 4011; x_wconf 89' lang='lat' dir='ltr'><strong>rum,</strong></span> <span class='ocrx_word' id='word_1_598' title='bbox 2096 3946 2300 4016; x_wconf 83' lang='lat' dir='ltr'><strong>inquit,</strong></span> <span class='ocrx_word' id='word_1_599' title='bbox 2336 3943 2723 3998; x_wconf 87' lang='lat' dir='ltr'><strong>beneticiorum</strong></span> <span class='ocrx_word' id='word_1_600' title='bbox 2770 3953 2985 3995; x_wconf 86' lang='lat' dir='ltr'><strong>tuorum</strong></span> <span class='ocrx_word' id='word_1_601' title='bbox 3016 3942 3336 3996; x_wconf 88' lang='lat' dir='ltr'><strong>memoriam</strong></span> <span class='ocrx_word' id='word_1_602' title='bbox 3380 3957 3467 3995; x_wconf 91' lang='lat' dir='ltr'><strong>re-</strong></span> 
     </span>
    </p>
   </div>
   <div class='ocr_carea' id='block_1_82' title="bbox 1894 4034 3465 4106">
    <p class='ocr_par' dir='ltr' id='par_1_82' title="bbox 1894 4034 3465 4106">
     <span class='ocr_line' id='line_1_82' title="bbox 1894 4034 3465 4106; baseline -0.004 -13"><span class='ocrx_word' id='word_1_603' title='bbox 1894 4038 2114 4103; x_wconf 86' lang='lat' dir='ltr'><strong>novavi,</strong></span> <span class='ocrx_word' id='word_1_604' title='bbox 2146 4047 2199 4092; x_wconf 92' lang='lat' dir='ltr'><strong>et</strong></span> <span class='ocrx_word' id='word_1_605' title='bbox 2234 4035 2496 4106; x_wconf 88' lang='lat' dir='ltr'><strong>perpendi</strong></span> <span class='ocrx_word' id='word_1_606' title='bbox 2528 4044 2663 4106; x_wconf 89' lang='lat' dir='ltr'><strong>quot</strong></span> <span class='ocrx_word' id='word_1_607' title='bbox 2718 4034 2981 4088; x_wconf 87' lang='lat' dir='ltr'><strong>benelicia</strong></span> <span class='ocrx_word' id='word_1_608' title='bbox 3020 4034 3256 4102; x_wconf 83' lang='lat' dir='ltr'><strong>majores</strong></span> <span class='ocrx_word' id='word_1_609' title='bbox 3293 4034 3465 4088; x_wconf 89' lang='lat' dir='ltr'><strong>nostri</strong></span> 
     </span>
    </p>
   </div>
   <div class='ocr_carea' id='block_1_83' title="bbox 1893 4125 3467 4197">
    <p class='ocr_par' dir='ltr' id='par_1_83' title="bbox 1893 4125 3467 4197">
     <span class='ocr_line' id='line_1_83' title="bbox 1893 4125 3467 4197; baseline -0.006 -10"><span class='ocrx_word' id='word_1_610' title='bbox 1893 4148 1924 4187; x_wconf 91' lang='lat' dir='ltr'><strong>a</strong></span> <span class='ocrx_word' id='word_1_611' title='bbox 1959 4142 2010 4187; x_wconf 91' lang='lat' dir='ltr'><strong>te</strong></span> <span class='ocrx_word' id='word_1_612' title='bbox 2035 4129 2312 4186; x_wconf 87' lang='lat' dir='ltr'><strong>consecuti</strong></span> <span class='ocrx_word' id='word_1_613' title='bbox 2341 4128 2452 4183; x_wconf 92' lang='lat' dir='ltr'><strong>sint</strong></span> <span class='ocrx_word' id='word_1_614' title='bbox 2483 4146 2497 4181; x_wconf 89' lang='lat'><strong>:</strong></span> <span class='ocrx_word' id='word_1_615' title='bbox 2530 4126 2808 4197; x_wconf 92' lang='lat' dir='ltr'><strong>quomodo</strong></span> <span class='ocrx_word' id='word_1_616' title='bbox 2838 4125 2906 4180; x_wconf 88' lang='lat' dir='ltr'><strong>ab</strong></span> <span class='ocrx_word' id='word_1_617' title='bbox 2934 4125 3314 4195; x_wconf 71' lang='lat' dir='ltr'><strong>Aigyptiorum</strong></span> <span class='ocrx_word' id='word_1_618' title='bbox 3349 4141 3467 4180; x_wconf 89' lang='lat' dir='ltr'><strong>ser-</strong></span> 
     </span>
    </p>
   </div>
   <div class='ocr_carea' id='block_1_84' title="bbox 1893 4218 3471 4291">
    <p class='ocr_par' dir='ltr' id='par_1_84' title="bbox 1893 4218 3471 4291">
     <span class='ocr_line' id='line_1_84' title="bbox 1893 4218 3471 4291; baseline -0.005 -10"><span class='ocrx_word' id='word_1_619' title='bbox 1893 4224 2293 4281; x_wconf 72' lang='lat' dir='ltr'><strong>vituteliberati</strong></span> <span class='ocrx_word' id='word_1_620' title='bbox 2318 4222 2831 4291; x_wconf 76' lang='lat' dir='ltr'><strong>fuerint,quomodo</strong></span> <span class='ocrx_word' id='word_1_621' title='bbox 2856 4236 3004 4273; x_wconf 89' lang='lat' dir='ltr'><strong>mare</strong></span> <span class='ocrx_word' id='word_1_622' title='bbox 3024 4218 3269 4273; x_wconf 81' lang='lat' dir='ltr'><strong>Rubrum</strong></span> <span class='ocrx_word' id='word_1_623' title='bbox 3292 4230 3471 4273; x_wconf 89' lang='lat' dir='ltr'><strong>trans-</strong></span> 
     </span>
    </p>
   </div>
   <div class='ocr_carea' id='block_1_85' title="bbox 1894 4313 3467 4388">
    <p class='ocr_par' dir='ltr' id='par_1_85' title="bbox 1894 4313 3467 4388">
     <span class='ocr_line' id='line_1_85' title="bbox 1894 4313 3467 4388; baseline -0.006 -12"><span class='ocrx_word' id='word_1_624' title='bbox 1894 4321 2082 4386; x_wconf 88' lang='lat' dir='ltr'><strong>ierint,</strong></span> <span class='ocrx_word' id='word_1_625' title='bbox 2115 4327 2170 4373; x_wconf 86' lang='lat' dir='ltr'><strong>et</strong></span> <span class='ocrx_word' id='word_1_626' title='bbox 2200 4316 2480 4388; x_wconf 91' lang='lat' dir='ltr'><strong>quomodo</strong></span> <span class='ocrx_word' id='word_1_627' title='bbox 2540 4315 2811 4385; x_wconf 84' lang='lat' dir='ltr'><strong>promissa</strong></span> <span class='ocrx_word' id='word_1_628' title='bbox 2843 4314 3088 4384; x_wconf 81' lang='lat' dir='ltr'><strong>patrihus</strong></span> <span class='ocrx_word' id='word_1_629' title='bbox 3136 4318 3277 4367; x_wconf 74' lang='lat' dir='ltr'><strong>terra</strong></span> <span class='ocrx_word' id='word_1_630' title='bbox 3309 4313 3467 4382; x_wconf 86' lang='lat' dir='ltr'><strong>potiti</strong></span> 
     </span>
    </p>
   </div>
   <div class='ocr_carea' id='block_1_86' title="bbox 1895 4406 3464 4481">
    <p class='ocr_par' dir='ltr' id='par_1_86' title="bbox 1895 4406 3464 4481">
     <span class='ocr_line' id='line_1_86' title="bbox 1895 4406 3464 4481; baseline -0.008 -11"><span class='ocrx_word' id='word_1_631' title='bbox 1895 4415 2024 4470; x_wconf 91' lang='lat' dir='ltr'><strong>sint.</strong></span> <span class='ocrx_word' id='word_1_632' title='bbox 2061 4431 2079 4465; x_wconf 81' lang='grc' dir='ltr'><strong>ι</strong></span> <span class='ocrx_word' id='word_1_633' title='bbox 2119 4411 2288 4467; x_wconf 81' lang='lat' dir='ltr'><strong>Nocte</strong></span> <span class='ocrx_word' id='word_1_634' title='bbox 2318 4426 2441 4465; x_wconf 91' lang='lat' dir='ltr'><strong>cum</strong></span> <span class='ocrx_word' id='word_1_635' title='bbox 2486 4408 2696 4481; x_wconf 63' lang='lat'><strong>1145</strong></span> <span class='ocrx_word' id='word_1_636' title='bbox 2731 4408 2895 4463; x_wconf 90' lang='lat' dir='ltr'><strong>corde</strong></span> <span class='ocrx_word' id='word_1_637' title='bbox 2938 4422 3058 4460; x_wconf 88' lang='lat' dir='ltr'><strong>meo</strong></span> <span class='ocrx_word' id='word_1_638' title='bbox 3102 4406 3464 4468; x_wconf 79' lang='lat' dir='ltr'><strong>exercitabar,</strong></span> 
     </span>
    </p>
   </div>
   <div class='ocr_carea' id='block_1_87' title="bbox 225 4490 1790 4573">
    <p class='ocr_par' dir='ltr' id='par_1_87' title="bbox 225 4490 1790 4567">
     <span class='ocr_line' id='line_1_87' title="bbox 225 4490 1790 4567; baseline 0.007 -27"><span class='ocrx_word' id='word_1_639' title='bbox 225 4490 454 4559; x_wconf 77' lang='grc' dir='ltr'>καρδίας</span> <span class='ocrx_word' id='word_1_640' title='bbox 510 4507 613 4560; x_wconf 91' lang='grc' dir='ltr'><strong>μου</strong></span> <span class='ocrx_word' id='word_1_641' title='bbox 664 4491 1019 4562; x_wconf 71' lang='grc' dir='ltr'>ἠδολεσχουν,</span> <span class='ocrx_word' id='word_1_642' title='bbox 1073 4493 1167 4548; x_wconf 80' lang='grc' dir='ltr'><strong>καὶ</strong></span> <span class='ocrx_word' id='word_1_643' title='bbox 1206 4494 1436 4548; x_wconf 79' lang='grc' dir='ltr'>ἔσκαλλε</span> <span class='ocrx_word' id='word_1_644' title='bbox 1468 4496 1529 4549; x_wconf 87' lang='grc' dir='ltr'><strong>τὸ</strong></span> <span class='ocrx_word' id='word_1_645' title='bbox 1575 4496 1790 4567; x_wconf 81' lang='grc' dir='ltr'>πνεῦμά</span> 
     </span>
    </p>
   </div>
   <div class='ocr_carea' id='block_1_88' title="bbox 1896 4490 3467 4573">
    <p class='ocr_par' dir='ltr' id='par_1_88' title="bbox 1902 4496 3467 4573">
     <span class='ocr_line' id='line_1_88' title="bbox 1902 4496 3467 4573; baseline -0.01 -10"><span class='ocrx_word' id='word_1_646' title='bbox 1902 4518 1957 4565; x_wconf 83' lang='grc' dir='ltr'><strong>ει</strong></span> <span class='ocrx_word' id='word_1_647' title='bbox 1986 4506 2253 4562; x_wconf 83' lang='lat' dir='ltr'><strong>sarriebat</strong></span> <span class='ocrx_word' id='word_1_648' title='bbox 2284 4503 2514 4573; x_wconf 89' lang='lat' dir='ltr'><strong>spiritus</strong></span> <span class='ocrx_word' id='word_1_649' title='bbox 2545 4518 2718 4557; x_wconf 90' lang='lat' dir='ltr'><strong>meus.</strong></span> <span class='ocrx_word' id='word_1_650' title='bbox 2759 4520 2778 4553; x_wconf 75' lang='grc' dir='ltr'>ι</span> <span class='ocrx_word' id='word_1_651' title='bbox 2815 4499 2921 4553; x_wconf 83' lang='lat' dir='ltr'><strong>Pro</strong></span> <span class='ocrx_word' id='word_1_652' title='bbox 2968 4499 3257 4562; x_wconf 85' lang='lat' dir='ltr'><strong>sarriebat,</strong></span> <span class='ocrx_word' id='word_1_653' title='bbox 3287 4496 3467 4550; x_wconf 72' lang='lat' dir='ltr'><strong>Theo-</strong></span> 
     </span>
    </p>
   </div>
   <div class='ocr_carea' id='block_1_89' title="bbox 227 4581 1790 4661">
    <p class='ocr_par' dir='ltr' id='par_1_89' title="bbox 227 4581 1790 4657">
     <span class='ocr_line' id='line_1_89' title="bbox 227 4581 1790 4657; baseline 0.008 -26"><span class='ocrx_word' id='word_1_654' title='bbox 227 4597 345 4649; x_wconf 88' lang='grc' dir='ltr'>μου.</span> <span class='ocrx_word' id='word_1_655' title='bbox 387 4598 408 4632; x_wconf 75' lang='grc' dir='ltr'><strong>ε</strong></span> <span class='ocrx_word' id='word_1_656' title='bbox 458 4581 537 4633; x_wconf 88' lang='grc' dir='ltr'>Τὸ</span> <span class='ocrx_word' id='word_1_657' title='bbox 572 4582 631 4634; x_wconf 86' lang='grc' dir='ltr'>δὲ</span> <span class='ocrx_word' id='word_1_658' title='bbox 684 4581 1091 4649; x_wconf 69' lang='grc' dir='ltr'><strong>ἕσκαλλενη,</strong></span> <span class='ocrx_word' id='word_1_659' title='bbox 1132 4588 1159 4639; x_wconf 88' lang='grc' dir='ltr'><strong>ὁ</strong></span> <span class='ocrx_word' id='word_1_660' title='bbox 1192 4588 1292 4657; x_wconf 81' lang='grc' dir='ltr'><strong>μὲν</strong></span> <span class='ocrx_word' id='word_1_661' title='bbox 1343 4588 1669 4655; x_wconf 85' lang='grc' dir='ltr'>Θεοδοτίων,</span> <span class='ocrx_word' id='word_1_662' title='bbox 1704 4590 1790 4654; x_wconf 83' lang='grc' dir='ltr'><strong>ἐξ·</strong></span> 
     </span>
    </p>
   </div>
   <div class='ocr_carea' id='block_1_90' title="bbox 1896 4581 3469 4661">
    <p class='ocr_par' dir='ltr' id='par_1_90' title="bbox 1900 4589 3469 4661">
     <span class='ocr_line' id='line_1_90' title="bbox 1900 4589 3469 4661; baseline -0.01 -6"><span class='ocrx_word' id='word_1_663' title='bbox 1900 4599 2051 4654; x_wconf 89' lang='lat' dir='ltr'><strong>dotio</strong></span> <span class='ocrx_word' id='word_1_664' title='bbox 2075 4596 2216 4652; x_wconf 80' lang='lat' dir='ltr'><strong>dixit</strong></span> <span class='ocrx_word' id='word_1_665' title='bbox 2246 4605 2517 4650; x_wconf 77' lang='lat' dir='ltr'><strong>scrutatus</strong></span> <span class='ocrx_word' id='word_1_666' title='bbox 2548 4604 2648 4658; x_wconf 80' lang='lat' dir='ltr'><strong>est,</strong></span> <span class='ocrx_word' id='word_1_667' title='bbox 2675 4592 2872 4661; x_wconf 86' lang='lat' dir='ltr'><strong>Aquila</strong></span> <span class='ocrx_word' id='word_1_668' title='bbox 2903 4607 3054 4655; x_wconf 82' lang='lat' dir='ltr'><strong>vero,</strong></span> <span class='ocrx_word' id='word_1_669' title='bbox 3098 4590 3253 4659; x_wconf 76' lang='grc' dir='ltr'><strong>(μιαεὶ</strong></span> <span class='ocrx_word' id='word_1_670' title='bbox 3284 4589 3469 4656; x_wconf 76' lang='lat' dir='ltr'><strong>e/fodit</strong></span> 
     </span>
    </p>
   </div>
   <div class='ocr_carea' id='block_1_91' title="bbox 220 4672 1800 4753">
    <p class='ocr_par' dir='ltr' id='par_1_91' title="bbox 220 4672 1800 4753">
     <span class='ocr_line' id='line_1_91' title="bbox 220 4672 1800 4753; baseline 0.008 -29"><span class='ocrx_word' id='word_1_671' title='bbox 220 4672 640 4740; x_wconf 79' lang='grc' dir='ltr'>ηρεύνησεν¹⁹,</span> <span class='ocrx_word' id='word_1_672' title='bbox 676 4677 704 4728; x_wconf 90' lang='grc' dir='ltr'><strong>ό</strong></span> <span class='ocrx_word' id='word_1_673' title='bbox 733 4675 789 4728; x_wconf 77' lang='grc' dir='ltr'>δὲ</span> <span class='ocrx_word' id='word_1_674' title='bbox 812 4675 1065 4744; x_wconf 84' lang='grc' dir='ltr'>’Δκύλας,</span> <span class='ocrx_word' id='word_1_675' title='bbox 1103 4678 1485 4735; x_wconf 78' lang='grc' dir='ltr'><strong>ἐσκάλευσεν</strong></span> <span class='ocrx_word' id='word_1_676' title='bbox 1511 4682 1555 4715; x_wconf 85' lang='grc'><strong>¹³</strong></span> <span class='ocrx_word' id='word_1_677' title='bbox 1590 4682 1800 4753; x_wconf 73' lang='grc' dir='ltr'>εἴρηκε.</span> 
     </span>
    </p>
   </div>
   <div class='ocr_carea' id='block_1_92' title="bbox 227 4763 1803 4843">
    <p class='ocr_par' dir='ltr' id='par_1_92' title="bbox 227 4763 1803 4843">
     <span class='ocr_line' id='line_1_92' title="bbox 227 4763 1803 4843; baseline 0.009 -28"><span class='ocrx_word' id='word_1_678' title='bbox 227 4763 417 4817; x_wconf 77' lang='grc' dir='ltr'>Ταῦτα</span> <span class='ocrx_word' id='word_1_679' title='bbox 440 4764 521 4829; x_wconf 83' lang='grc' dir='ltr'>δὲ,</span> <span class='ocrx_word' id='word_1_680' title='bbox 554 4766 712 4836; x_wconf 75' lang='grc' dir='ltr'>φησὶ,</span> <span class='ocrx_word' id='word_1_681' title='bbox 746 4766 962 4839; x_wconf 83' lang='grc' dir='ltr'>νύκτωρ</span> <span class='ocrx_word' id='word_1_682' title='bbox 998 4770 1136 4840; x_wconf 83' lang='grc' dir='ltr'>πρὸς</span> <span class='ocrx_word' id='word_1_683' title='bbox 1169 4772 1410 4842; x_wconf 71' lang='grc' dir='ltr'><strong>ἐμαυτὸν</strong></span> <span class='ocrx_word' id='word_1_684' title='bbox 1432 4772 1477 4804; x_wconf 70' lang='grc'>¹⁸</span> <span class='ocrx_word' id='word_1_685' title='bbox 1499 4772 1803 4843; x_wconf 78' lang='grc' dir='ltr'>διαλογιζό-</span> 
     </span>
    </p>
   </div>
   <div class='ocr_carea' id='block_1_93' title="bbox 290 4876 728 4941">
    <p class='ocr_par' dir='ltr' id='par_1_93' title="bbox 290 4876 728 4941">
     <span class='ocr_line' id='line_1_93' title="bbox 290 4876 728 4941; baseline 0.005 -12"><span class='ocrx_word' id='word_1_686' title='bbox 290 4886 313 4913; x_wconf 71' lang='grc' dir='ltr'>τ</span> <span class='ocrx_word' id='word_1_687' title='bbox 346 4876 491 4933; x_wconf 84' lang='lat' dir='ltr'><strong>Psal.</strong></span> <span class='ocrx_word' id='word_1_688' title='bbox 534 4896 640 4941; x_wconf 75' lang='lat' dir='ltr'><strong>xu,</strong></span> <span class='ocrx_word' id='word_1_689' title='bbox 675 4880 728 4931; x_wconf 87' lang='grc'><strong>7.</strong></span> 
     </span>
    </p>
   </div>
   <div class='ocr_carea' id='block_1_94' title="bbox 1898 4682 3466 4756">
    <p class='ocr_par' dir='ltr' id='par_1_94' title="bbox 1898 4682 3466 4756">
     <span class='ocr_line' id='line_1_94' title="bbox 1898 4682 3466 4756; baseline -0.006 -14"><span class='ocrx_word' id='word_1_690' title='bbox 1898 4696 1951 4743; x_wconf 82' lang='lat' dir='ltr'><strong>et</strong></span> <span class='ocrx_word' id='word_1_691' title='bbox 1997 4687 2238 4756; x_wconf 77' lang='lat' dir='ltr'><strong>scalpsit.</strong></span> <span class='ocrx_word' id='word_1_692' title='bbox 2266 4685 2424 4741; x_wconf 63' lang='lat' dir='ltr'><strong>iCum</strong></span> <span class='ocrx_word' id='word_1_693' title='bbox 2462 4684 2597 4752; x_wconf 56' lang='lat' dir='ltr'><strong>hare,</strong></span> <span class='ocrx_word' id='word_1_694' title='bbox 2640 4683 2840 4753; x_wconf 79' lang='lat' dir='ltr'><strong>inquit,</strong></span> <span class='ocrx_word' id='word_1_695' title='bbox 2886 4692 3047 4736; x_wconf 86' lang='lat' dir='ltr'><strong>tt0clu</strong></span> <span class='ocrx_word' id='word_1_696' title='bbox 3090 4697 3301 4735; x_wconf 89' lang='lat' dir='ltr'><strong>mecum</strong></span> <span class='ocrx_word' id='word_1_697' title='bbox 3353 4682 3466 4749; x_wconf 77' lang='lat' dir='ltr'><strong>ipse</strong></span> 
     </span>
    </p>
   </div>
   <div class='ocr_carea' id='block_1_95' title="bbox 1901 4772 3467 4843">
    <p class='ocr_par' dir='ltr' id='par_1_95' title="bbox 1901 4772 3467 4843">
     <span class='ocr_line' id='line_1_95' title="bbox 1901 4772 3467 4843; baseline -0.004 -10"><span class='ocrx_word' id='word_1_698' title='bbox 1901 4788 2085 4835; x_wconf 89' lang='lat' dir='ltr'><strong>mente</strong></span> <span class='ocrx_word' id='word_1_699' title='bbox 2114 4777 2475 4843; x_wconf 80' lang='lat' dir='ltr'><strong>revolverem,</strong></span> <span class='ocrx_word' id='word_1_700' title='bbox 2506 4785 2783 4833; x_wconf 89' lang='lat' dir='ltr'><strong>scrutatus</strong></span> <span class='ocrx_word' id='word_1_701' title='bbox 2847 4791 2967 4830; x_wconf 89' lang='lat' dir='ltr'><strong>sum</strong></span> <span class='ocrx_word' id='word_1_702' title='bbox 3006 4789 3106 4829; x_wconf 93' lang='lat' dir='ltr'><strong>cur</strong></span> <span class='ocrx_word' id='word_1_703' title='bbox 3147 4773 3214 4828; x_wconf 88' lang='lat' dir='ltr'><strong>de</strong></span> <span class='ocrx_word' id='word_1_704' title='bbox 3264 4772 3467 4826; x_wconf 86' lang='lat' dir='ltr'><strong>nostris</strong></span> 
     </span>
    </p>
   </div>
   <div class='ocr_carea' id='block_1_96' title="bbox 1316 5005 2345 5064">
    <p class='ocr_par' dir='ltr' id='par_1_96' title="bbox 1316 5005 2345 5064">
     <span class='ocr_line' id='line_1_96' title="bbox 1316 5005 2345 5064; baseline 0.002 -4"><span class='ocrx_word' id='word_1_705' title='bbox 1316 5005 1549 5063; x_wconf 75' lang='lat' dir='ltr'><strong>VARUE</strong></span> <span class='ocrx_word' id='word_1_706' title='bbox 1590 5006 1969 5064; x_wconf 74' lang='lat' dir='ltr'><strong>LECTIONES</strong></span> <span class='ocrx_word' id='word_1_707' title='bbox 2000 5007 2086 5061; x_wconf 83' lang='lat' dir='ltr'><strong>ET</strong></span> <span class='ocrx_word' id='word_1_708' title='bbox 2116 5006 2345 5062; x_wconf 67' lang='grc' dir='ltr'><strong>ΝΟΤᾹΞ.</strong></span> 
     </span>
    </p>
   </div>
   <div class='ocr_carea' id='block_1_97' title="bbox 324 5117 1790 5195">
    <p class='ocr_par' dir='ltr' id='par_1_97' title="bbox 324 5117 1790 5195">
     <span class='ocr_line' id='line_1_97' title="bbox 324 5117 1790 5195; baseline 0.006 -25"><span class='ocrx_word' id='word_1_709' title='bbox 324 5120 374 5150; x_wconf 72' lang='grc'><strong>⁸⁵</strong></span> <span class='ocrx_word' id='word_1_710' title='bbox 402 5117 595 5185; x_wconf 73' lang='grc' dir='ltr'>Φωνῇ.</span> <span class='ocrx_word' id='word_1_711' title='bbox 647 5118 774 5173; x_wconf 77' lang='lat' dir='ltr'><strong>Rea.</strong></span> <span class='ocrx_word' id='word_1_712' title='bbox 828 5121 987 5177; x_wconf 88' lang='lat' dir='ltr'><strong>lectio</strong></span> <span class='ocrx_word' id='word_1_713' title='bbox 1025 5132 1105 5176; x_wconf 85' lang='lat' dir='ltr'><strong>est</strong></span> <span class='ocrx_word' id='word_1_714' title='bbox 1170 5122 1263 5175; x_wconf 75' lang='grc' dir='ltr'><strong>καὶ</strong></span> <span class='ocrx_word' id='word_1_715' title='bbox 1310 5124 1342 5192; x_wconf 83' lang='grc' dir='ltr'>ἡ</span> <span class='ocrx_word' id='word_1_716' title='bbox 1398 5124 1573 5195; x_wconf 74' lang='grc' dir='ltr'>φωνή.</span> <span class='ocrx_word' id='word_1_717' title='bbox 1649 5125 1696 5157; x_wconf 77' lang='grc'><strong>⁸⁵</strong></span> <span class='ocrx_word' id='word_1_718' title='bbox 1738 5140 1790 5179; x_wconf 77' lang='lat' dir='ltr'><strong>cc</strong></span> 
     </span>
    </p>
   </div>
   <div class='ocr_carea' id='block_1_98' title="bbox 1896 5117 3469 5195">
    <p class='ocr_par' dir='ltr' id='par_1_98' title="bbox 1909 5117 3469 5195">
     <span class='ocr_line' id='line_1_98' title="bbox 1909 5117 3469 5195; baseline -0.004 -18"><span class='ocrx_word' id='word_1_719' title='bbox 1909 5125 1943 5178; x_wconf 77' lang='lat'><strong><em>2</em></strong></span> <span class='ocrx_word' id='word_1_720' title='bbox 1990 5124 2200 5177; x_wconf 85' lang='grc' dir='ltr'>τούτου.</span> <span class='ocrx_word' id='word_1_721' title='bbox 2280 5125 2327 5157; x_wconf 69' lang='grc'>³⁸</span> <span class='ocrx_word' id='word_1_722' title='bbox 2364 5122 2497 5187; x_wconf 81' lang='grc' dir='ltr'><strong>Ταῖς</strong></span> <span class='ocrx_word' id='word_1_723' title='bbox 2542 5151 2611 5161; x_wconf 91' lang='grc'><strong><em>-</em></strong></span> <span class='ocrx_word' id='word_1_724' title='bbox 2654 5118 2999 5195; x_wconf 33' lang='grc' dir='ltr'>ἡπατήθην.-</span> <span class='ocrx_word' id='word_1_725' title='bbox 3028 5117 3239 5195; x_wconf 59' lang='lat' dir='ltr'><strong>Helm&quot;:</strong></span> <span class='ocrx_word' id='word_1_726' title='bbox 3276 5117 3469 5195; x_wconf 76' lang='lat' dir='ltr'><strong>Manus</strong></span> 
     </span>
    </p>
   </div>
   <div class='ocr_carea' id='block_1_99' title="bbox 226 5194 1478 5258">
    <p class='ocr_par' dir='ltr' id='par_1_99' title="bbox 226 5194 1478 5258">
     <span class='ocr_line' id='line_1_99' title="bbox 226 5194 1478 5258; baseline 0.005 -18"><span class='ocrx_word' id='word_1_727' title='bbox 226 5205 339 5241; x_wconf 84' lang='lat' dir='ltr'><strong>mea</strong></span> <span class='ocrx_word' id='word_1_728' title='bbox 395 5199 552 5242; x_wconf 82' lang='lat' dir='ltr'><strong>noctu</strong></span> <span class='ocrx_word' id='word_1_729' title='bbox 604 5200 818 5243; x_wconf 73' lang='lat' dir='ltr'><strong>extensa</strong></span> <span class='ocrx_word' id='word_1_730' title='bbox 868 5202 965 5258; x_wconf 78' lang='grc' dir='ltr'>εει,</span> <span class='ocrx_word' id='word_1_731' title='bbox 1011 5210 1108 5247; x_wconf 86' lang='lat' dir='ltr'><strong>nec</strong></span> <span class='ocrx_word' id='word_1_732' title='bbox 1162 5194 1478 5247; x_wconf 77' lang='lat' dir='ltr'><strong>remittitur.</strong></span> 
     </span>
    </p>
   </div>
   <div class='ocr_carea' id='block_1_100' title="bbox 1577 5188 3470 5265">
    <p class='ocr_par' dir='ltr' id='par_1_100' title="bbox 1577 5188 3470 5265">
     <span class='ocr_line' id='line_1_100' title="bbox 1577 5188 3470 5265; baseline -0.005 -16"><span class='ocrx_word' id='word_1_733' title='bbox 1577 5195 1624 5227; x_wconf 81' lang='lat'><strong>&quot;</strong></span> <span class='ocrx_word' id='word_1_734' title='bbox 1660 5197 1781 5249; x_wconf 87' lang='lat' dir='ltr'><strong>cod.</strong></span> <span class='ocrx_word' id='word_1_735' title='bbox 1816 5195 1850 5248; x_wconf 78' lang='lat'><strong>‘2</strong></span> <span class='ocrx_word' id='word_1_736' title='bbox 1894 5195 2171 5253; x_wconf 81' lang='grc' dir='ltr'>ἐκτέτατο.</span> <span class='ocrx_word' id='word_1_737' title='bbox 2234 5211 2395 5265; x_wconf 84' lang='lat' dir='ltr'><strong>quam</strong></span> <span class='ocrx_word' id='word_1_738' title='bbox 2452 5195 2735 5265; x_wconf 80' lang='lat' dir='ltr'><strong>lectionem</strong></span> <span class='ocrx_word' id='word_1_739' title='bbox 2769 5190 2942 5265; x_wconf 66' lang='lat' dir='ltr'><strong>etiam</strong></span> <span class='ocrx_word' id='word_1_740' title='bbox 2987 5189 3145 5265; x_wconf 83' lang='lat' dir='ltr'><strong>habet</strong></span> <span class='ocrx_word' id='word_1_741' title='bbox 3178 5188 3371 5265; x_wconf 22' lang='lat' dir='ltr'><strong>Men-Af.</strong></span> <span class='ocrx_word' id='word_1_742' title='bbox 3415 5190 3470 5265; x_wconf 63' lang='lat' dir='ltr'><strong>in</strong></span> 
     </span>
    </p>
   </div>
   <div class='ocr_carea' id='block_1_101' title="bbox 227 5258 1790 5335">
    <p class='ocr_par' dir='ltr' id='par_1_101' title="bbox 227 5258 1783 5335">
     <span class='ocr_line' id='line_1_101' title="bbox 227 5258 1783 5335; baseline 0.005 -24"><span class='ocrx_word' id='word_1_743' title='bbox 227 5258 454 5328; x_wconf 76' lang='lat' dir='ltr'><strong>llexapl.</strong></span> <span class='ocrx_word' id='word_1_744' title='bbox 480 5260 545 5312; x_wconf 88' lang='lat' dir='ltr'><strong>ad</strong></span> <span class='ocrx_word' id='word_1_745' title='bbox 575 5260 629 5313; x_wconf 90' lang='lat' dir='ltr'><strong>b.</strong></span> <span class='ocrx_word' id='word_1_746' title='bbox 669 5260 685 5312; x_wconf 94' lang='lat' dir='ltr'><strong>l</strong></span> <span class='ocrx_word' id='word_1_747' title='bbox 760 5261 806 5292; x_wconf 81' lang='grc'><strong>’⁸</strong></span> <span class='ocrx_word' id='word_1_748' title='bbox 834 5263 941 5316; x_wconf 76' lang='grc' dir='ltr'><strong>Καὶ</strong></span> <span class='ocrx_word' id='word_1_749' title='bbox 976 5266 1146 5331; x_wconf 70' lang='grc' dir='ltr'>εὐφρ.</span> <span class='ocrx_word' id='word_1_750' title='bbox 1178 5263 1342 5317; x_wconf 89' lang='lat' dir='ltr'><strong>llebr.</strong></span> <span class='ocrx_word' id='word_1_751' title='bbox 1378 5275 1615 5328; x_wconf 65' lang='lat' dir='ltr'><strong>mnam,</strong></span> <span class='ocrx_word' id='word_1_752' title='bbox 1651 5278 1696 5319; x_wconf 89' lang='lat' dir='ltr'><strong>et</strong></span> <span class='ocrx_word' id='word_1_753' title='bbox 1723 5282 1783 5335; x_wconf 83' lang='lat' dir='ltr'><strong>pe</strong></span> 
     </span>
    </p>
   </div>
   <div class='ocr_carea' id='block_1_102' title="bbox 1896 5258 3469 5335">
    <p class='ocr_par' dir='ltr' id='par_1_102' title="bbox 1897 5258 3469 5335">
     <span class='ocr_line' id='line_1_102' title="bbox 1897 5258 3469 5335; baseline -0.002 -18"><span class='ocrx_word' id='word_1_754' title='bbox 1897 5283 2010 5334; x_wconf 77' lang='lat' dir='ltr'><strong>epo,</strong></span> <span class='ocrx_word' id='word_1_755' title='bbox 2044 5282 2089 5321; x_wconf 92' lang='lat' dir='ltr'><strong>s.</strong></span> <span class='ocrx_word' id='word_1_756' title='bbox 2130 5258 2451 5335; x_wconf 77' lang='lat' dir='ltr'><strong>ingentisco.</strong></span> <span class='ocrx_word' id='word_1_757' title='bbox 2526 5264 2571 5295; x_wconf 72' lang='grc' dir='ltr'>θ’</span> <span class='ocrx_word' id='word_1_758' title='bbox 2604 5262 2725 5316; x_wconf 88' lang='lat' dir='ltr'><strong>cod.</strong></span> <span class='ocrx_word' id='word_1_759' title='bbox 2765 5260 3177 5329; x_wconf 69' lang='grc' dir='ltr'>ἓάπεσειόμην.</span> <span class='ocrx_word' id='word_1_760' title='bbox 3257 5262 3273 5291; x_wconf 87' lang='grc'>¹</span> <span class='ocrx_word' id='word_1_761' title='bbox 3300 5259 3469 5314; x_wconf 80' lang='grc' dir='ltr'>Θεοῦ.</span> 
     </span>
    </p>
   </div>
   <div class='ocr_carea' id='block_1_103' title="bbox 224 5343 723 5414">
    <p class='ocr_par' dir='ltr' id='par_1_103' title="bbox 224 5343 723 5414">
     <span class='ocr_line' id='line_1_103' title="bbox 224 5343 723 5414; baseline 0.002 -18"><span class='ocrx_word' id='word_1_762' title='bbox 224 5344 345 5414; x_wconf 83' lang='lat' dir='ltr'><strong>cod.</strong></span> <span class='ocrx_word' id='word_1_763' title='bbox 376 5345 410 5414; x_wconf 66' lang='lat'><strong>2.</strong></span> <span class='ocrx_word' id='word_1_764' title='bbox 436 5343 563 5396; x_wconf 88' lang='lat' dir='ltr'><strong>add.</strong></span> <span class='ocrx_word' id='word_1_765' title='bbox 600 5360 723 5414; x_wconf 86' lang='grc' dir='ltr'>μου.</span> 
     </span>
    </p>
   </div>
   <div class='ocr_carea' id='block_1_104' title="bbox 224 5413 595 5482">
    <p class='ocr_par' dir='ltr' id='par_1_104' title="bbox 224 5413 595 5482">
     <span class='ocr_line' id='line_1_104' title="bbox 224 5413 595 5482; baseline 0.008 -18"><span class='ocrx_word' id='word_1_766' title='bbox 224 5413 595 5482; x_wconf 76' lang='grc' dir='ltr'>λογιζόμενος.</span> 
     </span>
    </p>
   </div>
   <div class='ocr_carea' id='block_1_105' title="bbox 838 5342 1998 5414">
    <p class='ocr_par' dir='ltr' id='par_1_105' title="bbox 838 5342 1998 5414">
     <span class='ocr_line' id='line_1_105' title="bbox 838 5342 1998 5414; baseline 0.003 -16"><span class='ocrx_word' id='word_1_767' title='bbox 838 5347 857 5376; x_wconf 78' lang='grc'>³</span> <span class='ocrx_word' id='word_1_768' title='bbox 903 5345 1208 5414; x_wconf 77' lang='grc' dir='ltr'>Ὴδολέσχ.</span> <span class='ocrx_word' id='word_1_769' title='bbox 1248 5346 1410 5400; x_wconf 86' lang='lat' dir='ltr'><strong>llebr.</strong></span> <span class='ocrx_word' id='word_1_770' title='bbox 1434 5342 1651 5413; x_wconf 54' lang='lat' dir='ltr'><strong>amittat,</strong></span> <span class='ocrx_word' id='word_1_771' title='bbox 1684 5349 1998 5406; x_wconf 80' lang='lat' dir='ltr'><strong>meditabor.</strong></span> 
     </span>
    </p>
   </div>
   <div class='ocr_carea' id='block_1_106' title="bbox 693 5415 1790 5486">
    <p class='ocr_par' dir='ltr' id='par_1_106' title="bbox 693 5415 1790 5486">
     <span class='ocr_line' id='line_1_106' title="bbox 693 5415 1790 5486; baseline 0.005 -19"><span class='ocrx_word' id='word_1_772' title='bbox 693 5415 717 5486; x_wconf 68' lang='grc' dir='ltr'><strong>’ξ</strong></span> <span class='ocrx_word' id='word_1_773' title='bbox 745 5416 1348 5486; x_wconf 72' lang='grc' dir='ltr'>Προκατελάϐογτο-</span> <span class='ocrx_word' id='word_1_774' title='bbox 1370 5419 1505 5486; x_wconf 63' lang='grc' dir='ltr'>ὀρθ.</span> <span class='ocrx_word' id='word_1_775' title='bbox 1532 5436 1671 5485; x_wconf 85' lang='grc' dir='ltr'>μου.</span> <span class='ocrx_word' id='word_1_776' title='bbox 1708 5418 1790 5472; x_wconf 62' lang='lat' dir='ltr'><strong>lle}</strong></span> 
     </span>
    </p>
   </div>
   <div class='ocr_carea' id='block_1_107' title="bbox 1896 5415 3470 5486">
    <p class='ocr_par' dir='ltr' id='par_1_107' title="bbox 1912 5415 3470 5486">
     <span class='ocr_line' id='line_1_107' title="bbox 1912 5415 3470 5486; baseline -0.006 -13"><span class='ocrx_word' id='word_1_777' title='bbox 1912 5419 2071 5476; x_wconf 82' lang='lat' dir='ltr'><strong>Tenes</strong></span> <span class='ocrx_word' id='word_1_778' title='bbox 2118 5421 2412 5483; x_wconf 80' lang='lat' dir='ltr'><strong>custodias,</strong></span> <span class='ocrx_word' id='word_1_779' title='bbox 2444 5432 2490 5470; x_wconf 69' lang='grc' dir='ltr'><strong>ε.</strong></span> <span class='ocrx_word' id='word_1_780' title='bbox 2528 5416 2834 5485; x_wconf 86' lang='lat' dir='ltr'><strong>palpebras,</strong></span> <span class='ocrx_word' id='word_1_781' title='bbox 2866 5415 3150 5486; x_wconf 61' lang='lat' dir='ltr'><strong>pculormn</strong></span> <span class='ocrx_word' id='word_1_782' title='bbox 3213 5430 3470 5486; x_wconf 65' lang='lat' dir='ltr'><strong>meorum.</strong></span> 
     </span>
    </p>
   </div>
   <div class='ocr_carea' id='block_1_108' title="bbox 2111 5343 3471 5412">
    <p class='ocr_par' dir='ltr' id='par_1_108' title="bbox 2111 5343 3471 5412">
     <span class='ocr_line' id='line_1_108' title="bbox 2111 5343 3471 5412; baseline -0.007 -9"><span class='ocrx_word' id='word_1_783' title='bbox 2111 5350 2209 5402; x_wconf 80' lang='lat'><strong>&quot;0</strong></span> <span class='ocrx_word' id='word_1_784' title='bbox 2239 5380 2304 5391; x_wconf 91' lang='lat'><strong>—</strong></span> <span class='ocrx_word' id='word_1_785' title='bbox 2324 5348 2529 5412; x_wconf 82' lang='grc' dir='ltr'>οὓτως.</span> <span class='ocrx_word' id='word_1_786' title='bbox 2558 5344 2680 5399; x_wconf 81' lang='lat' dir='ltr'><strong>Des.</strong></span> <span class='ocrx_word' id='word_1_787' title='bbox 2720 5345 2773 5397; x_wconf 88' lang='lat' dir='ltr'><strong>in</strong></span> <span class='ocrx_word' id='word_1_788' title='bbox 2814 5344 2931 5397; x_wconf 86' lang='lat' dir='ltr'><strong>cod.</strong></span> <span class='ocrx_word' id='word_1_789' title='bbox 2970 5344 3023 5398; x_wconf 71' lang='grc' dir='ltr'>Ξ.</span> <span class='ocrx_word' id='word_1_790' title='bbox 3104 5343 3125 5373; x_wconf 67' lang='grc'>⁸</span> <span class='ocrx_word' id='word_1_791' title='bbox 3150 5344 3269 5397; x_wconf 87' lang='lat' dir='ltr'><strong>cod.</strong></span> <span class='ocrx_word' id='word_1_792' title='bbox 3300 5344 3333 5395; x_wconf 76' lang='grc'><strong>2</strong></span> <span class='ocrx_word' id='word_1_793' title='bbox 3354 5343 3471 5395; x_wconf 82' lang='grc' dir='ltr'>δια-</span> 
     </span>
    </p>
   </div>
   <div class='ocr_carea' id='block_1_109' title="bbox 228 5480 1790 5561">
    <p class='ocr_par' dir='ltr' id='par_1_109' title="bbox 228 5480 1790 5561">
     <span class='ocr_line' id='line_1_109' title="bbox 228 5480 1790 5561; baseline 0.005 -25"><span class='ocrx_word' id='word_1_794' title='bbox 228 5484 247 5512; x_wconf 87' lang='grc'><strong><em>⁶</em></strong></span> <span class='ocrx_word' id='word_1_795' title='bbox 275 5487 335 5538; x_wconf 80' lang='grc' dir='ltr'>οι</span> <span class='ocrx_word' id='word_1_796' title='bbox 370 5480 682 5561; x_wconf 42' lang='grc' dir='ltr'>όφᾴηέιου.</span> <span class='ocrx_word' id='word_1_797' title='bbox 703 5480 797 5561; x_wconf 61' lang='grc' dir='ltr'><strong>Ιιιι</strong></span> <span class='ocrx_word' id='word_1_798' title='bbox 817 5485 919 5561; x_wconf 75' lang='lat' dir='ltr'><strong>leg.</strong></span> <span class='ocrx_word' id='word_1_799' title='bbox 955 5488 1006 5539; x_wconf 92' lang='lat' dir='ltr'><strong>in</strong></span> <span class='ocrx_word' id='word_1_800' title='bbox 1035 5487 1331 5561; x_wconf 84' lang='lat' dir='ltr'><strong>edit.__A_|d.</strong></span> <span class='ocrx_word' id='word_1_801' title='bbox 1360 5480 1420 5561; x_wconf 72' lang='lat' dir='ltr'><strong>et</strong></span> <span class='ocrx_word' id='word_1_802' title='bbox 1441 5480 1651 5561; x_wconf 62' lang='lat' dir='ltr'><strong>Cofnpl.</strong></span> <span class='ocrx_word' id='word_1_803' title='bbox 1672 5487 1790 5561; x_wconf 70' lang='lat' dir='ltr'><strong>lict</strong></span> 
     </span>
    </p>
   </div>
   <div class='ocr_carea' id='block_1_110' title="bbox 1896 5480 3471 5561">
    <p class='ocr_par' dir='ltr' id='par_1_110' title="bbox 1896 5480 3471 5561">
     <span class='ocr_line' id='line_1_110' title="bbox 1896 5480 3471 5561; baseline -0.006 -16"><span class='ocrx_word' id='word_1_804' title='bbox 1896 5493 2009 5545; x_wconf 37' lang='lat' dir='ltr'><strong>tctio</strong></span> <span class='ocrx_word' id='word_1_805' title='bbox 2034 5500 2117 5548; x_wconf 86' lang='lat' dir='ltr'><strong>est</strong></span> <span class='ocrx_word' id='word_1_806' title='bbox 2144 5494 2193 5544; x_wconf 86' lang='grc' dir='ltr'><strong>οί</strong></span> <span class='ocrx_word' id='word_1_807' title='bbox 2224 5480 2407 5561; x_wconf 80' lang='grc' dir='ltr'>ἐχθροί</span> <span class='ocrx_word' id='word_1_808' title='bbox 2442 5480 2566 5561; x_wconf 79' lang='grc' dir='ltr'>μού.</span> <span class='ocrx_word' id='word_1_809' title='bbox 2617 5480 2655 5517; x_wconf 54' lang='grc'><strong>“’¹</strong></span> <span class='ocrx_word' id='word_1_810' title='bbox 2955 5486 3075 5537; x_wconf 86' lang='lat' dir='ltr'><strong>eod.</strong></span> <span class='ocrx_word' id='word_1_811' title='bbox 3114 5483 3153 5561; x_wconf 38' lang='grc'><strong>9.-</strong></span> <span class='ocrx_word' id='word_1_812' title='bbox 3178 5499 3361 5553; x_wconf 73' lang='lat' dir='ltr'><strong>praem.</strong></span> <span class='ocrx_word' id='word_1_813' title='bbox 3392 5480 3471 5561; x_wconf 57' lang='grc' dir='ltr'><strong>εἶτ</strong></span> 
     </span>
    </p>
   </div>
   <div class='ocr_carea' id='block_1_111' title="bbox 226 5571 1629 5699">
    <p class='ocr_par' dir='ltr' id='par_1_111' title="bbox 226 5571 1629 5699">
     <span class='ocr_line' id='line_1_111' title="bbox 226 5571 1625 5623; baseline 0.002 -18"><span class='ocrx_word' id='word_1_814' title='bbox 226 5571 343 5605; x_wconf 82' lang='grc' dir='ltr'>πον.</span> <span class='ocrx_word' id='word_1_815' title='bbox 460 5571 481 5584; x_wconf 77' lang='grc' dir='ltr'><strong>υ</strong></span> <span class='ocrx_word' id='word_1_816' title='bbox 520 5571 865 5623; x_wconf 76' lang='grc' dir='ltr'>ιιμνησυην.</span> <span class='ocrx_word' id='word_1_817' title='bbox 894 5571 947 5609; x_wconf 89' lang='lat' dir='ltr'><strong>In</strong></span> <span class='ocrx_word' id='word_1_818' title='bbox 983 5571 1129 5610; x_wconf 81' lang='lat' dir='ltr'><strong>texm</strong></span> <span class='ocrx_word' id='word_1_819' title='bbox 1164 5571 1326 5615; x_wconf 78' lang='lat' dir='ltr'><strong>ﬂeor.</strong></span> <span class='ocrx_word' id='word_1_820' title='bbox 1362 5571 1416 5611; x_wconf 88' lang='lat' dir='ltr'><strong>II.</strong></span> <span class='ocrx_word' id='word_1_821' title='bbox 1452 5571 1487 5611; x_wconf 92' lang='lat' dir='ltr'><strong>l.</strong></span> <span class='ocrx_word' id='word_1_822' title='bbox 1519 5574 1625 5613; x_wconf 85' lang='lat' dir='ltr'><strong>met</strong></span> 
     </span>
     <span class='ocr_line' id='line_1_112' title="bbox 226 5624 1629 5699; baseline 0.006 -26"><span class='ocrx_word' id='word_1_823' title='bbox 226 5625 323 5676; x_wconf 80' lang='lat' dir='ltr'><strong>mei</strong></span> <span class='ocrx_word' id='word_1_824' title='bbox 348 5625 619 5691; x_wconf 69' lang='lat' dir='ltr'><strong>pulsantis</strong></span> <span class='ocrx_word' id='word_1_825' title='bbox 639 5624 961 5699; x_wconf 70' lang='lat' dir='ltr'><strong>(recordor).</strong></span> <span class='ocrx_word' id='word_1_826' title='bbox 989 5628 1197 5699; x_wconf 83' lang='lat' dir='ltr'><strong>Syrum.</strong></span> <span class='ocrx_word' id='word_1_827' title='bbox 1218 5627 1468 5697; x_wconf 81' lang='grc' dir='ltr'>ψαλμούς</span> <span class='ocrx_word' id='word_1_828' title='bbox 1506 5646 1629 5697; x_wconf 87' lang='grc' dir='ltr'>μου.</span> 
     </span>
    </p>
   </div>
   <div class='ocr_carea' id='block_1_112' title="bbox 460 5554 2009 5629">
    <p class='ocr_par' dir='ltr' id='par_1_112' title="bbox 460 5554 2009 5629">
     <span class='ocr_line' id='line_1_113' title="bbox 460 5554 2009 5629; baseline 0.007 -25"><span class='ocrx_word' id='word_1_829' title='bbox 460 5554 481 5584; x_wconf 80' lang='grc'><strong>⁸</strong></span> <span class='ocrx_word' id='word_1_830' title='bbox 506 5554 865 5629; x_wconf 56' lang='grc' dir='ltr'>Ἐμνήσθηνῇ.</span> <span class='ocrx_word' id='word_1_831' title='bbox 894 5557 947 5629; x_wconf 84' lang='lat' dir='ltr'><strong>In</strong></span> <span class='ocrx_word' id='word_1_832' title='bbox 983 5564 1129 5629; x_wconf 81' lang='lat' dir='ltr'><strong>textu</strong></span> <span class='ocrx_word' id='word_1_833' title='bbox 1164 5554 1326 5629; x_wconf 78' lang='lat' dir='ltr'><strong>Hebr.</strong></span> <span class='ocrx_word' id='word_1_834' title='bbox 1360 5558 1429 5629; x_wconf 81' lang='lat' dir='ltr'><strong>lt._</strong></span> <span class='ocrx_word' id='word_1_835' title='bbox 1452 5560 1487 5611; x_wconf 93' lang='lat' dir='ltr'><strong>l.</strong></span> <span class='ocrx_word' id='word_1_836' title='bbox 1519 5554 1710 5629; x_wconf 81' lang='lat' dir='ltr'><strong>incipit</strong></span> <span class='ocrx_word' id='word_1_837' title='bbox 1734 5561 1929 5616; x_wconf 91' lang='lat' dir='ltr'><strong>versic.</strong></span> <span class='ocrx_word' id='word_1_838' title='bbox 1958 5562 2009 5615; x_wconf 83' lang='grc'><strong>7.</strong></span> 
     </span>
    </p>
   </div>
   <div class='ocr_carea' id='block_1_113' title="bbox 2119 5554 3472 5627">
    <p class='ocr_par' dir='ltr' id='par_1_113' title="bbox 2119 5554 3472 5627">
     <span class='ocr_line' id='line_1_114' title="bbox 2119 5554 3472 5627; baseline -0.008 -11"><span class='ocrx_word' id='word_1_839' title='bbox 2119 5554 2650 5627; x_wconf 53' lang='grc' dir='ltr'>θΚαῖἐῂελέτησα.</span> <span class='ocrx_word' id='word_1_840' title='bbox 2694 5554 2854 5627; x_wconf 82' lang='lat' dir='ltr'><strong>Hebr.</strong></span> <span class='ocrx_word' id='word_1_841' title='bbox 2895 5556 3472 5627; x_wconf 63' lang='lat' dir='ltr'><strong>tmtn,__iustruntenti</strong></span> 
     </span>
    </p>
   </div>
   <div class='ocr_carea' id='block_1_114' title="bbox 1711 5618 3471 5687">
    <p class='ocr_par' dir='ltr' id='par_1_114' title="bbox 1711 5618 3471 5687">
     <span class='ocr_line' id='line_1_115' title="bbox 1711 5618 3471 5687; baseline -0.004 -4"><span class='ocrx_word' id='word_1_842' title='bbox 1711 5630 1752 5660; x_wconf 84' lang='grc'><strong>¹⁰</strong></span> <span class='ocrx_word' id='word_1_843' title='bbox 1775 5631 1898 5684; x_wconf 89' lang='lat' dir='ltr'><strong>cod.</strong></span> <span class='ocrx_word' id='word_1_844' title='bbox 1929 5632 1963 5685; x_wconf 81' lang='grc'>2</span> <span class='ocrx_word' id='word_1_845' title='bbox 1994 5632 2205 5686; x_wconf 75' lang='grc' dir='ltr'>ἔλαϐον.</span> <span class='ocrx_word' id='word_1_846' title='bbox 2282 5618 2470 5685; x_wconf 72' lang='grc' dir='ltr'><strong>¹¹’Βες.</strong></span> <span class='ocrx_word' id='word_1_847' title='bbox 2498 5618 2660 5683; x_wconf 77' lang='lat' dir='ltr'><strong>lectio</strong></span> <span class='ocrx_word' id='word_1_848' title='bbox 2681 5636 2763 5681; x_wconf 86' lang='lat' dir='ltr'><strong>est</strong></span> <span class='ocrx_word' id='word_1_849' title='bbox 2791 5626 3069 5679; x_wconf 80' lang='grc' dir='ltr'>ἐσκαλλον.</span> <span class='ocrx_word' id='word_1_850' title='bbox 3093 5623 3252 5679; x_wconf 89' lang='lat' dir='ltr'><strong>Hebr.</strong></span> <span class='ocrx_word' id='word_1_851' title='bbox 3274 5618 3471 5687; x_wconf 62' lang='lat' dir='ltr'><strong>ipsum,</strong></span> 
     </span>
    </p>
   </div>
   <div class='ocr_carea' id='block_1_115' title="bbox 226 5692 1790 5775">
    <p class='ocr_par' dir='ltr' id='par_1_115' title="bbox 226 5692 1790 5775">
     <span class='ocr_line' id='line_1_116' title="bbox 226 5692 1790 5775; baseline 0.005 -31"><span class='ocrx_word' id='word_1_852' title='bbox 226 5703 274 5775; x_wconf 70' lang='grc' dir='ltr'><strong>ςι</strong></span> <span class='ocrx_word' id='word_1_853' title='bbox 300 5692 759 5775; x_wconf 56' lang='lat' dir='ltr'><strong>peram-utaentur.</strong></span> <span class='ocrx_word' id='word_1_854' title='bbox 841 5696 883 5775; x_wconf 73' lang='lat'><strong>‘_’_</strong></span> <span class='ocrx_word' id='word_1_855' title='bbox 1129 5692 1479 5775; x_wconf 51' lang='lat' dir='ltr'><strong>Sic&#39;qtroquf</strong></span> <span class='ocrx_word' id='word_1_856' title='bbox 1506 5692 1740 5775; x_wconf 69' lang='lat' dir='ltr'><strong>Syrum,</strong></span> <span class='ocrx_word' id='word_1_857' title='bbox 1771 5716 1790 5775; x_wconf 70' lang='grc' dir='ltr'><strong><em>ς</em></strong></span> 
     </span>
    </p>
   </div>
   <div class='ocr_carea' id='block_1_116' title="bbox 1896 5692 3477 5775">
    <p class='ocr_par' dir='ltr' id='par_1_116' title="bbox 1900 5692 3477 5775">
     <span class='ocr_line' id='line_1_117' title="bbox 1900 5692 3477 5775; baseline -0.004 -20"><span class='ocrx_word' id='word_1_858' title='bbox 1900 5702 2059 5759; x_wconf 85' lang='lat' dir='ltr'><strong>habet</strong></span> <span class='ocrx_word' id='word_1_859' title='bbox 2081 5700 2417 5775; x_wconf 87' lang='grc' dir='ltr'>ἀνηρεύνων.</span> <span class='ocrx_word' id='word_1_860' title='bbox 2497 5700 2541 5731; x_wconf 79' lang='grc'><strong>’³</strong></span> <span class='ocrx_word' id='word_1_861' title='bbox 2567 5698 2688 5754; x_wconf 86' lang='lat' dir='ltr'><strong>cod.</strong></span> <span class='ocrx_word' id='word_1_862' title='bbox 2719 5698 2755 5751; x_wconf 71' lang='grc'>2</span> <span class='ocrx_word' id='word_1_863' title='bbox 2793 5692 3068 5762; x_wconf 73' lang='grc' dir='ltr'>ἐκάλεσεν,</span> <span class='ocrx_word' id='word_1_864' title='bbox 3100 5711 3170 5752; x_wconf 76' lang='lat' dir='ltr'><strong>ex</strong></span> <span class='ocrx_word' id='word_1_865' title='bbox 3193 5710 3377 5751; x_wconf 80' lang='lat' dir='ltr'><strong>errore</strong></span> <span class='ocrx_word' id='word_1_866' title='bbox 3405 5694 3477 5749; x_wconf 75' lang='lat' dir='ltr'><strong>li-</strong></span> 
     </span>
    </p>
   </div>
   <div class='ocr_carea' id='block_1_117' title="bbox 229 5762 1895 5835">
    <p class='ocr_par' dir='ltr' id='par_1_117' title="bbox 229 5762 1895 5835">
     <span class='ocr_line' id='line_1_118' title="bbox 229 5762 1895 5835; baseline 0.005 -18"><span class='ocrx_word' id='word_1_867' title='bbox 229 5762 415 5830; x_wconf 82' lang='lat' dir='ltr'><strong>brarii,</strong></span> <span class='ocrx_word' id='word_1_868' title='bbox 449 5775 509 5818; x_wconf 90' lang='lat' dir='ltr'><strong>ut</strong></span> <span class='ocrx_word' id='word_1_869' title='bbox 542 5766 772 5819; x_wconf 78' lang='lat' dir='ltr'><strong>\idetur.</strong></span> <span class='ocrx_word' id='word_1_870' title='bbox 852 5768 895 5798; x_wconf 75' lang='lat'>&quot;</span> <span class='ocrx_word' id='word_1_871' title='bbox 924 5762 1076 5835; x_wconf 60' lang='lat' dir='ltr'><strong>&quot;pec</strong></span> <span class='ocrx_word' id='word_1_872' title='bbox 1116 5762 1403 5832; x_wconf 63' lang='grc' dir='ltr'>ἐμαυτόν.</span> <span class='ocrx_word' id='word_1_873' title='bbox 1432 5762 1567 5825; x_wconf 75' lang='grc' dir='ltr'><strong>Ι)εεῖ</strong></span> <span class='ocrx_word' id='word_1_874' title='bbox 1606 5771 1658 5824; x_wconf 91' lang='lat' dir='ltr'><strong>iu</strong></span> <span class='ocrx_word' id='word_1_875' title='bbox 1688 5762 1811 5826; x_wconf 51' lang='lat' dir='ltr'><strong>ced&#39;.</strong></span> <span class='ocrx_word' id='word_1_876' title='bbox 1842 5770 1895 5826; x_wconf 75' lang='grc'><strong>2.</strong></span> 
     </span>
    </p>
   </div>
  </div>
