3936 6486
220 352 359 417 1485

1490 348 1579 409 ΙΝ
1620 345 1828 407 PSAL-
1870 343 2162 407 LXXVII.

3333 341 3467 408 1486

219 468 609 542 παρέπεμψαν.
650 466 821 521 Τοῦτο
867 465 1007 529 δέ⁵⁹,
1064 464 1252 536 φησὶν,
1298 462 1518 517 ἐποίουν
1560 460 1638 531 τῷ
1674 458 1798 529 θείῳ

1910 461 2109 529 inquit,
2150 458 2420 523 fecerunt,
2466 457 2666 513 divinae
2709 458 2811 529 legi
2861 459 3324 529 obtemperantes.
3357 462 3469 518 lloc

221 560 539 631 πειθόμενοι
572 558 742 626 νόμῳ.
779 555 952 610 Τοῦτο
982 556 1093 627 γὰρ
1118 556 1372 626 ἐπήγαγε
1393 569 1408 585 ο

286 679 350 725 ε’.
398 688 419 720 ι
449 671 559 722 Καὶ
595 667 864 735 ἀνέστησε
904 667 1209 737 μαρτύριον
1246 667 1304 718 ἐν
1334 663 1551 726 Ἰακὼϐ,
1583 662 1680 717 καί¹
1713 663 1799 716 νό-

219 780 320 834 μον
346 760 501 819 ἔθετο
531 760 587 811 ἐν
620 759 860 830 Ἰσραήλ.
894 777 911 809 ι
948 758 1288 825 Μαρτὺριον
1318 758 1474 811 καλεῖ
1509 757 1606 829 τὴν
1644 759 1700 808 ἐν
1728 757 1794 826 τῇ

213 853 410 923 ἐρήμῳ
434 852 701 917 παγεῖσαν
734 849 959 921 σκηνὴν,
988 850 1063 912 ώς
1084 849 1314 919 ἔχουσαν
1340 850 1440 913 τὰς
1466 849 1680 911 πλάκας
1700 847 1795 900 τοῦ

215 942 548 1014 μαρτυρίου.
579 942 685 995 Τὸν
719 941 828 1013 γὰρ
856 944 1064 1011 νόμον,
1103 943 1181 1006 ὡς
1220 943 1323 1014 ήδη
1362 942 1795 1013 προειρήκαμεν,

214 1033 311 1086 καὶ
336 1032 561 1095 ἐντολάς
590 1032 768 1094 καλεῖ,
809 1032 905 1086 καὶ
938 1033 1239 1103 μαρτύρια,
1282 1033 1378 1087 καὶ
1404 1031 1671 1103 κρίματα,
1704 1032 1798 1084 καὶ

215 1121 565 1193 δικαιώματα
586 1141 602 1154 ·
638 1126 734 1177 καὶ
761 1123 922 1178 τοῦτο
961 1124 1297 1197 σαφέστερον
1330 1126 1461 1194 ἡμῖν
1494 1123 1709 1195 εἴρηται
1739 1123 1797 1174 ἐν

212 1216 291 1286 τῷ
318 1213 387 1285 ιη’
408 1215 627 1287 ψαλμῷ.
658 1235 676 1266 ι
700 1216 841 1269 Ὅσα
863 1216 1171 1270 ἐνετείλατο
1191 1219 1305 1280 τοῖς
1327 1217 1599 1286 πατράσιν
1617 1214 1793 1286 ήμῶν,

212 1309 307 1362 τοῦ
333 1309 605 1379 γνωρίσαι
639 1308 781 1361 αὐτὰ
804 1311 918 1373 τοῖς
948 1310 1086 1372 υἱοῖς
1116 1308 1319 1362 αὐτῶν.
1354 1326 1373 1360 ι
1418 1307 1611 1371 Τοῦτο,
1638 1306 1792 1375 φησὶ,

212 1402 301 1457 διὰ
347 1402 454 1471 τῆς
502 1400 825 1471 νομοθεσίας
874 1399 1091 1469 ἐκείνης
1135 1398 1599 1470 παρεκελεύσατο,
1652 1397 1794 1450 ὥστε

213 1494 470 1566 καθάπερ
525 1494 649 1548 τινὰ
695 1494 993 1565 κλῆρον⁸⁸,
1037 1494 1138 1565 τὴν
1188 1492 1295 1546 τῶν
1359 1492 1651 1564 θαυμάτων
1714 1491 1796 1543 δι-

214 1591 421 1660 ήγησιν
487 1587 859 1659 παραπέμψαι
915 1588 1044 1650 τοὺς
1098 1586 1343 1656 πατέρας
1383 1586 1461 1649 εἰς
1524 1585 1650 1647 τοὺς
1706 1585 1798 1636 ἐκ-

212 1679 432 1746 γόνους.

284 1778 360 1838 ς-’.
404 1789 425 1824 ι
456 1771 649 1834 Ὅπως
678 1770 744 1824 ἂν
765 1770 878 1841 γνῷ
907 1769 1072 1838 γενεά
1102 1770 1285 1841 ἑτέρα,
1312 1768 1419 1823 υἱοὶ
1448 1769 1498 1822 οί
1530 1767 1797 1839 τεχθησό-

216 1881 370 1936 μενοι
398 1865 496 1918 καὶ
526 1865 947 1934 ἀναστήσονται,
972 1865 1066 1917 καὶ
1090 1860 1496 1932 ἀπαγγελοῦσιν
1520 1860 1660 1915 αὐτὰ
1680 1864 1797 1926 τοῖς

216 1958 351 2020 υἱοῖς
380 1957 584 2011 αὐτῶν.
619 1976 638 2009 ι
695 1954 854 2010 Οὕτω
888 1956 997 2027 γάρ
1024 1949 1172 2009 οὗτοι
1206 1955 1358 2027 παρὰ
1395 1955 1504 2009 τῶν
1543 1956 1796 2027 πατέρων

213 2050 388 2103 ταῦτα
426 2048 833 2119 μεμαθηκότες,
861 2048 1026 2102 πάλιν
1057 2050 1173 2113 τοῖς
1198 2047 1255 2114 ἐξ
1284 2047 1467 2101 αὐτῶν
1494 2048 1594 2118 τὴν
1627 2049 1796 2119 αὐτὴν

215 2139 566 2195 διδασκαλίαν
622 2138 996 2211 προσέφερον,
1057 2139 1153 2192 καὶ
1216 2139 1451 2211 άληστος
1500 2140 1534 2209 ή
1589 2137 1795 2192 τούτων

218 2233 599 2301 διεφυλάττετο
656 2232 848 2304 μνήμη
879 2246 894 2262 ο
951 2232 1047 2285 καὶ
1090 2230 1176 2296 τίς
1223 2232 1253 2284 ό
1300 2231 1400 2302 τῆς
1446 2230 1797 2295 διδασκαλίας

219 2327 430 2395 καρπός
453 2343 468 2390 ;
1175 2314 1182 2321 ’

284 2418 348 2484 ζ’.
395 2438 415 2470 ι
447 2416 562 2470 Ἰνα
593 2416 799 2471 θῶνται
831 2416 923 2470 ἐπὶ
945 2416 1039 2469 τὸν
1066 2415 1201 2470 Θεὸν
1234 2414 1334 2488 τὴν
1361 2415 1555 2470 ἐλπίδα
1575 2415 1758 2470 αὐτῶν
1777 2433 1792 2448 ο

219 2513 308 2567 καὶ
333 2511 411 2583 μὴ
437 2510 807 2564 ἐπιλάθωνται
834 2509 944 2563 τῶν
976 2508 1153 2581 ἔργων
1176 2507 1341 2562 αὐτοῦ
1359 2507 1426 2569 ⁸³,
1460 2510 1554 2563 καὶ
1582 2509 1681 2573 τὰς
1712 2512 1798 2563 ὲν-

218 2606 373 2667 me;
399 2603 569 2659 αὐτοῦ
607 2604 971 2671 ἐκζητήσωσι.
1003 2620 1024 2655 ι
1068 2601 1453 2665 Μανθάνοντες
1469 2602 1517 2634 ⁸⁸
1550 2602 1661 2673 γάρ
1696 2604 1797 2672 τὴν

217 2698 309 2752 τοῦ
342 2694 483 2749 Θεοῦ
519 2694 774 2765 δύναμιν,
815 2693 909 2747 καὶ
936 2693 1083 2756 ὅπως
1114 2692 1264 2763 αὐτῷ
1296 2693 1368 2747 τὰ
1393 2692 1575 2763 ἀγαθὰ
1619 2694 1797 2749 ποιεῖν

217 2790 434 2845 ἅπαντα
489 2786 701 2859 ῥᾴδιον,
736 2783 962 2855 βεϐαίαν
1010 2785 1303 2857 κτήσονται
1347 2783 1448 2856 τὴν
1500 2784 1583 2847 είς
1633 2782 1798 2836 αὑτὸν

215 2879 441 2933 artior
491 2879 591 2931 καὶ
615 2877 729 2936 τοῖς
768 2875 859 2929 ὑπ’
896 2874 1063 2929 αὑτοῦ
1101 2874 1339 2929 τεθεῖσιν
1366 2872 1797 2946 ἀκολουθήσουσι

218 2972 423 3041 νόμοις.

284 3070 355 3133 η’.
389 3080 410 3115 ι
436 3064 557 3118 ἰνα
584 3062 657 3134 μὴ
679 3060 943 3131 γένωνται
965 3057 1041 3122 ὡς
1072 3057 1122 3110 οί
1145 3056 1384 3128 πατέρες
1408 3056 1608 3123 αὐτῶν,
1634 3054 1799 3125 γενεὰ

1900 555 2047 610 enim
2080 552 2328 609 subdidit
2356 570 2370 606 :

1971 668 2140 722 Vens.
2185 668 2240 721 5.
2287 686 2305 719 ι
2346 666 2409 721 Ει
2439 667 2726 722 suscitavit
2753 668 3124 723 testimonium
3158 670 3211 723 in
3241 669 3467 732 Jacobo.

1898 767 1954 812 et
1989 758 2162 827 legem
2192 756 2376 827 posuit
2409 757 2460 810 in
2499 756 2756 811 lsraele.»
2785 755 3165 811 Testimonium
3200 767 3358 813 vocat
3388 773 3468 812 ta-

1898 856 2253 910 bernaculum
2304 854 2356 907 in
2397 855 2693 909 solitudine
2719 864 2984 917 erectum,
3025 864 3280 925 tanquam
3314 857 3451 911 tabur

1900 950 1981 1003 las
2034 947 2336 1001 testimonii
2385 947 2613 1002 habens.
2657 945 2792 1001 Nam
2845 947 3026 1017 legem,
3079 957 3138 1002 ut
3188 950 3299 1019 jam
3347 960 3471 1005 ante

1899 1040 2160 1105 diximus,
2189 1049 2242 1094 et
2268 1048 2535 1109 pnecepta
2574 1048 2752 1104 vocat,
2789 1048 2843 1093 et
2880 1042 3219 1111 testimonia,
3247 1043 3459 1113 etjudi-

1898 1132 2005 1197 cia,
2034 1140 2087 1185 et
2118 1132 2540 1201 iustificationes
2575 1148 2588 1184 :
2639 1132 2785 1201 quod
2829 1132 3071 1202 apertius
3113 1149 3141 1187 a
3187 1134 3344 1188 nobis
3386 1136 3470 1189 di-

1898 1234 2044 1278 ctum
2078 1232 2162 1278 est
2193 1223 2247 1277 in
2292 1224 2503 1293 psalmo
2539 1240 2694 1278 xvm.
2745 1242 2763 1275 ι
2802 1223 3153 1295 Quaecunque
3196 1227 3472 1282 mandavit

1898 1315 2148 1385 patribus
2192 1316 2401 1370 nostris
2440 1324 2567 1369 nota
2606 1315 2785 1371 facere
2823 1333 2887 1372 ea
2930 1318 3054 1373 liliis
3090 1321 3228 1374 suis.
3270 1339 3290 1373 ι
3332 1320 3467 1385 lloc,

1899 1408 2099 1485 inquit,
2143 1421 2238 1475 per
2271 1406 2416 1460 illam
2461 1407 2859 1477 legislationem
2889 1408 3075 1477 jussit,
3122 1419 3181 1464 ut
3218 1422 3469 1480 parentes

1900 1498 2045 1553 hanc
2094 1499 2486 1553 miraculorum
2529 1499 2926 1562 narrationem,
2959 1503 3125 1557 veluti
3176 1507 3466 1573 quamdam

1899 1589 2295 1658 haereditatem,
2331 1591 2564 1661 posteris
2594 1593 3052 1648 transmitterem.

1969 1769 2162 1825 ‘Vens.
2237 1770 2291 1825 6.
2337 1789 2357 1823 ι
2396 1769 2466 1826 Ut
2494 1782 2790 1841 cognoscat
2827 1774 3109 1843 generatio
3147 1774 3340 1838 altera,
3373 1776 3468 1832 lilii

1900 1861 1993 1931 qui
2026 1872 2326 1917 nascentur
2356 1872 2410 1917 et
2439 1873 2759 1934 exsurgent,
2792 1874 2846 1919 et
2880 1866 3185 1920 narrabunt
3222 1867 3311 1922 illa
3342 1868 3468 1923 ﬁliis

1896 1955 2033 2011 suis.
2075 1974 2093 2007 ι
2156 1954 2248 2010 Sic
2295 1956 2440 2010 enim
2494 1955 2572 2011 illi
2625 1971 2656 2011 a
2724 1958 3042 2026 parentibus
3094 1959 3210 2014 haec
3267 1961 3467 2024 edocti,

1897 2062 2094 2102 rursus
2133 2048 2380 2103 eamdem
2428 2049 2731 2105 doctrinam
2761 2050 2878 2105 suis
2921 2050 3045 2105 liliis
3079 2053 3383 2119 tradebant,
3415 2066 3470 2110 et

1898 2138 2093 2194 horum
2145 2140 2408 2195 memoria
2454 2153 2717 2211 perpetua
2762 2143 3198 2199 custodiebatur.
3246 2144 3310 2200 Et
3342 2147 3469 2216 quis

1896 2236 1982 2284 est
2012 2227 2276 2285 doctrinae
2307 2229 2559 2286 fructus?

1967 2402 2135 2461 Vens.
2176 2406 2230 2462 7.
2278 2426 2299 2460 ι
2344 2407 2418 2463 Ut
2463 2418 2671 2479 ponant
2725 2411 2781 2465 in
2828 2410 2941 2468 Deo
2989 2429 3140 2484 spem
3186 2431 3366 2483 suam,
3415 2430 3470 2474 et

1897 2511 2006 2551 non
2036 2498 2436 2555 obliviscantur
2455 2516 2682 2571 operum
2719 2503 2953 2571 Domini,
2984 2517 3039 2561 et
3064 2509 3314 2564 mandata
3346 2511 3467 2582 ejus

1897 2589 2207 2659 exquirant.
2234 2609 2253 2643 ι
2285 2590 2422 2647 Nam
2450 2591 2542 2649 Dei
2576 2595 2875 2664 potentiam
2906 2598 3202 2665 discentes,
3236 2608 3292 2655 et
3331 2618 3469 2673 quo-

1897 2681 2063 2737 modo
2115 2683 2190 2738 illi
2243 2683 2387 2741 bona
2441 2688 2627 2743 omnia
2675 2687 2858 2745 facere
2911 2691 3119 2763 1151
3167 2692 3327 2750 facile
3375 2696 3469 2762 sit,

1898 2775 2113 2832 firmam
2141 2793 2290 2849 spem
2320 2778 2375 2834 in
2407 2779 2587 2850 ipsum
2618 2782 2947 2852 concipient,
2978 2786 3233 2856 legesque
3258 2787 3327 2842 ab
3351 2786 3473 2858 ipso

1899 2870 2037 2927 latas
2063 2883 2382 2944 sequentur.

1970 3049 2137 3108 Vens.
2167 3052 2221 3108 8.
2261 3070 2281 3105 ι
2318 3051 2395 3108 Ne
2424 3052 2583 3120 ﬁant,
2616 3055 2757 3111 sicut
2786 3069 2970 3126 patres
2999 3074 3223 3125 eorum,
3250 3074 3475 3129 genera-

219 3155 410 3209 σκολιά
456 3156 551 3210 καὶ
606 3152 1144 3226 παραπικραίνουσα.
1188 3169 1207 3202 ι
1269 3148 1651 3213 Μανθάνοντες
1688 3148 1798 3220 γὰρ

1910 3140 1977 3198 tio
2006 3159 2169 3213 prava
2203 3156 2257 3199 et
2289 3160 2641 3216 exasperans.
2672 3165 2691 3199 ι
2729 3146 2863 3203 Nam
2889 3161 3175 3219 parentum
3201 3153 3471 3224 ingratum

220 3250 321 3304 τῶν
359 3250 615 3319 πατέρων
652 3249 751 3318 τὴν
796 3247 1090 3317 ἀχάριστον
1127 3245 1376 3316 γνώμην,
1420 3244 1517 3297 καὶ
1551 3245 1700 3307 ὅπως
1731 3246 1800 3317 τῇ

220 3342 532 3411 παραϐάσει
581 3340 677 3393 τοῦ
716 3340 882 3410 νόμου
933 3337 1024 3390 τὸν
1065 3336 1198 3389 Θεὸν
1234 3335 1496 3400 πολλάκις
1542 3336 1803 3403 ἐκίνησαν

221 3438 299 3499 εἰς
320 3435 517 3503 ὀργὴν,
547 3434 645 3502 τὴν
674 3431 900 3484 ἐκείνων
931 3428 1259 3497 φυλάξονται
1293 3428 1544 3498 μίμησιν.
1591 3447 1609 3479 ι
1637 3427 1801 3481 Γενεὰ

221 3528 336 3599 ἥτις
364 3527 430 3580 οὐ
464 3524 764 3578 κατεύθυνε
794 3522 892 3592 τὴν
930 3519 1160 3591 καρδίαν
1185 3518 1230 3549 ⁸⁷
1280 3518 1450 3588 αὐτῆς
1466 3518 1535 3582 ⁵’,
1570 3520 1665 3571 καὶ
1701 3519 1802 3572 οὐκ

220 3620 499 3686 ὲπιστώθη
530 3618 665 3689 μετὰ
692 3616 787 3669 τοῦ
812 3613 948 3668 Θεοῦ
972 3613 1031 3667 τὸ
1052 3611 1271 3682 πνεῦμα
1294 3612 1486 3681 αὐτῆς.
1515 3631 1534 3663 ι
1573 3612 1801 3664 Ἐκεῖνοι

221 3715 325 3785 γὰρ
346 3713 573 3785 βεϐαίαν
590 3711 635 3743 ⁸³
658 3710 755 3781 τὴν
778 3711 856 3773 είς
875 3708 966 3761 τὸν
989 3706 1121 3759 Θεὸν
1143 3706 1244 3759 οὐκ
1265 3705 1563 3775 ἐκτήσαντο
1584 3705 1768 3757 πίστιν
1784 3745 1800 3769 ,

223 3808 313 3879 τὴν
350 3807 571 3860 εὐθεῖαν
607 3805 705 3857 οὐκ
732 3801 1088 3871 ἐθελήσαντες
1126 3798 1353 3869 πορείαν
1386 3796 1625 3862 ὁδεῦσαι,
1666 3797 1802 3851 ἀλλὰ

224 3900 447 3970 γνώμην
508 3897 799 3968 ἐσχηκότες
847 3896 958 3957 τοῖς
1012 3893 1177 3955 θείοις
1234 3891 1654 3963 ἐναντιουμένην
1713 3891 1802 3944 θε-

224 3994 403 4055 σμοῖς.

260 4009 429 4139 μέἰῗκ
480 4081 601 4135 Υίοὶ
638 4075 879 4150 Ἐφραῒμ
928 4075 1257 4137 ἐντείνοντες
1274 4074 1319 4105 ⁵³
1363 4071 1459 4126 καὶ
1518 4072 1802 4143 βάλλοντες

224 4178 416 4244 τόξοις.
470 4171 820 4242 ἐστράφησαν
854 4171 912 4222 ὲν
959 4168 1144 4239 ἡμέρᾳ
1188 4165 1447 4236 πολέμου.
1494 4185 1512 4216 ι
1566 4164 1679 4234 Τῆς
1706 4164 1798 4217 τοῦ

236 4268 478 4341 Ἐφραῖμ
502 4265 672 4336 φυλῆς
695 4262 1057 4333 διαφερόντως
1078 4261 1394 4327 κατηγορεῖ,
1424 4257 1500 4321 ώς
1525 4259 1653 4329 περὶ
1672 4256 1801 4310 πολ-

224 4362 313 4416 λοῦ
350 4358 731 4431 ποιησαμένης
754 4355 865 4408 τῶν
889 4353 1121 4408 εἰδώλων
1149 4351 1246 4421 τὴν
1280 4349 1576 4422 θεραπείαν
1596 4364 1611 4379 ·
1643 4347 1801 4401 τοῦτο

1904 3235 2147 3290 animum
2183 3237 2478 3303 discentes,
2507 3249 2561 3293 ct
2598 3242 2878 3308 quomodo
2900 3243 2970 3297 ob
3001 3243 3132 3314 legis
3168 3255 3473 3318 transgres-

1902 3326 2115 3383 sionem
2150 3328 2319 3385 Deum
2350 3331 2549 3400 saepius
2593 3333 2950 3400 irritaverint,
2989 3336 3058 3391 ab
3099 3337 3315 3393 illorum
3349 3341 3474 3394 imi-

1902 3421 2112 3477 tatione
2143 3424 2246 3478 sibi
2280 3424 2568 3479 cavebunt.
2615 3445 2634 3477 ι
2671 3425 2964 3484 Generatio
2991 3446 3114 3500 quae
3142 3448 3248 3487 non
3277 3434 3478 3491 direxit

1902 3527 1999 3567 cor
2052 3528 2245 3579 suum,
2291 3523 2345 3569 et
2391 3531 2500 3571 non
2556 3516 2730 3574 fidelis
2784 3519 2887 3580 fuit
2931 3536 3056 3576 cum
3096 3524 3205 3580 Deo
3253 3526 3478 3596 spiritus

1901 3605 2041 3674 ejus.
2080 3625 2098 3658 ι
2136 3607 2216 3661 llli
2246 3608 2393 3663 enim
2436 3610 2648 3664 lirmam
2689 3612 2848 3667 tidem
2908 3630 3017 3670 non
3067 3616 3380 3674 habuerunt
3421 3621 3477 3675 in

1903 3694 2097 3763 Deum,
2122 3705 2271 3751 recto
2297 3700 2514 3754 tramite
2542 3700 2794 3757 incedere
2824 3704 3093 3772 nolentes,
3122 3708 3216 3763 sed
3240 3718 3476 3764 mentem

1901 3786 2100 3842 divinis
2127 3789 2361 3847 decretis
2387 3796 2723 3849 contrariam
2755 3795 3042 3853 habentes.

1972 4058 2136 4114 Vens.
2168 4058 2221 4114 9.
2269 4077 2288 4111 ι
2326 4058 2449 4115 Filii
2504 4060 2761 4131 Ephraim
2806 4064 3157 4122 intendentes
3184 4105 3201 4131 ,
3250 4075 3307 4123 et
3351 4068 3480 4123 mit-

1902 4161 2075 4208 tentes
2113 4154 2352 4208 arcuhus
2378 4196 2394 4218 ,
2430 4156 2679 4211 conversi
2718 4166 2847 4212 sunt
2884 4159 2972 4213 die
3009 4160 3155 4215 belli.
3188 4180 3207 4211 ι
3252 4159 3480 4219 Tribnm

1900 4245 2158 4315 Ephraim
2216 4248 2561 4317 potissimum
2609 4242 2874 4317 accusat,
2925 4262 2985 4308 ut
3031 4271 3154 4324 qua:
3206 4255 3478 4313 idolorum

1901 4338 2070 4393 cultui
2096 4339 2151 4393 in
2172 4340 2365 4409 primis
2377 4341 2558 4396 dedita
2579 4341 2697 4396 fuit.
2727 4341 2842 4399 Hoc
2859 4345 3005 4399 enim
3028 4344 3283 4403 Judicum
3314 4349 3478 4402 etiam

224 4456 331 4527 γὰρ
363 4457 462 4509 καὶ
493 4456 528 4524 ή
559 4451 668 4506 τῶν
714 4448 930 4520 Κριτῶν
957 4448 1105 4518 ἡμᾶς
1144 4445 1353 4517 ἱστορία
1399 4444 1660 4506 διδάσκει,
1705 4444 1798 4496 καὶ

1910 4434 2127 4489 historia
2156 4450 2255 4489 nos
2290 4434 2489 4500 docet,
2526 4446 2580 4490 et
2614 4437 2807 4493 tertius
2841 4436 3151 4509 Regnorum
3191 4441 3345 4496 liber.
3376 4442 3480 4511 Ipsi

225 4508 451 4619 {4pm,
477 4508 586 4599 tti
614 4508 930 4596 Βασιλειῶν.
969 4508 1137 4595 λύτοὶ
1172 4508 1282 4607 γάρ
1311 4537 1545 4607 ἔστησαν
1572 4537 1670 4598 τάς
1698 4535 1793 4588 δα»

1910 4526 2052 4581 enim
2098 4526 2364 4597 juvencas
2405 4529 2844 4596 constituerunt,
2892 4541 2944 4586 et
2986 4547 3179 4588 novem
3229 4534 3403 4589 tribus
3448 4550 3478 4589 a

225 4638 444 4708 μάλεις·
477 4634 691 4702 καὶτῆς
720 4632 864 4686 κατὰ
885 4631 1047 4701 νόμον
1077 4628 1332 4700 λατρείας
1358 4629 1673 4699 ἀπέστησαν
1701 4629 1798 4691 τὰς

1910 4621 2055 4677 cultu
2086 4621 2385 4676 secundum
2416 4622 2589 4693 legem
2623 4623 2927 4678 desciscere
2973 4624 3220 4680 fecerunt
3243 4665 3259 4688 ,
3307 4634 3361 4681 et
3400 4628 3483 4682 sic

222 4729 381 4782 ἐννέα
411 4726 585 4797 φυλάς
607 4742 622 4758 ο
674 4725 768 4778 καὶ
794 4723 938 4777 οὕτω
953 4724 998 4756 ⁸ο
1033 4722 1132 4793 τῆς
1167 4723 1520 4784 ἀποστάσεως
1553 4722 1798 4789 ἐγένοντο

1910 4713 2227 4770 defectionis
2256 4728 2507 4771 auctores
2537 4715 2774 4771 luerunt.
2823 4716 2939 4773 Hoc
2969 4718 3021 4771 in
3050 4718 3243 4787 primis
3288 4722 3476 4788 βιαινί-

223 4818 498 4889 πρόξενοι.
526 4815 694 4868 Τοῦτο
721 4815 957 4885 μάλιστα
988 4813 1278 4884 προορῶσα
1305 4813 1399 4865 τοῦ
1430 4812 1741 4882 Πνεύματος
1767 4814 1798 4884 ή

1910 4809 2045 4865 dens
2076 4807 2313 4878 Spiritus
2346 4811 2541 4879 gratia,
2575 4820 2816 4880 peccata,
2840 4826 2963 4880 quae
2994 4813 3233 4866 nondum
3267 4822 3481 4882 patrata

224 4911 423 4982 χάρις,
476 4909 578 4978 τῆς
630 4908 859 4977 μηδέπω
904 4907 1280 4978 γεγενημένης
1329 4906 1604 4976 ἁμαρτίας
1670 4923 1798 4959 κατ-

1910 4910 2081 4966 erant,
2113 4902 2312 4973 arguit,
2344 4902 2815 4955 accommodatum
2853 4902 2987 4971 ipsis
3026 4903 3317 4957 consilium
3354 4920 3482 4974 sug-

221 5006 449 5074 ηγορεῖο
484 5001 585 5071 τὴν
607 5000 989 5071 ἁρμόττουσαν
1020 5001 1204 5063 αὐτοῖς
1234 5000 1621 5069 προσφέρουσα
1664 5016 1798 5068 συμ-

1910 5009 2099 5066 gerens
2152 5012 2167 5050 :
2226 4995 2406 5048 sciens
2455 4994 2673 5062 quidem
2732 4994 2877 5064 ipsos
2913 4995 3335 5050 admonitionem
3372 5012 3481 5051 non

227 5092 427 5171 ϐουλήν
445 5107 461 5121 ⁸
506 5091 677 5143 είδυῖα
705 5090 824 5160 μὲν,
864 5091 939 5154 ὡς
964 5092 1027 5143 οὐ
1062 5091 1305 5156 δέξονται
1337 5091 1437 5161 τὴν
1460 5091 1805 5162 παραίνεσιν,

229 5184 323 5257 τὴν
360 5185 755 5256 προσήκουσαν
800 5184 858 5237 δέ
894 5184 1044 5255 ὅμως
1096 5183 1363 5252 ὠφέλειαν
1400 5184 1807 5255 προσφέρουσα.

231 5280 499 5344 Διδάξασα
522 5277 580 5330 δὲ
616 5275 796 5333 αὐτῶν
824 5276 922 5349 τὴν
946 5275 1157 5350 ῥώμην,
1186 5278 1281 5331 καὶ
1312 5277 1410 5350 τὴν
1437 5276 1655 5349 τοξικὴν
1684 5278 1805 5330 ἐπι-

1910 5100 2272 5160 acceptnros,
2324 5097 2715 5160 congruentem
2777 5098 2958 5142 tamen
3009 5089 3296 5144 utilitatem
3349 5089 3484 5145 aﬂ‘e-

1910 5197 2061 5237 rens.
2096 5181 2231 5237 Cum
2268 5193 2451 5237 autem
2481 5181 2697 5235 illorum
2729 5181 2900 5235 robur
2921 5181 3219 5246 docuisset,
3248 5190 3302 5236 et
3327 5180 3485 5251 jacu-

1910 5275 2060 5331 landi
2094 5274 2363 5346 peritiam,
2393 5274 2739 5329 timiditatem
2764 5290 2983 5344 quoque
3011 5273 3309 5343 redarguit.
3340 5271 3487 5327 Con-

1295 5453 1532 5511 VARIIE
1564 5454 1953 5511 LECTIONES
1995 5453 2083 5508 ET
2123 5453 2357 5510 ΝΟΤᾸΕ.

302 5666 347 5697 ⁵³
380 5664 476 5719 Δέ.
521 5663 645 5719 cod.
667 5663 703 5715 2
734 5663 863 5732 γάρ.

239 5734 282 5764 ’⁸
312 5735 729 5797 Μανθάνοντες
770 5730 844 5776 ο-ὲ-
864 5732 1113 5802 νόμοις.Δ
1141 5731 1264 5787 Des.
1297 5732 1350 5786 in
1381 5730 1510 5802 cod.
1553 5731 1609 5787 2.

974 5662 1019 5693 ⁸³
1054 5659 1315 5734 Κλῇρον.
1357 5659 1480 5734 θοὰ.
1516 5659 1578 5734 2-
1602 5659 2038 5734 θάᾶηπατρῷον.

1714 5732 1760 5764 ⁸⁸
1794 5730 1917 5799 Τὴν
1936 5730 2208 5798 καρδίαν.
2253 5731 2386 5786 Rec.
2414 5732 2572 5785 lectio
2602 5739 2688 5784 est
2722 5730 2780 5782 ἐν
2809 5731 2877 5800 τῇ

2144 5658 2433 5715 ⁸⁸Αὐτσῦ.
2489 5656 2622 5715 Bec.
2678 5657 2838 5713 lectio
2884 5656 2940 5711 b.
2991 5656 3029 5710 l.
3062 5665 3149 5712 est
3183 5655 3278 5710 τοῦ
3326 5656 3482 5712 Θσοῦ.

2921 5728 3140 5798 καρδία.
3210 5728 3253 5760 ⁸⁷
3292 5732 3410 5785 cod.
3452 5729 3488 5781 2

238 5805 452 5874 ἑαυτῆς.
534 5803 581 5837 ⁸⁸
618 5794 891 5857 Βεϐαίαν.
933 5794 1059 5859 cod.
1090 5800 1126 5855 2
1163 5816 1349 5870 pmm.
1380 5801 1535 5872 φησί.
1627 5801 1673 5835 ⁸⁸
1696 5799 1798 5857 Ἐν

1910 5819 1949 5857 θ.
1975 5794 2135 5857 Hebr.
2171 5804 2333 5883 lpum
2359 5803 2580 5856 armati.
2661 5801 2705 5832 ⁶⁰
2741 5794 2929 5855 cod?!
2990 5794 3157 5854 οὗτοι.
