3936 6498
479 346 614 411 ηδτ
1494 333 1989 398 THEODORETI
2036 334 2374 397 EPISCOPI
2416 336 2784 398 CYRENSIS
3579 352 3695 417 1433

473 461 617 518 versi
654 468 779 515 sunt
824 454 970 511 enim
1012 452 1099 508 die
1136 450 1286 507 belli.
1337 449 1471 505 Nam
1522 450 1592 503 ob
1644 447 1928 503 scientiam
1981 447 2056 501 rei

2173 447 2261 515 στή
2272 463 2401 517 μην,
2426 448 2643 518 ἐλέγχει
2667 450 2759 507 καὶ
2779 450 2879 519 τὴν
2905 450 3125 506 δειλίαν.
3161 454 3527 529 Ἐστράφησαν
3551 465 3698 535 γὰριι

476 552 731 610 militaris
768 565 827 603 se
857 547 1185 607 eli'erentes,
1236 545 1521 612 ingruente
1564 541 1707 596 bello
1756 540 1811 594 in
1866 538 2051 609 fugam

2173 543 2216 590 tv
2250 539 2433 610 ἡμέρᾳ
2475 539 2712 609 πολέμου
2733 557 2747 570 ’
2791 543 3006 613 μεγάλα
3035 543 3144 615 γάρ
3157 545 3200 577 ⁸³
3233 546 3326 600 ἐπὶ
3366 553 3431 618 τῇ
3462 554 3700 628 πολεμικῇ

476 648 617 702 versi
653 652 801 700 sunt.
2156 633 2416 704 ἐμπειρίᾳ
2456 632 2804 705 φρονοῦντες,
2846 636 3088 707 πολέμου
3140 639 3399 707 φανέντος
3443 646 3699 714 ἐτρέποντο

2157 726 2238 779 είς
2274 726 2478 779 φυγήν.

550 829 714 883 Vsus.
752 828 841 883 10.
880 845 897 877 ι
928 824 1046 878 Non
1077 820 1462 877 custodierunt
1505 817 1717 888 1152
1752 826 2050 872 testamen-

2173 726 2238 789 είς
2317 743 2345 776 υ
2426 742 2478 779 ν.

2231 741 2310 872 tu?
2332 726 2499 873 «γὲὐκ
2529 820 2801 889 ἐφύλαξαν
2829 824 2928 893 τὴν
2953 823 3223 895 διαθήκην
3251 824 3346 878 τοῦ
3376 826 3526 891 Θεοῦ,
3559 833 3709 888 καὶέν

477 934 587 977 tum
632 921 760 985 Dei,
814 929 868 973 et
918 917 972 971 in
1013 916 1129 984 lege
1171 913 1292 983 ejus
1335 911 1628 965 noluerunt
1681 907 1989 963 ambulare.
2032 924 2051 959 ι

2173 910 2233 980 τῷ
2270 912 2420 983 νόμῳ
2491 914 2659 968 αὐτοῦ
2724 916 2826 969 οὐκ
2862 915 3239 989 ἐϐουλήθησαν
3255 918 3301 949 ⁸³
3333 920 3657 991 πορεύεσθαι.
3688 945 3705 979 ι

478 1015 673 1069 Mentis
704 1012 934 1066 liberum
980 1006 1270 1062 arbitrium
1312 1012 1462 1059 recte
1501 1000 1913 1057 demonstravit.
1949 996 2057 1051 No-

476 1111 697 1164 luerunt
722 1105 868 1163 enim
893 1142 907 1167 ,
938 1099 1153 1171 inquit,
1189 1097 1492 1153 secundum
1531 1095 1702 1165 legem
1729 1094 1932 1157 vivere,
1962 1106 2057 1146 ne-

476 1218 582 1272 que
603 1199 833 1270 legalem
864 1196 988 1251 vitae
1019 1194 1291 1248 rationem
1320 1189 1596 1262 amplecti.

550 1299 568 1315 '
596 1291 760 1346 Vsus.
800 1289 889 1344 H.
939 1306 956 1339 ι
990 1286 1058 1340 Ει
1096 1284 1248 1340 obliti
1294 1293 1423 1345 sunt
1464 1284 1601 1337 bene
1648 1281 1957 1344 factorum,
2004 1288 2060 1333 et

478 1383 810 1440 mirabilium
840 1381 961 1451 ejus
982 1422 996 1447 ,
1044 1394 1165 1451 qua:
1192 1377 1434 1433 ostendit
1465 1377 1564 1441 eis.
1601 1396 1621 1429 ι
1656 1374 1722 1428 Et
1760 1374 2057 1435 ostendens

472 1476 692 1548 quando
718 1474 833 1528 hinc
860 1472 1085 1536 iecerit,
1120 1468 1404 1539 subiunxit
1430 1488 1442 1523 :

544 1568 711 1622 Vsus.
742 1565 829 1618 12.
870 1584 888 1615 ι
923 1564 1122 1623 Coram
1154 1562 1398 1633 patribus
1431 1574 1621 1615 eorum
1652 1556 1781 1613 fecit
1831 1554 2059 1611 mirabi-

473 1660 569 1715 lia.
607 1680 625 1712 ›
680 1657 889 1713 Deinde
942 1664 1158 1725 tempus
1207 1664 1260 1708 et
1302 1654 1483 1708 locum
1520 1653 1884 1706 demonstrat.
1938 1666 1959 1702 ι
1999 1647 2057 1700 In

2158 1002 2357 1067 Καλῶς
2380 1004 2607 1077 ἐνέφηνε
2631 1006 2691 1060 τὸ
2713 1006 2812 1077 τῆς
2836 1007 3060 1081 γνώμης
3088 1008 3431 1079 αὐθαίρετον.
3461 1014 3566 1066 Οὐκ
3585 1016 3709 1070 ἐϐου-

2157 1095 2399 1165 λήθησαν
2426 1097 2554 1168 γὰρ,
2588 1100 2744 1170 φησὶ,
2781 1101 2923 1156 κατὰ
2948 1101 3111 1172 νόμον
3148 1101 3361 1172 βιῶναι,
3388 1103 3505 1159 οὐδὲ
3528 1106 3618 1177 τὴν
3642 1110 3711 1167 εν·

2159 1205 2321 1258 νομον
2341 1190 2697 1247 ἀσπάσασθαι
2726 1192 3024 1251 πολιτείαν.

2231 1289 2319 1338 ια’.
2369 1302 2387 1335 ι
2419 1286 2529 1338 Καὶ
2566 1285 2894 1341 ἐπελάθοντο
2942 1287 3054 1340 τῶν
3095 1288 3431 1360 εὐεργεσιῶν
3465 1292 3672 1346 αὐτούοδ
3697 1336 3710 1359 ,

2160 1377 2253 1430 καὶ
2279 1376 2391 1433 τῶν
2417 1377 2738 1449 Θαυμασίων
2766 1380 2955 1445 αὐτοῦ,
2987 1374 3063 1436 ὧν
3104 1380 3309 1447 ἔδειξεν
3337 1384 3535 1449 αὐτοῖς.
3564 1405 3581 1437 ι
3622 1390 3715 1444 Καὶ

2157 1468 2373 1533 δεικνὺς
2406 1471 2537 1523 πότε
2566 1470 2742 1525 ταῦτα
2771 1472 3092 1543 εἰργάσατο,
3123 1473 3408 1544 ἐπήγαγεν
3428 1491 3442 1505 ο

2235 1559 2324 1631 ιβ’.
2381 1581 2398 1612 ι
2430 1562 2707 1619 Ἐναντίον
2749 1564 2858 1617 τῶν
2910 1565 3166 1637 πατέρων
3210 1566 3393 1625 αὐτῶν
3441 1567 3477 1623 ἃ
3519 1569 3712 1638 ἐποίησε

2162 1653 2464 1723 θαυμάσια.
2518 1675 2536 1707 ι
2600 1652 2735 1711 Εἶτα
2771 1657 2863 1710 τὸν
2905 1659 3099 1729 χρόνον
3148 1657 3367 1711 καὶτὸν
3408 1660 3565 1713 τόπον
3592 1662 3715 1717 διδά-

475 1764 619 1806 terra
656 1747 900 1820 Egypti,
933 1747 987 1801 in
1021 1760 1219 1815 campo
1248 1742 1485 1799 Taueos.
1526 1762 1543 1794 ι
1578 1743 1780 1803 Οηωεε
1812 1742 1927 1796 haec
1961 1739 2056 1794 Dei

2173 1762 2284 1799 σκει
2309 1764 2324 1777 ο
2352 1765 2370 1796 ι
2402 1745 2492 1801 Ἐν
2515 1750 2587 1818 γῇ
2616 1747 2900 1819 Αἰγύπτῳ,
2926 1750 2983 1801 ἐν
3013 1748 3186 1819 πεδίῳ
3216 1750 3432 1812 Τάνεως
3446 1752 3510 1804 ⁵⁵.
3542 1772 3559 1804 i
3596 1753 3715 1807 Ταύ-

474 1842 738 1897 miracula
767 1840 820 1894 in
853 1838 1089 1910 [Egypto
1119 1836 1287 1901 edita,
1322 1851 1556 1906 quorum
1584 1842 1837 1905 parentes
1861 1848 2052 1893 eorum

476 1945 811 2007 spectatores
838 1931 1057 1988 fuerant
1082 1970 1098 1996 ,
1132 1945 1165 1986 θ
1192 1931 1457 1986 memoria
1492 1929 1824 1985 deleverant.

546 2113 713 2168 Vsus.
745 2112 832 2165 15.
869 2129 887 2163 ‹
920 2109 1171 2180 Perrupit
1201 2124 1352 2173 mare
1374 2152 1389 2177 ,
1417 2116 1471 2163 et
1495 2108 1753 2179 perduxit
1777 2121 1911 2162 eos:
1940 2118 2054 2169 sta-

482 2207 582 2261 tuit
628 2220 799 2275 aquas
849 2204 1010 2275 quasi
1060 2213 1258 2258 utrem.
1292 2222 1310 2255 i
1372 2202 1614 2265 lkeviter
1663 2199 2053 2255 miraculorum

478 2299 848 2353 narrationem
883 2296 1161 2359 instituit,
1212 2304 1267 2349 et
1310 2310 1341 2348 τι
1388 2294 1630 2348 maximo
1670 2306 1901 2347 exorsus
1948 2301 2053 2347 est.

478 2391 739 2445 Naturam
765 2390 909 2444 enim
936 2388 1151 2443 excedit
1173 2387 1341 2443 maris
1362 2385 1687 2441 miraculum
1706 2425 1721 2451 ,
1754 2394 1807 2440 et
1833 2384 1936 2439 iter
1962 2398 2057 2454 per

480 2483 615 2537 illud
641 2496 984 2539 concessum.
1024 2477 1159 2533 Nam
1207 2494 1379 2549 aquas
1406 2518 1421 2543 ,
1460 2494 1582 2549 qua:
1615 2486 1811 2532 natura
1853 2492 1953 2532 sua
1998 2477 2056 2531 in

480 2590 650 2646 prona
709 2574 1002 2639 deﬂuunt,
1043 2574 1306 2642 utrinque
1379 2570 1617 2625 ﬁrmavit
1670 2570 2054 2625 universorum

479 2669 641 2735 Deus,
669 2669 834 2724 verbo
861 2668 984 2723 illas
1002 2677 1259 2735 tanquam
1285 2667 1337 2719 in
1369 2676 1487 2721 utre
1507 2665 1744 2734 quodam
1771 2678 2052 2720 coercens.

478 2763 748 2829 Quoniam
797 2764 941 2817 enim
987 2761 1188 2815 utrium
1238 2767 1453 2815 textura
1490 2757 1752 2828 liquidam
1802 2769 2054 2813 naturam

479 2857 580 2909 rite
606 2862 786 2924 potest
810 2852 1113 2914 continere,
1147 2850 1341 2906 merito
1374 2852 1516 2904 lianc
1547 2850 1961 2905 similitudinem
1999 2851 2055 2905 in

481 2948 617 2999 mari
644 2945 820 3001 diviso
850 2945 1070 3015 posuit,
1104 2945 1400 2997 ostendens
1440 2942 1733 3010 potentiam
1779 2943 1931 2997 verbi
1972 2942 2055 2996 di-

479 3040 611 3093 vini.

553 3239 717 3293 Vens.
766 3238 852 3291 l4.
895 3258 913 3290 ι
943 3237 1009 3290 Et
1039 3237 1228 3291 eduxit
1264 3251 1360 3291 eos
1408 3236 1461 3289 in
1504 3236 1650 3290 nube
1695 3233 1929 3289 interdiu
1956 3277 1969 3301 ,
2004 3244 2058 3289 et

484 3344 593 3389 tota
646 3342 802 3389 nocte
855 3332 907 3386 in
961 3331 1361 3385 illuminatione
1418 3329 1580 3400 ignis.
1617 3348 1634 3378 ι
1688 3326 1825 3382 Nam
1883 3328 2058 3383 nubes

481 3429 670 3482 eadem
719 3426 957 3481 interdiu
995 3425 1129 3478 solis
1172 3423 1478 3479 molestiam
1514 3420 1845 3491 repellebat,
1900 3431 2059 3475 nocte

482 3536 610 3574 vero
640 3520 779 3591 ignis
806 3534 965 3574 usum
992 3517 1284 3587 praebebat.

554 3704 718 3759 Vsus.
752 3703 837 3757 l5.
871 3720 889 3753 ι
913 3702 1123 3771 Dirupit
1158 3700 1369 3771 1153
1395 3709 1603 3770 petram
1639 3699 1692 3753 in
1726 3697 1972 3763 deserto,
2006 3708 2057 3753 et

483 3816 623 3870 aqua
662 3797 869 3869 potavit
897 3812 993 3852 eos
1024 3796 1170 3850 velut
1218 3796 1416 3867 abysso
1459 3793 1647 3848 multa.
1682 3813 1703 3844 ι
1747 3791 1863 3847 Νοη
1909 3793 2056 3848 enim

483 3909 675 3962 parum
738 3891 972 3962 liquoris
1016 3891 1239 3953 eduxit,
1297 3889 1388 3944 sed
1443 3889 1685 3954 fontem,
1729 3888 1821 3959 qui
1870 3887 2058 3943 multis

481 3989 589 4044 illis
625 3988 864 4042 millibus
894 3987 1031 4042 satis
1062 3985 1185 4041 fuit.
1211 3985 1274 4038 Et
1307 3986 1407 4041 hoc
1441 3986 1683 4055 apertius
1712 4001 1805 4055 per
1828 4001 1912 4052 ea,
1937 4001 2058 4056 quae

482 4090 805 4148 sequuntur,
835 4079 1038 4133 docuit.

556 4172 717 4226 Vens.
751 4172 838 4224 l6.
879 4190 896 4220 ι
927 4169 993 4223 Et
1031 4170 1216 4223 eduxit
1245 4186 1447 4238 aquam
1480 4185 1510 4223 e
1546 4178 1697 4238 pctra
1725 4211 1738 4233 ,
1782 4184 1833 4225 ct
1870 4172 2058 4226 eduxit

483 4275 740 4333 tanquam
771 4262 995 4316 [lumina
1031 4277 1221 4331 aquas.
1262 4284 1279 4313 ι
1311 4264 1465 4333 Aqua
1500 4264 1643 4316 enim
1666 4306 1678 4328 ,
1708 4279 1830 4333 qua:
1870 4276 2056 4319 scatu-

482 4355 591 4417 riit,
620 4354 674 4407 in
706 4354 907 4407 multos
940 4353 1147 4406 rivulos
1173 4353 1344 4409 divisa
1374 4353 1495 4420 fuit,
1529 4354 1742 4409 facilen:
1770 4366 1823 4409 et
1853 4358 2056 4428 magni-

482 4450 638 4501 licam
672 4444 903 4515 gratiam
930 4441 1238 4499 sitientibus
1274 4447 1539 4515 przcbens.

2161 1856 2261 1902 τας
2293 1840 2534 1905 ἅπαντες
2551 1841 2597 1874 ⁸⁸
2628 1840 2724 1897 τοῦ
2756 1842 2890 1896 Θεοῦ
2922 1842 3021 1907 τάς
3053 1842 3518 1914 θαυματουργίας,
3556 1847 3643 1909 τὰς
3668 1851 3715 1901 ἐν

2161 1932 2425 2003 Αἰγύπτῳ
2460 1933 2854 2006 γεγενημένας,
2897 1927 2973 1991 ὧν
3003 1937 3052 1990 ei
3099 1936 3340 2007 πατέρες
3373 1938 3544 1993 αὐτῶν
3577 1941 3715 1997 αὐτό-

2163 2040 2293 2081 πται
2325 2026 2668 2096 γεγένηνται,
2700 2028 2801 2098 τῆς
2834 2028 3056 2099 μνήμης
3090 2027 3369 2093 ἐξέϐαλον.

2237 2115 2326 2184 ιγ’.
2392 2136 2409 2168 ι
2457 2116 2721 2189 Διὲρρηξε
2761 2117 3059 2183 Θάλασσαν,
3102 2122 3198 2173 καὶ
3228 2120 3487 2190 διήγαγεν
3523 2123 3713 2187 αὐτοὺς,

2163 2207 2513 2278 παρέστησεν
2527 2209 2569 2240 ⁸⁷
2596 2208 2768 2265 ὕδατα
2793 2209 2925 2263 ὡσεὶ
2951 2210 3120 2265 ἀσκόν
3139 2211 3206 2265 ⁸⁸.
3234 2229 3254 2261 ›
3282 2212 3559 2283 Συντόμως
3579 2217 3716 2271 ποιεῖ-

2162 2318 2254 2353 ται
2299 2301 2398 2370 τὴν
2425 2300 2537 2353 τῶν
2568 2300 2864 2371 θαυμάτων
2906 2301 3189 2371 διήγησιν,
3240 2303 3335 2356 καὶ
3379 2303 3439 2356 τὸ
3487 2306 3714 2375 μέγιστον

2161 2392 2271 2445 τῶν
2298 2392 2474 2451 ἄλλων
2508 2393 2826 2465 προέταξεν.
2869 2394 3181 2466 Ὑπερφυές
3214 2398 3325 2467 γάρ
3361 2399 3473 2451 ἐστι
3517 2402 3605 2469 τῆς
3642 2400 3713 2453 θα-

2162 2484 2368 2556 λάσσης
2412 2485 2473 2537 τὸ
2519 2484 2725 2557 θαῦμα,
2764 2487 2860 2541 καὶ
2893 2489 2926 2559 ἡ
2973 2488 3063 2542 διὰ
3096 2489 3307 2560 ταύτης
3340 2491 3713 2560 παρασχεθεῑσα

2165 2580 2383 2651 πορεία.
2422 2579 2535 2651 Τὴν
2565 2580 2678 2651 γὰρ
2721 2582 2818 2635 ἐπὶ
2859 2583 2920 2635 τὸ
2952 2583 3163 2654 πρανὲς
3207 2588 3408 2654 χωρεῖν
3445 2589 3714 2654 πεφυκυῖαν

2162 2675 2271 2729 τῶν
2289 2676 2332 2708 ⁸³
2363 2676 2574 2730 ὑδάτων
2603 2675 2769 2744 φύσιν
2789 2675 3019 2746 ἔστησεν
3054 2677 3399 2747 ἑκατέρωθεν
3428 2680 3456 2733 ὁ
3480 2679 3578 2733 τῶν
3598 2680 3714 2733 ὅλων

2161 2768 2315 2831 Θεὶς,
2366 2770 2618 2840 καθάπερ
2660 2771 2718 2822 ἐν
2764 2768 2917 2839 ἀσκῷ
2972 2786 3079 2822 τινι
3116 2770 3416 2843 καθείρξας
3459 2771 3533 2840 τῷ
3573 2772 3710 2842 λόγῳ.

2176 2861 2395 2932 Ἐπειδὴ
2428 2863 2537 2932 γὰρ
2562 2864 2597 2932 ἡ
2624 2862 2732 2916 τῶν
2758 2863 2943 2916 ἀσκῶν
2972 2865 3291 2935 κατασκευὴ
3320 2864 3555 2936 συνέχειν
3576 2867 3711 2937 ἀκρι-

2164 2954 2274 3018 ϐῶς
2309 2952 2407 3025 τὴν
2444 2955 2618 3025 ὑγρὰν
2655 2954 2879 3007 δύναται
2925 2955 3110 3025 φύσιν,
3160 2957 3389 3021 εἰκότως
3423 2958 3610 3027 ταύτην
3637 2959 3713 3010 ἐπὶ

2162 3046 2263 3116 τῆς
2293 3046 2660 3118 διαιρεθείσης
2679 3047 2725 3078 ⁷⁰
2753 3047 2967 3101 τέθεικε
3016 3049 3116 3119 τὴν
3163 3050 3372 3113 εἰκόνα,
3412 3049 3606 3112 δεικνὺς
3634 3048 3711 3102 rei

2086 3177 2125 3233 ε
2165 3140 2311 3194 θείου
2337 3141 2495 3209 λόγου
2525 3143 2626 3211 τὴν
2652 3141 2901 3211 δύναμιν.

2235 3232 2291 3287 ιδ’
2301 3275 2314 3288 .
2363 3253 2381 3286 ι
2417 3236 2524 3288 Καὶ
2546 3235 2828 3305 ὡδήγησεν
2849 3236 3049 3299 αὐτοὺς
3071 3236 3129 3288 ἐν
3158 3238 3360 3307 νεφέλῃ
3389 3239 3608 3309 ἡμέρας,
3634 3236 3713 3290 καὶ

2159 3327 2287 3398 ὅλην
2313 3325 2413 3400 τὴν
2440 3326 2608 3379 νύκτα
2630 3327 2688 3379 ἐν
2710 3326 2979 3398 φωτισμῷ
3004 3328 3197 3397 πυρός.
3240 3350 3258 3380 ι
3320 3330 3383 3382 Ὴ
3410 3330 3511 3400 γὰρ
3538 3329 3710 3399 aint"

2159 3420 2359 3489 νεφέλη
2420 3419 2542 3490 μεθ’
2582 3420 2796 3491 ἡμέραν
2864 3419 2962 3490 μὲν
3003 3421 3063 3474 τὸ
3093 3421 3197 3488 τῆς
3238 3423 3455 3487 ἀκτῖνος
3501 3423 3712 3493 λυπηρὸν

2162 3512 2534 3584 ἀπεκρούετο,
2579 3511 2796 3583 νύκτωρ
2853 3512 2912 3565 δὲ
2974 3512 3067 3566 τοῦ
3135 3515 3314 3583 πυρὸς
3359 3517 3581 3586 παρεῖχε
3630 3515 3712 3585 τὴν

2160 3606 2372 3677 χρείαν.

2231 3706 2310 3752 ιε’.
2361 3718 2378 3750 ι
2415 3698 2675 3770 Διέρρηξε
2698 3700 2903 3769 πέτραν
2932 3700 2988 3751 ἐν
3012 3701 3226 3772 ἐρήμῳ,
3256 3703 3349 3754 καὶ
3380 3703 3613 3755 ἐπότισεν
3633 3705 3711 3755 αὐ-

2158 3795 2284 3856 τοὺς
2332 3794 2407 3857 ὡς
2459 3796 2515 3845 ἐν
2591 3792 2815 3862 ἁϐύσσῳ
2865 3793 3055 3864 πολλῇ.
3109 3813 3128 3847 ι
3188 3797 3265 3849 Οὐ
3320 3798 3427 3870 γὰρ
3482 3798 3711 3869 βραχεῖαν

2159 3886 2463 3957 ἀνεξήγαγε
2482 3886 2526 3918 ⁷⁸
2556 3885 2771 3950 λιϐάδα,
2806 3886 2943 3939 ἀλλὰ
2973 3889 3095 3950 ταῖς
3119 3888 3347 3953 πολλαῖς
3372 3891 3597 3954 ἐκείναις
3622 3908 3709 3960 μυο

2164 3977 2348 4047 ριάσιν
2378 3976 2657 4046 ἀρκοῦσαν
2683 3978 2886 4047 πηγήν.
2934 3976 3042 4029 Καὶ
3073 3976 3235 4032 τοῦτο
3270 3980 3612 4052 σαφέστερον,
3637 3979 3709 4035 διὰ

2158 4068 2267 4121 τῶν
2296 4069 2655 4137 ἐπαγομένων
2689 4068 2977 4131 ἑδίδαξε⁷³.

2233 4167 2327 4226 ις’.
2375 4182 2393 4211 ι
2425 4160 2536 4214 Καὶ
2582 4159 2852 4231 ἐξήγαγεν
2894 4161 3037 4232 ὕδωρ
3075 4164 3139 4215 ἐκ
3190 4165 3421 4233 πέτρας,
3469 4165 3557 4218 καὶ
3599 4180 3707 4218 κατα

2159 4256 2365 4325 ἢγαγεν
2390 4253 2465 4317 ὼς
2502 4255 2781 4323 ποταμοὺς
2816 4253 3005 4307 ὕδατα.
3044 4275 3061 4303 ι
3088 4255 3162 4307 Τὸ
3200 4257 3311 4324 γὰρ
3351 4255 3708 4311 ἁναϐλυσθὲντδ

2159 4345 2305 4416 ὕδωρ
2328 4347 2405 4408 είς
2436 4346 2659 4409 πολλοὺς
2690 4348 2912 4416 ὀχετοὺς
2940 4347 3189 4418 διῃρέθη,
3217 4350 3431 4421 εὐμαρῆ
3463 4351 3553 4404 καὶ
3581 4350 3707 4419 φιλό-

2157 4456 2316 4509 τιμον
2351 4439 2591 4510 παρέχον
2624 4443 2735 4505 τοῖς
2773 4440 2968 4509 διψῶσι
2998 4443 3097 4509 τὴν
3133 4442 3313 4514 χάριν.

553 4537 712 4591 Vens.
752 4536 819 4590 17
842 4578 858 4601 ,
890 4537 976 4591 l8.
1020 4562 1037 4588 ι
1078 4538 1137 4591 Et
1173 4539 1525 4606 perstiterunt
1559 4540 1739 4594 adhuc
1771 4542 1822 4593 in
1857 4557 2051 4611 pecca-

2232 4532 2317 4596 ιζ’,
2347 4532 2433 4602 ιη’.
2465 4551 2483 4582 ι
2503 4533 2613 4586 Καὶ
2635 4532 2963 4605 προσέθεντο
2983 4533 3063 4586 ἔτι
3083 4534 3178 4587 τοῦ
3200 4537 3531 4606 ἁμαρτάνειν
3552 4534 3703 4604 αὐτῷ’

480 4634 570 4694 tis.
602 4632 670 4686 ad
706 4632 841 4685 iram
874 4631 1239 4685 incitaverunt
1282 4632 1571 4687 Excelsum
1619 4633 1672 4687 in
1713 4642 1857 4689 terra
1888 4637 2051 4691 sicca.

2173 4624 2577 4694 παρεπίκραναν
2599 4625 2689 4677 τὸν
2721 4625 2985 4694 ’Ὕψιστον
3024 4628 3079 4678 ἐν
3116 4628 3351 4697 ἀνύδρῳ.
3390 4630 3494 4681 Καὶ
3525 4627 3705 4692 ἐξεπεί-

410 4770 419 4779 .
478 4723 545 4776 Ει
574 4732 921 4777 tcntaverunt
946 4723 1112 4777 Deum
1146 4725 1201 4777 in
1237 4726 1495 4781 cordibus
1526 4728 1641 4781 suis
1670 4767 1684 4790 ,
1722 4738 1778 4782 ut
1813 4742 2053 4800 peterent

2173 4732 2335 4786 paaav
2366 4717 2456 4769 τὸν
2480 4717 2611 4769 Θεὸν
2642 4720 2700 4769 ἐν
2729 4721 2849 4781 ταῖς
2878 4718 3124 4788 καρδίαις
3154 4722 3333 4773 αὐτῶν
3353 4762 3367 4786 ,
3398 4721 3489 4775 τοῦ
3512 4722 3704 4789 αἰτῆσαι

476 4830 631 4870 escas
662 4816 950 4871 animabus
977 4819 1113 4871 suis.
1152 4836 1169 4867 ι
1208 4815 1593 4874 Verumtamen
1631 4837 1808 4891 neque
1849 4826 1951 4881 hoc
1986 4828 2053 4882 ab

2173 4807 2428 4880 βρώματα
2453 4812 2573 4872 ταῖς
2595 4809 2790 4880 ψυχαῖς
2822 4811 3020 4864 αὐτῶν.
3054 4832 3072 4862 ›
3105 4811 3248 4865 Ἀλλ’
3270 4814 3417 4883 ὅμως
3435 4814 3548 4867 οὐδὲ
3571 4812 3703 4865 τοῦτο

477 4923 667 4962 corum
704 4919 882 4963 mente
904 4911 1224 4979 pravitatem
1254 4913 1479 4981 expulit,
1507 4914 1599 4968 sed
1631 4930 2054 4983 perseverarunt

2173 4902 2255 4969 τῆς
2283 4902 2506 4972 γνώμης
2531 4902 2708 4955 αὐτῶν
2737 4902 2837 4972 τὴν
2866 4905 3129 4975 πονηρίαν
3185 4905 3457 4971 ἐξέϐαλεν,
3489 4904 3594 4957 ἀλλ’
3623 4905 3704 4957 ἑπ-

478 5001 673 5071 ingrati
704 5002 871 5055 animi
902 5003 1034 5055 vitio
1064 5004 1311 5057 laborare
1340 5023 1352 5057 :
1400 5018 1453 5060 et
1500 5019 1622 5077 post
1671 5017 1747 5063 tot
1786 5012 2051 5068 miracula

2173 4996 2388 5065 ἔμειναν
2415 4994 2514 5063 τὴν
2542 4995 2637 5062 τῆς
2671 4996 2997 5066 ἀχαριστίας
3024 4998 3396 5067 περικείμενοι
3426 4999 3569 5051 νόσον
3593 4996 3701 5048 ’καὶ

475 5093 779 5161 periculum
820 5094 886 5148 de
924 5095 1108 5148 divina
1149 5098 1389 5165 potentia
1425 5099 1603 5156 facere
1640 5104 1963 5169 voluerunt,
2003 5115 2056 5160 et

2173 5088 2295 5141 ιετὰ
2325 5089 2593 5151 τοσαύτας
2646 5089 2967 5160 εὐεργεσίας
3004 5092 3198 5162 πεῖραν
3229 5091 3413 5144 λαϐεῖν
3442 5089 3701 5162 ὴϐηύλοντο

476 5186 599 5239 cibo
634 5187 941 5256 indigentes
963 5227 977 5251 ,
1032 5203 1138 5242 non
1185 5193 1513 5247 studuerunt
1545 5196 1796 5264 accipere
1825 5198 1879 5252 id
1908 5197 2053 5268 quod

2173 5180 2249 5250 τῆς
2272 5180 2419 5244 θείας
2449 5180 2750 5250 δυνάμεως,
2784 5182 2879 5234 καὶ
2905 5184 3111 5253 τροφῆς
3137 5183 3436 5253 δεηθέντες,
3460 5184 3519 5235 οὐ
3539 5179 3701 5234 λαϐεῖν

474 5292 699 5333 necesse
730 5289 869 5344 erat,
895 5281 988 5335 sed
1026 5280 1120 5337 Dei
1148 5283 1521 5353 impotentiam
1554 5302 1906 5345 accusarunt.

2173 5273 2250 5340 τὴν
2281 5273 2469 5341 χρείαν
2507 5274 2802 5345 ἐζήτησαν,
2856 5275 2972 5328 ἀλλ’
3023 5275 3099 5337 ὡς
3156 5277 3419 5330 ἀδυνάτου
3449 5275 3538 5328 τοῦ
3579 5269 3698 5325 Θεοῦ

2162 5365 2564 5435 κατηγόρησαν.

1608 5467 1844 5523 ῩΑΒΙᾹΞ
1888 5471 2270 5529 LECTIONES
2310 5475 2396 5530 ET
2437 5475 2668 5533 NOTIE.

1564 5562 1606 5593 ⁶²
1634 5562 1782 5630 Γάρ.
1828 5564 1996 5643 Abest
2047 5585 2056 5621 ε

2173 5569 2242 5621 ιιι.
2278 5568 2332 5623 2.
2437 5570 2483 5601 "
2520 5572 2998 5643 Ἐϐουλήθησαν.
3056 5573 3186 5630 Rec.
3240 5575 3397 5629 lectio
3444 5572 3497 5627 b.
3549 5571 3580 5625 Ι.
3619 5576 3693 5625 est

473 5628 685 5712 ἤθελον.
785 5632 831 5665 ει
863 5632 990 5687 Τῶν
1025 5638 1219 5709 essm.
1278 5628 1486 5699 αὐτοῦ.
1540 5628 1734 5702 ncer
1763 5633 2000 5713 nmva
2041 5669 2056 5705 ι

474 5700 713 5752 ἁπασας.
827 5704 869 5734 ⁸⁷
891 5704 1018 5752 R942-
1081 5708 1239 5752 lm-tin
1282 5724 1362 5752 nat
1424 5716 1652 5752 Emi-“Rm.
1750 5720 1794 5751 es
1847 5721 2056 5752 ’Δις-...ιη

2173 5655 2464 5752 ε’ξτέβλέιέκ
2511 5628 2886 5752 μὶτμζίένέαεὲ·
2905 5658 3109 5752 ,ηιέεδτ-
3414 5662 3502 5752 :1.
3522 5654 3690 5752 οοξξὲ

522 5704 776 5800 mitiorsin”
827 5704 1021 5800 ἶτιξθιίς
1081 5704 1239 5800 lle-eti?
1281 5724 1367 5800 est
1423 5716 1672 5787 ἔστησεν.
1750 5704 2056 5775 θδίἎο-ξόν

2173 5704 2731 5800 ξεὺτξῘ-ἒᾷἐωηαιιὶηἶζ
2757 5704 2857 5761 Ἷδ
2873 5704 2886 5711 ⁷
2905 5704 3078 5784 Τὲῖῖξρῗ
3098 5704 3325 5785 ’ςοῖιῖΨὲ
3349 5704 3683 5800 ρτερητξῖήνῖ

472 5768 517 5867 :2
548 5772 1180 5915 ἓξῇζρξθᾶνῗέςςηξέξάάο
1209 5768 1579 5856 θαλάττης-⁷Γ
1600 5768 1670 5819 ’τί
1698 5768 2084 5876 εοιιηῖοίὲιὲὴζ
2150 5768 2425 5852 Hane
2438 5768 2730 5870 ἒὲἧῖἇᾷέῗ
2805 5799 2850 5831 τι
2883 5768 3331 5865 ’ἱξὲἕὲαέἒὲοᾶ
3349 5768 3683 5869 ’Ξέὲῆλωὲὲῥῖ

555 5544 596 5575 ⁶¹
629 5545 776 5615 Γὰρ.
824 5550 945 5603 cod.
995 5551 1029 5605 2
1080 5554 1203 5609 add.
1269 5560 1453 5629 φησίν.

1618 5790 1661 5819 ⁷¹
1698 5790 1884 5876 cod.)
1923 5791 2084 5865 αὐτη.
2166 5796 2208 5827 ⁷²
2232 5797 2353 5852 cod.
2390 5797 2708 5870 Ξὲξήγαγε.
