3936 6486
235 345 373 410 1489

300 459 388 520 ιθ’,
421 463 513 512 ικ¹.
560 475 579 509 ι
613 457 725 511 Καὶ
756 455 1141 528 κατελάλησαν
1180 454 1276 509 τοῦ
1309 453 1472 519 Θεοῦ,
1504 453 1602 506 καὶ
1626 445 1814 503 εἷπονο
1847 447 1894 506 Α

228 549 320 621 Μὴ
342 547 679 621 δυνήσεταιό
707 547 840 611 Θεὸς
867 547 1156 618 ἑτοιμάσαι
1185 543 1468 616 τράπεζαν
1495 545 1552 595 ἐν
1580 543 1777 612 ἐρήμῳ
1799 556 1813 604 ;

240 645 388 698 Ἐκεῖ
431 642 671 710 ἐπάταξε
720 643 952 712 πέτραν,
1000 641 1097 696 καὶ
1147 639 1428 714 ἐρρύησαν
1474 637 1668 697 ὕδατα,
1721 635 1817 689 καὶ

226 737 525 808 χείμαρῤοι
555 735 1040 806 κατεκλύσθησανο
1090 735 1164 806 μὴ
1205 735 1301 788 καὶ
1331 734 1496 802 ἄρτον
1527 729 1814 784 Sevocat"

223 828 435 895 δοῦναι,
484 828 520 900 ἢ
570 828 863 898 ἑτοιμάσαι
911 826 1188 898 τράπεζαν
1205 826 1253 858 ἰθ
1281 825 1360 895 τῷ
1402 823 1518 894 λαῷ
1549 821 1754 887 αὐτοῦ;
1791 841 1810 874 ι

228 921 494 984 Εὗπετές,
531 922 686 990 φησὶ,
722 919 784 972 τὸ
814 919 924 972 τῶν
959 918 1190 980 ὑδάτων,
1230 918 1328 972 καὶ
1363 917 1568 989 ῥᾴδιον⁸
1605 917 1668 969 τὺ
1706 917 1816 987 γὰρ

227 1017 285 1067 ἐν
331 1016 455 1076 ταῖς
508 1013 703 1081 λαγόσι
748 1011 1136 1083 κεκρυμμένον
1159 1010 1260 1078 τῆς
1297 1011 1404 1080 γῆς
1450 1013 1532 1073 είς
1558 1010 1658 1079 τὴν
1689 1012 1816 1062 ἐπι-

227 1107 458 1174 φάνειαν
503 1105 756 1174 ἀνεδόθη.
807 1104 919 1173 Τὴν
966 1102 1024 1156 δὲ
1070 1101 1167 1156 τοῦ
1214 1103 1381 1172 ἄρτου
1430 1101 1659 1174 τροφὴν,
1714 1104 1815 1174 τὴν

230 1195 622 1268 σπειρομένην,
680 1198 777 1250 καὶ
820 1195 1000 1266 χρόνῳ
1047 1194 1349 1265 φυομένην,
1401 1196 1518 1258 πῶς
1570 1195 1638 1249 ἂν
1685 1199 1816 1266 ἡμῖν

229 1290 444 1362 ἁθρόως
495 1289 807 1361 παράσχοι,
861 1289 956 1343 καὶ
1017 1289 1110 1343 τὸν
1161 1289 1512 1357 ἐπικείμενον
1570 1289 1814 1354 ἐξελάσαι

227 1380 386 1452 λιμόν
405 1398 424 1447 ;

298 1479 408 1526 κα’.
459 1491 478 1524 ι
507 1473 607 1528 Διὰ
629 1473 788 1527 τοῦτο
813 1475 1012 1544 ἢκουσε
1043 1476 1268 1547 Κύριος,
1304 1477 1398 1528 καὶ
1423 1473 1811 1529 ἅνεϐάλετοττ·

229 1568 326 1620 καὶ
353 1567 468 1636 πῦρ
498 1567 722 1639 ἀνήφθη
752 1570 809 1621 ἐν
839 1567 1058 1633 Ἰακὼϐ,
1102 1571 1199 1622 καὶ
1231 1569 1368 1639 ὀργὴ
1409 1567 1579 1637 ἀνέϐη
1609 1568 1701 1620 ἐπὶ
1726 1566 1815 1619 τὸν

242 1659 483 1728 Ἰσραήλ.
531 1682 550 1711 ι
604 1651 680 1713 Οὗ
724 1659 789 1730 δὴ
843 1659 1003 1730 χάριν
1047 1659 1437 1729 ἀγανακτήσας
1465 1659 1495 1710 ό
1536 1658 1645 1710 τῶν
1677 1656 1816 1710 ὅλων

231 1751 459 1821 Κύριος,
489 1753 674 1823 φησὶν,
697 1753 992 1806 ἀνεϐάλετο
1023 1751 1120 1822 μὲν
1147 1754 1332 1815 αὐτοῖς
1359 1751 1545 1805 δοῦναι
1573 1749 1670 1822 τὴν
1689 1750 1811 1819 γῆν,

228 1839 326 1909 τὴν
353 1841 470 1902 τοῖς
504 1841 776 1909 πατράσιν
805 1841 1246 1912 ἐπηγγελμένην,
1293 1844 1415 1905 ταῖς
1460 1841 1514 1894 δὲ
1552 1843 1815 1896 παντοδα-

231 1935 360 1993 παῖς
394 1933 691 2002 τιμωρίαις
729 1933 1015 2000 ἐξέδωκεν.
1066 1935 1179 1987 Οὐκ
1223 1935 1472 2005 ἐπήγαγε
1523 1934 1581 1987 δὲ
1633 1935 1818 1996 αὐτοῖς

233 2025 322 2076 τὸν
340 2022 566 2094 ὄλεθρον
589 2024 873 2095 σύντομον,
897 2027 1024 2088 τοὺς
1047 2025 1272 2078 ἐκείνων
1297 2025 1494 2088 παῖδας
1515 2025 1817 2096 αὐξηθῆναι

231 2117 580 2189 προσμένων.
618 2117 907 2189 Μέμνηται
933 2120 990 2172 δὲ
1017 2119 1119 2188 τῆς
1144 2118 1234 2171 διὰ
1259 2117 1354 2172 τοῦ
1370 2111 1417 2149 ⁷⁸
1452 2118 1624 2188 πυρὸς
1648 2135 1821 2187 τιμω-

235 2209 354 2280 ρίας
385 2207 486 2261 τοῦ
519 2208 790 2279 μακαρίου
813 2208 1012 2264 Μωσοῦ
1034 2210 1080 2241 τ’
1109 2209 1174 2262 τὰ
1207 2209 1638 2280 συγγράμματα.
1671 2209 1818 2262 Ταύ-

232 2317 329 2369 την
356 2301 440 2367 δέ,
473 2302 660 2372 φησὶν,
689 2303 992 2371 ὑπέμειναν
1020 2304 1120 2373 τὴν
1151 2302 1389 2373 πληγήν,

300 2391 407 2462 κβ⁹.
456 2412 476 2444 ι
510 2394 633 2447 Ὅτι
655 2393 755 2447 οὐκ
781 2394 1110 2447 ἐπίστευσαν
1144 2394 1202 2447 ἐν
1227 2393 1308 2462 τῷ
1333 2393 1474 2465 Θεῷ,
1508 2394 1630 2448 οὐδὲ
1657 2395 1820 2467 ἤλπι-

233 2501 330 2537 σαν
363 2485 462 2538 ἐπὶ
487 2485 552 2538 τὸ
582 2488 849 2558 σωτήριον
883 2486 1072 2541 αὑτοῦ.
1105 2506 1124 2540 ι
1173 2486 1314 2540 Ἀλλ’
1343 2488 1494 2558 ὅμως
1527 2490 1624 2542 καὶ
1652 2487 1823 2541 τοιού-

235 2595 346 2641 τοις
390 2574 515 2631 οὖσι
562 2579 659 2651 τὴν
688 2579 1044 2650 ἀγεώργητον
1074 2580 1320 2651 παρέσχε
1366 2580 1612 2651 τροφήν·
1661 2579 1822 2635 τοῦτο

235 2672 341 2740 γὰρ
368 2671 613 2725 διδάσκει
644 2673 714 2726 τὰ
749 2673 1089 2742 ἐπαγόμενα.

303 2769 411 2833 κγ’,
451 2763 551 2818 κδ’.
599 2783 617 2816 ι
664 2765 776 2819 Καὶ
812 2766 1118 2819 ἐνετείλατο
1158 2766 1411 2834 νεφέλαις
1443 2765 1818 2836 ὑπεράνωθεν,

236 2856 328 2909 καὶ
377 2854 551 2926 θύρας
606 2855 834 2928 οὐρανοῦ
885 2857 1092 2928 ἀνέῳξε
1109 2857 1176 2910 ⁸ο.
1228 2858 1338 2912 Καὶ
1382 2856 1605 2928 ἔϐρεξεν
1635 2860 1822 2921 αὐτοῖς

241 2949 416 3020 μάννα
450 2951 669 3016 φαγεῖν.
702 2968 720 2999 ι
773 2949 848 3002 Οὐ
881 2951 990 3020 γὰρ
1017 2951 1118 3013 τὰς
1149 2949 1401 3019 συνήθεις
1429 2949 1624 3014 ὠδῖνας
1649 2951 1706 3004 αί
1736 2968 1820 3004 νε-

238 3045 394 3112 φέλαι
423 3047 722 3114 παρέσχον,
760 3044 877 3096 ἀλλ’
913 3045 1033 3098 ἀντὶ
1061 3044 1154 3097 τοῦ
1186 3045 1344 3097 ὑετοῦ
1374 3045 1468 3098 τοῦ
1507 3044 1690 3116 ἄρδειν
1719 3063 1819 3099 πε-

239 3138 471 3207 φυκότος
512 3139 582 3190 τὰ
627 3137 1080 3206 καταϐαλλόμενα
1119 3137 1432 3207 σπέρματα,
1479 3137 1580 3208 τὴν
1614 3138 1822 3210 θαυμαο
1849 3170 1893 3231 c

241 3232 356 3285 σίαν
384 3231 595 3301 τροφὴν
624 3230 965 3300 ἀπεκύησαν.
1011 3230 1195 3301 Θύρας
1223 3230 1279 3284 δέ
1309 3232 1538 3302 οὐρανοῦ
1583 3233 1818 3300 ἀνοιγεί-

242 3339 336 3386 σας
389 3323 492 3393 τὴν
558 3322 773 3377 ἄνωθεν
831 3324 1095 3393 χορηγίαν
1145 3323 1390 3378 ἐκάλεσε.
1440 3320 1660 3396 Ἐπειδὴ
1713 3328 1821 3399 γὰρ

240 3420 346 3480 τοῖς
375 3416 648 3487 ταμιείοις
697 3417 1001 3470 ἐπιτιθέναι
1039 3416 1209 3487 θύρας
1239 3417 1536 3490 εἰώθαμεν,
1569 3419 1665 3473 καὶ
1699 3421 1825 3474 ταύ-

241 3527 334 3574 τας
367 3509 664 3580 ἀνοίγομεν
696 3509 952 3580 ἐκφέρειν
992 3528 1044 3563 τι
1095 3509 1430 3582 βουλόμενοι,
1479 3512 1752 3567 δείκνυσιν
1795 3517 1824 3568 ό

239 3603 586 3676 προφητικὸς
621 3603 780 3672 λόγος
816 3604 910 3658 τὸν
954 3603 1064 3656 τῶν
1103 3603 1240 3658 ὅλων
1287 3603 1440 3671 θεὸν,
1488 3606 1679 3678 ὥσπερ
1716 3607 1825 3660 ἀπό

239 3715 399 3751 τινων
431 3696 698 3768 ταμιείων
715 3697 784 3763 ⁸³,
815 3696 1162 3767 χορηγοῦντα
1191 3697 1254 3750 τὺ
1285 3696 1483 3768 μάννα.

301 3811 322 3845 ι
345 3793 464 3846 Καὶ
495 3791 658 3863 ἄρτον
687 3791 918 3864 οὐρανοῦ
959 3792 1158 3845 ἔδωκεν
1195 3791 1401 3857 αὐτοῖς.
1447 3789 1596 3864 [κε¹.]
1628 3793 1825 3862 ’Ἄρτον

242 3887 492 3955 ἀγγέλων
509 3888 554 3919 ⁸⁸
602 3886 807 3956 ἔφαγεν
855 3885 1162 3958 ἄνθρωπος.
1217 3905 1234 3938 ι
1296 3888 1506 3955 Ἄρτον
1557 3883 1827 3958 ἀγγέλων

241 3980 416 4041 καλεῖ,
462 3976 538 4040 ὡς
580 3977 650 4030 δι’
686 3976 935 4046 ἀγγέλων
958 3976 1339 4049 χορηγηθέντα
1365 3993 1378 4008 ·
1434 3977 1656 4045 ἀγγελοι
1693 3977 1824 4048 γὰρ,

242 4075 313 4138 ὡς
341 4074 451 4129 ὑπὸ
481 4075 583 4143 τῆς
634 4073 784 4136 θείας
818 4073 1040 4145 Γραιρῆς
1074 4072 1456 4143 ἐδιδάχθημεν,
1505 4074 1617 4136 τοῖς
1664 4072 1828 4137 θείοις

243 4171 508 4241 νεύμασιν
535 4166 895 4239 ὑπουργοῦσι.
923 4165 1086 4234 Λέγει
1107 4164 1164 4218 δὲ
1192 4164 1366 4228 οὕτως
1389 4165 1417 4218 ό
1441 4163 1584 4228 θεῖος
1600 4164 1646 4196 ⁸⁸
1673 4163 1830 4218 Ἀπό-

245 4263 431 4325 στολος
464 4278 478 4290 ·
542 4281 561 4312 ι
591 4263 724 4331 Οὐχὶ
759 4260 961 4323 πάντες
989 4260 1095 4313 είσὶ
1125 4256 1480 4327 λειτουργικὰ
1517 4257 1828 4327 πνεύματα,

245 4358 321 4420 εἰς
340 4353 625 4408 διακονίαν
653 4352 1098 4423 ἀποστελλόμενα
1128 4351 1216 4405 διὰ
1238 4352 1364 4414 τοὺς
1393 4347 1686 4420 μέλλοντας
1707 4351 1831 4420 κλη-

250 4448 500 4517 ρονομεῖν
527 4445 831 4518 σωτηρίαν;
862 4465 880 4496 ι
918 4445 1032 4499 Καὶ
1065 4445 1258 4500 πάλιν·
1300 4463 1318 4494 ι
1353 4444 1412 4496 Et
1442 4441 1552 4514 γὰρ
1579 4444 1607 4495 ὁ
1640 4442 1708 4494 δι’
1739 4443 1832 4511 ἁγ-

1523 333 1607 398 ΙΝ
1642 335 1851 396 PSAL.
1892 333 2186 396 LXXVII.

1993 449 2010 463 '
2040 443 2209 503 Vens.
2235 446 2336 509 l9,
2365 445 2458 498 ‘20.
2508 463 2528 496 ιι
2561 443 2626 500 Et
2653 445 2798 500 male
2839 444 3010 500 locuti
3054 451 3182 500 sunt
3229 445 3296 499 de
3342 443 3450 497 Deo
3483 463 3496 498 :

1920 540 2213 595 dixerunt:
2248 537 2508 608 Nunquid
2543 538 2743 608 poterit
2774 536 2916 593 Deus
2942 547 3133 607 parare
3165 551 3408 592 mensam
3446 538 3499 590 in

1919 634 2176 689 deserto?
2225 633 2493 700 Quoniam
2531 632 2802 702 percussit
2844 641 3052 701 petram
3079 670 3093 693 ,
3131 637 3184 684 et
3229 629 3503 702 ﬂuxerunt

1919 743 2104 798 aqua,
2141 735 2195 781 et
2224 735 2498 783 torrentes
2538 729 2985 782 inundaverant:
3038 723 3285 792 nunquid
3329 734 3382 777 et
3408 737 3503 792 pa-

1919 835 2046 873 nem
2074 820 2274 888 poterit
2296 820 2447 886 dare,
2471 828 2566 874 aut
2587 834 2780 888 parare
2810 832 3053 873 mensam
3086 818 3290 887 populo
3321 817 3495 870 suo?»

1893 910 2140 976 Facile,
2177 912 2391 982 inquit,
2439 923 2494 966 et
2542 912 2659 966 leve
2707 926 2973 981 aquarum
3021 909 3302 978 negotium
3357 908 3497 962 fuit:

1920 1021 2045 1060 nam
2079 1021 2223 1076 aqua
2263 1005 2315 1060 in
2355 1015 2511 1060 terra:
2539 1004 2790 1060 cavernis
2816 1003 3021 1068 abdita,
3059 1003 3114 1056 in
3147 1004 3324 1057 lucem
3358 1002 3501 1057 edita

1918 1106 2022 1152 est.
2049 1097 2382 1152 Alimentum
2421 1111 2550 1151 vero
2581 1097 2759 1165 panis,
2787 1096 2879 1165 qui
2921 1095 3142 1158 seritur,
3175 1105 3228 1149 et
3259 1103 3502 1162 tempore

1920 1189 2259 1260 producitur,
2287 1189 2563 1258 quomodo
2593 1189 2752 1243 nobis
2779 1188 2982 1242 aﬂ‘atim
3009 1189 3290 1259 largietur,
3318 1186 3500 1240 immi-

1919 1294 2250 1353 ncn‘temqne
2279 1281 2479 1337 famem
2511 1282 2756 1336 eximet?

1992 1462 2158 1517 Vens.
2191 1462 2278 1516 ει.
2332 1481 2350 1513 ι
2387 1461 2513 1516 Ideo
2553 1461 2762 1516 audivit
2806 1460 3104 1526 Dominus,
3150 1467 3205 1513 et
3238 1456 3447 1512 distulit
3486 1475 3497 1510 :

1917 1566 1970 1610 et
2000 1556 2140 1627 ignis
2168 1571 2434 1613 accensus
2464 1563 2547 1610 est
2593 1558 2644 1608 in
2679 1554 2882 1619 lat-ob,
2931 1563 2985 1607 et
3026 1554 3104 1606 ira
3149 1551 3395 1607 ascendit
3447 1553 3497 1606 in

1919 1647 2104 1703 Israel.
2130 1667 2147 1700 ι
2182 1647 2405 1711 Idcirco,
2431 1646 2623 1716 inquit,
2643 1643 2856 1715 1154
2883 1644 3100 1714 indigne
3121 1643 3296 1698 feretis
3325 1643 3505 1696 Domi;

1919 1757 2022 1795 nus
2059 1741 2462 1801 universorum,
2499 1738 2712 1792 distulit
2747 1737 2879 1804 ipsis
2915 1737 3045 1789 dare
3077 1743 3274 1788 terram
3311 1747 3500 1788 eorum

1921 1833 2218 1902 majoribus
2237 1832 2589 1901 promissam,
2619 1838 2674 1882 et
2707 1829 2941 1882 diversis
2975 1841 3068 1882 eos
3103 1824 3389 1895 suppliciis
3419 1824 3498 1876 al"-

1921 1928 2048 1983 fecit
2081 1944 2095 1980 :
2133 1925 2226 1980 sed
2262 1940 2371 1978 non
2401 1924 2629 1979 celerem
2665 1931 2893 1976 mortem
2920 1920 3054 1989 ipsis
3078 1919 3277 1984 intulit,
3309 1932 3503 1987 ωερε-

1921 2032 2106 2083 ctans,
2142 2032 2198 2073 ut
2223 2019 2318 2073 lilii
2344 2017 2858 2086 multiplicarentur.
2888 2016 2964 2068 De
2997 2015 3099 2069 hac
3125 2021 3306 2067 autem
3339 2026 3499 2081 paena

1921 2129 2018 2185 per
2049 2115 2226 2183 ignem
2269 2110 2474 2165 inflicta
2507 2110 2678 2178 etiam
2732 2107 3033 2162 beatissimi
3085 2105 3252 2160 Musis
3298 2106 3501 2172 scripta

1923 2205 2256 2261 mentionem
2302 2203 2567 2258 fecerunt.
2620 2199 2768 2254 lianc
2817 2215 2945 2254 vero
2990 2199 3242 2268 plagam,
3287 2197 3499 2265 inquit,

1922 2293 2070 2365 passi
2097 2304 2246 2356 sunt,

1995 2387 2160 2444 Vens.
2197 2387 2289 2441 22.
2338 2404 2357 2437 ι
2387 2385 2526 2450 Quia
2556 2393 2668 2439 non
2697 2383 3049 2438 crediderunt
3098 2381 3150 2434 in
3202 2379 3312 2433 Deo
3335 2417 3352 2442 ,
3403 2393 3502 2432 nec

1925 2483 2283 2547 speraverunt
2318 2475 2371 2529 in
2403 2473 2628 2528 salutari
2661 2471 2805 2540 ejus.
2841 2490 2859 2522 ι
2903 2469 2965 2522 Et
2997 2478 3178 2523 tamen
3208 2482 3343 2546 cum
3368 2468 3503 2522 tales

1923 2580 2138 2635 essent,
2179 2569 2362 2623 cibum
2393 2555 2513 2621 sine
2561 2565 2746 2620 labore
2775 2573 3152 2634 comparatum
3195 2562 3328 2632 ipsis
3360 2577 3502 2632 prae-

1924 2662 2060 2716 buit.
2091 2660 2203 2715 Hoc
2230 2662 2377 2714 enim
2404 2659 2602 2714 docent
2631 2671 2754 2728 qua
2785 2664 3112 2724 sequuntur.

1997 2752 2161 2809 Vens.
2203 2753 2294 2818 Ξῖ),
2324 2753 2415 2808 24.
2456 2771 2475 2802 ι
2497 2752 2561 2804 Et
2589 2749 2871 2804 mandavit
2911 2749 3146 2802 nubibus
3179 2746 3432 2815 desuper,
3452 2754 3506 2799 et

1918 2848 2116 2917 ianuas
2141 2848 2263 2902 εαξη
2293 2845 2526 2914 aperuit.
2552 2843 2618 2896 Et
2641 2843 2777 2913 pluit
2812 2840 2918 2894 illis
2951 2854 3145 2893 manna
3179 2837 3245 2892 ad
3274 2841 3505 2890 mandu-

1924 2941 2179 2996 candum.
2215 2957 2232 2989 ι
2288 2937 2403 2991 Non
2436 2935 2582 2990 enim
2615 2933 2852 2988 usitatos
2893 2941 3087 3000 partus
3111 2928 3290 2983 nubes
3319 2927 3509 2982 edide-

1925 3039 2073 3096 runt,
2100 3031 2194 3086 sed
2219 3043 2317 3098 pro
2341 3028 2534 3092 imbre,
2557 3027 2647 3081 cui
2670 3035 2863 3078 natura
2886 3023 3107 3078 insitum
3135 3028 3294 3074 estut
3315 3033 3506 3089 sparsa

1926 3125 2137 3182 semina
2197 3123 2424 3193 irriget,
2483 3118 2864 3174 admirabilem
2916 3115 3102 3170 cibum
3158 3119 3503 3182 pepererunt.

1929 3219 2222 3274 Reseratas
2251 3227 2432 3272 autem
2464 3212 2589 3269 caeli
2629 3212 2830 3282 januas
2866 3209 3240 3280 praebitionem
3273 3204 3510 3274 desuper

1929 3315 2128 3370 factam
2160 3312 2395 3368 vocavit.
2427 3307 2699 3376 Quoniam
2735 3305 2881 3359 enim
2922 3302 3074 3358 cellis
3116 3300 3398 3371 pennariis
3425 3297 3510 3368 ja-

1929 3425 2070 3464 nuas
2101 3409 2384 3476 imponere
2418 3402 2662 3457 solemus
2691 3439 2705 3462 ,
2749 3409 2802 3451 et
2840 3397 2938 3450 bas
2986 3407 3330 3457 reseramus,
3381 3405 3508 3444 cum

1930 3502 2135 3574 aliquid
2174 3499 2390 3555 auferre
2420 3495 2694 3559 volumus,
2728 3489 3076 3562 propheticus
3117 3499 3301 3542 sermo
3325 3493 3512 3538 osten-

1931 3599 2011 3655 dit
2058 3595 2225 3651 Deom
2272 3594 2690 3652 universorum,
2750 3595 3008 3655 tanquam
3061 3597 3130 3635 ex
3179 3576 3512 3650 quibusdam

1930 3692 2082 3748 cellis
2110 3685 2390 3760 penuariis
2413 3725 2428 3748 ,
2471 3697 2671 3736 man-na
2710 3678 3048 3747 Iargieutem.

2008 3789 2065 3838 *ι
2087 3783 2144 3843 Et
2170 3795 2365 3853 panem
2415 3775 2544 3832 coeti
2590 3773 2744 3829 dedit
2798 3773 2898 3828 eis.
2955 3769 3144 3842 [νειιε.
3179 3767 3274 3840 εδ]
3310 3767 3510 3820 Panem

1933 3877 2252 3948 angelorum
2281 3867 2634 3925 manducavit
2677 3867 2862 3920 homo.
2898 3882 2916 3914 ι
2969 3859 3170 3914 Panem
3203 3858 3514 3929 angelorum

1934 3979 2123 4038 vocat,
2156 3965 2321 4024 veluti
2369 3977 2465 4035 per
2507 3961 2731 4032 angelos
2769 3955 3267 4013 subministratum.
3319 3951 3511 4020 Angeli

1936 4065 2082 4122 enim
2110 4105 2125 4129 ,
2167 4070 2230 4116 ut
2276 4073 2342 4113 ex
2390 4053 2592 4110 divinis
2633 4048 2852 4104 Litteris
2898 4045 3260 4117 percepimus,
3313 4042 3516 4096 divinis

1937 4158 2160 4215 nutibus
2183 4148 2552 4210 subserviunt.
2586 4144 2729 4200 Dicit
2773 4153 2954 4197 autem
3001 4141 3081 4195 sic
3120 4138 3339 4192 divinus
3367 4136 3517 4203 Apo-

1937 4251 2114 4307 stolus
2143 4265 2157 4302 :
2200 4267 2216 4299 ι
2248 4242 2441 4299 Nonne
2466 4255 2659 4294 omnes
2691 4243 2822 4291 sunt
2855 4230 3094 4287 ministri
3130 4230 3353 4300 spiritus
3379 4268 3391 4292 ,
3446 4226 3516 4278 ad

1939 4339 2303 4398 ministerium
2339 4331 2496 4387 missi
2541 4335 2762 4400 propter
2790 4340 2886 4380 eos
2911 4364 2926 4384 .
2961 4328 2977 4345 ‘
3005 4321 3098 4391 qui
3143 4317 3512 4375 haereditaturi

1941 4433 2312 4495 suntsalutem
2329 4427 2416 4478 αἳ»
2439 4422 2504 4478 Ει
2527 4437 2750 4477 rursus:
2781 4435 2799 4469 ι
2828 4417 2888 4473 Si
2906 4410 3115 4486 1155
3135 4415 3280 4468 enim
3311 4425 3513 4473 sermo,

247 4506 419 4608 γέλων
471 4506 725 4608 λαληθέίς
779 4506 939 4606 λόγος
1001 4537 1219 4605 ἐγένετο
1253 4506 1548 4606 βέϐαιοςδί,
1589 4553 1606 4586 ι
1636 4536 1729 4587 καὶ
1762 4506 1821 4588 τὰ

1937 4529 2030 4601 qui
2066 4541 2157 4596 per
2189 4525 2409 4593 angelos
2443 4516 2622 4571 dictus
2651 4522 2764 4578 est,
2804 4511 2905 4564 fuit
2935 4511 3124 4562 tirmus
3159 4506 3186 4545 δ
3217 4546 3232 4570 ,
3270 4522 3288 4553 ι
3333 4513 3387 4558 et
3428 4520 3515 4556 re-

251 4633 393 4703 ἑξῆς.
446 4633 659 4700 Ἄρτον
705 4631 762 4684 δὲ
809 4627 1074 4698 οὐρανοῦ
1127 4630 1203 4694 ὡς
1267 4627 1475 4684 ἄνωθεν
1541 4627 1835 4697 ἐνεχθέντα

251 4726 424 4779 καλεῖ.
479 4725 590 4778 Καὶ
635 4725 759 4787 τοὺς
805 4723 1145 4794 ἀεροπόρους
1180 4722 1290 4794 γὰρ
1336 4720 1562 4794 ὄρνιθας
1611 4722 1836 4774 πετεινὰ

253 4818 482 4889 οὐρανοῦ
515 4819 548 4889 ἡ
579 4817 697 4871 θεία
724 4817 1120 4889 προσαγορεύει
1151 4817 1363 4886 Γραφή.
1408 4833 1428 4868 ι
1457 4813 1838 4884 Ἐπισιτισμὸν

257 4911 577 4964 ἀπέστειλεν
604 4910 811 4974 αὐτοῖς,
832 4911 913 4973 είς
945 4909 1280 4980 πλησμονήν.
1298 4929 1314 4959 ι
1347 4909 1442 4971 Et;
1470 4906 1651 4976 κόρον,
1679 4908 1834 4976 φησὶ.

259 5002 458 5072 ταύτης
496 5002 801 5072 μετέδωκεν
827 5002 1012 5064 αὺτοῖς
1044 5001 1142 5071 τῆς
1171 5000 1395 5070 τροφῆς.
1444 4994 1579 5052 Εἶτα
1613 4997 1707 5052 καὶ
1736 4995 1836 5067 τὴν

261 5093 367 5147 τῶν
389 5092 578 5167 κρεῶν·
604 5092 825 5158 διέξεισι
859 5091 1144 5164 χορηγίαν.

329 5287 354 5316 ι
392 5275 560 5331 Hebr.
593 5287 642 5339 ι,
673 5271 766 5327 14.
846 5270 873 5311 δ
905 5268 1070 5326 Hebr.
1102 5285 1163 5333 ιι,
1192 5270 1245 5324 2‘.

1936 4596 2108 4693 liqua.
2143 4616 2343 4671 Panem
2382 4625 2512 4665 vero
2548 4606 2665 4662 εωιὶ
2698 4615 2958 4674 tanquam
3007 4612 3243 4670 superne
3274 4596 3520 4672 delatum

1937 4687 2115 4769 vocat.
2148 4708 2285 4764 Nam
2321 4717 2374 4761 et
2411 4717 2573 4766 aves,
2605 4713 2728 4771 qua:
2756 4712 2849 4767 per
2881 4709 3060 4750 aerem
3085 4699 3287 4746 .meant
3311 4729 3326 4754 ,
3367 4687 3521 4742 voln-

1938 4823 2060 4865 cres
2088 4805 2212 4861 caeli
2242 4815 2398 4858 sacra
2424 4798 2706 4866 Scriptura
2735 4797 3040 4857 nuncupat.
3078 4802 3097 4836 ι
3125 4780 3344 4840 Cibaria
3368 4778 3520 4833 misit

1938 4905 2020 4960 eis
2068 4901 2122 4954 in
2169 4893 2581 4952 abundantiam.
2611 4907 2629 4941 ι
2686 4885 2766 4940 Ad
2808 4882 3113 4938 satietatem
3170 4888 3365 4944 usque,
3421 4871 3520 4936 ait,

1947 4998 2092 5052 hunc
2121 4993 2227 5048 illis
2260 4990 2445 5046 cibum
2487 4982 2769 5055 impertiit.
2806 4976 3011 5035 Deinde
3041 4983 3097 5030 et
3129 4971 3378 5029 carnium
3412 4968 3523 5019 lar-

1944 5083 2205 5156 gitionem
2243 5085 2452 5133 narrat.

1364 5439 1602 5498 VARUE
1638 5433 2021 5495 LECTIONES
2060 5431 2148 5488 ET
2190 5424 2427 5488 NOTAE.

405 5609 749 5707 “sine.
767 5604 1313 5707 εεεὲυξήσξταέ;,..’;
1341 5598 1821 5707 egenam

1934 5600 2023 5659 κω
2050 5611 2282 5652 carnem.
2315 5591 2512 5661 Aquila
2543 5598 2596 5645 et
2619 5586 2828 5658 Symm.
2860 5582 3016 5707 κρέα.
3062 5580 3135 5665 n"
3167 5575 3526 5632 Ἀνεϐάλετο.

1947 5669 2057 5707 Τηῧ
2118 5667 2280 5707 Mum
2307 5680 2335 5707 α
2372 5664 2494 5707 cmi-
2534 5661 2590 5707 ἓ-
2669 5659 2714 5689 ὐ
2737 5656 2858 5707 cod.
2955 5649 3252 5707 Μωυσέως.
3329 5648 3375 5678 ⁸ο
3407 5647 3526 5699 cod.

269 5683 425 5738 Hebr.
463 5691 672 5744 "tBYW'l
703 5691 750 5734 et
785 5682 957 5732 iratus
993 5672 1095 5732 est.
1126 5678 1337 5746 Symm.
1365 5674 1460 5727 καὶ
1489 5672 1755 5746 ἐχολώθη.

1861 5672 1905 5702 '“‘
1947 5669 2080 5723 Τοῦ.
2112 5667 2280 5722 Abest
2307 5680 2337 5718 a
2372 5664 2494 5717 coli.
2534 5661 2590 5714 2.

2669 5647 2714 5689 ⁵³⁸
2737 5656 2858 5711 cod.
2889 5647 2924 5707 ἢ
2955 5649 3252 5712 Μωῦσέως.
3329 5648 3375 5678 ⁸ο
3407 5647 3527 5699 cod.

267 5716 598 5820 333239531"
615 5716 672 5782 ’δι’
697 5716 824 5820 ἶὸιιῖ
837 5716 1194 5820 ἔίῖὲιρἓίὼῖἴ
1207 5716 1337 5820 ἕΐ
1351 5716 1821 5820 ’λ’ἧοὲἃῐιὶῗέίὲιη

1934 5716 2413 5806 ᾱήῖέὲβὲιιὶέηέ.
2455 5732 2662 5804 Symm.
2700 5725 2996 5780 δυναστῶν.
3073 5721 3118 5752 ⁸³
3153 5720 3337 5785 Θεῐος.
3371 5716 3535 5772 Abest

271 5839 298 5876 ιι
330 5815 451 5879 cod.
478 5823 534 5875 2.
607 5819 653 5853 ⁸⁸
687 5818 949 5891 Ἐγένετο
986 5815 1248 5884 ξβέϐιιιος.
1291 5816 1414 5872 Des.
1452 5819 1504 5870 in
1541 5816 1661 5870 cod.
1689 5815 1742 5868 2.

3337 320 3499 394 ’1490
3591 397 3596 402 ,
