3936 6492
506 302 639 369 1491

1509 306 2001 370 THEODORETI
2040 309 2380 370 EPISCOPI
2420 310 2789 371 CYRENSIS

3599 310 3714 379 1492

586 419 744 473 \‘sns.
771 416 863 483 26,
909 416 1000 471 27.
1056 436 1074 470 ι
1111 416 1354 474 Abstulit
1396 428 1647 475 austrum
1696 423 1763 476 de
1811 421 1991 483 caelo,
2037 431 2084 475 et

2266 431 2377 490 κς⁹,
2410 421 2513 486 κζ’.
2549 441 2567 473 ι
2620 421 2883 493 Ἀπῆρε⁸³
2923 421 3075 476 νότον
3117 420 3175 487 ἐξ
3206 420 3433 492 ούρανοῦ
3457 438 3470 452 ο
3504 423 3589 475 καὶ
3634 426 3720 477 ἐπ-

503 510 723 564 lnduxit
756 509 806 563 in
839 510 1039 564 virtute
1071 525 1171 564 sua
1202 511 1460 565 africum.
1504 510 1571 565 Et
1604 512 1741 580 pluit
1778 528 1944 582 super
1983 527 2079 566 eos

504 604 647 657 sicut
676 602 954 671 pulverem
980 617 1192 665 carnes,
1223 614 1278 656 et
1318 607 1458 658 sicut
1482 619 1704 658 arenam
1736 604 1906 659 maris
1928 604 2080 658 vola-

506 695 622 749 tilia
652 704 908 766 pennata.
938 711 956 744 ι
995 694 1133 748 Nam
1172 708 1270 762 per
1301 703 1494 749 ventos
1523 694 1705 747 avium
1738 694 1953 748 illarum
1984 709 2078 763 ge-

506 801 614 841 nus
665 786 907 855 undique
952 786 1239 840 collectum
1289 785 1546 841 devolare
1580 786 1751 856 jussit
1788 788 1842 841 in
1888 800 2080 840 eorum

507 879 882 943 tabernacula,
913 878 1254 933 venationem
1297 880 1604 933 ultroneam
1646 878 1778 948 ipsis
1821 879 2079 949 largiens.

581 1056 743 1114 Vens.
782 1057 972 1111 28-30.
1013 1074 1032 1107 ι
1066 1056 1129 1110 Et
1158 1055 1471 1110 ceciderunt
1495 1056 1548 1109 in
1571 1054 1751 1111 medio
1772 1063 2080 1111 castrorum

507 1167 718 1214 eorum,
748 1161 801 1205 et
840 1152 984 1206 circa
1018 1150 1368 1205 tabernacula
1407 1165 1621 1205 eorum.
1668 1149 1732 1203 Et
1779 1150 2080 1204 manduca-

507 1254 723 1311 verunt,
751 1252 805 1299 et
826 1244 1056 1299 saturati
1087 1254 1216 1298 sunt
1241 1244 1425 1307 nimis,
1461 1253 1515 1297 et
1529 1243 1859 1299 desiderium
1890 1259 2081 1299 eorum

510 1339 691 1393 attulit
718 1336 816 1392 eis.
844 1334 967 1390 Non
998 1345 1128 1392 sunt
1167 1335 1403 1390 fraudati
1434 1336 1703 1391 desiderio
1726 1351 1847 1390 suo.
1885 1354 1903 1387 ι
1935 1335 2080 1390 Con-

511 1432 684 1486 secuti
737 1440 893 1494 sunt,
931 1430 1131 1498 inquit,
1174 1428 1322 1498 quod
1372 1429 1781 1494 desiderarunt,
1821 1436 1876 1482 et
1907 1428 2083 1497 inglu-

512 1525 655 1579 viem
690 1522 1092 1592 impleverunt:
1127 1530 1367 1576 attamen
1391 1520 1734 1591 inexplebilis
1769 1519 2082 1589 cupiditatis

512 1631 703 1689 pmnas
728 1614 1120 1686 pependerunt.

588 1729 608 1762 ι
653 1711 845 1764 Adhuc
893 1722 1033 1763 escae
1080 1721 1270 1761 eorum
1327 1714 1486 1760 erant
1538 1704 1593 1759 in
1649 1718 1750 1760 ore
1794 1704 2078 1774 ipsorum,

512 1803 702 1875 ll’sns.
733 1801 824 1873 51]
874 1800 939 1854 Ει
967 1800 1045 1854 ira
1077 1798 1168 1852 Dci
1195 1798 1442 1853 ascendit
1496 1813 1661 1867 super
1699 1812 1816 1863 eos,
1860 1807 1915 1852 et
1936 1797 2079 1853 occi-
2111 1781 2153 1837 Β

510 1896 592 1951 dit
629 1897 855 1964 pingues
912 1908 1125 1952 eorum,
1168 1902 1221 1945 et
1256 1892 1459 1945 electos
1506 1887 1672 1944 Israel
1711 1889 2010 1959 impedivit.
2056 1908 2076 1941 ι

511 1989 780 2053 Quoniam
811 1984 982 2047 enim,
1029 1992 1153 2053 post
1182 1982 1537 2052 multiplicem
1568 1981 1961 2051 experientiam
2003 1982 2085 2035 di-

511 2080 650 2133 vium
668 2077 943 2147 potentiae,
966 2092 1074 2130 non
1119 2075 1470 2129 crediderunt
1493 2071 1663 2127 Deum
1692 2072 1907 2143 1156
1928 2088 2086 2142 posse

509 2172 693 2225 cibum
738 2168 1106 2239 suppeditare,
1147 2166 1562 2237 castigationem
1624 2166 1832 2229 intulit,
1883 2168 2086 2221 ducens

509 2280 635 2319 eum
666 2271 896 2331 utraque
932 2276 1091 2331 posse
1127 2258 1329 2325 facere,
1360 2267 1416 2313 et
1452 2258 1597 2313 bona
1634 2259 1841 2329 largiri,
1878 2267 1935 2313 et
1964 2274 2083 2328 pa:-

514 2372 611 2412 nas
653 2355 921 2427 infligere.
983 2356 1236 2408 Attamen
1288 2352 1647 2408 nihilominus
1694 2367 1921 2422 peccare
1962 2367 2087 2423 per-

513 2458 792 2506 rexerunt.
831 2446 946 2502 Hoc
972 2447 1117 2501 enim
1144 2446 1431 2516 subjunxit
1469 2462 1484 2500 :

582 2625 750 2683 Vnus.
785 2626 876 2691 52,
900 2627 989 2681 55.
1026 2644 1044 2677 ι
1080 2623 1138 2679 1η
1177 2624 1435 2680 omnibus
1470 2623 1556 2679 bis
1595 2630 1959 2693 peccaverunt
1987 2623 2085 2677 ad-

513 2722 641 2785 liuc,
664 2728 718 2775 et
741 2734 848 2774 non
880 2717 1235 2774 crediderunt
1270 2716 1324 2770 in
1358 2714 1704 2770 mirabilibus
1726 2713 1867 2785 ejus.
1898 2713 1968 2769 Et
1995 2714 2090 2769 de-

514 2815 761 2869 fecerunt
784 2814 839 2867 in
865 2812 1105 2866 vanitate
1125 2811 1243 2865 dies
1268 2824 1481 2872 eorum,
1509 2817 1564 2864 et
1591 2807 1721 2863 anni
1744 2822 1933 2863 eorum
1960 2823 2087 2862 cum

408 2894 409 2901 “
514 2907 883 2962 festinatione.
923 2925 942 2958 ι
992 2904 1307 2969 Peccantes,
1342 2903 1539 2975 inquit,
1586 2911 1642 2959 et
1682 2903 2084 2973 delinquentes.

510 3011 568 3057 et
616 3001 817 3055 nullam
856 3015 1041 3054 curam
1097 3009 1347 3069 gerentes
1397 2998 1466 3053 de
1514 2998 1599 3053 his
1659 3013 1781 3067 quae
1827 2997 2088 3068 prodesse

514 3094 648 3164 ipsis
710 3100 991 3163 poterant,
1029 3092 1125 3147 sed
1176 3091 1433 3146 inanibus
1487 3091 1886 3160 inutilibusque
1935 3091 2083 3145 curis

513 3185 680 3252 aflixi,
709 3194 764 3241 et
799 3187 900 3242 lias
935 3202 1058 3242 cum
1091 3186 1240 3240 omni
1273 3186 1456 3241 studio
1475 3194 1881 3256 persequentes,
1918 3200 1948 3239 e
1976 3185 2086 3239 vita

512 3289 889 3336 excesserunt.

582 3459 755 3515 Vens.
786 3460 876 3526 54,
911 3460 1001 3514 35.
1047 3478 1065 3510 ι
1115 3460 1253 3515 Cum
1292 3459 1565 3515 occideret
1602 3475 1717 3526 eos,
1755 3468 1889 3515 tunc
1940 3475 2091 3530 qua:-

512 3553 704 3607 rebant
730 3568 878 3614 eum.
919 3561 974 3606 et
1009 3544 1443 3617 revertebantur,
1472 3562 1528 3607 et
1568 3556 1671 3607 sub
1714 3552 1958 3608 diluculo
1999 3569 2091 3608 ve-

512 3644 737 3698 niebant
790 3645 856 3698 ad
910 3659 1060 3698 enm.
1108 3651 1127 3666 '
1163 3642 1230 3698 Et
1271 3645 1538 3700 recordati
1582 3655 1711 3700 sunt
1757 3644 1927 3700 Deum
1969 3660 2092 3702 esse

512 3734 816 3806 adjutorem
849 3752 1061 3802 eorum,
1094 3746 1147 3790 et
1178 3736 1346 3791 Deum
1390 3738 1671 3793 excelsum
1710 3754 1831 3793 esse
1876 3738 2091 3793 redem—

513 3839 727 3901 ptorem
759 3846 970 3885 eorum.
1001 3848 1019 3882 ι
1048 3827 1168 3885 Νοιι
1199 3830 1401 3885 frustra
1426 3830 1561 3900 ipsis
1600 3831 1915 3886 misericors
1948 3829 2089 3887 Deus

512 3925 802 3992 compedes
833 3924 1019 3994 injecit
1050 3946 1060 3979 :
1094 3924 1222 3994 quin
1272 3924 1403 3979 hinc
1424 3940 1545 3980 -non
1594 3940 1785 3994 parum
1837 3926 2089 3982 utilitatis

510 4013 900 4084 percipiebant.
935 4012 1070 4067 Nam
1129 4014 1289 4068 bonis
1343 4013 1584 4070 fruentes
1642 4032 1751 4071 non
1808 4017 2090 4073 intellexe-

511 4113 642 4160 runt
675 4119 690 4157 :
726 4105 1008 4173 suppliciis
1043 4120 1171 4160 vero
1199 4105 1400 4173 affecti,
1432 4107 1673 4163 divinam
1699 4109 2088 4181 benignitatem

511 4194 805 4263 implorare
835 4205 1141 4264 coeperunt.

584 4283 747 4340 Vens.
780 4287 869 4349 56,
905 4288 993 4341 57.
1036 4306 1054 4339 ι
1093 4289 1161 4342 Et
1197 4288 1507 4344 dilexerunt
1552 4306 1676 4345 eum
1726 4307 1822 4346 ore
1865 4308 1987 4355 suo,
2034 4302 2088 4346 et

515 4375 698 4446 lingua
730 4390 828 4430 sua
858 4377 1070 4431 mentiti
1105 4386 1232 4432 sunt
1277 4380 1347 4434 ei.
1392 4380 1499 4435 Cor
1533 4392 1713 4436 autem
1746 4398 1936 4437 eorum
1976 4398 2084 4438 non

2180 519 2389 587 ήγαγεν
2432 516 2492 566 ἐν
2530 514 2598 583 τῇ
2637 512 2866 582 δυνάμει
2899 509 3069 565 αὑτοῦ
3126 509 3251 563 λίϐα
3268 510 3337 564 ⁸⁸.
3368 512 3479 565 Kal
3523 511 3721 583 ἔϐρεξεν

2178 611 2268 665 ἐπ’
2298 609 2497 673 αὐτοὺς
2533 607 2667 661 ὡσεὶ
2697 607 2860 678 χνοῦν
2876 608 2922 640 θ’
2957 607 3168 677 σάρκας
3192 622 3208 639 ο
3251 607 3349 659 καὶ
3389 606 3519 659 ὡσεὶ
3562 609 3723 678 ἄμμον

2180 701 2490 766 θαλασσῶν,
2512 700 2740 754 πετεινὰ
2766 699 3043 770 πτερωτά.
3075 718 3095 753 ι
3122 698 3223 751 Διὰ
3251 698 3365 768 γὰρ
3389 699 3497 751 τῶν
3532 700 3723 771 ἀνέμων

2182 794 2487 856 συνελάσας
2513 792 2851 862 πανταχόθεν
2874 794 2984 845 τῶν
3006 791 3235 862 ὀρνίθων
3254 790 3479 843 ἐκείνων
3494 792 3552 843 τὸ
3571 794 3723 858 γένος,

2181 885 2523 955 καταπτῆναι
2577 883 2880 956 προσέταξε
2931 883 3084 954 παρὰ
3138 884 3238 947 τὰς
3270 881 3477 935 τούτων
3524 885 3724 954 σκηνὰς,

2181 979 2487 1046 αὐτόματον
2513 977 2701 1040 αὐτοῖς
2732 976 3106 1049 χαρισάμενος
3139 976 3334 1047 θήραν.

2255 1066 2436 1137 κη’ςλν.
2484 1070 2598 1121 Kal
2634 1067 2829 1122 ἔπεσεν
2867 1068 2913 1100 ⁸⁸
2952 1069 3033 1131 είς
3067 1067 3231 1137 μέσον
3258 1066 3363 1135 τῆς
3403 1067 3727 1137 παρεμϐολῆς

2182 1158 2385 1224 αὐτῶν,
2420 1157 2607 1230 κύκλῳ
2658 1158 2769 1211 τῶν
2804 1159 3184 1229 σκηνωμάτων
3232 1158 3437 1212 αὐτῶν.
3474 1158 3580 1213 Kal
3616 1159 3729 1229 ἐφαο

2182 1268 2277 1321 γον
2308 1251 2404 1304 καὶ
2432 1250 2849 1322 ἐνεπλήσθησαν
2874 1250 3083 1319 σφόδρα
3106 1265 3122 1280 ο
3180 1248 3275 1302 καὶ
3302 1248 3404 1319 τὴν
3456 1247 3730 1319 ἐπιθυμίαν

2183 1342 2364 1396 αὐτῶν
2394 1342 2624 1412 ήνεγκεν
2651 1341 2856 1403 αὐτοῖς.
2893 1338 3013 1395 Ούκ
3037 1339 3420 1409 ἐστερήθησαν
3440 1339 3482 1371 ⁸⁸
3508 1340 3610 1393 ἀπὸ
3645 1342 3731 1410 τῆς

2182 1432 2477 1503 ἐπιθυμίας
2523 1432 2727 1485 αύτῶν.
2772 1451 2792 1484 ι
2832 1431 3209 1502 Ἀπήλαυσαν,
3246 1430 3439 1500 φησὶν,
3501 1424 3571 1484 ὧν
3609 1432 3728 1499 ὠρέ-

2183 1526 2414 1596 χθησαν,
2450 1526 2543 1578 καὶ
2599 1524 2697 1594 τὴν
2749 1523 3193 1594 γαστριμαργίαν
3248 1521 3580 1591 ἐνέπλησαν⁸
3634 1525 3730 1579 ἀλλ’

2182 1618 2331 1687 ὅμως
2358 1617 2460 1687 τῆς
2486 1615 2796 1686 ἀπληστίας
2829 1615 3273 1686 εἰσεπράχθησαν
3304 1613 3483 1678 δίκας.

2263 1730 2282 1761 ι
2317 1710 2441 1762 Ἔτι
2464 1710 2565 1779 τῆς
2598 1708 2854 1780 βρώσεως
2873 1709 2920 1741 9°
2937 1707 3105 1778 οῦσης
3127 1709 3184 1761 ἐν
3209 1708 3288 1777 τῷ
3307 1710 3534 1776 στόματι
3555 1708 3731 1771 αὐτῶν,

2184 1799 2309 1873 [λα’]
2362 1801 2473 1853 Kal
2521 1799 2663 1871 ὀργὴ
2709 1796 2805 1851 τοῦ
2845 1796 2979 1851 Θεοῦ
3011 1796 3181 1867 ἁνέὁη
3243 1796 3332 1848 ἐπ’
3383 1795 3608 1859 αύτοῦς,
3654 1803 3733 1849 καὶ

2182 1894 2504 1949 ἀπέκτεινεν
2530 1894 2588 1946 ἐν
2613 1894 2726 1956 τοῖς
2759 1890 3065 1945 πλείοσιν⁹¹
3098 1888 3306 1956 αὐτῶν,
3340 1890 3435 1942 καὶ
3458 1890 3579 1952 τοὺς
3601 1889 3731 1942 ἐκλι-

2182 1987 2346 2050 κτοῦς
2371 1988 2417 2019 ⁹²
2453 1984 2551 2039 τοῦ
2594 1976 2815 2056 Ἰσραὴλ
2842 1982 3193 2037 συνεπόδισεν
3215 1982 3286 2035 ⁸³.
3325 1999 3345 2033 ι
3402 1980 3615 2050 Ἐπειδὴ
3642 1981 3732 2049 γὰρ

2184 2082 2381 2151 πεῖραν
2426 2076 2631 2148 πολλὴν
2672 2075 2933 2138 λαϐόντες
2972 2075 3071 2144 τῆς
3119 2073 3274 2136 θείας
3336 2071 3626 2143 δυνάμεως,
3649 2072 3731 2125 οὐκ

2184 2171 2512 2248 ἐπίστευσαν
2568 2165 2831 2221 δύνασθαι
2873 2164 2966 2220 τδν
3047 2164 3178 2218 Θεὸν
3195 2161 3244 2195 ⁸⁸
3309 2162 3609 2234 χορηγῆσαι
3649 2163 3732 2232 τήν

2183 2261 2409 2334 τροφὴν,
2445 2260 2537 2315 καὶ
2591 2259 2692 2331 τὴν
2722 2258 2974 2313 παιδείαν
3026 2259 3283 2327 ἐπήγαγε
3310 2257 3381 2321 ’⁸,
3431 2255 3679 2309 διδάσκων
3695 2256 3732 2288 ’⁸

2183 2352 2258 2416 ὡς
2279 2351 2567 2422 ἀμφότερα
2589 2352 2766 2404 ποιεῖν
2796 2349 3001 2413 ίκανδς,
3032 2348 3129 2402 καὶ
3166 2347 3237 2400 τά
3261 2344 3443 2415 ἀγαθὰ
3476 2347 3727 2417 παρέχειν,

2188 2443 2282 2496 καὶ
2314 2442 2414 2507 τὰς
2434 2441 2707 2513 τιμωρίας
2740 2440 2988 2509 ἐπάγειν.
3034 2438 3175 2495 Ἀλλ’
3216 2439 3389 2508 ὅμως,
3418 2437 3563 2491 οὐδὲν
3597 2433 3732 2509 ἦττον

2188 2534 2482 2603 ἐπέμειναν
2508 2531 2985 2603 πλημμελοῦντες.
3024 2530 3196 2584 Τοῦτο
3220 2528 3333 2600 γὰρ
3366 2529 3629 2598 ἐπήγαγεν
3652 2544 3664 2556 '

2256 2626 2358 2698 λβ’,
2390 2624 2493 2696 λγ’.
2531 2643 2551 2677 ι
2610 2626 2700 2679 Ἐν
2727 2624 2864 2677 πᾶσι
2886 2621 3097 2686 τούτοις
3128 2622 3382 2692 ἥμαρτον
3413 2619 3510 2687 ἔτι,
3542 2619 3627 2672 καὶ
3648 2619 3732 2672 οὐκ

2187 2721 2518 2776 ἐπίστευσαν
2543 2721 2601 2773 ἐν
2621 2720 2738 2783 τοῖς
2765 2716 3095 2788 θαυμασίοις
3125 2714 3320 2771 αὑτοῦ.
3370 2713 3476 2766 Καὶ
3503 2713 3545 2744 ⁸⁷
3583 2711 3731 2775 ἐξέλι-

2190 2831 2290 2867 πον
2329 2814 2388 2866 ἐν
2417 2811 2748 2883 ματαιότητι
2801 2811 2857 2863 αἱ
2902 2808 3110 2880 ἡμέραι
3151 2806 3367 2860 αῦτῶνο
3424 2803 3518 2857 καὶ
3558 2804 3619 2857 τὰ
3653 2802 3731 2871 ἐτη

2189 2906 2373 2961 αὐτῶν
2406 2904 2546 2976 μετὰ
2568 2903 2807 2974 σπουδῆς
2820 2903 2888 2959 θδ.
2921 2922 2940 2956 ι
2990 2902 3449 2973 Ἀμαρτάνοντες,
3485 2900 3625 2971 φησὶ,
3653 2900 3731 2951 καὶ

2189 2997 2665 3068 πλημμελοῦντες,
2714 2995 2814 3050 καὶ
2863 2995 2973 3049 τῶν
3032 2994 3133 3065 μὲν
3180 2992 3416 3063 ὠφελεῖν
3455 2990 3731 3061 δυναμένων

2189 3089 2447 3160 οὐδεμίαν
2477 3087 2793 3158 ποιούμενοι
2813 3088 2857 3120 ’³
2910 3086 3195 3157 πρόνοιαν,
3243 3086 3361 3149 τοῖς
3410 3084 3467 3138 δὲ
3515 3083 3730 3154 ματαίοις

2190 3181 2285 3235 καὶ
2311 3180 2567 3252 ἀκερδέσι
2596 3179 3031 3252 προστετηκότες
3057 3177 3481 3249 ἐπιτηδεύμασι,
3511 3176 3594 3229 καὶ
3616 3174 3730 3244 μετὰ

2189 3274 2372 3343 πάσης
2416 3272 2590 3327 ταῦτα
2641 3270 2920 3343 μετιόντες
2965 3270 3224 3342 σπουδῆς,
3284 3270 3380 3324 τὸν
3441 3268 3551 3341 βίον
3590 3266 3728 3332 ὑπεξ-

2188 3365 2376 3436 ῆλθον.

2257 3458 2353 3522 λδν,
2394 3457 2488 3511 λε’.
2521 3476 2539 3509 ι
2578 3455 2780 3511 Ὄτ’ἃν
2805 3456 3127 3511 ἀπέκτεινεν
3156 3455 3392 3519 αὐτοὺς,
3427 3455 3544 3508 τότε
3572 3454 3728 3523 ἐξεζή-

2188 3568 2315 3603 τουν
2333 3550 2349 3581 ¹
2383 3549 2567 3615 αὐτὸν,
2598 3550 2695 3603 καὶ
2720 3548 3079 3620 ἐπέστρεφον,
3103 3550 3199 3603 καὶ
3219 3546 3493 3620 ὥρθριζον
3517 3547 3640 3617 πρὸς
3657 3545 3729 3598 τὸν

2187 3642 2341 3697 Θεόν.
2394 3644 2504 3697 Kal
2559 3642 2912 3714 ἐμνήσθησαν
2950 3642 3033 3695 ὅτι
3080 3643 3108 3695 ὁ
3141 3640 3277 3705 Θεὸς
3313 3640 3504 3712 βοηθὸς
3543 3638 3730 3694 αύτῶν⁹

2187 3736 2323 3799 ἐστι,
2354 3737 2450 3790 καὶ
2479 3737 2508 3790 ὁ
2534 3736 2668 3799 Θεὸς
2697 3737 2726 3789 ὁ
2757 3735 2982 3805 ὕψιστος
3020 3734 3310 3806 λυτρωτὴς
3350 3734 3527 3787 αὐτῶν
3555 3734 3677 3784 ἐστι.
3709 3747 3725 3779 ι

2189 3829 2264 3881 Ού
2297 3829 2475 3899 μάτην
2504 3829 2562 3882 δὲ
2603 3830 2785 3893 αὐτοῖς
2834 3832 2863 3884 ὁ
2912 3830 3303 3903 φιλάνθρωπος
3348 3826 3614 3895 Δεσπότης
3649 3822 3727 3885 τὰς

2188 3923 2393 3987 πέδας³
2425 3924 2742 3994 ἐπήγαγεν
2782 3923 3055 3992 ὠφέλειαν
3097 3922 3207 3991 γὰρ
3261 3920 3510 3974 ἐντεῦθεν
3543 3918 3601 3970 ού
3630 3932 3725 3984 σμι-

2186 4030 2220 4067 κ
2229 4014 2328 4086 ρὰν
2347 4014 2713 4086 ἐκαρποῦντο.
2742 4014 3137 4077 ’Δπολαύοντες
3158 4014 3257 4083 μὲν
3278 4015 3386 4083 γὰρ
3402 4012 3505 4063 τῶν
3520 4007 3727 4079 ἀγαθῶν,

2186 4110 2288 4163 οὐκ
2308 4107 2609 4179 ᾐσθάνοντο
2630 4125 2644 4140 ’
2666 4108 3020 4179 κολαζόμενοι
3038 4108 3119 4172 δὲ,
3140 4108 3242 4180 τήν
3274 4105 3427 4159 θείαν
3451 4101 3729 4174 προσῄεσαν

2188 4201 2468 4264 αἰτοῦντες
2484 4201 2505 4232 δ
2538 4201 2975 4273 φιλανθρωπίαν.

2258 4294 2367 4358 λς’,
2398 4294 2496 4357 λζ’.
2532 4312 2551 4344 ι
2594 4294 2704 4347 Kal
2743 4293 3075 4364 ἠγάπησαν1⁵
3122 4291 3287 4346 αὑτὸν
3323 4293 3383 4344 ἐν
3423 4288 3498 4358 τῷ
3532 4285 3728 4354 στόματι

2187 4387 2366 4440 αὐτῶν
2406 4403 2420 4416 ·
2463 4388 2558 4440 καὶ
2616 4389 2681 4457 τῇ
2734 4385 2954 4457 γλώσσῃ
3003 4384 3183 4439 αὐτῶν
3235 4382 3530 4453 ἐψεύσαντο
3582 4376 3726 4445 αὐτῷ.

513 4478 632 4523 erat
671 4480 878 4525 rectum
935 4486 1057 4525 cum
1099 4485 1186 4534 eo,
1223 4488 1322 4527 nec
1348 4472 1531 4529 fideles
1558 4475 1727 4529 habiti
1766 4486 1893 4529 sunt
1922 4476 1974 4528 in
2004 4485 2082 4530 te-

2202 4482 2266 4534 'H
2313 4480 2368 4535 δέ
2418 4480 2615 4551 καρδία
2638 4480 2818 4534 αὐτῶν
2866 4480 2965 4533 οῦκ
3003 4478 3188 4532 εὐθεῖα
3237 4484 3352 4546 μετ’
3389 4472 3581 4532 αὑτοῦ·
3624 4468 3726 4523 οὐδὲ

514 4572 783 4617 stamento
830 4564 972 4632 ejus.
1018 4582 1036 4614 ι
1095 4565 1269 4618 Porro
1324 4565 1499 4633 ipsum
1558 4567 1784 4638 diligere
1847 4571 2083 4637 sponde-

514 4653 663 4716 bant,
693 4653 842 4709 falsis
883 4656 1230 4711 sermonibus
1266 4665 1500 4711 utentes.
1543 4657 1678 4713 Nam
1720 4676 1877 4715 mens
1908 4662 2090 4717 verbis

2189 4572 2576 4643 ἐπιστώθησαν
2630 4574 2689 4626 ἐν
2760 4576 2828 4644 τῇ
2874 4572 3109 4643 διαθήκῃ
3168 4569 3357 4626 αὑτοῦ.
3428 4588 3445 4620 ι
3514 4562 3726 4632 ’Δγαπᾷν

2187 4665 2244 4719 δέ
2283 4666 2446 4719 αὐτὸν
2488 4663 2851 4736 ὑπισχνοῦντο
2892 4664 3119 4736 ψευδέσι
3188 4659 3502 4735 χρώμενοι⁶
3549 4656 3722 4723 λόγοις.

1640 4891 1873 4949 VARle
1916 4892 2299 4950 LECTIONES
2336 4893 2425 4948 ET
2463 4893 2699 4950 NOTAE.

580 5062 629 5093 ⁸⁸
665 5060 892 5128 Ἁπῆρε.
934 5062 1096 5118 Hebr.
1128 5075 1225 5128 vat
1258 5067 1557 5141 concitavit.
1649 5067 1695 5099 °‘
1725 5068 1847 5122 cod.
1878 5070 1914 5122 ‘2
1941 5068 2084 5122 M6ax

2187 5070 2222 5102 ³⁷
2256 5068 2387 5125 Rec.
2418 5070 2578 5125 lectio
2624 5079 2709 5123 est
2760 5069 2908 5141 χοῦν.
2985 5070 3033 5103 ⁸⁸
3072 5072 3347 5130 Ἔπεσεν.
3404 5071 3526 5125 Rec.
3587 5068 3721 5141 lectip

512 5143 621 5208 lt.l.
648 5155 734 5199 est
765 5147 1054 5202 ἐπέπεσον.
1093 5148 1254 5224 Hebr.
1287 5136 1401 5210 ’δείλη
1430 5160 1479 5205 et
1499 5151 1698 5224 _cadere
1729 5152 2084 5223 fecit,|s.dejei

2199 5152 2407 5224 Symm.
2431 5152 2527 5224 καὶ
2556 5132 2842 5224 ἐπέϐαλεν.
2919 5151 2966 5185 ³⁸
3004 5156 3125 5207 Οὐκ
3152 5155 3346 5223 ἐστερ.
3372 5154 3527 5209 Hebr.
3551 5132 3722 5224 Τέτζκι)

512 5232 632 5293 a_ort_
649 5227 991 5293 recesserunt,
1025 5234 1071 5293 s.
1117 5221 1460 5293 destiterunt.
1487 5221 1704 5293 Symm.
1746 5225 1845 5275 οὐκ
1874 5221 2209 5291 ἅπεστησαν.

2306 5224 2352 5255 ⁹⁰
2371 5222 2677 5289 Βρὼσεως.
2723 5223 2780 5276 In
2815 5233 2962 5277 textu
2996 5224 3106 5276 τῶν
3134 5226 3187 5277 0'
3215 5221 3336 5277 addi
3382 5225 3515 5277 solet
3545 5221 3719 5274 αὐτῶν.

581 5288 889 5361 [μείζοσιν.
928 5288 1021 5361 Ila_
1058 5290 1161 5361 leg.
1207 5292 1258 5343 in
1295 5292 1427 5345 edit.
1469 5286 1589 5345 Ald.
1636 5300 1689 5346 et
1741 5294 1952 5361 Cnmpl.
2009 5286 2084 5346 Pr}

2187 5302 2233 5347 at
2283 5286 2464 5347 autem
2524 5286 2647 5347 rec.
2697 5293 2857 5347 lectio
2908 5294 3111 5347 πίοσιν.
3162 5293 3320 5349 llebr.
3384 5292 3717 5353 unum.

464 5418 471 5425 ,
511 5357 555 5389 ³³
581 5355 949 5434 ’βξλεκτούᾳ
978 5355 1143 5434 Hebr:
1174 5370 1379 5422 Dt‘im
1398 5362 1667 5434 λιιυεηεε.Δ
1709 5364 1756 5395 ’³
1782 5355 2084 5416 Συιλεπόδιι

2187 5383 2207 5417 ’.
2234 5363 2398 5417 Hebr.
2423 5372 2595 5429 Yl‘Dn
2616 5365 2923 5434 prostravit.
2954 5362 3159 5434 Symm.
3188 5364 3447 5418 ὤκλασεν.
3518 5361 3717 5434 "ﬁgor.

509 5427 631 5482 cod.
654 5428 689 5479 2
712 5443 899 5498 prtem.
926 5430 1327 5498 φιλάνθρωπον.

1455 5434 1501 5465 οδ
1529 5431 1838 5502 Ἐπήγαγε,
1875 5435 1999 5505 cod.
2027 5434 2061 5485 2
2099 5435 2389 5505 ἐπήνεγκε.

2491 5435 2539 5465 ⁹⁵
2561 5426 2897 5505 Δίδάσκων.
2922 5426 3040 5489 cod.
3077 5435 3115 5505 2
3142 5451 3325 5505 praem.
3352 5434 3461 5487 καί.
3548 5431 3597 5505 ,⁸⁷
3621 5426 3720 5505 *Καὶ

508 5524 580 5536 —-
622 5497 838 5553 αὐτῶν.
874 5497 1036 5555 Hebr.
1093 5500 1159 5553 Et
1182 5505 1507 5572 consumpsit
1536 5505 1590 5558 in
1634 5497 1864 5557 vanitate
1890 5504 2001 5557 dies
2048 5521 2084 5557 ei

2187 5497 2248 5557 fit.
2280 5497 2500 5574 Aquila.
2544 5505 2655 5557 Kal
2701 5503 3043 5558 συνετέλεσεν
3089 5497 3161 5568 ώξ
3193 5506 3362 5575 ἀτμὸν
3402 5505 3495 5565 τὰς
3536 5502 3719 5574 ἡμέρας

510 5580 708 5636 αὐτῶν.

506 5720 530 5750 ⁸
560 5720 905 5796 Αίτοῆκτεςξ
925 5720 1051 5781 cod.
1077 5728 1113 5780 2
1138 5727 1447 5796 ζητοῦντες.

508 5805 696 5860 prem.
720 5792 796 5846 δέ.

510 5580 708 5636 αὐτῶν.
810 5584 857 5617 ’⁸
884 5585 1042 5639 Μετὰ
1079 5585 1374 5654 σπουδῆς.
1408 5589 1571 5642 Hebr.
1614 5577 1795 5649 $.13:
1822 5589 1877 5641 in
1914 5598 2131 5642 terrore.
2227 5590 2234 5620 ¹

510 5651 671 5705 lectio
699 5663 780 5709 est
811 5655 1057 5719 ἐζήτουν,
1093 5658 1302 5711 omisso
1336 5658 1477 5714 τότε.
1558 5662 1576 5691 ³
1608 5661 1833 5719 Βοηθὸς
1865 5658 2083 5713 αὐτῶν.
2122 5658 2234 5713 ch

731 5663 780 5709 st
811 5656 1057 5725 ἐζήτουν,
1093 5658 1302 5711 omisso
1336 5658 1477 5714 τότε.
1558 5662 1576 5691 ³
1608 5661 1833 5727 Βοηθὸς
1865 5658 2083 5713 αὐτῶν,

731 5726 899 5799 free.
925 5727 1045 5781 cod.
1077 5728 1113 5780 2
1138 5727 1447 5796 ζητοῦντες.
1582 5732 1601 5760 ⁵
1635 5729 2007 5799 Ἠγάπησαν,
2038 5729 2080 5784 ﬂ

2187 5658 2283 5713 :br.
2315 5668 2487 5718 mw
2518 5668 2666 5728 petra
2692 5675 2893 5712 eorum.
2989 5658 3008 5689 ³
3034 5663 3060 5711 1

2187 5772 2197 5783 .
2234 5738 2443 5789 arma“
2484 5740 2533 5783 et
2573 5730 2897 5797 pellexerunt
2924 5746 3060 5783 eum.

2977 5591 2990 5620 '
3049 5590 3185 5642 Τότε
3246 5587 3564 5657 ἐξεζήτουν.
3605 5583 3713 5636 Rec.

2989 5658 3008 5689 ³
3042 5659 3225 5689 mur..-
3290 5660 3383 5689 ..ΛΑ
3453 5653 3695 5689 ωρὶσινᾶρ

3034 5659 3242 5725 Πέδιις.
3288 5653 3405 5714 cod.
3453 5658 3485 5710 2
3510 5653 3711 5724 πληγάςο

3034 5748 3060 5783 ν.
3172 5731 3192 5760 ⁸
3222 5729 3516 5801 Χρώμενοι.
3537 5724 3653 5794 lcud.
3683 5719 3713 5772 2

2227 5589 2275 5620 θ’
2313 5588 2433 5642 cod.
2476 5589 2511 5641 2
2561 5586 2865 5642 ἐποιοῦντο.
