3936 6486
196 320 333 385 1493
1474 336 1555 398 IN
1608 338 1815 398 PSAL.
1857 338 2152 401 Lxxvu.
3326 326 3461 392 149i

203 437 683 509 ’Δντεφθέγγττοτν
742 440 849 513 γάρ
909 445 1022 508 τοῖς
1082 444 1264 515 λόγοις
1353 450 1382 503 ό
1446 448 1707 522 λογισμὸς
1729 452 1814 516 ³,.

1937 452 2243 525 pugnabat,
2296 448 2508 520 1157
2557 446 2837 501 contraria
2891 440 3093 496 divinis
3128 441 3335 512 legibus
3366 455 3463 494 vo-

193 532 414 642 ιναντία
446 536 562 596 τοῖς
595 532 764 598 θείοις
808 533 1239 607 βουλευόμενος⁹
1275 541 1487 610 νόμοις,
1541 542 1637 595 καὶ
1689 559 1781 595 πι-

1937 560 2023 612 ns,
2057 544 2369 613 divinisque
2408 539 2648 597 oraculis
2680 541 2903 593 credere
2940 536 3154 592 nolens.

195 627 412 681 στεύειν
442 631 560 693 τοῖς
592 627 760 693 θείοις
794 629 996 696 λογίοις
1019 629 1063 661 ¹⁰
1103 632 1205 685 οὐκ
1253 633 1587 704 ἀνεχόμενος
1610 635 1673 689 “.

263 716 369 787 λη’.
407 738 428 769 r
455 719 630 783 Αὐτὸς
648 719 708 773 δέ
737 722 887 773 ἐστιν
920 721 1249 793 οἰκτίρμων,
1269 724 1367 778 καὶ
1390 725 1633 779 ἱλάσεται
1659 728 1783 790 ταῖς

196 813 501 883 ἁμαρτίαις
531 812 738 879 αὐτῶν,
762 814 858 867 καὶ
902 814 966 867 ού
999 814 1302 886 διαφθερεῖ.
1352 835 1371 869 ι
1435 818 1574 871 Ἀλλ’
1630 818 1785 889 ὅμως

196 904 382 967 αύτδς,
422 907 489 975 τῇ
513 904 695 976 οἰκεία
721 904 1009 975 χρώμενος
1032 906 1356 979 ἀγαθότητι,
1379 909 1481 963 ούκ
1520 910 1787 981 ἠνέσχετο

198 997 399 1059 αὐτοὺς
434 996 694 1050 παντελεῖ
713 997 1051 1068 παραδοῦναι
1077 999 1274 1071 φθορᾷ.
1316 1019 1334 1052 ι
1375 1002 1488 1055 Καὶ
1523 1002 1790 1072 πληθυνεῖ

200 1088 294 1142 τοῦ
321 1088 669 1160 ἀποστρέψαι
702 1089 793 1143 τὸν
823 1090 995 1160 θυμὸν
1024 1092 1215 1152 αὑτοῦ,
1248 1096 1345 1148 καὶ
1370 1096 1493 1165 οὐχὶ
1523 1095 1788 1149 ἐκκαύσει

204 1182 386 1235 πᾶσαν
414 1180 515 1252 τὴν
544 1181 716 1252 ὀργὴν
752 1180 942 1236 αὐτοῦ.
983 1202 1003 1235 ι
1067 1182 1127 1237 '0
1160 1184 1216 1237 δὲ
1240 1185 1539 1256 Σύμμαχος
1580 1185 1785 1249 οὕτως.

1956 725 2122 781 Vens.
2151 723 2241 780 58.
2282 742 2299 773 ι
2337 721 2457 792 Ipse
2492 727 2676 774 autem
2707 727 2793 773 est
2822 715 3160 777 misericors,
3199 723 3256 767 et
3282 711 3466 782 propi-

1886 820 1998 875 tius
2045 820 2136 873 liet
2165 815 2404 887 peccatis
2449 828 2665 875 eorum,
2717 819 2771 864 et
2806 825 2915 863 non
2954 806 3229 875 disperdet
3272 820 3386 860 eos.
3443 821 3460 855 ι

1887 914 2158 970 Craterum
2198 911 2335 981 ipse,
2389 907 2608 979 prapria
2656 902 2992 972 benignitate
3011 899 3242 961 ductus,
3301 896 3471 949 noluit

1889 1007 2042 1076 ipsos
2067 1004 2284 1075 penitus
2316 1001 2651 1056 interimere.
2683 1016 2701 1047 r
2741 993 2806 1051 Et
2832 992 3150 1056 abundabit,
3180 1001 3239 1044 ut
3262 997 3471 1043 avertat

1889 1098 2029 1152 iram
2060 1111 2244 1158 suam,
2275 1103 2329 1149 et
2360 1108 2466 1147 non
2500 1089 2762 1145 accendet
2809 1102 3027 1141 omnem
3059 1083 3196 1137 iram
3228 1096 3407 1134 suam.
3447 1099 3465 1129 ι

1894 1186 2258 1258 Symmachus
2291 1193 2473 1238 autem
2507 1181 2589 1237 sic
2624 1198 2638 1234 :
2683 1178 2751 1231 Et
2777 1191 3086 1248 magnopere
3116 1172 3306 1226 avertit
3336 1171 3471 1223 iram

209 1274 313 1327 Kal
336 1272 437 1325 ἐπὶ
467 1272 629 1327 πολὺ
660 1272 1009 1343 ἀπέστρεψε
1036 1276 1152 1344 τὴν
1197 1277 1388 1346 ὀργὴν
1429 1277 1644 1340 αὐτοῦ,
1687 1277 1790 1333 καί

1937 1296 2069 1343 tam,
2101 1287 2149 1331 et
2195 1286 2359 1331 totam
2391 1290 2544 1328 suam
2585 1273 2724 1325 iram
2766 1287 2871 1323 non
2911 1267 3180 1322 excitavit.
3224 1263 3467 1324 Minime,

207 1367 279 1419 οὐ
302 1365 613 1435 διήγειρεν
658 1366 811 1420 ὅλον
848 1367 958 1423 τὸν
1005 1368 1201 1436 θυμόν
1232 1370 1442 1425 αὐτοῦ.
1489 1370 1603 1425 Ούκ
1634 1371 1794 1438 ἀξίαν

196 1459 417 1621 Erigat;
497 1458 654 1528 φησὶ,
720 1459 832 1513 τῶν
904 1461 1470 1534 πεπλημμελημένων
1518 1463 1796 1535 τιμωρίαν

246 1569 284 1603 π
325 1568 519 1620 γαγεν.

284 1643 382 1699 λθ’.
417 1664 437 1696 ι
479 1646 589 1698 Καὶ
616 1646 865 1718 ἐμνήσθη
893 1647 973 1700 ὅτι
998 1648 1132 1720 σάρξ
1165 1649 1293 1714 εἰσι,
1326 1649 1545 1720 πνεῦμα
1572 1647 1801 1720 πορευό-

1896 1371 2096 1441 inquit,
2136 1370 2358 1439 dignam
2390 1366 2524 1436 ipsis
2552 1372 2901 1435 peccatorum
2930 1374 3149 1430 pmnam
3183 1356 3402 1411 inﬂixit.

1974 1660 2140 1715 Vens.
2162 1660 2250 1713 39.
2285 1677 2303 1710 ι
2346 1656 2412 1710 Et
2447 1652 2768 1709 recordatus
2801 1661 2887 1707 est
2923 1662 3145 1705 carnem
3172 1660 3294 1702 esse
3331 1644 3475 1707 illos,

218 1751 414 1844 μένον,⁸
463 1736 561 1789 καὶ
592 1736 694 1790 ούκ
750 1738 1101 1808 ἐπιστρέφον.
1175 1758 1193 1792 ι
1254 1739 1410 1811 ’ῌδει
1453 1739 1564 1811 γάρ
1619 1737 1799 1792 αὐτῶν

1937 1754 2159 1824 piritum
2184 1751 2279 1821 qui
2314 1748 2483 1813 vadit,
2507 1759 2561 1802 et
2600 1762 2709 1801 non
2744 1743 2906 1799 rodit.
2941 1761 2960 1795 ι
2995 1740 3131 1795 Nam
3165 1752 3354 1793 eorum
3386 1749 3482 1789 ua-

214 1831 316 1899 τῆς
343 1828 565 1897 φύσεως
596 1829 697 1899 τὴν
728 1830 1013 1885 ἀσθένειαν
1033 1847 1046 1860 ·
1095 1831 1191 1885 καὶ
1220 1832 1302 1886 ότι
1337 1832 1439 1886 ούκ
1471 1834 1550 1897 εἰς
1583 1833 1801 1907 μακρὰν

1937 1862 2045 1902 urat
2069 1844 2501 1900 imbecillitatem
2536 1840 2705 1905 novit,
2743 1847 2797 1893 et
2826 1835 2981 1892 brevi
3032 1834 3195 1890 ﬁnem
3235 1831 3357 1886 vita:
3385 1843 3483 1886 eos

216 1923 465 1988 δέξονται
495 1922 593 1977 τοῦ
630 1922 745 1995 βίου
769 1924 830 1977 τὸ
850 1924 1027 1992 πέρας
1048 1925 1116 1978 ¹².

296 2016 370 2087 μ’,
438 2023 553 2087 μα’.
595 2036 614 2069 ι
654 2017 901 2083 Ποσάκις
952 2004 1376 2090 παρεπίκραναν
1422 2019 1588 2097 αὐτὸν
1632 2019 1692 2073 ἐν
1736 2021 1805 2090 τῇ

223 2114 417 2185 ἒρήμῳ
438 2131 452 2144 ·
486 2115 850 2186 παρὼργισαν
880 2115 1043 2169 αὑτὸν
1074 2117 1133 2169 ἐν
1179 2119 1251 2186 γῇ
1299 2115 1541 2187 ἀνύδρῳ.
1568 2115 1680 2169 Καὶ
1708 2115 1810 2170 ἑπ-

223 2208 517 2279 έστρεψαν.
562 2209 658 2263 καὶ
701 2209 1003 2279 ἐπείρασαν
1031 2208 1124 2264 τὸν
1172 2208 1329 2275 Θεὸν,
1384 2211 1480 2263 καὶ
1518 2209 1612 2264 τὸν
1649 2208 1809 2278 ἅγιον

224 2299 315 2352 τοῦ
354 2298 575 2371 Ἰσραὴλ
622 2300 950 2370 παρώξυναν
976 2300 1039 2355 ¹³.
1084 2320 1103 2353 ι
1139 2301 1237 2356 Διὰ
1288 2301 1498 2355 τούτων
1552 2302 1809 2357 ἁπάντων

225 2392 320 2462 τὴν
352 2393 510 2447 θείαν
532 2393 771 2449 διδάσκει
836 2394 1241 2466 μακροθυμίαν.
1289 2395 1711 2467 Ἀκριὸέστερον
1752 2395 1811 2450 δὲ

226 2484 434 2539 τούτων
447 2487 681 2540 ἕκαστον
708 2488 772 2541 ὲκ
796 2487 896 2558 τῆς
927 2488 1170 2560 ἱστορίας
1201 2487 1544 2558 καταμαθεῖν
1562 2487 1804 2541 δυνατόν.

231 2577 363 2630 Ποτὲ
396 2576 503 2646 μὲν
538 2576 645 2648 γὰρ
692 2577 847 2630 rev“
892 2578 1095 2650 μόσχον
1134 2578 1495 2650 ὲθεοποίησαν
1521 2594 1535 2609 ⁸
1580 2580 1709 2633 ποτὲ
1753 2579 1812 2633 δὲ

229 2669 303 2739 τῷ
331 2667 662 2741 Βεελφεγὼρ
699 2669 1082 2741 ὲτελέσθησαν.
1136 2670 1362 2725 Ἀλλοτε
1395 2670 1495 2742 τὴν
1525 2671 1665 2725 κατὰ
1713 2669 1810 2725 τοῦ

231 2761 475 2831 μεγάλου
530 2760 734 2814 Μωσοῦ
787 2761 1132 2833 ἐμελέτησαν
1182 2763 1515 2832 τυραννίδα·
1557 2763 1659 2831 τῆς
1713 2761 1810 2815 τοῦ

231 2855 414 2924 μάννα
441 2854 653 2925 τροφῆς
705 2854 1094 2920 ἀπολαύοντες,
1136 2856 1518 2927 ὴχαρίστησαν
1543 2873 1557 2889 ο
1600 2855 1811 2910 ἀπολα-

230 2951 343 3005 ϐεῖν
388 2950 491 3022 τὴν
529 2950 947 3023 ἐπηγγελμένην
987 2952 1377 3017 κελευσθέντες
1429 2953 1556 3023 γῆν,
1600 2952 1660 3006 τὸ
1693 2952 1815 3017 δέος

237 3045 638 3117 προύϐάλλοντο
661 3059 676 3074 ’
706 3046 798 3097 καὶ
818 3044 957 3099 ἄλλα
1006 3045 1180 3116 μυρία
1210 3044 1347 3117 πρὸς
1370 3043 1577 3108 τούτοις
1628 3045 1816 3114 εἰργά-

1907 1946 2229 2007 accepluros
2253 1950 2394 1991 esse.

1980 2029 2147 2086 Vens.
2178 2027 2269 2092 40,
2299 2026 2390 2081 41.
2436 2044 2455 2077 ι
2494 2023 2724 2091 Quoties
2762 2019 3223 2077 exacerbaverunt
3259 2030 3382 2071 eum
3429 2014 3483 2068 in

1910 2123 2148 2185 deserto,
2195 2120 2262 2173 ad
2304 2120 2441 2174 iram
2474 2118 2841 2171 incitaverunt
2872 2128 2998 2168 eum
3034 2111 3088 2166 in
3135 2119 3280 2164 terra
3316 2107 3485 2161 sicca.

1911 2214 1978 2271 Et
1999 2212 2247 2269 conversi
2281 2222 2429 2275 sunt,
2454 2218 2509 2265 et
2536 2214 2882 2263 tentaverunt
2916 2204 3108 2267 Deum,
3149 2210 3204 2256 et
3224 2200 3484 2254 Sanctum

1911 2307 2131 2363 lsraelis
2151 2305 2642 2362 exacerbaverunt.
2684 2323 2702 2354 ι
2733 2301 2835 2355 Per
2863 2300 2978 2354 haec
3022 2295 3208 2351 omnia
3236 2290 3455 2363 longani
3474 2318 3488 2329 -

1912 2403 2154 2457 mitatem
2180 2398 2271 2453 Dei
2294 2399 2473 2452 docet.
2498 2394 2825 2450 Accuratius
2846 2402 3030 2445 autem
3059 2386 3493 2456 unumquodque

1912 2506 2104 2547 eorum
2149 2504 2218 2544 ex
2263 2486 2492 2543 historia
2552 2484 2687 2540 disci
2748 2490 2946 2553 potest.
3004 2478 3140 2533 Nam
3195 2476 3493 2548 aliquando

1913 2585 2132 2657 quidem
2181 2582 2413 2637 vitulum
2475 2582 2636 2635 deum
2707 2578 2976 2641 fecerunt,
3019 2571 3314 2645 aliquando
3365 2586 3495 2625 vero
3544 2580 3547 2582 ‘

1914 2675 2284 2751 Beelphegoro
2307 2675 2500 2731 initiati
2528 2684 2655 2729 sunt
2677 2685 2736 2739 ος
2765 2673 2904 2727 alias
2934 2668 3277 2743 tyrannidem
3302 2673 3495 2720 contra

1915 2788 2175 2843 magnum
2208 2770 2392 2826 Mosen
2432 2767 2673 2824 meditati
2706 2774 2854 2831 sunt,
2881 2773 2935 2818 et
2967 2778 3090 2817 cum
3128 2773 3326 2815 manna
3364 2772 3499 2811 con-

1916 2865 2092 2924 secuti
2124 2871 2332 2926 essent,
2372 2860 2571 2932 ingrati
2604 2859 2861 2922 fuerunt;
2901 2865 2954 2910 et
2984 2870 3108 2909 cum
3135 2850 3274 2923 jussi
3317 2856 3501 2904 essent

1916 2957 2244 3029 promissam
2287 2964 2490 3009 terram
2522 2952 2791 3022 accipere,
2836 2948 3091 3002 timorem
3126 2943 3497 3013 objiciebant,

1917 3060 1974 3107 et
2022 3058 2217 3119 praeter
2270 3046 2387 3101 haec
2434 3041 2854 3100 innumerabilia
2913 3039 3016 3093 alia
3067 3036 3336 3097 fecerunt,
3379 3048 3505 3103 qua:
3604 3041 3607 3044 ‘

238 3155 419 3201 σαντο,
456 3140 604 3210 ᾇπερ
655 3137 921 3209 μηκύνειν
971 3139 1074 3191 οὐκ
1118 3137 1401 3201 ἐθέλοντες
1444 3137 1541 3191 τὸν
1590 3136 1747 3208 λόγον
1771 3138 1814 3170 ¹⁸

1937 3144 2263 3208 amittemus,
2301 3154 2370 3196 ne
2398 3139 2552 3211 justo
2591 3136 2868 3206 longiores
2899 3133 3092 3189 simus.

241 3226 668 3299 παραλείψομεν.

310 3317 419 3386 μβ¹.
454 3334 474 3368 ι
516 3316 629 3370 Ούκ
660 3315 1015 3388 ἐμνήσθησαν
1042 3316 1142 3387 τῆς
1163 3316 1345 3389 χειρὸς
1387 3314 1553 3371 αὑτοῦ
1604 3315 1821 3388 ἡμέρας

238 3403 304 3478 ἦς
326 3407 676 3479 ἐλυτρώσατο
703 3407 901 3471 αὐτοὺς
961 3411 1027 3461 ὲκ
1074 3408 1258 3480 χειρὸς
1302 3407 1599 3472 θλίϐοντος,
1643 3426 1663 3458 ι
1709 3408 1823 3461 Ούκ

242 3498 616 3570 ὶὸουλήθησαν
639 3498 826 3553 λαϐεῖν
853 3502 934 3560 εἰς
965 3499 1208 3554 διάνοιαν
1229 3501 1328 3564 τάς
1357 3500 1633 3572 προτέρας
1667 3501 1824 3572 εύερ-

244 3592 456 3657 γεσίας,
489 3591 611 3644 οὐδὲ
634 3590 964 3657 λογίσασθαι
994 3591 1092 3645 τού
1136 3591 1273 3645 Θεοῦ
1302 3593 1402 3662 τὴν
1441 3594 1617 3663 ἰσχὺν,
1658 3592 1724 3646 δι’
1756 3587 1826 3664 ἦς

248 3681 645 3752 ἀπηλλάγησαν
675 3682 774 3751 τῆς
798 3682 1115 3752 Αἰγυπτίων
1139 3684 1404 3747 δουλείας.
1438 3681 1572 3738 Εῐτα
1603 3684 1826 3749 διέξεισι

248 3772 344 3839 τὰς
376 3777 498 3829 ἐκεῖ
521 3773 896 3844 γεγενημένας
937 3774 1405 3846 θαυματουργίας.

320 3873 434 3937 μγ’.
471 3885 490 3916 ι
546 3867 634 3930 Ὠς
664 3869 707 3899 ¹⁶
737 3865 888 3919 ἔθετο
910 3867 968 3919 ὲν
1016 3868 1278 3939 Αἰγύπτῳ
1306 3868 1377 3921 τά
1414 3870 1616 3939 σημεῖα
1640 3866 1828 3931 αὑτοῦ,

254 3964 345 4014 καὶ
376 3960 446 4015 τά
467 3960 673 4031 τέρατα
700 3962 865 4016 αὑτοῦ
899 3965 958 4017 ὲν
990 3961 1161 4034 πεδίῳ
1193 3962 1432 4024 Τάνεως.
1470 3979 1489 4012 ι
1558 3962 1622 4014 Ἦ
1661 3960 1834 4025 Τάνις

255 4047 365 4123 εἶχε
382 4052 480 4107 τοῦ
505 4052 706 4123 Φαραὼ
727 4052 795 4107 τὰ
819 4053 1092 4125 βασίλεια.
1133 4053 1282 4105 Ἐκεῖ
1308 4052 1367 4106 δὲ
1385 4054 1497 4114 τοῖς
1514 4050 1833 4120 Αἰγυπτίοις

255 4144 350 4207 τάς
376 4144 653 4216 τιμωρίας
674 4146 705 4199 ό
738 4145 914 4215 μέγας
943 4146 1196 4217 ἐπήγαγε
1215 4142 1445 4214 Μωσῆς.

328 4232 433 4305 μδ’.
466 4252 486 4286 ι
526 4235 637 4288 Καὶ
668 4234 1041 4307 μετέστρεψεν
1075 4236 1156 4298 εἰς
1195 4228 1335 4304 αἷμα
1383 4235 1511 4296 τοὺς
1552 4230 1837 4301 ποταμοὺς

259 4327 457 4389 αὐτῶν,
478 4328 574 4380 καὶ
593 4327 664 4381 τά
696 4328 876 4398 όμὸρή
886 4328 1087 4398 ματα¹⁷
1105 4326 1307 4392 αὐτῶν,
1327 4328 1473 4390 ὅπως
1490 4327 1565 4399 μὴ
1584 4328 1799 4381 πίωσιν.
1814 4344 1831 4379 ι

259 4422 483 4493 Πρῶτον
526 4421 623 4491 μὲν
675 4422 785 4490 γὰρ
837 4420 898 4473 ού
952 4418 1025 4473 τὰ
1070 4420 1316 4490 ποτάμια
1336 4420 1381 4451 ¹⁸
1438 4418 1598 4489 μόνον
1647 4418 1839 4485 ὕδατα,

259 4512 395 4566 ἀλλὰ
432 4513 631 4567 καὶτὰ
665 4513 723 4578 ἐξ
758 4512 931 4565 ὑετῶν
983 4512 1356 4583 συνιστάμενα
1406 4510 1704 4582 μετέϐαλεν
1762 4512 1844 4575 εἰς

260 4605 495 4675 αἵματος
549 4604 731 4675 φύσιν,
799 4604 878 4675 τῷ
938 4603 1147 4673 etest"
1183 4603 1389 4668 πιέζων
1437 4604 1563 4667 τοὺς
1627 4603 1845 4657 ἀντιλέ-

261 4716 477 4769 γοντας.

333 4796 439 4862 με’,
475 4786 592 4861 pg’.
625 4808 643 4841 ι
696 4788 1112 4854 Ἑξαπέστειλεν
1151 4790 1232 4851 εἰς
1258 4787 1456 4850 αὐτοὺς
1499 4787 1804 4856 κυνόμυιαν
1830 4827 1846 4852 ,

2006 3318 2169 3373 Vens.
2224 3315 2313 3369 42.
2364 3333 2383 3367 ι
2426 3311 2547 3367 Non
2598 3318 2729 3364 sunt
2793 3305 3063 3379 recordati
3128 3315 3327 3358 manus
3385 3296 3508 3368 eius

1933 3409 2148 3481 1158
2181 3407 2268 3462 die
2301 3421 2410 3475 quo
2443 3403 2677 3459 redemit
2704 3415 2801 3456 eos
2838 3414 2869 3454 e
2902 3413 3069 3452 manu
3109 3390 3444 3449 tribulantis.
3483 3408 3503 3442 ι

1930 3503 2239 3559 Noluerunt
2273 3500 2328 3555 in
2371 3496 2690 3553 memoriam
2741 3506 3001 3549 revocare
3036 3488 3265 3560 pristina
3307 3482 3512 3540 beneﬁ-

1935 3601 2040 3661 cia,
2063 3611 2239 3667 neque
2258 3595 2353 3650 Dei
2382 3594 2399 3613 ‘
2419 3589 2798 3647 fortitudinem
2820 3586 3191 3647 considerare,
3219 3594 3317 3651 per
3343 3592 3511 3648 quam

1936 3693 2004 3748 ab
2037 3688 2418 3762 Egyptiorum
2462 3684 2722 3739 servitute
2761 3676 2978 3732 liberati
3022 3673 3264 3728 fuerunt.
3307 3666 3513 3724 Deinde

1936 3782 2225 3843 miracula,
2267 3794 2387 3848 qua:
2420 3776 2493 3829 ibi
2536 3774 2679 3828 edita
2711 3771 2884 3833 fuere,
2909 3764 3201 3837 percurrit.

2009 3875 2179 3930 Vens.
2202 3873 2293 3925 43.
2342 3889 2359 3921 ι
2395 3869 2546 3923 Sicut
2576 3862 2760 3934 posuit
2789 3860 2843 3914 in
2868 3858 3102 3928 Egypto
3134 3853 3289 3921 signa
3316 3865 3438 3914 sua,
3461 3857 3517 3904 et

1940 3966 2184 4041 prodigia
2218 3978 2317 4019 sua
2351 3961 2404 4015 in
2436 3970 2631 4025 campo
2677 3953 2914 4007 Taueos.
2947 3967 2966 4000 ι
3013 3946 3176 4003 Tunis
3214 3942 3518 3998 Pharaonis

1941 4033 2147 4130 regiam
2204 4054 2440 4111 habebat
2475 4067 2490 4106 :
2534 4048 2609 4103 ibi
2650 4062 2782 4102 vero
2823 4056 3018 4115 pmnas
3063 4052 3295 4111 magnus
3341 4033 3519 4090 Moses

1944 4149 2216 4222 Egyptiis
2247 4141 2528 4215 irrogavit.

2016 4213 2186 4296 Vra-ns.
2220 4237 2309 4293 44.
2365 4213 2383 4286 t
2416 4233 2482 4287 Et
2525 4226 2795 4286 convertit
2836 4226 2891 4280 in
2941 4221 3261 4292 sanguinem
3299 4213 3523 4269 ﬂumina

1947 4350 2159 4397 eorum,
2199 4340 2255 4385 et
2296 4327 2502 4382 imbres
2532 4336 2721 4377 eorum
2757 4334 2826 4373 ne
2855 4318 3124 4371 biberent.
3156 4330 3173 4362 ι
3223 4309 3357 4364 Nam
3410 4305 3525 4378 pri-

1949 4442 2100 4483 mum
2152 4422 2374 4493 quidem
2428 4431 2535 4471 non
2566 4413 2734 4468 modo
2770 4408 3064 4465 ﬂuviatiles
3104 4417 3297 4473 aquas,
3334 4413 3523 4454 verum

1946 4523 2108 4578 etiam
2142 4531 2263 4587 quae
2314 4509 2515 4582 pluviis
2559 4506 2917 4574 colliguntur,
2951 4501 3006 4554 in
3044 4493 3330 4567 sanguinis
3363 4502 3527 4547 natu-

1948 4629 2065 4670 ram
2101 4607 2388 4669 convertit,
2423 4601 2859 4658 contradicentes
2888 4594 2977 4649 siti
3006 4604 3278 4661 premens.

2020 4791 2186 4845 Vens.
2228 4787 2320 4853 45,
2352 4784 2441 4839 46.
2487 4803 2506 4835 ι
2549 4780 2696 4835 Misit
2729 4778 2782 4832 in
2819 4791 2915 4831 eos
2944 4770 3313 4845 cynomyiam,
3352 4776 3408 4823 et
3435 4780 3531 4820 co-

263 4885 356 4938 καὶ
382 4883 703 4953 κατέφαγεν
726 4884 947 4947 αὐτοὺς,
980 4883 1075 4935 καὶ
1125 4880 1422 4953 βάτραχον,
1459 4880 1554 4932 καὶ
1607 4879 1814 4948 διέφθει

1957 4885 2125 4940 medit
2155 4897 2272 4945 eos,
2321 4892 2534 4940 ranam,
2566 4884 2620 4929 et
2649 4867 2972 4939 disperdidit
2997 4880 3114 4919 eos.
3159 4861 3227 4915 Et
3256 4859 3402 4915 dedit
3435 4873 3532 4914 ru-

272 4992 360 5045 ρεν
382 4976 605 5041 αύτούς.
630 4975 743 5029 Καὶ
769 4975 937 5029 ἔδωκε
970 4977 1038 5047 τῇ
1075 4974 1308 5047 ὲρυσίσῃ
1320 4974 1366 5005 ³⁸
1388 4973 1514 5034 τοὺς
1538 4973 1784 5042 καρποὺς
1800 4974 1842 5004 ¹¹

271 5067 467 5135 αὐτῶν,
496 5070 592 5123 καὶ⁵
621 5070 752 5134 τοὺς
800 5068 998 5133 πόνους
1048 5067 1232 5122 αὐτῶν
1269 5068 1338 5137 τῇ
1366 5064 1569 5136 άκρίδι.
1610 5085 1630 5118 ι
1675 5066 1847 5119 Κυνο-

342 5238 365 5267 ⁶
395 5226 573 5284 Exod.
598 5242 780 5295 xxxn;
807 5222 975 5282 Num.
1019 5239 1159 5291 xxv;
1187 5220 1335 5277 Psal.
1371 5237 1479 5286 ενι,
1514 5220 1603 5277 28.

1957 4974 2129 5045 bigini
2164 4972 2373 5026 fructus
2403 4981 2617 5029 eorum,
2676 4971 2731 5018 et
2767 4960 2983 5015 labores
3013 4968 3204 5011 eorum
3234 4952 3476 5007 locustae.
3509 4966 3528 4999 ι

1956 5064 2255 5138 Cynomyia
2282 5070 2463 5117 autem
2484 5068 2538 5116 et
2566 5055 2713 5113 ranis
2732 5055 2826 5110 iraa
2850 5048 3119 5106 ministris
3145 5040 3539 5110 usus,acerbos

1376 5379 1612 5437 VARl/E
1654 5374 2036 5433 LECTIONES
2071 5371 2160 5428 ET
2197 5368 2435 5426 ΝΟΤιΕ.

380 5535 403 5566 ⁷
442 5531 570 5588 cod.
601 5530 638 5584 2
662 5530 1122 5600 ἀντεφθέγγοντο.
1174 5525 1220 5600 Α⁸
1250 5524 1373 5600 cod.
1405 5523 1441 5576 2
1466 5519 1817 5600 ol__XoItano£.

284 5604 621 5673 ἀνεχόμενοι.
700 5603 741 5635 ¹¹
769 5591 979 5673 ΙῘέράςῖ.
1012 5598 1135 5654 cod.
1166 5597 1203 5650 Ξ
1230 5596 1405 5673 τέλος.
1446 5662 1483 5673 ἢ
1510 5591 1554 5624 ³⁸
1593 5591 1823 5673 ῌαρωξ.

290 5662 412 5729 ὕει-’ἑ
445 5662 755 5728 voluerunt.
830 5662 876 5704 ’ἲ
912 5662 1020 5725 Τὸν
1047 5666 1289 5722 -ποτὲ
1325 5664 1412 5719 δέ.
1446 5662 1571 5717 Des.
1606 5662 1658 5715 in
1690 5663 1809 5716 cod.
1844 5662 1901 5716 2.

1920 5519 1942 5549 ⁹
1974 5515 2095 5571 cod.
2129 5514 2165 5568 2
2210 5509 2611 5582 βουλευόμενοι.
2695 5506 2736 5538 '°
2761 5505 2891 5582 cod.
2918 5504 2953 5556 2
2981 5502 3182 5571 λόγοις.

1858 5588 2023 5643 Hebr.
2048 5595 2173 5645 m1
2206 5566 2467 5636 limitibus
2499 5566 3138 5645 εἱνεωιιεεήρδετυηιςδ.
3183 5566 3546 5645 circumscri-

3283 5500 3321 5530 ¹¹
3354 5495 3475 5551 cod.
3513 5496 3546 5548 2

1984 5636 2026 5689 δέ
2063 5636 2179 5710 Tuda-
2218 5654 2423 5720 λόγον.
2455 5650 2580 5704 Des.
2613 5650 2664 5702 in
2697 5636 2819 5701 cod.
2858 5648 2913 5700 2.
2990 5646 3033 5675 ¹⁶
3070 5644 3186 5707 Ὡς.
3216 5639 3378 5693 Hebr.
3414 5636 3548 5698 ’πϋᾶ

290 5723 783 5826 nigella—.131
823 5754 900 5810 Τὰ
916 5723 1090 5823 saep.
1123 5751 1289 5808 Hebr.
1332 5733 1574 5809 ω-ινίππε
1603 5747 1814 5826 ﬂuenta

1940 5761 2048 5798 um.
2088 5742 2298 5811 Symtn.
2327 5736 2397 5788 τὰ
2433 5734 2625 5807 ῥεῖθρα
2653 5733 2853 5786 αὐτῶν.
2932 5731 2976 5762 ¹⁸
3003 5729 3125 5783 cod.
3153 5727 3190 5779 2
3221 5723 3544 5794 ποταμιαϊα.

296 5810 338 5874 it
361 5810 494 5898 an;
532 5810 575 5898 ε’
596 5810 661 5913 τῇ
690 5841 839 5912 δίψῃ.
918 5810 973 5872 ’θ’
1000 5810 1077 5907 ἰῇ
1103 5837 1374 5907 ἐρυσίϐῃ.
1408 5832 1568 5888 Hebr.
1603 5810 1814 5891 ενοι-1⁸η

1937 5828 2012 5883 lto.
2106 5810 2147 5856 ³*
2178 5821 2306 5877 Rcc.
2336 5821 2493 5876 lectio
2524 5818 2579 5874 h.
2609 5817 2644 5872 l.
2697 5825 2780 5873 est
2810 5816 2897 5869 τὸν
2936 5810 3165 5885 καρπόν.
