3936 6490
512 315 648 381 1499

1489 312 1989 379 THEODORETI
2027 307 2373 370 EPISCOPI
2414 308 2785 370 CYRENSIS

3607 313 3721 385 1500

580 426 745 482 Vitas.
772 427 861 482 60.
908 445 928 479 ι
965 426 1030 482 Et
1053 426 1251 494 repulit
1279 426 1691 481 tabernaculum
1730 423 1868 489 Silo,
1908 421 2089 477 taber-

2267 415 2332 483 ξ’,
2367 418 2524 483 allia!
2554 416 2818 472 ἀπώσατο
2850 415 2963 489 τὴνι
2983 416 3193 487 σκηνὴν
3226 419 3451 492 Σηλὼμν
3497 426 3723 500 σκήνωμα

509 522 768 576 naculum
798 535 980 584 suum,
1012 518 1104 573 ubi
1142 519 1408 574 habitavit
1437 519 1492 573 in
1530 519 1866 573 hominibus.
1909 536 1928 568 ι
1964 514 2091 570 llaec

509 622 694 667 autem
734 612 993 681 deinceps
1028 611 1357 680 principium
1384 610 1696 680 Regnorum
1722 608 1966 663 historia:
1987 609 2091 661 do-

511 714 597 761 cet
627 702 678 766 ἀ,
730 720 854 774 quae
892 705 1226 758 mentionem
1269 701 1401 758 fecit
1434 701 1514 756 Eli
1563 701 1862 772 pontificis,
1892 710 1948 756 et
1982 701 2093 757 ini-

511 797 739 866 quitatis
767 797 1010 851 filiorum
1046 797 1239 866 ipsius.

582 887 749 943 Vens.
783 888 872 943 6|.
911 908 929 940 ι
965 888 1031 944 Ει
1074 888 1299 943 tradidit
1343 887 1396 941 in
1441 888 1807 957 captivitatem
1836 888 2090 944 virtutem

512 998 728 1049 eorum,
770 991 826 1037 et
874 983 1336 1052 pulchritudinem
1390 997 1581 1038 eorum
1630 983 1686 1037 in
1731 998 1930 1038 manus
1988 984 2098 1039 ini-

514 1073 664 1129 mici.
700 1092 720 1126 ι
759 1072 1025 1128 Virtutem
1076 1073 1322 1143 ipsorum
1374 1083 1429 1129 et
1483 1074 1943 1145 pulchritudinem
2002 1092 2096 1131 ar-

514 1180 635 1219 cam
667 1174 847 1219 vocat.
890 1166 1046 1221 Hanc
1074 1177 1253 1221 autem
1286 1166 1465 1237 Ophni
1503 1177 1555 1222 et
1586 1166 1820 1224 Phinees
1852 1169 1905 1223 in
1938 1171 2096 1224 auxi-

518 1258 649 1312 lium
692 1258 974 1313 tribulium
1026 1273 1254 1314 suorum
1300 1276 1425 1315 eum
1457 1261 1797 1326 eduxissent,
1833 1277 1946 1317 sua:
1986 1262 2093 1317 ini-

515 1349 739 1414 quitatis
772 1363 963 1418 pmnas
993 1349 1233 1405 luerunt.
1269 1349 1468 1405 Arcam
1502 1368 1632 1407 vero
1665 1368 1791 1407 cum
1820 1353 2097 1422 cepissent

516 1439 859 1510 alienigenae,
890 1440 1057 1495 veluti
1106 1442 1393 1497 manubias
1422 1442 1687 1512 quasdam
1729 1441 1934 1514 Dagoni
1965 1459 2098 1498 con-

516 1543 821 1588 secrarunt.
875 1532 1084 1588 Idolum
1124 1541 1305 1587 autem
1347 1534 1453 1589 hoc
1502 1542 1640 1601 erat,
1690 1535 1837 1604 quod
1878 1534 1949 1589 ab
1987 1534 2097 1591 illis

514 1625 817 1680 enlebatur.

589 1716 749 1775 Vens.
781 1718 870 1774 62.
914 1739 932 1772 ι
966 1721 986 1741 ⁶
1014 1719 1081 1775 Ει
1108 1720 1379 1776 conclusit
1405 1720 1585 1791 gladio
1617 1720 1877 1790 populum
1908 1736 2091 1785 sumn,

513 1821 570 1866 et
598 1812 970 1868 haereditatem
1000 1829 1155 1869 suam
1184 1815 1410 1884 sprevit.
1442 1834 1460 1863 ι
1494 1813 1743 1869 Tradidit
1766 1816 1911 1869 enim
1946 1816 2096 1884 ipsos

516 1905 757 1961 hostium
792 1908 1044 1963 manibus
1071 1908 1140 1963 ob
1179 1908 1473 1978 impietatis
1502 1924 1810 1963 excessum.
1848 1908 2097 1963 "teredi-

516 2007 675 2051 talem
696 2010 877 2053 autem
904 2000 1052 2068 ipsos
1070 2000 1394 2065 nominavit,
1420 2000 1587 2071 utqui
1616 2001 1718 2070 ipsi
1744 2001 1854 2055 Deo
1879 2017 2098 2073 semper

513 2107 678 2161 quam
735 2093 1172 2149 maximae‘curce
1234 2093 1458 2149 fuerint.
1521 2095 1614 2150 Sic
1661 2104 1842 2150 autem
1892 2111 1987 2151 eos
2041 2106 2095 2152 et

515 2197 747 2253 magnus
788 2183 965 2240 Moses
996 2188 1350 2256 nuncupavit.
1391 2207 1409 2240 ‹
1446 2186 1646 2244 Factus
1679 2188 1825 2244 enim
1868 2197 1973 2255 est,
2006 2189 2093 2245 in-

513 2276 650 2344 quit,
684 2290 810 2346 pars
846 2276 1061 2333 Domini
1115 2281 1351 2350 populus
1399 2284 1519 2352 ejus
1568 2282 1758 2350 Jacob,
1814 2285 2094 2344 funiculus

516 2368 850 2426 lnereditatis
880 2371 1001 2442 ejus
1022 2371 1190 2429 Israel
1216 2385 1261 2428 ο.
1307 2394 1325 2428 ι
1366 2375 1569 2434 Deinde
1600 2380 1853 2451 supplicii
1882 2382 2094 2451 species

511 2474 822 2519 enumerat.

582 2619 749 2678 Vens.
784 2622 874 2689 63,
905 2625 993 2680 64.
1029 2644 1048 2679 ι
1089 2625 1329 2684 Juvenes
1357 2644 1548 2685 eorum
1580 2632 1818 2688 comedit
1845 2632 2005 2704 ignis,
2036 2644 2094 2691 et

510 2709 580 2767 de
610 2714 917 2785 virginibus
947 2734 1137 2773 eorum
1186 2736 1296 2775 non
1333 2722 1583 2779 instituta
1624 2733 1710 2780 est
1747 2726 2088 2784 lamentatio.

514 2805 837 2866 Sacerdotes
866 2826 1055 2866 eorum
1091 2814 1274 2884 gladio
1318 2817 1659 2885 ceciderunt,
1690 2828 1746 2875 et
1795 2820 1969 2876 viduae
1999 2837 2093 2877 eo»

514 2917 635 2956 rum
666 2917 775 2957 non
815 2906 1205 2974 plorabuntur.
1239 2927 1257 2961 ι
1296 2908 1407 2967 llos
1426 2912 1572 2966 enim
1614 2913 1722 2985 igni
1748 2914 1991 2981 tradidit,
2023 2915 2092 2973 de

512 2994 620 3051 illis
663 2995 876 3068 1163
907 3009 1087 3054 autem
1126 3004 1361 3060 usitatus
1411 3005 1591 3063 luctus
1646 3024 1754 3063 non
1806 3010 2088 3076 edebatur,

2190 511 2219 565 ὃ
2239 514 2285 544 ⁸⁸
2309 513 2739 584 κατεσκήνωσεν
2777 514 2838 566 ὲν
2866 510 3201 583 ἀνθρώποις.
3229 533 3247 566 ι
3286 514 3468 570 Ταῦτα
3493 518 3545 571 δὲ
3568 519 3724 577 λοιπὸν

2191 605 2226 674 ή
2262 604 2406 676 ἀρχὴ
2433 605 2540 659 τῶν
2581 604 2884 659 Βασιλειῶν
2929 603 3193 668 διδάσκει,
3258 606 3403 659 Ἠλεὶ
3442 616 3721 685 μεμνημένη

2190 697 2286 751 τοῦ
2315 698 2646 770 ἀρχιερέως,
2676 700 2775 754 καὶ
2809 700 2909 771 τῆς
2934 700 3044 754 τῶν
3070 700 3283 755 ἐκείνου
3334 702 3533 757 παίδων
3573 723 3724 781 παρα-

2192 790 2405 861 νομίας.

2264 884 2364 948 Ea’.
2407 903 2425 936 ι
2451 885 2561 938 Καὶ
2599 884 2920 957 παρέδωκεν
2947 887 3027 950 εἰς
3056 885 3435 957 αἰχμαλωσίαν
3472 888 3561 960 τὴν
3604 892 3729 962 ἰσχὺν

2194 978 2409 1033 αὐτῶνθ
2451 980 2548 1034 καὶ
2598 980 2700 1050 τὴν
2749 980 3024 1053 καλλονὴν
3077 980 3323 1036 αὐτῶν⁸⁸
3378 984 3458 1045 εἷς
3512 988 3727 1054 χεῖραςιδ

2194 1071 2429 1143 ἐχθρῶν.
2459 1093 2477 1126 ι
2521 1074 2698 1144 ’ἰσχὺν
2750 1074 2933 1129 αὐτῶν
2959 1076 3055 1129 καὶ
3084 1076 3351 1147 καλλονὴν
3394 1076 3489 1147 τὴν
3537 1078 3729 1133 κιδωτθιν

2195 1165 2372 1233 λέγει*
2410 1167 2616 1237 ταύτην
2656 1168 2712 1221 δὲ
2758 1167 2911 1237 Ὀφνὶ
2965 1168 3063 1221 καὶ
3110 1169 3297 1232 Φινεὲς
3331 1170 3410 1235 είς
3454 1172 3732 1243 ἐπικουρίαν

2193 1257 2304 1310 τῶν
2325 1257 2618 1328 ὁμοφύλων
2642 1258 3027 1328 ἐξαγαγόντες.
3053 1259 3153 1329 τῆς
3174 1259 3382 1323 οἰκείας
3426 1262 3733 1331 παρανομίας

2196 1349 2378 1403 ἔτισαν
2402 1349 2579 1414 δίκας·
2608 1351 2711 1421 τὴν
2745 1350 2803 1404 δὲ
2832 1351 3067 1405 κιϐωτὸν
3094 1352 3145 1404 οί
3187 1351 3481 1421 ἀλλόφυλοι
3510 1352 3731 1418 λαϐόντες

2196 1441 2459 1495 ἀνέθεσαν
2507 1438 2622 1496 οἷόν
2675 1460 2730 1496 τι
2772 1442 3085 1514 ἀκροθίνιον
3146 1442 3227 1514 τῷ
3291 1444 3506 1511 Δαγὼν·
3553 1445 3735 1500 εἴδωλον

2195 1535 2252 1589 δὲ
2269 1536 2427 1590 τοῦτο
2457 1531 2550 1606 ἦν,
2582 1536 2675 1590 ὑπ’
2705 1535 2931 1591 ἐκείνων
2957 1535 3423 1607 θεραπευόμενον.

2269 1713 2371 1783 ξβν.
2404 1731 2425 1767 ι
2490 1714 2604 1768 Καὶ
2648 1713 2997 1769 συνέκλεισεν
3050 1714 3132 1779 είς
3183 1714 3461 1785 ῥομφαίαν
3508 1717 3593 1769 τὸν
3632 1717 3737 1772 λαὸν

2199 1805 2387 1870 αὐτοῦ,
2438 1807 2535 1860 καὶ
2554 1804 2655 1878 τὴν
2713 1804 3085 1877 κληρονομίαν
3136 1805 3304 1859 αὐτοῦ
3357 1807 3595 1874 ὑπερεῖδε
3616 1808 3672 1863 ⁸⁸.
3714 1830 3732 1861 ι

2198 1897 2490 1967 Παρέδωκε
2516 1897 2624 1967 γάρ
2645 1898 2847 1962 αὐτοὺς
2867 1901 2990 1962 ταῖς
3016 1899 3127 1951 τῶν
3150 1898 3431 1967 πολεμίων
3461 1900 3624 1970 χερσὶ,
3660 1902 3734 1956 διὰ

2196 1992 2295 2063 τὴν
2329 1995 2431 2063 τῆς
2469 1992 2825 2064 παρανομίας
2880 1991 3216 2062 ὑπερϐολήν.
3264 1992 3664 2059 κληρονομίαν
3689 1993 3734 2046 δὲ

2196 2085 2395 2149 αὐτοὺς
2411 2084 2717 2155 ὠνόμασεν,
2752 2083 2830 2148 ὡς
2857 2084 3192 2154 κηδεμονίας
3235 2084 3321 2138 ὅτι
3360 2084 3583 2154 μάλιστα
3618 2085 3734 2139 ιτλεί⁸

2197 2194 2330 2247 στης
2360 2176 2490 2248 παρ’
2522 2174 2688 2230 αὐτοῦ
2716 2179 3089 2246 τετυχηκότας
3132 2176 3239 2231 ἀεί.
3288 2176 3444 2231 Οὕτω
3482 2177 3535 2230 δὲ
3572 2179 3735 2243 αὐτοὺς

2195 2269 2289 2323 καὶ
2338 2270 2367 2321 ό
2423 2269 2601 2339 μέγας
2657 2268 3071 2340 προσηγόρευσε
3122 2268 3411 2338 Μωσῆς⁵⁸.
3463 2290 3481 2322 ι
3510 2270 3733 2344 Ἐγενηθη

2194 2361 2326 2432 γὰρ,
2359 2363 2514 2432 φησι,
2548 2362 2709 2433 μερὶς
2736 2362 2971 2431 Κυρίου,
3001 2360 3132 2424 λαὸς
3176 2361 3346 2415 αὐτοῦ
3381 2362 3584 2432 Ἰακὼϐ,
3614 2367 3733 2436 σχοί-

2192 2470 2360 2524 νισμα
2384 2452 2752 2524 κληρονομίας
2767 2451 2933 2507 αὑτοῦ
2966 2453 3204 2526 Ἰσραήλ.
3230 2472 3251 2506 ι
3275 2451 3407 2509 Εἶτα
3426 2456 3732 2527 καταλέγει⁸⁷

2191 2546 2291 2617 τῆς
2320 2546 2592 2619 τιμωρίας
2619 2546 2688 2601 τὰ
2709 2545 2851 2618 είδη.

2264 2632 2364 2706 ξγ⁷,
2395 2636 2490 2704 ξδ’.
2529 2656 2548 2689 ι
2590 2637 2727 2700 Τοὺς
2753 2637 3071 2703 νεανίσκους
3092 2638 3281 2693 αὐτῶν
3315 2638 3583 2710 κατέφαγε
3612 2640 3730 2713 πῦρ·

2192 2730 2289 2783 καὶ
2347 2730 2403 2783 al
2452 2729 2716 2803 παρθένοι
2778 2729 2962 2785 αὐτῶν
3028 2731 3130 2785 οὐκ
3186 2731 3630 2803 ἐπενθήθησαν⁸⁸.
3681 2735 3732 2788 Ol

2194 2824 2359 2894 ἱερεῖς
2387 2822 2570 2876 αὐτῶν
2588 2823 2646 2875 ἐν
2670 2823 2917 2896 ῥομφαίᾳ
2946 2823 3165 2891 ἔπεσον,
3191 2826 3290 2878 καὶ
3319 2827 3375 2878 al
3397 2826 3557 2896 χῆραι
3583 2826 3733 2880 αὐτῶν

2190 2916 2253 2971 οὐ
2276 2916 2791 2989 κλαυσθήσονται⁸⁹.
2823 2936 2843 2968 ι
2875 2917 3016 2981 Τοὺς
3038 2917 3139 2987 μὲν
3159 2918 3273 2990 γὰρ
3296 2920 3427 2988 πυρὶ
3450 2920 3731 2990 παρέδωκε·

2191 3007 2299 3062 τῶν
2323 3007 2379 3061 δὲ
2408 3010 2436 3061 ό
2467 3007 2706 3080 συνήθης
2743 3008 2846 3063 οὐκ
2871 3008 3092 3078 ἐγένετο
3121 3010 3349 3080 θρῆνος,
3386 3012 3603 3065 ἑκάστου
3627 3013 3731 3081 περὶ

510 3101 638 3142 cum
704 3091 1086 3161 unusquisque
1153 3094 1271 3151 suis
1335 3097 1495 3152 malis
1565 3107 1864 3169 occupatus
1919 3110 2083 3158 esset.

2192 3103 2262 3157 τά
2290 3104 2467 3156 οἰκεία
2487 3102 2692 3173 ὴσχολη
2702 3102 2867 3173 μένου
2889 3102 3060 3157 κακά.
3112 3102 3269 3174 Ὀφνὶ
3290 3104 3348 3157 δὲ
3391 3106 3484 3158 καὶ
3517 3107 3677 3169 Φινεὲς
3691 3106 3732 3158 ol

510 3178 690 3251 Ophni
716 3198 846 3240 vero
868 3193 923 3240 et
951 3185 1187 3244 Phineus
1214 3188 1553 3255 sacerdotes,
1576 3190 1668 3262 qui
1693 3207 1878 3248 arcam
1912 3192 2089 3263 ipsam

508 3272 855 3342 luvexerunt,
886 3278 1012 3332 caesi
1048 3289 1196 3345 sunt,
1240 3281 1359 3351 ipso
1404 3298 1587 3338 rerum
1639 3293 1835 3339 eventu
1887 3285 2088 3353 edocti,

507 3364 709 3421 divinae
755 3368 844 3438 opi
899 3371 1174 3427 conlidere
1242 3389 1354 3429 non
1401 3374 1599 3431 debere
1647 3376 1742 3446 qui
1775 3376 2090 3448 delinquere

509 3468 762 3527 pergunt.

580 3548 747 3608 Vens.
781 3552 871 3609 65.
912 3573 932 3607 ι
970 3554 1250 3615 Excitatus
1272 3569 1357 3615 est
1380 3569 1641 3632 tanquam
1670 3561 1952 3620 dormiens
1982 3563 2090 3620 Do-

509 3642 712 3700 minus.
748 3663 767 3696 ι
800 3646 1185 3705 Verumtamen
1227 3668 1351 3707 cum
1385 3653 1535 3723 ipsos
1564 3654 1874 3723 huiusmodi
1910 3658 2087 3727 poenis

507 3736 855 3807 subiecisset,
909 3743 1107 3797 horum
1162 3746 1326 3800 etiam
1380 3747 1568 3804 hostes
1595 3750 1804 3815 docuit,
1835 3767 2084 3822 quaenam

511 3827 715 3884 fuerint
742 3846 923 3887 rerum
963 3832 1181 3890 illarum
1208 3852 1407 3893 causae.

583 3939 601 3973 ι
637 3920 922 3994 Tanquam
955 3934 1172 3996 potens,
1221 3939 1275 3984 et
1302 3931 1617 4003 crapulatus
1646 3948 1676 3986 a
1712 3933 1860 3988 vino.
1894 3933 2082 4006 [Vens.

502 4012 599 4087 66]
650 4014 717 4070 Et
763 4019 1035 4086 percussit
1076 4020 1331 4079 inimicos
1361 4038 1493 4080 suos
1521 4024 1575 4079 in
1606 4026 1907 4096 posteriora
1939 4045 1953 4083 :
1985 4042 2085 4098 op-

508 4101 798 4170 probrium
837 4109 1233 4177 sempiternum
1297 4113 1444 4169 dedit
1492 4114 1618 4169 illis.
1678 4135 1697 4168 ι
1745 4115 1882 4171 Cum
1937 4118 2083 4172 enim

508 4194 651 4251 Deus
683 4213 712 4252 a
737 4213 796 4253 se
823 4201 1167 4270 patientiam,
1193 4205 1361 4260 veluti
1391 4222 1646 4263 somnum
1676 4209 1963 4279 quemdam
1988 4226 2085 4265 ex-

500 4288 791 4357 cussisset,
835 4292 1124 4365 allophylis
1150 4297 1367 4367 plagam
1392 4299 1595 4363 intulit,
1626 4316 1723 4370 per
1744 4318 1909 4370 quam
1938 4302 2084 4371 apud

502 4393 700 4437 omnes
728 4383 1083 4452 ignominiosi
1134 4387 1312 4443 effecti
1363 4400 1492 4445 sunt
1526 4389 1574 4446 ί.
1631 4393 1885 4463 lntelligit
1934 4396 2082 4450 enim

2195 3196 2382 3265 ἱερεῖς,
2422 3194 2592 3267 αὐτὴν
2621 3194 3010 3265 ἐπιφερόμενοι
3064 3195 3165 3265 τὴν
3214 3196 3470 3263 κιϐωτὸν,
3520 3198 3735 3265 ἐδέξαντο

2189 3287 2288 3359 τὴν
2314 3287 2547 3358 σφαγὴν,
2566 3286 2632 3341 δι’
2652 3286 2831 3340 αὐτῶν
2857 3286 3241 3357 διδασκόμενοι
3262 3289 3376 3345 τῶν
3404 3292 3731 3362 πραγμάτων,

2191 3380 2270 3451 μὴ
2334 3380 2557 3453 θαρρεῖν
2606 3381 2931 3452 παρανομία
2988 3377 3275 3446 συζῶντας
3317 3386 3383 3455 τῇ
3438 3383 3555 3456 θείᾳ
3601 3383 3733 3455 κηδε-

2192 3473 2373 3544 μονίᾳ.

2260 3564 2356 3632 ξεό
2394 3581 2414 3616 ⁸
2449 3565 2755 3641 Ἑξηγέρθη
2775 3569 2822 3601 ⁸⁸
2851 3569 2929 3634 ὡς
2977 3573 3006 3626 ό
3061 3570 3249 3626 ὑπνῶν
3282 3570 3513 3642 Κύριος.
3551 3586 3569 3620 ι
3616 3565 3732 3622 Ἀλλ’

2187 3658 2336 3730 ὅμως
2379 3658 2609 3725 ταύταις
2635 3661 2679 3693 ⁸⁸
2711 3663 2916 3727 αὐτοὺς
2955 3667 3080 3729 ταῖς
3117 3666 3421 3735 τιμωρίαις
3458 3661 3729 3724 ὑποϐαλὼν,

2187 3750 2284 3805 καὶ
2310 3751 2440 3814 τοὺς
2472 3751 2682 3807 τούτων
2717 3753 2927 3822 ἐδίδαξε
2954 3754 3253 3825 πολεμίους
3274 3753 3378 3817 τὰς
3398 3753 3503 3806 τῶν
3536 3766 3732 3820 γεγενη-

2190 3845 2368 3917 μένων
2396 3846 2597 3910 αίτίας.

2263 3961 2281 3993 ι
2331 3942 2417 4001 Ὡς
2444 3941 2687 4006 δυνατὸς,
2720 3943 2818 3996 καὶ
2839 3943 2885 3973 ⁸³
2918 3940 3398 4014 κεκραιπαληκὼς
3437 3939 3494 4005 ἐξ
3522 3939 3652 3993 οίνου
3674 3937 3726 3987 ⁸³.

2186 4034 2347 4108 [ξςὀ]
2388 4036 2498 4089 Καὶ
2556 4035 2799 4102 ἐπάταξε
2855 4035 2984 4098 τοὺς
3040 4034 3277 4106 ἐχθροὺς
3323 4033 3508 4087 αὐτῶν
3550 4033 3624 4093 είς
3672 4028 3727 4079 τὰ

2184 4128 2363 4182 ὀπίσω
2383 4128 2428 4159 ⁸⁸
2456 4146 2470 4159 ο
2513 4127 2716 4191 ὄνειδος
2770 4126 2992 4179 αἰώνιον
3050 4126 3258 4179 ἔδωκεν
3318 4127 3523 4188 αὐτοῖς.
3568 4143 3583 4175 ι
3629 4114 3730 4173 Οἷον

2183 4221 2293 4291 γάρ
2335 4239 2457 4275 τινα
2506 4220 2675 4274 ὕπνον
2706 4221 2806 4291 τὴν
2854 4219 3249 4290 μακροθυμίαν
3301 4217 3730 4286 ἀποσεισάμενος.

2184 4315 2299 4377 τοῖς
2326 4311 2650 4381 ἀλλοφύλοις
2679 4312 2953 4381 ἐπήνεγκε
3008 4311 3110 4381 τὴν
3153 4309 3397 4381 πληγὴν,
3448 4308 3515 4361 δι’
3546 4307 3608 4376 ῆν
3648 4305 3730 4356 ἑπ-

2185 4402 2472 4456 ονείδιστοι
2503 4400 2659 4468 παρὰ
2690 4402 2861 4454 πᾶσιν
2890 4399 3165 4467 ἐγένοντο.
3194 4398 3362 4467 Λέγει
3383 4397 3439 4450 δέ
3475 4397 3571 4464 τῆς
3596 4394 3730 4463 ἕδρας

500 4471 651 4527 sedis
711 4476 987 4543 morbum,
1036 4496 1196 4549 quem
1256 4481 1485 4537 historia
1528 4484 1707 4540 docet.
1759 4485 1874 4543 Hoc
1910 4488 2079 4543 etiam

2191 4496 2247 4549 τὸ
2292 4495 2487 4560 πάθος,
2509 4496 2696 4565 ὅπερή
2736 4494 2951 4565 ἱστορία
2983 4492 3255 4547 διδάσκει..
3310 4492 3482 4545 Τοῦτο
3504 4490 3547 4521 ³⁵
3583 4486 3730 4540 δὲκαὶ

501 4566 783 4633 prophetia
840 4571 1113 4640 significat
1169 4574 1398 4631 dicens:
1438 4596 1455 4628 ‹
1494 4576 1770 4636 Percussit
1826 4585 2080 4643 inimicos

2191 4591 2217 4661 ἡ
2255 4587 2562 4660 προφητεία
2595 4586 2896 4657 δεδήλωκεν
2927 4601 2941 4614 ·
2980 4584 3086 4657 ἔφη
3139 4584 3250 4655 γάρ
3281 4601 3296 4614 ⁶
3324 4605 3343 4637 ι
3379 4584 3488 4637 Καὶ
3520 4577 3727 4641 ἐπάταξε

498 4670 691 4711 eorum
737 4658 789 4713 in
832 4664 1176 4732 posteriora;
1212 4684 1230 4717 ι
1262 4666 1489 4724 honeste
1511 4673 1808 4743 designans
1842 4689 2075 4746 partem,

2191 4658 2310 4744 τοὺς
2340 4680 2567 4751 ἐχθροὺς
2596 4674 2777 4733 αὐτῶν
2808 4680 2888 4740 είς
2927 4678 2995 4731 τὰ
3036 4677 3214 4732 όπίσω
3239 4694 3255 4709 ο
3298 4699 3316 4729 ι
3357 4677 3663 4746 σεμνότερον
3680 4670 3726 4722 τὸ

498 4764 623 4817 qua?
644 4751 855 4821 plagam
882 4757 1112 4826 accepit.
1138 4757 1396 4813 Somnum
1443 4778 1574 4819 vero
1620 4767 1935 4834 patientiam
1979 4789 2077 4827 vo-

2191 4774 2354 4844 μέρος
2383 4771 2673 4843 δηλώσασα
2695 4772 2758 4825 τὸ
2791 4771 3092 4840 δεξάμενον
3121 4770 3222 4841 τὴν
3260 4769 3497 4839 πληγήν.
3533 4765 3727 4818 Ὕπνον

495 4840 663 4902 cavit,
705 4846 1012 4902 ebrietatem
1039 4858 1221 4905 autem
1250 4866 1316 4904 ea:
1344 4852 1461 4906 vino
1499 4855 1948 4925 indignationem.
1982 4864 2078 4919 Est

2191 4840 2241 4920 δὲ
2262 4840 2366 4936 τὴν
2394 4840 2781 4936 μακροθυμίαν
2802 4864 3065 4918 ἐκάλεσεν
3090 4878 3104 4897 ο
3133 4840 3203 4928 ἐξ
3232 4864 3404 4917 οἴνου
3427 4862 3482 4915 δὲ
3511 4853 3725 4928 κραιπά-

565 4980 595 5021 ἀ
623 4980 641 5035 ι
674 4981 807 5055 Reg.
844 5002 903 5041 ιι.
983 4998 1008 5026 ο
1034 4986 1190 5043 Deut.
1226 5005 1400 5054 χχιιι,
1426 4991 1479 5046 9.
1558 4990 1581 5031 ί
1612 4991 1633 5046 l
1664 4995 1798 5068 Reg.
1833 5015 1886 5053 v.

432 5055 445 5127 ἢ
1579 5125 1813 5182 ἾΑΒΙᾹΞ
1850 5130 2091 5189 LECTIG

2191 5134 2237 5188 ιε
2277 5133 2367 5189 ΕΤ
2404 5132 2639 5191 NOTAE.

566 5240 615 5271 "
651 5237 741 5319 '9.
772 5236 1077 5319 Rec_._le_ctio
1101 5242 1229 5319 h._l.
1260 5250 1350 5319 es_t_
1371 5240 1559 5319 αὑτοῦ,
1588 5235 1671 5297 οὗ.
1740 5245 1792 5319 ’⁵³
1817 5244 1934 5319 Τὴν
1958 5251 2091 5303 καλ.

2194 5249 2273 5317 ὴν
2289 5250 2511 5306 αὐτῶν.
2544 5250 2709 5306 Hebr.
2727 5259 2954 5316 mysi-1
2973 5249 3131 5306 decus
3161 5250 3293 5319 ejus.
3374 5248 3417 5280 ⁸³
3446 5243 3723 5319 Βοαίιυειὶρ

491 5320 579 5365 est
616 5312 795 5381 χεῖρα.
872 5311 918 5342 ³⁸
963 5311 1270 5380 Ὑπερεῖδε.
1312 5312 1474 5367 Hebr.
1517 5327 1701 5367 contra
1731 5314 2091 5372 [nereditatem

2192 5311 2279 5374 am
2320 5322 2626 5393 indignatus
2684 5332 2783 5376 est.
2836 5311 2996 5377 Conf.
3032 5338 3086 5392 p.
3130 5311 3286 5376 11⁷61.
3324 5336 3391 5393 n_._
3416 5319 3471 5373 4.
3541 5318 3585 5348 ⁸⁸
3616 5312 3717 5369 cnd.

492 5396 531 5447 2
562 5395 935 5473 προηγόρευσε
973 5396 1232 5473 Μωυσῆς.
1333 5398 1379 5429 ⁸⁷
1407 5397 1531 5473 cod.
1583 5396 1815 5473 2λέγει.
1918 5400 1964 5432 ⁸⁸
2010 5401 2091 5473 lie!

2191 5403 2346 5458 lectio
2397 5385 2456 5457 ιιῖ
2501 5406 2537 5459 ι.
2591 5413 2678 5459 est
2719 5385 3051 5473 ἐπένθησανῖ
3106 5402 3269 5458 Hebr.
3325 5385 3472 5461 πίνει-ι
3517 5396 3722 5452 laudata!

497 5482 543 5546 ξ.
572 5466 925 5546 epithalamio
965 5468 1250 5523 celebrata:
1281 5476 1425 5546 sunt.
1462 5468 1605 5546 Aqu_.
1632 5468 1975 5546 ὐμνῄθησαν.
2020 5471 2091 5546 Sy

2191 5474 2639 5546 t.__é1:nvé6qoav.
2701 5475 2763 5546 7”
2793 5466 3320 5546 Κλάυσθήσονται.
3358 5473 3514 5526 Hebr.
3545 5475 3720 5546 {uaga

497 5535 690 5615 [ιερᾳηι
726 5552 773 5591 s.
825 5536 952 5591 ﬂere
981 5546 1262 5615 poterant.
1298 5533 1969 5615 Syrum—obyéalagoav.
2026 5533 2090 5615 "°

2191 5533 2510 5613 ἳξηγέῥθηί
2536 5548 2660 5601 cod.
2688 5545 2725 5598 2
2751 5561 2940 5615 praem.
2977 5533 3105 5609 Kal,
3137 5554 3196 5597 ut
3238 5548 3290 5597 in
3327 5552 3473 5615 textu
3512 5538 3615 5590 τῶν

496 5606 539 5637 ⁶¹
581 5607 845 5673 Ταύταις.
893 5609 1015 5661 cod.
1056 5608 1089 5660 2
1131 5606 1472 5676 ριίιιιηζκαί.
1545 5609 1593 5641 ⁶²
1621 5610 1753 5664 Καί.
1813 5609 1975 5667 Deest
2024 5612 2091 5695 in

2191 5606 2411 5669 ιιιίτῶν
2440 5606 2517 5669 0'.
2612 5617 2659 5648 ⁸³
2690 5606 2972 5684 Κὲκραιπ.
3006 5615 3075 5679 ἐξ
3095 5606 3307 5669 ὀἷν-ου.
3338 5612 3498 5668 Ilebr.

491 5695 616 5773 τινε
641 5688 731 5758 qui
774 5690 974 5758 jubilat
1015 5692 1133 5746 vino
1163 5690 1374 5746 hausto.
1409 5690 1619 5763 Symm.
1653 5692 1920 5748 διαλαλῶν
1948 5694 2008 5759 ἐξ
2038 5694 2091 5749 of

2191 5735 2204 5752 .
2317 5697 2363 5729 οδ
2408 5699 2511 5765 Et;
2570 5699 2640 5754 τὰ
2686 5700 2898 5754 ὀπίσω.
2936 5697 3103 5757 Hebr.
3130 5708 3278 5759 ’τι-ιιι
3306 5705 3461 5760 retro,
3501 5686 3573 5748 δέ·
3616 5686 3714 5757 Pe"

493 5785 613 5840 lens
650 5801 766 5841 eos.
843 5786 886 5819 ⁶¹
920 5786 1100 5843 Τοῦτο
1132 5816 1199 5831 ——
1238 5788 1606 5855 δεδήλωκεν.
1634 5791 1759 5848 Des.
1792 5791 1849 5847 in
1893 5793 2015 5850 cod.
2046 5792 2103 5853 2.
