3936 6488
198 355 328 421 150!

1479 359 1562 419 ΙΝ
1600 360 1808 420 PSAL.
1847 359 2136 422 LXXVII.

3305 358 3442 422 1502

192 477 331 541 λην,
369 472 475 543 τὴν
512 471 913 542 ἀγανάκτησιν.
951 472 1223 543 Καθάπερ
1274 473 1383 545 γὰρ
1437 474 1765 527 ὲπείσακτόν

1889 474 2014 528 enim
2063 473 2470 543 quodammodo
2524 474 2745 545 crapula
2794 472 3085 528 adventitia
3114 473 3247 540 Deo,
3280 488 3440 543 paena

193 569 307 619 ἐστι
342 565 503 631 Θεοῦ,
548 566 847 639 τιμωρία⁶⁶
876 565 1099 630 δικαίως
1116 567 1159 599 ⁵⁷
1186 568 1303 630 τοῖς
1345 564 1766 637 πλημμελοῦσιν

194 662 371 726 ἱπαγο
377 659 511 729 μένη
521 700 536 713 .

261 748 361 814 ξζν.
399 769 418 801 ι
456 751 563 804 Καὶ
584 751 849 805 ἀπώσατο
896 750 958 803 τὸ
984 752 1249 821 σκήνωμα
1289 749 1514 822 Ἰωσὴφ,
1544 749 1640 804 καὶ⁸
1667 748 1770 821 τὴν

195 842 372 912 φυλὴν
412 841 657 913 Ἐφρατμ
710 843 813 897 οὐκ
862 841 1170 908 ἐξελέξατο.
1198 861 1216 896 ι
1256 842 1430 897 Πάλιν
1476 842 1573 907 τὰς
1601 842 1768 906 ἄλλας

196 932 513 987 καταλιπὼν
575 934 770 1003 φυλὰς,
814 934 983 1005 μόνης
1034 935 1312 1005 μέμνηται
1362 934 1464 1003 τῆς
1506 931 1767 1005 Ἐφραῒμ,

197 1024 294 1094 τὴν
328 1025 596 1095 ἐσομένην
628 1026 881 1097 προορῶν
932 1025 1248 1096 τυραννίδα.
1292 1027 1390 1078 Ἐκ
1431 1026 1638 1096 ταύτης
1660 1027 1770 1096 γὰρ

206 1117 492 1189 Ἰεροϐοὰμ
522 1116 864 1188 ὁρμώμενος,
895 1118 994 1182 τὰς
1024 1118 1159 1171 δέκα
1188 1117 1360 1184 φυλὰς
1390 1121 1453 1171 ἐκ
1478 1118 1581 1186 τῆς
1606 1118 1769 1171 Δαϐι-

197 1210 357 1278 τικῆς
383 1210 665 1280 ἀπέρρηξε
691 1209 977 1279 βασιλείας
1003 1226 1020 1242 ο
1062 1210 1261 1282 Ἰωσὴφ
1292 1211 1349 1264 δὲ
1394 1210 1490 1264 καὶ
1531 1209 1773 1280 Ἐφραῖμ

198 1302 297 1370 τὴν
347 1300 517 1371 αὐτὴν
571 1302 721 1369 λέγει
754 1301 971 1372 φυλήν
1022 1301 1138 1364 υίὸς
1195 1305 1304 1372 γὰρ
1349 1300 1446 1355 τοῦ
1500 1300 1700 1371 Ἰωσὴφ
1742 1301 1772 1353 6

213 1394 476 1465 Ἐφραῖμ.
520 1393 875 1463 Ἀπωσθῆναι
907 1394 964 1447 δὲ
1020 1394 1194 1465 αὐτὴν
1231 1394 1401 1463 λέγει,
1428 1391 1506 1463 τῷ
1540 1392 1616 1463 μὴ
1654 1387 1773 1445 δια-

204 1490 383 1557 μεῖναι
421 1489 480 1540 ὲν
502 1488 567 1556 τῇ
592 1485 796 1557 Σηλὼμ
820 1487 922 1558 τὴν
966 1486 1194 1558 σκηνὴν,
1244 1486 1361 1540 ἀλλ’
1390 1489 1446 1539 ὲν
1468 1488 1534 1556 τῇ
1575 1484 1772 1555 Ἰερου-

202 1578 384 1648 σαλὴμ
415 1581 519 1648 τῆς
546 1578 701 1642 Θείας
744 1578 983 1632 κιϐωτοῦ
1018 1578 1323 1648 μεταϐῆναι
1363 1577 1467 1648 τὴν
1494 1578 1681 1648 χάριν,
1712 1577 1775 1629 έν

201 1665 232 1742 ᾖ
266 1670 360 1721 καὶ
389 1670 420 1722 6
445 1667 699 1738 Σολομὼν
747 1668 890 1738 μετὰ
917 1667 1093 1722 ταῦτα
1131 1668 1222 1721 τὸν
1258 1667 1401 1720 θεῖον
1444 1665 1583 1721 νεὼν
1637 1665 1773 1718 ὲδεί-

202 1778 360 1831 pato.

1867 586 1989 640 qua
2010 571 2158 641 juste
2188 569 2571 643 peccatoribus
2603 569 2887 640 inﬂigitur.

1938 750 2103 807 Vens.
2135 750 2225 809 67.
2272 773 2289 805 ι
2332 751 2399 807 Ει
2439 751 2638 822 repulit
2678 749 3088 805 tabernaculum
3133 746 3356 813 Joseph,
3389 754 3445 800 et

1867 844 2068 898 tribum
2123 843 2379 914 Ephraim
2412 859 2519 897 non
2550 843 2732 910 elegit.
2776 860 2794 894 ι
2836 840 3070 900 Rursus,
3108 839 3230 893 aliis
3271 838 3446 891 tribu-

1869 938 1973 992 bus
1995 936 2291 1000 derelictis,
2321 936 2492 990 solius
2519 933 2773 1004 Epliraim
2797 932 3067 996 meminit,
3087 931 3327 985 futuram
3363 937 3443 999 ty-

1870 1030 2153 1083 rannidem
2189 1028 2511 1097 praevidens.
2532 1025 2611 1081 Ex
2644 1026 2743 1080 hac
2772 1025 2916 1079 enim
2949 1034 3104 1077 ortus
3132 1021 3445 1083 .leroboam,

1871 1137 1900 1175 a
1961 1121 2219 1175 Davidico
2268 1137 2432 1190 regno
2469 1121 2655 1175 decem
2705 1119 2881 1174 tribus
2938 1117 3187 1172 abduxit.
3240 1114 3446 1183 Joseph

1870 1229 2035 1284 porro
2059 1224 2113 1268 et
2168 1212 2427 1284 Ephraim
2489 1214 2734 1268 eamdem
2786 1211 2991 1265 tribum
3043 1207 3256 1279 1164Ι
3290 1208 3443 1268 dicit.

1871 1307 2001 1376 quia
2060 1307 2204 1361 [ilius
2260 1304 2480 1376 Josephi
2534 1305 2638 1360 fuit
2693 1303 2975 1373 prraim.
3019 1301 3293 1372 Reiectam
3342 1316 3443 1355 au-

1895 1417 1981 1457 em
2017 1404 2158 1457 hanc
2204 1400 2373 1455 fuisse
2415 1400 2567 1465 dicit,
2636 1398 2780 1468 quod
2805 1396 3214 1451 tabernaculum
3248 1395 3301 1449 in
3327 1394 3446 1448 Silo

1873 1513 1982 1552 non
2029 1495 2412 1567 permanserit,
2446 1494 2540 1549 sed
2586 1492 2788 1546 divinae
2836 1505 2977 1545 arca:
3009 1489 3182 1559 gratia
3214 1489 3232 1509 ‘
3268 1498 3450 1542 trans-

1875 1591 1985 1644 lata
2040 1589 2208 1643 fuerit
2252 1586 2706 1655 Hierosolymam,
2741 1584 2795 1637 in
2853 1598 2963 1654 qua
2995 1580 3254 1638 Salomon
3285 1582 3445 1637 etiam

1873 1693 2063 1753 postea
2092 1682 2339 1737 divinum
2373 1680 2636 1750 templum
2667 1678 2860 1733 erexit.

266 1853 369 1925 ξη’.
407 1872 428 1906 ι
470 1853 582 1907 Kal
626 1851 917 1919 ἐξελέξατο
957 1852 1059 1923 τὴν
1090 1852 1262 1923 φυλὴν
1304 1850 1477 1907 Ἰούδα
1504 1868 1519 1883 ·
1554 1851 1616 1905 τὸ
1643 1849 1771 1921 ὅρος

1950 1867 2115 1923 Vens.
2147 1866 2235 1922 68.
2281 1886 2298 1919 ι
2329 1865 2396 1920 Ει
2420 1866 2582 1935 elegit
2609 1865 2809 1919 tribum
2835 1862 2999 1927 Juda,
3032 1872 3271 1918 montem
3292 1862 3449 1929 Sion,

199 1946 257 1998 τὸ
279 1944 447 2011 Σιὼν,
474 1946 504 1998 δ
528 1946 840 2013 ἠγάπησεν.
868 1965 888 1999 ι
920 1944 1235 2012 Ἐξελέξατο
1258 1946 1443 2016 μέντοι
1471 1945 1570 2015 τὴν
1600 1944 1773 2015 φυλὴν

211 2039 399 2101 Ἰούδα,
435 2038 529 2091 διὰ
552 2039 651 2109 τὴν
683 2039 740 2105 ἐξ
785 2039 985 2092 Ἰεσσαὶ
1017 2039 1215 2109 ῥάϐδον
1245 2038 1506 2108 ἀνθήσειν
1533 2037 1578 2069 ⁸⁸
1606 2055 1777 2108 προσ-

199 2131 541 2200 δοκωμένην.
574 2129 794 2200 Ταύτην
831 2130 890 2184 δὲ
916 2130 1017 2201 τὴν
1050 2128 1287 2201 βλάστην
1317 2129 1413 2182 καὶ
1435 2130 1465 2182 6
1499 2130 1775 2200 πατριάρ-

200 2240 300 2293 χης
355 2222 561 2276 Ἰακὼϐ
636 2222 1036 2295 προεθέσπισεν
1091 2222 1331 2287 εὐλογῶν
1378 2222 1472 2275 τὸν
1537 2222 1774 2275 Ἰούδαν·

204 2318 484 2387 μέμνηται
504 2316 561 2369 δὲ
586 2316 758 2385 αὐτῆς
778 2316 871 2369 καὶ
888 2317 917 2369 6
944 2314 1235 2377 θεσπέσιος
1253 2315 1491 2381 Παῦλος,
1516 2316 1718 2369 οὑτωσὶ
1733 2317 1779 2349 ”

200 2410 370 2475 λέγων
393 2425 410 2439 σ
451 2428 468 2459 ι
511 2408 784 2479 Πρόδηλον
818 2407 877 2460 δὲ
911 2407 993 2460 ὅτι
1035 2407 1095 2472 ἐξ
1145 2406 1319 2460 Ἰούδα
1355 2407 1723 2461 ἀνατέταλκεν
1750 2409 1781 2462 6

205 2503 409 2573 Κύριος
440 2502 601 2571 ἡμῶν
635 2499 847 2571 Ἰησοῦς
878 2501 1136 2571 Χριστός.
1174 2518 1193 2551 ι
1226 2499 1448 2572 Ταύτης
1477 2496 1570 2555 οῦν
1614 2501 1781 2555 ’ἑνεκα

202 2595 294 2665 τὴν
335 2594 515 2648 Ἰούδα
548 2593 723 2663 φυλὴν
772 2593 883 2646 τῶν
910 2592 1089 2646 ἄλλων
1141 2592 1464 2662 προείλετο·
1504 2592 1694 2665 ἐπειδὴ
1723 2592 1781 2647 δὲ

202 2686 355 2741 τοῦτό
385 2704 508 2750 πως
534 2688 785 2755 ἠγνοεῖτο
810 2688 925 2749 τοῖς
950 2685 1172 2749 πολλοῖς
1193 2688 1255 2739 τὸ
1283 2686 1600 2757 μυστήριον,
1635 2686 1784 2757 μάλα

207 2777 390 2848 σαφῶς
408 2779 458 2810 ⁷⁸
481 2779 732 2847 ἐπήγαγε
752 2794 766 2807 ·
796 2797 815 2829 ι
842 2778 916 2831 Τὸ
934 2778 1062 2848 δρος
1089 2777 1152 2831 τδ
1176 2777 1337 2844 Σιὼν,
1362 2778 1391 2831 ὃ
1419 2778 1730 2849 ἠγάπησεν,
1757 2796 1777 2831 ι

206 2870 289 2922 (va
336 2869 454 2923 τῶν
488 2869 666 2924 ἄλλων
700 2868 886 2938 φυλῶν
937 2868 1253 2940 κατασϐέσῃ
1277 2868 1371 2922 τὸν
1414 2869 1634 2938 φθόνον,
1687 2885 1784 2940 μο-

206 2961 421 3032 νονουχὶ
471 2960 684 3029 λέγων·
737 2961 1033 3032 Μηδεμίαν
1104 2960 1363 3033 ἀφορμὴν
1444 2960 1783 3032 ζηλοτυπίας

207 3052 520 3123 εἰσδέξησθε
552 3054 622 3107 ⁷⁸.
658 3052 760 3106 Διά
789 3053 901 3125 γὰρ
947 3053 1011 3107 τὸ
1044 3052 1185 3107 Σιὼν
1213 3054 1340 3125 δρος
1376 3053 1661 3121 ἐξελέξατο
1685 3053 1787 3126 τὴν

219 3141 397 3199 Ἰούδα
443 3143 642 3214 φυλήν.
694 3143 909 3207 ’Δλλως
950 3159 1015 3196 τε
1065 3143 1163 3197 καὶ
1208 3143 1506 3215 σεϐάσμιον
1533 3143 1785 3215 βούλεται

1877 1976 2039 2032 quem
2074 1959 2287 2015 dilexit.
2322 1979 2340 2013 ι
2381 1958 2558 2028 Elegit
2587 1958 2727 2012 hanc
2748 1959 2948 2012 tribum
2972 1956 3125 2011 Iudae
3148 1956 3217 2010 ob
3237 1955 3449 2027 virgam

1875 2051 2050 2117 Jesse,
2076 2068 2198 2122 qua:
2228 2052 2648 2122 exspectabatur
2677 2060 2734 2103 ut
2764 2050 3095 2104 ﬂoresceret.
3125 2046 3234 2101 lloc
3266 2058 3449 2101 autem

1879 2159 2097 2215 germen
2152 2152 2205 2196 et
2243 2141 2552 2212 patriarcha
2583 2137 2752 2195 Jacob
2784 2138 3115 2194 vaticinatus
3143 2146 3249 2202 est,
3283 2137 3451 2190 bene-

1879 2238 2067 2293 dicens
2093 2236 2265 2292 Judae.
2292 2234 2645 2306 Meminitque
2674 2233 2840 2303 hujus
2857 2236 3023 2303 virga:
3044 2232 3208 2287 etiam
3234 2230 3453 2286 divinus

1878 2331 2082 2387 Paulus
2137 2330 2217 2384 sic
2261 2328 2498 2383 dicens:
2562 2346 2582 2380 ι
2626 2326 2969 2382 Manifestum
3025 2336 3206 2380 autem
3255 2333 3338 2379 est
3383 2338 3451 2376 ex

1878 2420 2016 2476 Juda
2075 2420 2366 2475 Dominum
2413 2429 2663 2475 nostrum
2715 2419 2902 2475 Iesum
2952 2418 3227 2473 Christum
3269 2425 3451 2471 ortum

1881 2536 2005 2576 esse
2035 2522 2080 2576 ε.
2121 2538 2141 2573 ι
2184 2519 2411 2588 Propter
2461 2519 2601 2572 hanc
2632 2516 2798 2588 igitur
2833 2516 3043 2585 virgam
3076 2516 3276 2569 tribum
3300 2511 3457 2568 ludar

1882 2613 2005 2669 aliis
2061 2610 2319 2683 praetulit.
2365 2610 2633 2677 Quoniam
2668 2617 2849 2663 autem
2904 2608 3008 2663 hoc
3050 2607 3369 2678 mysterium
3420 2622 3453 2661 a

1885 2708 2074 2762 multis
2124 2705 2527 2777 quodanunodo
2585 2702 2961 2774 ignorabatur,
3013 2701 3149 2757 satis
3197 2700 3458 2755 distincte

1884 2800 2092 2856 addidit
2118 2818 2131 2853 :
2172 2817 2191 2852 ι
2232 2797 2468 2853 Montem
2497 2797 2629 2853 Sion
2660 2812 2822 2867 quem
2854 2796 3065 2861 dilexit,
3093 2814 3112 2847 ι
3141 2803 3200 2849 ut
3221 2796 3455 2850 aliarum

1884 2891 2127 2947 tribuum
2194 2889 2454 2945 invidiam
2512 2888 2921 2956 restingueret;
2981 2887 3139 2956 quasi
3202 2886 3456 2941 diceret:

1886 2983 2100 3039 Nullam
2149 2982 2370 3037 invidiae
2410 2997 2600 3035 ansam
2633 2980 2876 3049 arripite,
2913 2977 3357 3049 quandoquidem
3386 2978 3462 3032 ob

1888 3076 2110 3131 Sionem
2166 3082 2406 3129 montem
2456 3072 2611 3127 Juda:
2659 3073 2863 3126 tribum
2896 3071 3078 3141 elegit.
3109 3071 3374 3125 Praeterea
3404 3078 3460 3123 et

1886 3166 2255 3223 venerandum
2313 3171 2551 3220 montem
2603 3164 2892 3219 ostendere
2943 3162 3078 3229 vult,
3113 3177 3179 3217 eo
3225 3161 3371 3232 quod
3402 3160 3458 3215 in

208 3236 377 3333 δεῖξαι
407 3238 468 3292 το
500 3238 649 3309 ὅρος,
690 3236 780 3292 διὰ
821 3236 915 3291 τὸν
947 3235 1518 3309 οίκοδομηθησόμενον
1556 3237 1692 3292 νεὼν
1724 3238 1785 3293 ὲν
1809 3256 1856 3314 c
1887 3262 2008 3333 ipso
2038 3260 2301 3332 templum
2334 3257 2712 3314 aediﬁcandum
2744 3266 2883 3312 erat.

212 3331 381 3402 αὐτῷ.

277 3446 377 3511 ἔθ’.
440 3464 460 3499 ι
515 3446 628 3501 Καὶ
686 3445 1039 3519 ᾠκοδόμησεν
1089 3446 1167 3511 ὡς
1216 3446 1607 3519 μονοκερὼτων
1628 3447 1676 3479 τ’
1726 3446 1791 3500 τδ

216 3540 464 3611 ἁγίασμα
500 3536 691 3594 αὑτοῦ.
732 3558 751 3591 ι
782 3539 998 3610 Κέρατι
1029 3538 1121 3592 τὸν
1155 3540 1469 3610 μονόκερων
1499 3540 1581 3593 ἑνὶ
1608 3538 1790 3592 καθω-

215 3631 442 3684 πλίσθαι
469 3630 636 3699 φασίν
660 3646 676 3663 ’
701 3629 800 3685 ἕνα
828 3631 885 3684 δὲ
912 3634 1241 3701 προσκυνεῖν
1265 3632 1401 3684 Θεὸν
1442 3632 1535 3685 καὶ
1563 3633 1592 3685 6
1627 3631 1790 3703 νόμος

215 3716 455 3781 ἐδίδαξεν
480 3717 547 3771 ⁷³.
600 3718 845 3782 Εἰκότως
894 3719 1074 3772 τοίνυν
1115 3720 1385 3774 ἀπείκασε
1452 3722 1790 3793 μονοκέρωτι

214 3810 298 3864 τὸν
327 3811 432 3864 ἕνα
462 3808 628 3876 νεὼν,
659 3810 753 3863 τὸν
774 3810 854 3882 τῷ
884 3812 966 3864 ἑνὶ
999 3812 1382 3883 ἀφιερωμένον
1406 3812 1525 3883 Θεῷ
1550 3813 1617 3865 ⁷⁸.
1656 3831 1676 3865 ι
1699 3814 1791 3868 Ἐν

215 3905 277 3974 τῇ
315 3907 391 3974 γῇ
414 3902 463 3935 ⁷⁸
506 3903 871 3972 ὲθεμελίωσεν
900 3903 1071 3975 αὐτὴν
1107 3905 1190 3968 είς
1231 3904 1322 3957 τὸν
1354 3903 1548 3958 αίῶνα.
1587 3923 1607 3956 ι
1640 3904 1707 3957 ’⁷0
1733 3905 1790 3957 δὲ

216 3996 519 4067 Σύμμαχος
568 3996 782 4059 οὕτως’
836 3997 990 4064 Ὠς⁷⁶
1032 3997 1151 4066 τὴν
1183 3995 1322 4068 γῆν,
1364 3995 1446 4063 ἦν
1476 3997 1791 4065 ἐθεμελίω-

216 4089 396 4156 σας-⁷⁷
424 4091 514 4155 εἰς
540 4089 645 4143 τὸν
683 4087 889 4144 αἰῶνα.
947 4090 1059 4144 Καὶ
1091 4092 1141 4144 ol
1191 4090 1341 4143 ἄλλοι
1384 4089 1441 4143 δὲ
1478 4090 1576 4160 τὴν
1621 4090 1793 4160 αὐτὴν

215 4180 455 4234 διάνοιαν
481 4181 891 4260 ἡρμηνεύκασι.
939 4182 1106 4249 Λέγει
1144 4183 1348 4247 τοίνυν,
1382 4182 1465 4236 ὃτι
1537 4181 1793 4253 καθάπερ

220 4270 348 4334 μίαν
407 4270 810 4342 ἐδημιούργησε
852 4273 978 4343 γῆν,
1034 4272 1178 4326 οὕτω
1205 4272 1342 4327 νεὼν
1387 4273 1664 4336 Ἰουδαίοις
1695 4273 1798 4327 ἕνα
1864 4288 1868 4293 ‘

216 4362 627 4435 δημιουργῆσαι
665 4365 994 4435 προσέταξε.

284 4463 351 4509 o'.
408 4476 428 4508 ι
466 4458 577 4509 Ka‘t
625 4457 905 4521 ἐξελέξατο
949 4458 1117 4512 Δαϐὶδ
1146 4458 1237 4511 τὸν
1260 4458 1447 4511 δοῦλον
1477 4458 1667 4524 αὑτοῦ,
1700 4457 1797 4511 καὶ

1968 3460 2132 3516 Vens.
2172 3458 2260 3515 69.
2298 3474 2320 3511 ι
2357 3456 2425 3514 Ει
2459 3456 2747 3515 aediﬁcavit
2774 3456 2915 3511 sicut
2954 3454 3302 3510 unicornium
3337 3470 3464 3509 san-

1891 3552 2159 3609 ctuarium
2189 3566 2372 3606 suum.
2405 3569 2423 3603 ι
2463 3547 2585 3604 Uno
2613 3563 2786 3605 cornu
2813 3549 2965 3603 aiunt
2992 3548 3313 3602 unicornem
3343 3563 3465 3601 mu-

1893 3648 2065 3701 nitum
2112 3660 2255 3700 esse.
2306 3643 2489 3700 Unum
2539 3652 2719 3697 autem
2768 3640 2938 3695 Deum
2983 3641 3164 3695 colere
3194 3639 3465 3693 ctiamlex

1892 3738 2099 3793 docuit.
2131 3736 2263 3793 Jure
2293 3737 2462 3807 igitur
2488 3736 2711 3791 unicum
2745 3735 3030 3806 templum,
3062 3736 3155 3789 uni
3192 3734 3302 3789 Deo
3333 3750 3464 3790 con-

1892 3842 2190 3898 secratum,
2238 3829 2493 3885 unicorni
2533 3827 2893 3897 comparavit.
2938 3846 2956 3878 ι
2995 3824 3051 3879 1n
3086 3836 3229 3881 terra
3266 3826 3463 3881 funda-

1894 3927 1972 3981 vit
2010 3941 2132 3982 eam
2187 3925 2242 3979 in
2287 3923 2509 3979 saecula.
2549 3941 2567 3975 ι
2600 3920 2963 3992 Symmachus
3015 3929 3198 3974 autem
3258 3920 3359 3983 sic,
3396 3916 3466 3972 Ut

1894 4026 2115 4081 terram,
2172 4030 2332 4085 quant
2386 4012 2630 4082 fundasti
2684 4012 2745 4068 in.
2797 4009 3017 4066 sa'cula.
3058 4008 3246 4063 Caneri
3299 4009 3465 4063 etiam

1900 4107 2111 4179 1165
2132 4106 2391 4162 eumdem
2418 4121 2547 4161 sens
2563 4110 3081 4173 umexpresserunt.
3104 4099 3242 4156 Dicit
3276 4100 3470 4172 igitur,

1894 4199 2042 4269 quod
2072 4198 2216 4253 sicut
2256 4212 2417 4251 unam
2450 4206 2652 4251 terram
2687 4194 2954 4258 condidit,
2994 4194 3077 4249 sic
3102 4193 3305 4249 Judaais
3330 4208 3468 4263 pra:-

1894 4290 2098 4358 ceperit
2128 4300 2188 4345 ut
2210 4304 2379 4344 unum
2412 4289 2674 4359 templum
2697 4287 2990 4357 erigerent.

1966 4469 2132 4525 Vens.
2186 4468 2272 4523 70.
2323 4487 2342 4520 ι
2379 4467 2446 4522 Ει
2473 4468 2635 4537 elegit
2664 4465 2921 4522 Davidem
2952 4480 3167 4519 servum
3200 4478 3383 4527 suum,
3414 4472 3468 4517 et

217 4549 484 4604 ἀνέλαϐεν
521 4551 685 4603 αὑτὸν
719 4552 917 4605 ἐκτῶν
957 4553 1226 4621 ποιμνίων
1265 4552 1374 4605 τῶν
1418 4552 1730 4624 προϐάτων.
1770 4570 1781 4603 ι

1899 4565 2139 4634 suscepit
2184 4579 2309 4617 eum
2343 4564 2409 4618 de
2445 4561 2704 4634 gregibus
2756 4560 2959 4615 ovium.
2999 4554 3029 4609 ι
3056 4556 3253 4611 Eadem
3301 4570 3465 4625 opera

220 4644 380 4696 Κατὰ
408 4644 615 4696 ταυτὸν
642 4643 730 4697 διὰ
782 4646 991 4698 τούτων
1048 4609 1306 4717 ἐδήλωσε,
1357 4609 1474 4699 καὶ⁵
1500 4645 1596 4698 τοῦ
1628 4644 1781 4698 Δαϐὶέ

1899 4609 2138 4634 "“""’"l'"
2187 4609 2309 4617 ""“'
2346 4609 2409 4618 ν’*
2445 4609 2702 4634 υ““¹υ“”““”
2760 4609 2958 4615 ""“"'
3058 4609 3074 4610 ί
3103 4609 3149 4611 *η
3338 4609 3353 4625 ι

1902 4656 1988 4710 his
2032 4655 2213 4710 verbis
2244 4656 2497 4721 ostendit,
2524 4665 2575 4709 et
2604 4653 2826 4707 Davidis
2864 4652 3140 4715 virtutem,
3177 4648 3472 4733 nominans

217 4736 317 4805 τὴν
346 4735 571 4806 ἀρετὴν,
625 4736 813 4790 δοῦλον
846 4738 1010 4791 αὐτὸν
1056 4737 1330 4809 ὀνομάσας
1359 4737 1519 4803 Θεοῦ,
1574 4739 1671 4791 καὶ
1702 4737 1796 4791 τοῦ

218 4825 357 4880 θεοῦ
402 4826 503 4897 τὴν
555 4828 891 4900 φιλοτιμίαν,
964 4830 1045 4884 ὅτι
1092 4830 1184 4884 τὸν
1241 4829 1517 4901 προϐατέα
1570 4829 1800 4902 βασιλέα

220 4917 545 4987 πεποίηκεν.

299 5118 324 5157 ι
352 5114 514 5170 Hebr.
560 5131 658 5180 vn,
698 5116 781 5169 14.

1902 4749 2083 4817 ipsum
2132 4762 2347 4802 servum
2392 4745 2507 4810 Dei,
2544 4754 2599 4799 et
2636 4744 2890 4798 eximiam
2940 4741 3035 4797 Dei
3067 4740 3469 4805 liberalitatem,

1903 4840 2167 4910 quoniam
2202 4849 2473 4910 pastorem
2509 4855 2687 4908 regem
2727 4836 2871 4893 fecit.

1314 5304 1549 5360 VARUE
1590 5300 1973 5359 LECTIONES
2008 5302 2097 5359 ET
2132 5302 2361 5360 ΝΟΤᾹΞ.

301 5444 348 5475 ⁸⁸
388 5448 632 5519 τιμωρία
658 5446 783 5502 cod.
812 5448 848 5501 2
870 5464 1057 5516 pratm.
1088 5450 1245 5505 ἀλλὰ.
1323 5451 1368 5481 ⁸⁷
1400 5451 1525 5505 cod.
1557 5450 1594 5504 2
1628 5451 1781 5507 δικαίι

1912 5454 1958 5486 ⁸⁸
1998 5452 2337 5519 ’Λευ-θήσειν.
2363 5451 2486 5505 cod.
2518 5449 2553 5502 2
2580 5447 2680 5516 τὴν
2708 5446 2960 5517 ἀνθῆσαι.
3037 5447 3082 5479 ⁸³
3109 5447 3230 5519 cod.
3258 5448 3295 5519 2
3312 5445 3477 5503 οὕτω.

231 5516 279 5547 ’⁵
310 5518 427 5571 cod.
458 5518 495 5570 2
521 5519 721 5586 σοφῶς.
832 5520 877 5550 ⁷¹
918 5519 1041 5574 cod.
1085 5521 1121 5573 2
1164 5519 1494 5583 εἰσδέξασθε.

236 5588 604 5660 Αςυεμὸμοίως
653 5588 897 5659 ὑψηλοῖς.
932 5589 1139 5660 Symm.
1179 5591 1255 5652 ὼς
1296 5592 1365 5643 τὰ
1412 5590 1442 5643 ὐ

1604 5522 1650 5554 τ’
1682 5525 1803 5595 cod.
1839 5524 1875 5578 2
1923 5523 2116 5595 μονοκέ

1448 5591 1612 5662 ψηλά.
1688 5593 1734 5626 ⁷³
1765 5610 1781 5649 ‹

1923 5588 1974 5647 ’2
2022 5588 2326 5647 ἐδίδασκεν.
2403 5591 2449 5624 ⁷⁸
2484 5590 2626 5662 Θεῷ1
2652 5592 2879 5662 Διιεειο
2926 5591 3049 5644 cod.
3082 5588 3135 5645 2.
3214 5590 3376 5643 "’Er
3404 5588 3479 5657 τῇ

2124 5518 2315 5593 ρωτος.
2366 5523 2531 5593 Hebr.
2571 5526 2897 5593 pina-17::
2934 5520 3109 5593 instar
3128 5518 3475 5593 polydorumZ

236 5657 332 5725 τῇ.
364 5657 527 5714 Hebr.
557 5666 717 5743 γηκδ
752 5657 894 5713 sicut
937 5657 1153 5716 terram.
1230 5662 1276 5693 "
1302 5661 1419 5727 Ὣς.
1454 5657 1579 5717 cod.
1617 5663 1653 5717 2
1680 5664 1760 5732 δς,

1908 5665 2088 5720 minus
2118 5671 2287 5720 recte.
2365 5663 2408 5695 τ’
2445 5661 2567 5717 cod.
2604 5660 2639 5714 2
2662 5659 3041 5731 ὲθεμελίωσεν,
3075 5671 3129 5716 et
3155 5661 3235 5718 sic
3260 5677 3481 5731 quoque

216 5750 344 5819 'leg.
378 5752 519 5821 apud
573 5750 765 5807 Montl.
808 5752 864 5807 in
900 5752 1132 5824 ﬂexapl.
1188 5754 1254 5810 ad
1317 5755 1374 5809 b.
1412 5756 1447 5809 Ι.
