3936 6484
214 352 347 413 1505

1458 353 1541 415 ΙΝ
1573 354 1777 413 PSAL.
1821 353 2143 415 LXXVIII.

3320 358 3455 422 1506

212 491 232 521 ι
268 467 578 522 ’Ἐθεντοτὰ
594 466 893 537 θνησιμαῖα
916 466 1022 520 τών
1040 466 1241 521 δούλων
1267 484 1360 521 σου
1384 467 1648 540 βρώματα
1664 470 1776 531 τοῖς

1953 485 1972 519 ι
1995 467 2296 523 Posuerunt
2323 470 2532 542 1167
2560 472 2847 528 morticina
2888 488 3171 527 servorum
3243 485 3458 529 tuorum

209 562 479 620 πετεινοῖς
495 559 594 612 τοῦ
612 560 673 611 οὐ
682 558 869 630 pawn},
889 559 986 621 τὰς
1009 560 1220 627 σάρκας
1242 558 1356 611 τῶν
1377 559 1539 612 ὁσίων
1562 576 1656 612 σου
1672 560 1783 620 τοῖς

209 650 424 721 θηρίοις
440 651 540 720 τῆς
567 651 695 719 γῆς.
730 649 1024 720 »Τοσαύτη
1046 649 1313 719 θηριωδία
1330 649 1426 703 καὶ
1456 648 1623 719 μανίᾳ
1643 648 1785 702 κατὰ

206 741 316 794 τῶν
338 741 452 794 σῶν
474 740 825 811 θεραπόντων
852 741 1177 811 ἐχρήσαντο,
1203 739 1279 803 ὡς
1304 743 1418 802 τοῖς
1435 740 1646 810 θηρίοις
1690 741 1786 793 καὶ

207 838 321 897 τοῖς
353 832 465 886 τῶν
495 833 766 887 πετεινῶν
798 833 1156 905 σαρκοϐόροις
1193 833 1261 885 τὰ
1299 832 1507 885 τούτων
1557 831 1788 903 σώματα

207 926 496 999 προθεῖναι
534 925 737 995 θοίνην.

278 1025 347 1084 τ’,
399 1038 420 1069 ‹
470 1018 723 1087 Ἑξέχεαν
740 1016 804 1069 τὸ
831 1010 969 1087 αἷμα
996 1016 1178 1070 αὐτῶν
1203 1016 1337 1069 ὡσεὶ
1364 1014 1508 1087 ὕδωρ
1531 1015 1719 1086 κύκλῳ
1740 1016 1787 1053 ’⁸

220 1111 608 1181 Ἰερουσαλὴμ,
646 1111 741 1163 καὶ
778 1109 883 1162 οὐκ
913 1104 981 1179 ἦν
1010 1111 1038 1161 ὁ
1081 1107 1325 1164 θάπτων.
1363 1127 1384 1161 ι
1418 1110 1716 1179 Μιαιφόνον
1740 1107 1788 1143 οδ

208 1202 267 1254 δὲ
324 1200 661 1269 κεκτημένοι
720 1198 819 1269 τὴν
875 1196 1122 1267 γνώμην,
1176 1197 1459 1269 ἀναιροῦσι
1513 1198 1610 1266 μὲν
1661 1197 1789 1259 τοὺς

212 1289 468 1360 εύσεὸείᾳ
503 1288 783 1353 συζῶντας
810 1305 824 1320 ο
878 1286 1128 1357 αἱμάτων
1155 1288 1212 1340 δὲ
1245 1288 1466 1357 ὀχετοὺς
1504 1287 1645 1339 κατὰ
1691 1286 1789 1356 τῆς

212 1384 314 1452 γῆς
344 1380 835 1453 παρασκευάζουσι
874 1379 1162 1451 φέρεσθαι,
1201 1381 1378 1447 τάφου
1406 1379 1452 1411 ³⁸
1512 1378 1569 1431 δὲ
1604 1376 1790 1442 ἀξιοῦ-

213 1476 339 1531 σθαι
362 1476 496 1535 τοὺς
528 1472 943 1543 σφαττομένους
967 1471 1029 1523 ού
1068 1469 1469 1541 συγχωροῦσιν.

278 1565 343 1618 δ’.
390 1584 408 1615 ι
452 1562 823 1633 Ἐγενήθημεν
876 1559 1079 1622 δνειδος
1102 1560 1147 1591 ’θ
1203 1563 1312 1622 τοῖς
1341 1560 1578 1628 γείτοσιν
1612 1557 1787 1628 ἡμῶν,

215 1656 603 1726 μυκτηρισμὸς
651 1654 748 1707 καὶ
796 1651 1107 1723 χλευασμὸς
1156 1654 1270 1715 τοῖς
1314 1652 1499 1721 κύκλῳ
1556 1651 1733 1721 ἡμῶν.
1766 1670 1785 1703 ι

212 1746 403 1799 Ταῦτα
433 1746 582 1814 ἡμᾶς
612 1742 1014 1805 ἐπονειδίστους
1042 1744 1155 1804 τοῖς
1178 1741 1399 1811 ὁμόροις
1431 1742 1787 1811 εἰργάσαντο·

1890 574 2048 614 escas
2078 560 2392 617 volatilibus
2446 564 2590 626 coeli,
2634 580 2829 619 carnes
2876 575 3189 619 sanctorum
3241 576 3460 620 tuorum

1891 648 2081 704 bestiis
2117 660 2294 705 teme.
2336 670 2353 702 ι
2407 651 2579 707 Tanta
2613 655 3012 709 inhumanitate
3072 666 3125 709 et
3176 657 3359 712 furore
3408 657 3461 709 in

1894 747 2020 793 tuos
2060 741 2295 795 cultores
2328 744 2637 809 saevierunt,
2699 755 2758 798 ut
2806 746 3002 799 horum
3056 763 3285 817 corpora
3336 747 3464 802 feris

1892 830 2193 901 avibusque
2224 834 2524 889 carnivoris
2566 851 2748 889 escam
2770 848 3123 906 exponerent.

1964 1003 2127 1059 Vens.
2167 1006 2223 1062 5.
2291 1025 2311 1058 ι
2346 1004 2663 1063 Effuderunt
2706 1012 3025 1081 sanguinem
3064 1013 3305 1082 ipsorum
3348 1024 3467 1068 tan-

1892 1111 2057 1164 quam
2111 1111 2308 1165 aquam
2350 1097 2403 1151 in
2429 1099 2655 1153 circuitu
2685 1099 3093 1173 Hierosolymae,
3121 1113 3175 1158 et
3210 1120 3315 1157 non
3351 1114 3468 1159 erat

1894 1188 1986 1256 qui
2028 1189 2302 1258 sepeliret.
2344 1209 2362 1242 ι
2401 1190 2571 1245 Porro
2605 1193 2767 1247 credis
2806 1195 3055 1263 cupidam
3094 1204 3330 1251 mentem
3369 1197 3468 1249 ha-

1895 1278 2108 1342 bentes.
2142 1282 2161 1301 '
2191 1280 2312 1349 pios
2354 1280 2602 1337 homines
2644 1294 2860 1349 necant,
2896 1286 3216 1356 faciuntque
3246 1296 3303 1341 ut
3343 1303 3467 1342 san-

1896 1372 2074 1440 guinis
2126 1372 2228 1426 rivi
2275 1389 2370 1443 per
2414 1384 2611 1429 terram
2647 1375 2837 1441 ﬂuant,
2896 1394 2996 1432 nec
3026 1381 3343 1448 permittunt
3373 1395 3469 1437 eos

1895 1465 1988 1533 qui
2021 1465 2343 1520 occiduntur
2382 1468 2659 1536 sepultura
2692 1469 2906 1523 donari.

1972 1553 2135 1610 Vsus.
2174 1556 2231 1609 4.
2283 1575 2301 1607 ι
2342 1555 2493 1611 Facti
2531 1574 2722 1613 sumus
2761 1560 3112 1628 opprobrium
3149 1561 3339 1616 vicinis
3368 1576 3469 1617 no-

1899 1649 2049 1714 stris,
2108 1650 2468 1705 subsannatio
2490 1662 2544 1707 et
2572 1654 2757 1708 illusio
2784 1655 2869 1709 his
2895 1655 2988 1723 qui
3023 1656 3075 1709 in
3108 1657 3340 1711 circuitu
3370 1673 3469 1711 uo-

1898 1748 2015 1794 stro
2070 1750 2217 1795 sunt.
2255 1759 2275 1792 ι
2326 1739 2455 1795 llazc
2483 1742 2623 1811 apud
2657 1742 2919 1797 ﬁnitimos
2950 1758 3049 1797 nos
3084 1743 3313 1801 infames
3348 1747 3467 1800 red—

210 1838 297 1890 5ti
323 1836 509 1891 ταῦτα.
541 1835 825 1904 ἐπίχαρτοι
876 1836 988 1897 τοῖς
1019 1831 1418 1904 πλησιοχώροις
1461 1834 1787 1903 γεγόναμεν.

1905 1830 2168 1891 iiderunt,
2232 1840 2516 1900 propterea
2560 1832 2799 1886 ludibrio
2848 1834 3042 1888 vicinis
3082 1835 3211 1889 facti
3252 1851 3464 1890 sumus.

214 1932 469 1991 Ιέίτονας
527 1927 583 1980 δὲ
630 1926 788 1981 καλεῖ
841 1928 965 1989 τοὺς
1028 1926 1409 1995 Ἀλλοφύλους,
1447 1927 1575 1991 τοὺς
1630 1926 1792 1980 Ἰδουο

219 2022 436 2090 μαιους,
479 2021 607 2082 τοὺς
639 2019 997 2089 Ἀμμανίτας,
1043 2019 1170 2081 τοὺς
1221 2018 1538 2085 Μωαϐίτας,
1592 2021 1685 2072 καὶ
1726 2017 1796 2072 τὰ

213 2115 351 2168 ἅλλα
402 2114 533 2182 ἔθνη
584 2112 653 2165 τὰ
687 2114 884 2183 ὅμορα,
929 2114 1071 2181 ἅπερ
1124 2113 1307 2174 αὐτοῖς
1364 2112 1639 2165 ἀντίπαλα
1699 2111 1793 2163 καὶ

216 2206 460 2275 πολέμια
490 2201 560 2275 ἦν
588 2205 697 2258 ἀεί.

279 2305 345 2352 ε’.
391 2316 409 2347 ι
465 2298 613 2360 Ἕως
668 2296 821 2358 πότε,
853 2294 1049 2365 Κύριε,
1086 2295 1389 2368 όργισθήσῃ
1447 2297 1526 2361 είς
1594 2296 1747 2357 τέλος
1777 2311 1790 2324 ·

216 2390 624 2459 ἐκκαυθήσεται
655 2389 729 2452 ὡς
762 2388 880 2458 πῦρ
927 2391 953 2443 ὁ
986 2389 1149 2459 ζῆλός
1189 2405 1312 2454 σου;
1362 2409 1380 2440 ι
1418 2388 1795 2458 Νομοθετῶνό

216 2486 345 2548 Θεὸς
376 2483 532 2553 αὐτῷ
574 2482 721 2552 μόνῳ
766 2483 1051 2553 λατρεύειν
1091 2481 1417 2552 προσέταξε,
1458 2484 1552 2535 καὶ
1607 2484 1795 2553 ἕτερον

220 2576 425 2644 μηδένα
455 2574 791 2644 καλούμενον
852 2577 1225 2645 προσκυνῆσαι
1266 2572 1418 2634 Θεὸν.
1459 2591 1477 2625 ι
1517 2573 1794 2641 Ὅτιὲγὼ,

218 2668 377 2734 φησὶ,
412 2666 622 2736 Κύριος
649 2667 677 2718 ό
708 2665 837 2725 Θεός
860 2681 977 2729 σου,
1002 2666 1132 2727 Θεὸς
1159 2667 1198 2697 ³⁷
1236 2663 1499 2734 ζηλωτὴς,
1528 2664 1643 2733 πῦρ
1668 2682 1798 2721 κατ-

217 2758 533 2811 αναλίσκον.
576 2776 592 2806 ι
649 2755 738 2827 [9⁸
772 2756 915 2810 Ἀλλ’
937 2757 1011 2819 ὡς
1065 2756 1325 2818 πολλάκις
1372 2758 1505 2825 ἡμῖν
1555 2757 1793 2826 είρηται,

221 2849 415 2918 μηδεὶς
465 2846 682 2901 ἀκούων
718 2849 816 2902 ἕνα
851 2849 984 2903 Θεὸν
1017 2848 1318 2918 μοναρχίαν
1343 2847 1603 2903 ύπολάὸοι
1636 2865 1650 2878 ·
1698 2848 1798 2915 τὴν

220 2943 326 3009 γὰρ
359 2941 727 3012 ἀπερινόητον
759 2942 852 2994 καὶ
890 2941 977 2993 ἀεὶ
1028 2940 1193 2993 οὖσαν
1232 2940 1421 2993 οὐσίαν
1464 2940 1563 3009 τὴν
1596 2942 1652 2991 ὲν
1684 2940 1796 2991 Πα-

218 3035 307 3099 τρὶ
340 3033 437 3083 καὶ
480 3031 594 3100 Υίῷ
623 3034 714 3084 καὶ
757 3032 899 3101 άγίῳ
948 3032 1229 3101 Πνεύματι
1290 3032 1795 3101 προσκυνουμένην,

220 3124 352 3175 Θεὸν
380 3124 681 3193 ὀνομάζει·
744 3125 825 3177 ὅτι
877 3125 931 3175 δὲ
973 3124 1314 3192 νομοθετεῖό
1351 3124 1479 3185 Θεὸς
1508 3124 1698 3190 Λόγος,
1740 3124 1797 3181 ὃς

221 3220 368 3270 ἐστιν
409 3217 614 3287 Ἰησοῦς
640 3218 879 3287 Χριστὸς
903 3218 931 3267 ὁ
961 3216 1151 3286 Σωτὴρ
1178 3216 1357 3285 ἡμῶν,
1386 3217 1484 3269 οὐκ
1524 3216 1587 3269 ἂν
1620 3219 1795 3284 ἀμφι-

222 3310 381 3363 ὕᾶλοι
427 3311 665 3373 ἕκαστος
714 3309 824 3362 τῶν
879 3308 1428 3379 φιλομαθεστέρων.]
1492 3308 1661 3363 Τοῦτο
1705 3310 1800 3361 καὶ

218 3399 464 3452 ἐνταῦθα
497 3402 524 3452 ὁ
547 3400 884 3470 προφητικὸς
908 3398 1183 3469 ἀνέμνησε
1204 3399 1359 3466 λόγος
1387 3415 1401 3428 ·
1436 3416 1453 3448 ι
1508 3399 1801 3468 Ἐκκαυθή-

221 3508 379 3543 σεται
410 3491 487 3555 ώς
530 3489 643 3558 πῦρ
686 3493 713 3541 ὁ
766 3490 927 3559 ζῆλός
976 3507 1091 3544 σου.
1129 3508 1148 3541 ι
1199 3490 1290 3559 Μὴ
1326 3489 1673 3541 ὲπιπλεῖστον
1705 3490 1800 3542 Δέο

222 3599 421 3644 σποτα,
447 3582 613 3651 φησιν
635 3582 701 3645 θ’,
730 3582 1013 3651 ὀργισθῇς,
1048 3582 1183 3652 μηδὲ
1216 3581 1386 3651 πυρὸς
1406 3581 1563 3647 δίκην
1590 3581 1677 3635 διὰ
1701 3582 1801 3643 τὰς

218 3677 504 3745 ἡμετέρας
574 3674 958 3744 πλημμελείας
1035 3675 1127 3727 τὸν
1210 3675 1334 3727 καθ’
1409 3674 1566 3743 ἡμῶν
1640 3674 1800 3744 ζῆλον

220 3766 454 3836 ὲζάψῃς.

294 3855 371 3922 ς’.
408 3875 426 3909 ι
472 3858 702 3927 Ἕκχεον
740 3858 838 3927 τὴν
860 3858 1030 3928 ὀργήν
1063 3874 1157 3910 σου
1193 3858 1290 3910 ἐπὶ
1329 3858 1395 3910 τὰ
1427 3857 1581 3925 ἔθνη,
1620 3859 1688 3912 τὰ
1724 3861 1799 3929 μὴ

220 3949 614 4016 γινώσκονται
671 3967 752 4009 σε.
792 3950 884 4002 καὶ
916 3950 1013 4002 ἐπὶ
1066 3948 1366 4017 βασιλείας.
1429 3950 1485 4000 αἳ
1538 3950 1599 4001 τὸ
1628 3952 1801 4021 ὄνομά

224 4053 321 4088 σου
357 4037 463 4087 οὐκ
504 4036 927 4092 ἐπεκαλέσαντο.
965 4057 982 4087 ι
1030 4037 1249 4109 Ἐπειδὴ
1276 4038 1433 4101 δίκας
1461 4040 1797 4110 ἁμαρτημά-

218 4142 329 4179 ’.ων
356 4127 487 4188 τοὺς
528 4126 848 4197 ἀνθρώπους
905 4129 1231 4198 εἰσπράττῃ,
1288 4128 1407 4181 κατ’
1436 4132 1661 4184 ἐκείνων
1700 4133 1801 4184 ἱκε-

220 4224 367 4269 τεύω
391 4234 450 4269 σε
484 4216 583 4285 τὴν
610 4217 780 4287 ὀργὴν
816 4218 1150 4287 μεταθεῖναι,
1192 4216 1239 4268 οἳ
1264 4218 1583 4271 παντάπασι
1616 4220 1675 4272 τὸ
1711 4221 1798 4271 σὺν

226 4306 424 4377 μαθεῖν
446 4308 547 4359 οὐκ
576 4307 853 4361 ἐθέλουσιν
883 4307 1073 4379 ὄνομα,
1106 4308 1244 4361 ἀλλὰ
1266 4311 1333 4379 τῇ
1365 4309 1641 4381 ἀκροτάτῃ
1672 4311 1798 4363 δυσ-

225 4400 417 4470 αεόείᾳ
459 4399 829 4453 δουλεύουσιν.

1897 1922 2119 1976 Vicinos
2150 1932 2333 1976 autem
2368 1933 2529 1976 vocat
2561 1924 2903 1995 Allophylos,
2937 1925 3219 1992 ldumams,
3250 1928 3470 1981 Ammo-

1894 2017 2059 2079 nitas,
2119 2014 2406 2079 Moabitas,
2464 2028 2517 2071 et
2555 2018 2690 2071 alias
2743 2018 3003 2072 linilimas
3078 2029 3285 2088 gentes,
3346 2035 3468 2089 qua:

1896 2124 2110 2177 Semper
2141 2110 2429 2163 contraria:
2458 2118 2511 2162 et
2540 2109 2775 2164 inimicm
2812 2111 2943 2178 ipsis
2976 2110 3217 2165 fuerunt.

1969 2283 2133 2339 Vsus.
2164 2286 2217 2339 5.
2252 2305 2269 2336 ι
2305 2286 2622 2356 Quousque,
2656 2287 2902 2350 Domine,
2925 2288 3174 2343 irasceris
3196 2289 3248 2343 in
3280 2289 3464 2355 linem,

1897 2381 2220 2435 accendetur
2273 2382 2419 2433 velut
2465 2382 2603 2449 ignis
2652 2382 2801 2435 zelus
2841 2383 3011 2436 tuus?
3048 2402 3067 2433 ι
3109 2382 3250 2437 Deus
3294 2384 3465 2454 legem

1898 2470 2098 2534 ferens,
2142 2487 2201 2525 se
2233 2472 2408 2525 solum
2466 2474 2569 2526 coli
2621 2474 2896 2543 praecepit,
2933 2484 2984 2527 et
3036 2477 3242 2528 nullmn
3275 2476 3464 2539 alium,

1896 2563 1989 2631 qui
2026 2563 2158 2616 deus
2204 2574 2445 2624 vocetur,
2486 2566 2725 2619 adorari.
2758 2584 2779 2615 σ
2816 2564 3083 2631 Quoniam
3114 2583 3235 2635 ego,
3268 2568 3464 2639 inquit,

1900 2656 2163 2709 Dominus
2223 2655 2362 2711 Deus
2412 2665 2558 2718 tuus,
2612 2657 2751 2711 Deus
2806 2658 3029 2721 zelotes,
3077 2660 3215 2729 ignis
3252 2676 3468 2716 censu—

1898 2762 2053 2801 mens
2105 2750 2146 2799 ί.
2185 2739 2374 2813 »[Ξεά,
2415 2758 2473 2801 ut
2521 2748 2631 2818 jam
2664 2750 2860 2818 saepius
2891 2766 2919 2803 a
2945 2752 3103 2806 nobis
3128 2753 3334 2805 dictum
3363 2761 3465 2815 est,

1900 2854 2060 2892 nemo
2098 2840 2191 2908 qui
2224 2839 2493 2892 audiverit
2525 2856 2691 2893 unum
2722 2856 2842 2895 esse
2871 2840 3062 2907 Deum,
3093 2846 3465 2898 monarchiam

1900 2933 2225 2996 suspicetur.
2289 2931 2665 2985 Sulistantiam
2709 2934 2854 2985 enim
2907 2935 3051 2987 illam
3082 2937 3468 3006 sempiternam

1899 3032 1953 3075 et
1984 3032 2167 3075 mente
2222 3030 2406 3074 nostra
2459 3022 2547 3074 vix
2605 3023 3195 3091 comprehendendam,
3226 3042 3387 3095 quam
3414 3028 3469 3080 in

1900 3111 2079 3176 Patre,
2117 3112 2275 3176 Filio,
2303 3112 2576 3181 etSpiritu
2618 3124 2808 3169 sancto
2840 3117 3150 3182 adoramus,
3182 3119 3347 3172 Deum
3377 3135 3473 3173 vo-

1900 3214 2004 3259 cat.
2064 3202 2457 3273 Legislatorem
2522 3214 2704 3259 autem
2766 3221 2889 3260 esse
2958 3207 3128 3261 Deum
3192 3208 3468 3274 Verbum,

1900 3294 2085 3349 Jcsum
2103 3296 2381 3351 Christum
2419 3296 2754 3351 Salvatorem
2776 3312 3044 3361 nostrum,
3068 3302 3209 3354 haud
3259 3302 3471 3356 dubita-

1902 3387 2057 3453 verit,
2101 3387 2354 3456 quisquis
2382 3388 2624 3442 discendi
2655 3390 2886 3455 cupidus
2917 3389 3125 3460 luerit.]
3162 3391 3378 3461 1168
3400 3392 3471 3447 De

1902 3483 2006 3533 hoc
2035 3488 2218 3533 autent
2264 3488 2319 3534 et
2340 3495 2522 3533 sermo
2548 3482 2900 3548 propheticus
2946 3482 3049 3535 hoc
3076 3485 3196 3537 loco
3242 3486 3468 3539 mentio-

1902 3586 2024 3624 nem
2057 3570 2187 3625 fecit
2219 3590 2232 3627 :
2279 3589 2299 3623 ι
2344 3573 2687 3627 Accendetur
2723 3576 2870 3628 velut
2914 3576 3056 3644 ignis
3080 3577 3228 3631 zelus
3258 3588 3406 3632 tuus.
3446 3596 3465 3627 ι

1901 3661 1978 3716 Ne
2022 3664 2278 3731 amplius,
2314 3663 2560 3728 Domine,
2618 3665 2818 3734 inquit,
2860 3669 3136 3733 irascaris,
3173 3683 3306 3722 neve
3330 3669 3471 3738 ignis

1901 3755 2074 3808 instar
2103 3756 2174 3809 ob
2194 3765 2415 3823 peccata
2436 3765 2623 3810 nostra
2654 3757 2790 3810 iram
2822 3766 3013 3812 contra
3047 3774 3147 3813 nos
3180 3761 3467 3815 accendas.

1976 3845 2136 3900 Vens.
2166 3846 2219 3899 6.
2254 3864 2271 3897 ι
2305 3847 2533 3903 Etlunde
2564 3850 2701 3905 iram
2746 3858 2893 3902 tuam
2929 3849 2985 3902 in
3022 3860 3210 3918 gentes
3258 3867 3380 3920 quae
3417 3861 3470 3907 te

1900 3954 2011 3994 non
2060 3948 2348 4005 noverunt,
2386 3940 2521 3993 etin
2578 3956 2742 4009 regna
2790 3955 2912 4007 qua:
2956 3957 3150 3995 nomen
3183 3951 3334 3996 tuum
3359 3960 3466 3999 non

1898 4033 2309 4086 invocaverunt.
2348 4048 2366 4083 ι
2394 4029 2661 4096 Quoniam
2692 4042 3041 4101 peccatorum
3062 4049 3251 4101 pteuas
3274 4036 3343 4089 ab
3371 4036 3467 4090 lio~

1899 4122 2139 4176 minibus
2178 4122 2369 4190 exigis,
2403 4122 2630 4177 obsecro
2655 4132 2706 4177 te
2736 4134 2792 4178 ut
2825 4124 2878 4177 in
2912 4125 3032 4178 illos
3064 4126 3201 4179 iram
3237 4128 3467 4181 transfe-

1899 4230 2011 4279 ras,
2068 4214 2162 4283 qui
2218 4216 2432 4282 penitus
2491 4224 2642 4269 tuum
2672 4232 2871 4271 nomen
2896 4218 3111 4275 discere
3146 4219 3467 4288 noluerunt,

1899 4305 1992 4361 sed
2044 4319 2313 4374 supremae
2350 4306 2619 4375 impietati
2647 4308 2911 4362 serviunt.

295 4491 361 4555 ζ’.
398 4510 419 4543 ι
460 4493 587 4546 Ὅτι
628 4494 941 4563 κατέφαγον
973 4494 1061 4549 τὸν
1126 4495 1342 4560 Ἰακὼϐ,
1388 4495 1605 4548 καὶτὸν
1635 4496 1793 4549 τόπον

1970 4487 2132 4540 Vens.
2166 4486 2216 4541 7.
2272 4506 2291 4538 ι
2325 4485 2465 4552 Quia
2512 4488 2868 4543 comederunt
2892 4486 3179 4551 Jacolmin,
3211 4501 3261 4542 et
3287 4491 3465 4545 locum

224 4582 391 4636 αὑτοῦ
423 4584 754 4653 ὴρήμωσαν.
792 4604 810 4635 ι
842 4586 1018 4653 Σαφὲς
1052 4584 1109 4636 δὲ
1135 4583 1411 4637 καὶτοῦτο
1442 4588 1540 4654 τῆς
1568 4585 1791 4638 ἐκείνων

226 4675 580 4747 παρανομίας
610 4678 911 4747 τεκμήριον
937 4694 949 4707 ο
980 4677 1133 4729 οὐδὲν
1154 4676 1265 4746 γὰρ
1289 4679 1417 4745 παρ’
1439 4677 1596 4746 ἡμῶν
1625 4677 1793 4730 κακὸν

226 4770 647 4839 ὑπομείναντες,
681 4770 829 4838 ἡμᾶς
859 4769 956 4839 μὲν
983 4771 1216 4837 σφαγαῖς
1256 4769 1671 4832 κατανάλωσαν,
1698 4769 1795 4837 τὴν

224 4862 281 4913 δὲ
310 4864 497 4933 χώραν
534 4862 796 4933 ἐδῄωσαν,
845 4864 940 4919 καὶ
972 4862 1069 4925 τὰς
1100 4862 1286 4925 πόλεις
1336 4861 1668 4931 ἐπόρθησαν.
1694 4863 1798 4915 Τὸν

225 4951 281 5001 δὲ.
334 4952 525 5005 τόπον
562 4951 769 5017 αὑτοῦ,
838 4950 1071 5014 Ἀκύλας
1126 4951 1245 5021 μὲν,
1306 4951 1525 5019 ὡραῖον
1586 4950 1792 5016 αὑτοῦ,

228 5041 531 5113 Σύμμαχος
553 5043 611 5095 δὲ
643 5044 955 5113 maloa-in
985 5043 1195 5108 αὐτοῦ,
1221 5044 1248 5095 ὁ
1269 5042 1326 5096 δὲ
1354 5041 1670 5104 Θεοδοτίων,
1698 5045 1795 5097 εὑ-

229 5131 517 5200 πρέπειαν
548 5134 737 5190 αὐτοῦ
765 5136 1117 5206 ήρμήνευσαν
1136 5150 1149 5164 ο
1182 5134 1249 5186 δι’
1278 5125 1353 5184 ὧν
1378 5132 1579 5201 μᾶλλον
1604 5133 1630 5184 ό
1658 5130 1798 5195 θεῖος

274 5336 289 5375 ί
324 5336 496 5393 Exod.
537 5353 725 5405 xxxrv,
761 5339 865 5403 li;
900 5338 1023 5392 coll.
1056 5337 1210 5393 Deut.
1239 5356 1309 5402 rv,
1346 5339 1436 5395 24.

1899 4575 2017 4645 ejus
2047 4576 2450 4630 desolaverunt.
2489 4596 2507 4627 ο
2550 4576 2894 4631 Manifestum
2928 4590 3105 4632 autem
3142 4581 3354 4635 esthoc
3390 4584 3465 4636 si-

1901 4684 2067 4740 gnum
2109 4668 2329 4721 illorum
2367 4669 2662 4738 impietatis
2693 4688 2704 4722 :
2739 4670 2883 4737 quod
2916 4670 3049 4723 nihil
3082 4672 3207 4724 mali
3239 4688 3268 4724 a
3313 4674 3466 4727 nobis

1906 4761 2071 4829 passi,
2120 4776 2219 4813 nos
2255 4770 2432 4813 tamen
2492 4761 2848 4815 internecioni
2880 4761 3161 4821 dederunt,
3196 4764 3466 4835 regionem

1906 4868 2035 4907 vero
2056 4852 2365 4923 depopulati
2392 4862 2540 4916 sunt,
2560 4863 2612 4906 et
2643 4854 2887 4908 civitates
2914 4864 3244 4908 everterunt.
3264 4855 3367 4911 Pro
3393 4858 3463 4911 lc-

1906 4962 2022 4998 cum
2041 4945 2176 5014 ejus,
2202 4945 2393 5014 Aquila
2423 4947 2641 5013 speciem
2666 4947 2800 5013 ejus,
2825 4944 3180 5015 Symmachus
3196 4962 3323 5001 vero
3352 4952 3477 5019 pul-

1904 5039 2256 5091 chritudinem
2290 5037 2424 5106 ejus,
2456 5036 2759 5091 Theodotio
2786 5039 3018 5092 decorem
3052 5041 3167 5109 ejus
3202 5042 3473 5111 interpre-

1907 5130 2000 5184 tati
2051 5138 2198 5194 sunt,
2235 5146 2329 5199 per
2354 5145 2475 5199 quae
2504 5131 2674 5200 magis
2703 5130 2887 5186 divina
2922 5132 3117 5189 domus
3147 5134 3468 5190 ostenditur.

696 5540 699 5543 _
1328 5474 1560 5531 VARUE
1602 5476 1980 5535 LECTIONES
2016 5476 2103 5531 ET
2143 5473 2373 5537 None.

298 5583 345 5615 “
378 5584 595 5650 Κύκλῳ
632 5613 703 5622 -
744 5582 1002 5638 ϐάπτων.
1036 5582 1156 5638 Des.
1218 5586 1277 5638 in
1317 5590 1439 5639 eod.
1482 5584 1532 5638 1.
1609 5584 1653 5615 ’⁵
1678 5589 1793 5641 Mea

1905 5603 2027 5639 var.
2076 5585 2198 5639 cod.
2235 5584 2259 5635 ι
2293 5598 2479 5650 prtem.
2529 5582 2675 5654 λέγει
2720 5585 2826 5647 ὃτι,
2878 5584 3081 5638 omisso
3112 5581 3206 5654 δέ.
3268 5583 3313 5654 ’f
3344 5584 3472 5639 cod.

232 5654 266 5707 Ξ
294 5655 494 5721 ταφῆς.

234 5803 316 5851 est
346 5795 720 5862 ἐπεγνωκότα.

599 5654 647 5684 ³⁸
678 5654 969 5720 Ὀνειδος.
1004 5656 1060 5707 In
1094 5664 1245 5707 textu
1266 5655 1375 5709 τῶν
1434 5658 1487 5708 0'
1524 5656 1775 5721 prtemitti
1806 5658 1944 5713 solet
1967 5658 2066 5717 είς.

236 5724 285 5778 1.
312 5723 471 5779 Cani.
515 5739 569 5791 β.
606 5722 766 5796 1075,
794 5741 849 5777 n.
881 5726 931 5779 8.
1010 5726 1054 5755 '9
1088 5726 1300 5792 Φησήθ.
1360 5724 1479 5780 cod.
1507 5732 1541 5778 Ἃ
1570 5725 1693 5781 add.
1725 5728 1793 5796 ήμ

1948 5742 2046 5795 pro
2085 5726 2239 5795 ἡμῖν,
2272 5734 2334 5781 ιιι
2375 5724 2607 5779 videtur.

2156 5656 2202 5693 ’⁷
2243 5657 2384 5715 Σου,
2412 5654 2578 5717 Θεός.
2612 5653 2736 5709 Des.
2770 5656 2823 5708 in
2875 5655 2996 5708 cod.
3037 5655 3090 5706 2.
3193 5653 3238 5687 ⁹⁶
3274 5653 3312 5706 Ε
3343 5657 3468 5710 cod.

2720 5726 2736 5756 ¹
2768 5727 2899 5779 Γιν.
2950 5722 3078 5778 Rec.
3137 5723 3297 5777 lectio
3334 5723 3389 5777 h.
3430 5725 3472 5780 Ι.
