3936 6490
552 311 686 378 1507

1533 318 2024 381 THEODORETI
2064 321 2405 385 EPISCOPI
2436 326 2803 389 CYRENSIS

3629 340 3747 410 1508

549 424 698 477 Scite
761 432 943 477 autem
1002 424 1264 494 populum
1294 422 1467 481 Jacob
1494 429 1806 499 appellavit,
1844 432 2121 487 mentione

2223 429 2371 498 οἶκος
2402 435 2721 507 δεδήλωται.
2759 437 2959 502 Καλῶς
2990 440 3049 494 δὲ
3076 441 3171 495 τὸν
3196 442 3328 499 λαὸν
3374 446 3562 501 Ἰακὼϐ
3603 469 3755 523 προσ-

546 514 732 584 proavi
768 513 937 569 Deum
973 516 1041 570 ad
1066 518 1495 574 misericordiam
1530 521 1801 578 excitans.

620 689 785 746 Vens.
815 692 867 747 8.
912 711 933 745 ι
972 689 1051 748 Ne
1081 694 1394 750 memineris
1424 696 1776 767 iniquitatum
1806 708 2115 754 nostrarum

545 787 914 853 antiquarum.
959 805 978 839 ι
1046 786 1308 858 Religiosi
1363 797 1542 853 erant,
1574 790 1668 859 qui
1699 790 1839 846 hanc
1864 792 2119 861 depreca-

547 880 749 934 tionem
797 879 1171 944 instituerunt,
1220 889 1277 935 et
1328 882 1559 935 multum
1591 883 1834 937 studium
1868 899 1971 953 pro
2002 885 2119 955 pie-

546 980 657 1025 tate
695 981 1071 1037 susceperunt.
1112 972 1356 1027 Celebris
1395 974 1539 1026 enim
1579 983 1661 1029 est
1687 974 2117 1030 Machabaaorum

546 1063 743 1117 virtus.
790 1061 982 1116 Merito
1035 1062 1199 1133 igitur
1254 1063 1585 1133 supplicant,
1639 1079 1707 1118 ne
1762 1065 2119 1134 pristinorum

546 1166 892 1224 peccatorum
918 1170 1105 1224 poenas
1129 1170 1157 1206 a
1185 1155 1385 1224 populo
1412 1155 1613 1222 exigat.
1645 1156 1751 1210 Sed
1777 1158 1879 1210 hoc
1899 1157 2118 1226 quidem

546 1248 823 1313 dixerunt,
866 1264 963 1302 nec
989 1247 1216 1301 alterum
1275 1257 1673 1316 apposuerunt,
1724 1256 1783 1301 ut
1810 1246 1955 1301 Deus
1983 1264 2122 1318 pra:-

545 1351 756 1396 seutem
786 1356 976 1395 eorum
1007 1340 1260 1409 pietatem
1298 1339 1621 1392 intueretur.
1657 1339 1771 1394 Hoc
1810 1340 1955 1393 enim
2003 1354 2119 1393 ma-

544 1434 692 1488 xime
749 1434 1006 1489 eximiam
1040 1448 1230 1486 eorum
1284 1432 1539 1485 virtutem
1572 1432 1935 1495 demonstrat,
1967 1430 2120 1485 vide-

545 1527 696 1590 licet,
752 1526 1106 1595 pristinorum
1154 1524 1372 1594 quidem
1406 1532 1754 1592 peccatorum
1793 1522 2008 1594 1169
2032 1538 2119 1577 re-

545 1618 783 1681 minisci,
816 1623 1138 1686 praesentem
1176 1630 1307 1669 vero
1333 1614 1591 1684 pietatem
1629 1614 1903 1669 occulere.

622 1729 639 1761 ε
688 1708 810 1763 Cito
852 1708 1149 1777 anticipent
1200 1722 1300 1761 nos
1353 1705 1749 1760 misericordiae
1816 1714 1941 1770 tuae,
1990 1706 2118 1776 quia

2219 527 2511 598 ηγόρευσε,
2546 532 2615 600 τῇ
2657 531 2753 583 τοῦ
2784 532 3134 605 προπάτορος
3183 536 3375 608 μνήμῃ
3399 540 3491 593 τὸν
3540 540 3660 597 Θεὸν
3686 554 3755 612 εἰς

2220 618 2371 672 ἔλεον
2402 620 2711 693 διεγείρων.
3123 662 3137 675 ι

2292 710 2362 783 η’.
2401 730 2419 763 ι
2445 712 2532 782 Μὴ
2562 716 2812 786 μνησθῇς
2830 715 2987 787 ἡμῶν
3016 718 3257 789 ἀνομιῶν
3284 720 3540 792 ἀρχαίων.
3571 745 3590 778 ι
3616 728 3757 784 Εὐσε-

2221 801 2336 865 ϐεἴς
2365 799 2506 875 ἦσαν
2558 806 2607 858 οἱ
2642 805 2847 876 ταύτην
2880 810 3285 881 προσφέροντες
3329 812 3431 883 τὴν
3462 816 3637 887 εὐχὴν,
3680 823 3759 874 καὶ

2222 894 2392 949 πολὺν
2422 896 2562 968 ὑπὲρ
2602 897 2891 963 εὐσεϐείας
2918 900 3314 971 ἀναδεξάμενοι
3345 902 3505 974 ζῆλον
3524 907 3564 959 ³.
3602 907 3759 965 Ἀοίδι.

2225 1005 2323 1058 μος
2351 988 2461 1059 γὰρ
2491 991 2525 1058 ἡ
2554 990 2661 1043 τῶν
2710 992 3093 1045 Μακκαϐαίων
3124 995 3321 1064 ἀρετή.
3352 995 3584 1061 Είκότως
3609 1002 3759 1055 τοίνυν

2222 1080 2584 1147 ἁντιϐολούσι,
2620 1081 2695 1153 μὴ
2741 1083 2849 1135 τῶν
2876 1085 3161 1156 προτέρων
3191 1087 3601 1157 ἁμαρτημάτων
3629 1093 3761 1147 εὐθύ·

2221 1191 2317 1235 νας
2340 1174 2429 1226 τὸν
2466 1173 2593 1228 λαὸν
2628 1176 3051 1247 εἰσπραχθῆναι.
3122 1179 3286 1232 Ἀλλὰ
3312 1181 3470 1233 τοῦτο
3503 1182 3596 1249 μὲν
3615 1184 3763 1240 τεθεί-

2222 1280 2405 1329 κασιν,
2448 1267 2511 1319 οὐ
2552 1268 2661 1338 μὴν
2714 1269 2846 1321 καὶ⁸
2875 1270 2937 1322 τὸ
2962 1270 3218 1341 δεύτερον
3264 1264 3702 1342 προστεθείκασιν
3725 1278 3759 1343 ⁸,

2223 1356 2364 1411 ὥστε
2385 1360 2478 1412 τὸν
2510 1359 2649 1413 Θεὸν
2672 1360 2773 1432 τὴν
2807 1363 3093 1433 παροῦσαν
3119 1364 3305 1417 αὐτῶν
3338 1366 3613 1421 εὐσέϐειαν
3652 1388 3763 1425 κατ-

2226 1450 2377 1505 ιδεῖν.
2409 1452 2581 1505 Τοῦτο
2613 1453 2723 1525 γὰρ
2758 1455 2996 1524 μάλιστα
3016 1456 3116 1527 τὴν
3146 1456 3351 1527 πολλὴν
3391 1459 3569 1512 αὐτῶν
3584 1460 3763 1518 δείκνυε

2225 1559 2309 1595 σιν
2338 1544 2581 1614 ἀρετήν·
2632 1546 2692 1598 τὸ
2744 1547 2852 1601 τῶν
2916 1547 3016 1618 μὲν
3054 1550 3337 1621 προτέρων
3386 1552 3762 1624 ἁμαρτημάτων

2225 1636 2555 1707 μνησθῆναι,
2582 1637 2789 1709 κρύψαι
2819 1640 2877 1693 δὲ
2906 1640 3006 1711 τὴν
3037 1642 3324 1713 παροῦσαν
3352 1645 3646 1702 εὐσέϐειαν.

2299 1750 2318 1782 ι
2344 1730 2494 1800 Ταχύ
2528 1731 3102 1803 προκαταλαϐέτωσαν
3126 1736 3277 1805 ἡμᾶς
3307 1738 3356 1788 οί
3381 1738 3647 1807 οἰκτιρμοί
3667 1756 3761 1805 σου,

545 1805 701 1859 valde
734 1818 998 1873 pauperes
1030 1801 1155 1856 facti
1184 1816 1397 1855 sumus.
1430 1797 1620 1871 [νειις.
1657 1797 1713 1870 9]
1740 1798 1948 1868 Adjnva
1995 1816 2115 1864 nos,

2224 1819 2397 1890 Κύριε
2429 1787 2469 1885 ἶ,
2505 1787 2588 1874 ὂτί
2630 1822 3062 1894 ὲπτωχεύσαμεν
3110 1787 3338 1900 σφόδρα.

546 1911 581 1951 o
640 1896 782 1951 Deus
836 1894 1089 1950 Salvator
1125 1904 1335 1948 noster.
1370 1912 1388 1945 ι
1438 1892 1666 1961 Porrige
1714 1892 2118 1962 quamprimum

547 2000 695 2045 tuam
749 1986 1227 2057 inexpugnabilem
1279 2000 1436 2053 opem
1473 2001 1486 2037 :
1523 1999 1646 2037 nam
1678 1983 1827 2037 omni
1866 1983 2122 2052 praesidio

546 2080 793 2136 destituti
822 2094 1039 2142 sumus,
1069 2088 1120 2133 te
1156 2085 1341 2131 autem
1373 2075 1553 2130 solum
1591 2075 1893 2143 adjutorem
1921 2086 1973 2129 et
2015 2075 2123 2128 sal-

544 2181 794 2228 vatorem
825 2171 1113 2226 habemus.
1160 2188 1178 2221 ι
1221 2168 1285 2223 Ει
1340 2178 1563 2240 pr0pter
1610 2169 1840 2239 gloriam
1881 2168 2122 2223 nominis

544 2264 648 2327 tui.
689 2262 945 2328 Domine,
982 2262 1151 2315 libera
1189 2276 1310 2325 nos,
1336 2268 1390 2314 et
1421 2260 1691 2330 propitius
1720 2268 1841 2315 esto
1884 2258 2122 2328 peccatis

544 2356 754 2411 nostris
798 2364 1017 2424 propter
1052 2368 1250 2407 nomen
1317 2362 1494 2406 tttum.
1532 2370 1553 2405 ι
1605 2349 1882 2422 Nusquam
1914 2352 1981 2407 de
2023 2368 2123 2407 sua

545 2449 746 2502 virtute
792 2446 1128 2501 mentionem
1174 2444 1401 2510 laciunt,
1440 2444 1536 2499 sed
1575 2453 1756 2511 orant,
1789 2452 1849 2498 ut
1886 2445 1956 2498 ob
1985 2444 2125 2498 divi-

544 2556 676 2596 num
709 2554 903 2594 nomen
930 2538 1173 2592 divinum
1205 2537 1472 2591 auxilium
1498 2545 1920 2607 consequantur.
1957 2534 2124 2590 Nobis

544 2635 714 2698 enim,
767 2631 1039 2702 inquiunt,
1089 2631 1232 2685 male
1277 2630 1623 2692 habentibus,
1650 2629 1703 2683 in
1739 2640 1893 2684 tuum
1927 2644 2122 2683 nomen

546 2725 896 2796 opprobrium
958 2722 1172 2778 recidit.
1243 2719 1537 2775 Precantur
1590 2720 1757 2790 igitur
1828 2729 1888 2774 ut
1939 2729 2125 2775 errata

546 2818 840 2889 despicias,
881 2815 1332 2885 calamitatesque
1379 2821 1694 2879 convertas,
1740 2820 1795 2867 et
1827 2812 2123 2882 potentiam

548 2922 697 2968 tuam
728 2910 918 2967 insciis
943 2907 1222 2964 ostendas.

2221 1913 2355 1981 ἡμῖν
2375 1915 2402 1967 ὁ
2423 1913 2556 1979 Θεὸς
2586 1916 2615 1967 ὁ
2645 1916 2829 1988 σωτὴρ
2858 1908 3036 1989 ήμῶν.
3065 1940 3084 1971 ι
3117 1921 3347 1992 Ὀρεξον
3370 1924 3391 1953 ⁸
3422 1926 3503 1978 ὄτι
3523 1927 3727 1997 τάχιστα
3746 1930 3761 1959 τ

2222 2007 2322 2075 τὴν
2352 2006 2568 2077 ἄμαχόν
2597 2025 2692 2061 σου
2725 2010 2927 2081 ῥοπήν·
2968 2011 3148 2083 πάσης
3180 2014 3290 2085 γὰρ
3320 2013 3517 2085 ἔρημοι
3543 2018 3762 2087 προνοίας

2224 2098 2535 2169 γεγόναμεν
2562 2117 2578 2131 ο
2612 2101 2671 2153 σὲ
2710 2101 2770 2154 δὲ
2806 2103 2969 2172 μόνον
3002 2104 3299 2176 ἐπίκουρον
3351 2106 3545 2177 ἔχομεν
3572 2112 3657 2163 καὶ
3679 2126 3763 2163 σω-

2222 2188 2383 2259 τῆρα.
2409 2208 2428 2241 ι
2454 2191 2683 2244 Ἕνεκεν
2704 2192 2806 2264 τῆς
2824 2193 2986 2264 δόξης
3012 2195 3109 2248 τοῦ
3150 2198 3419 2267 ὀνόματός
3448 2214 3561 2263 σου,
3597 2200 3759 2270 Κύριε.

2227 2279 2391 2350 ρὖαι
2448 2282 2628 2353 ἡμᾶς·
2679 2287 2772 2337 καὶ
2820 2287 3065 2359 ίλάσθητι
3119 2291 3240 2352 ταῖς
3297 2290 3590 2360 ἁμαρτίαις
3634 2293 3763 2363 ἡμῶν

2224 2372 2409 2427 ἕνεκεν
2456 2375 2552 2428 τοῦ
2602 2376 2865 2447 ὀνόματός
2913 2396 3029 2434 σου.
3064 2400 3082 2432 ι
3145 2382 3402 2452 Οὐδαμού
3458 2382 3554 2453 τῆς
3602 2385 3762 2452 σφετέ-

2226 2483 2326 2537 ρας
2390 2468 2827 2539 μνημονεύουσιν
2878 2472 3111 2543 ἀρετῆς,
3163 2472 3300 2527 ἀλλὰ
3358 2474 3489 2527 διὰ⁸
3534 2476 3591 2529 τὸ
3642 2477 3761 2529 θεῖον

2223 2558 2397 2630 ὄνομα
2450 2561 2549 2633 τῆς
2589 2563 2740 2624 θείας
2799 2564 3125 2637 ἐπικουρίας
3175 2567 3522 2621 ἁντιϐολούσι
3568 2572 3757 2639 τυχείν·

2222 2652 2384 2722 ὴμῶν
2420 2654 2553 2725 γὰρ,
2594 2657 2750 2725 φησὶ,
2785 2658 3309 2729 κακοπραγούντων,
3363 2661 3506 2714 κατὰ
3561 2661 3646 2714 τοῦ
3681 2661 3758 2715 σοῦ

2222 2743 2493 2815 ὀνόματος
2570 2748 2603 2817 ἡ
2683 2747 3010 2820 βλασφημία
3087 2752 3279 2821 χωρεῖ.
3384 2750 3761 2823 Ἀντιϐολούμεν

2222 2836 2427 2903 τοίνυν,
2475 2838 2722 2910 παριδεῖν
2755 2840 2856 2910 μὲν
2889 2841 2948 2895 σε
2976 2840 3047 2895 τὰ
3086 2842 3541 2914 πλημμελήματα
3567 2860 3579 2873 ·
3618 2862 3758 2915 μετα-

2225 2928 2410 2984 ϐαλεῖν
2432 2930 2489 2985 δὲ
2515 2932 2614 2995 τὰς
2645 2934 2954 3006 συμφορὰς,
3014 2936 3111 2989 καὶ
3142 2937 3244 3006 τὴν
3280 2936 3383 3008 σὴν
3405 2936 3623 3008 δύναμιν
3647 2937 3761 2993 ὐπο-

2225 3022 2394 3090 δεῑξαι
2431 3027 2545 3087 τοῖς
2578 3026 2854 3094 ἀγνοοῦσι.

619 3113 788 3169 Vnus.
826 3115 944 3169 10.1
987 3110 1063 3167 Ne
1093 3108 1234 3166 forte
1255 3111 1434 3167 dicant
1471 3118 1701 3180 gentes:
1731 3108 1832 3165 Ubi
1871 3115 1957 3164 est
1982 3108 2121 3164 Dens

2298 3121 2348 3170 t'.
2399 3135 2419 3168 ι
2469 3118 2737 3187 Μήποτε⁹
2777 3118 2977 3174 είπωσι
3020 3122 3089 3175 τὰ
3145 3122 3275 3193 ἔθνη
3305 3123 3371 3187 ⁸⁸,
3417 3123 3523 3178 Ποῦ
3578 3125 3761 3178 ἔστινὸ

546 3208 784 3264 eorum?
818 3226 837 3258 ι
879 3205 1206 3275 lntcrpreles
1253 3204 1347 3260 alii
1380 3205 1484 3258 hoc
1534 3204 1682 3258 velut
1728 3201 1932 3257 factum
1963 3202 2119 3256 dixe.-

546 3310 714 3357 rnnt:
745 3297 857 3355 Cur
878 3298 1062 3351 dicunt
1086 3307 1293 3367 gentes:
1326 3295 1425 3349 Ubi
1453 3304 1529 3349 est
1561 3294 1700 3349 Deus
1726 3310 1905 3348 eorum
1927 3295 1952 3347 ?
1986 3294 2117 3358 Hoc,

557 3394 759 3463 inquit,
785 3406 872 3445 me
906 3389 1113 3460 aﬂligit,
1148 3390 1253 3443 hoc
1289 3403 1374 3443 me
1401 3386 1587 3458 pungit
1621 3386 1865 3455 qualibet
1896 3386 2121 3455 cuspide

548 3486 787 3549 acutius,
817 3484 965 3553 quod
1004 3490 1191 3550 gentes
1223 3489 1413 3534 contra
1470 3490 1522 3532 te
1556 3478 1849 3549 opprobria
1896 3477 2119 3545 impune

546 3578 846 3650 jactentur,
880 3582 934 3629 et
967 3574 1297 3627 insultantes
1324 3570 1549 3624 dicant:
1588 3567 1687 3623 Ubi
1719 3578 1803 3624 est
1851 3567 1994 3623 Deus
2029 3584 2121 3623 ve-

549 3682 685 3736 ster,
721 3686 884 3740 quem
938 3667 1124 3722 dicitis
1157 3664 1447 3737 digyptum
1484 3663 1812 3733 castigasse,
1864 3662 2122 3718 dimtlisse

550 3780 726 3830 mare,
763 3761 943 3835 [vobis
974 3770 1154 3815 autem
1188 3756 1479 3819 transitum
1508 3755 1869 3820 concessisse,
1912 3756 2124 3810 omnia-

549 3875 658 3930 que
694 3858 798 3912 alia
847 3851 1068 3924 fecisse]
1100 3867 1296 3922 magna
1330 3850 1421 3904 illa
1452 3858 1507 3904 et
1557 3848 1954 3903 celeberrima?
1990 3865 2009 3898 ι
2060 3847 2124 3904 Et

552 3956 862 4009 inn0tescat
890 3950 945 4004 in
983 3945 1298 4002 nationibus
1325 3958 1510 3999 coram
1540 3942 1713 3997 oculis
1756 3942 1960 3997 nostris
1989 3941 2123 3996 ultio

550 4043 833 4114 sanguinis
862 4055 1147 4097 servorum
1183 4048 1426 4100 tuorum.
1458 4036 1551 4107 qui
1584 4035 1792 4091 eﬂ'usus
1822 4045 1926 4090 est.
1958 4054 1977 4086 ι
2010 4035 2123 4090 0b-

550 4151 834 4193 secramus
859 4134 1043 4205 igitur,
1064 4140 1124 4186 ut
1150 4130 1240 4184 isti
1262 4139 1503 4184 cruenta:
1530 4127 1693 4184 caedis
1721 4144 1913 4197 poenas
1940 4129 2123 4195 luant;

552 4227 646 4283 alii
687 4235 867 4279 autem
902 4238 1095 4279 omnes
1147 4221 1432 4277 nobiscum
1468 4220 1679 4288 justum
1716 4220 1930 4290 1170
1971 4230 2124 4274 tuum

550 4318 819 4390 judicium
856 4316 1208 4388 perspiciam,
1244 4314 1492 4385 iramque
1524 4313 1596 4369 ob
1630 4320 1855 4368 necatos
1886 4311 2127 4367 cultores

558 4421 706 4465 ιιιοε.

624 4608 792 4666 Vens.
823 4608 911 4664 11.
942 4628 960 4661 ι
990 4606 1232 4662 lntroeat
1257 4607 1312 4661 in
1339 4614 1694 4676 conspectum
1715 4614 1866 4660 tuum
1893 4605 2127 4676 gemitus

553 4702 1012 4773 compeditorum,
1066 4698 1373 4772 secundum
1424 4696 1854 4768 magnitudinem
1914 4697 2125 4753 brachii

556 4797 635 4851 tui
685 4808 839 4848 serva
871 4791 1012 4844 tilios
1058 4789 1536 4844 mortiﬁcatorum.
1578 4807 1597 4840 ι
1645 4787 1885 4843 Obsecro
1933 4788 2123 4856 etiam,

555 4898 619 4945 ut
656 4886 920 4957 respicias
949 4885 1000 4938 in
1034 4899 1129 4938 eos
1162 4882 1257 4953 qui
1306 4880 1630 4951 superstites
1669 4880 1891 4951 quidem
1938 4880 2123 4937 adhuc

556 4988 706 5045 sunt,
734 4978 828 5033 sed
856 4978 909 5031 in
935 4977 1152 5030 vincula
1205 4974 1438 5044 conjecti
1469 4982 1620 5039 sunt,
1656 4983 1999 5043 mortemque
2028 4990 2124 5028 ex-

557 5080 848 5143 spectant:
882 5078 937 5123 et
990 5083 1060 5123 ne
1106 5069 1171 5121 ad
1203 5075 1498 5121 extremam
1530 5065 1829 5135 perniciem
1882 5075 2126 5120 nostrum

556 5174 728 5237 genus
753 5163 1126 5220 condemnare
1160 5160 1315 5227 velis,
1348 5161 1442 5216 sed
1472 5159 1614 5214 ﬁlios
1658 5174 1870 5224 eorum,
1906 5159 1999 5229 qui
2039 5159 2128 5213 in-

2217 3204 2351 3269 Θεὸς
2378 3206 2594 3276 αὐτῶν;
2635 3228 2653 3259 ι
2690 3212 2754 3263 Oi
2791 3210 2849 3264 δὲ
2886 3212 3038 3267 ἄλλοι
3073 3214 3414 3285 έρμηνευταὶ
3452 3215 3526 3279 ὡς
3561 3232 3759 3287 γεγενη-

2223 3299 2384 3369 μένον
2414 3299 2571 3355 τοῦτο
2600 3303 2886 3373 εἰρήκασιν
2915 3320 2930 3335 °
2967 3309 3072 3371 Εἰς
3100 3309 3158 3360 τί
3177 3307 3347 3377 λέγει
3375 3310 3449 3362 τὰ
3472 3310 3627 3377 ἔθνη.
3656 3309 3759 3363 Ποῦ

2218 3391 2392 3445 ἐστιν
2412 3395 2445 3446 ὁ
2472 3395 2619 3461 Θεὸς
2644 3395 2872 3464 αὐτῶν;
2906 3398 3078 3451 Τοῦτό
3110 3416 3203 3468 με,
3233 3402 3424 3470 φησὶν,
3449 3402 3589 3473 ἀνιᾷ,
3624 3399 3760 3455 τοῦτό

2224 3499 2291 3552 με
2320 3483 2360 3513 ⁸⁸
2413 3488 2597 3538 κεντεῖ
2648 3488 2832 3556 πὰσης
2888 3489 3075 3549 ἁκίδος
3112 3491 3393 3563 ὀξύτερον,
3439 3493 3499 3545 τὸ
3539 3493 3634 3546 ὐπὸ
3670 3494 3759 3544 τῶν

2221 3574 2396 3629 ἐθνῶν
2429 3579 2571 3633 κατὰ
2628 3580 2724 3633 σοῦ
2773 3583 2871 3652 τὴν
2932 3582 3287 3654 βλασφημίαν
3323 3586 3634 3658 τολμᾶσθαι,
3680 3587 3757 3639 καὶ

2227 3667 2673 3735 ἑπιτωθὰζοντας
2720 3673 2925 3743 λέγειν,
2960 3675 3070 3729 Ποῦ
3106 3679 3256 3731 ἐστιν
3288 3680 3317 3732 ὁ
3363 3677 3496 3742 Θεὸς
3532 3677 3759 3748 suam»

2220 3761 2409 3831 λέγετε
2455 3766 2799 3834 μαστιγῶσαι
2838 3767 2937 3839 τὴν
2970 3768 3269 3836 Αἴγυπτον,
3330 3770 3637 3844 διῃρηκέναι
3680 3768 3760 3839 τὴν

2224 3854 2494 3910 θάλατταν
2518 3858 2584 3922 ",
2618 3856 2687 3929 [“
2736 3858 2866 3929 ὑμῖν
2919 3860 2974 3913 δὲ
3008 3861 3253 3932 δωρῆσαι
3304 3863 3565 3925 διάϐασιν.
3594 3864 3677 3917 καὶ
3718 3861 3759 3915 τ’

2222 3949 2359 4003 ἄλλα
2390 3950 2567 4004 πάντα
2596 3950 2918 4022 δεδρακέναι
2946 3952 2963 4025 ]
2997 3952 3067 4007 τὰ
3117 3956 3335 4026 μεγάλα
3371 3957 3465 4010 καὶ
3495 3953 3757 4026 πολυθρύλ-

2224 4042 2361 4113 λητα
2383 4044 2426 4074 ³⁸
2448 4060 2462 4109 ;
2486 4062 2504 4096 ι
2538 4045 2649 4098 Καὶ
2669 4046 2972 4115 γνωσθήτω
2993 4051 3051 4101 έν
3076 4050 3188 4106 τοῖς
3211 4048 3421 4103 ἔθνεσιν
3447 4050 3658 4103 ἐνώπιον
3672 4049 3759 4101 τῶν

2225 4134 2519 4203 ὀφθαλμῶν
2545 4136 2703 4206 ἡμῶν
2728 4138 2761 4208 ὴ
2782 4138 3067 4210 ἐκδίκησις
3092 4138 3189 4192 τοῦ
3212 4140 3447 4209 αἵματος
3462 4140 3567 4193 τῶν
3586 4140 3758 4193 δούλων

2229 4242 2345 4289 σου,
2376 4226 2467 4279 τοῦ
2509 4228 2901 4298 ἐκκεχυμένον.
2932 4248 2951 4282 ε
2994 4230 3415 4302 Ἀντιϐολοῦμεν
3447 4232 3634 4295 τοίνυν,
3658 4230 3759 4283 τού-

2225 4334 2352 4381 τους
2386 4319 2485 4389 μὲν
2509 4322 2655 4373 τῖσαι
2678 4320 2778 4391 τῆς
2803 4324 3119 4393 μιαιφονίας
3144 4325 3359 4395 ποινὴν,
3380 4326 3505 4387 τοὺς
3525 4324 3577 4376 δὲ
3597 4324 3759 4381 ἄλλους

2229 4412 2479 4476 ἅπαντας
2519 4413 2650 4467 ίδεῖν
2681 4416 2778 4467 σὺν
2809 4418 2941 4484 ἡμῖν
2975 4415 3075 4487 τὴν
3099 4416 3321 4471 δικαίαν
3354 4434 3447 4470 σου
3475 4418 3661 4486 ψῆφον,
3684 4414 3759 4468 καὶ

2156 4512 2203 4569 ι)
2230 4502 2330 4574 τὴν
2369 4505 2509 4573 ὑπὲρ
2540 4506 2650 4557 τῶν
2675 4506 3037 4578 ἀνῃρημένων
3070 4508 3165 4561 σού
3197 4508 3543 4579 θεραπόντων
3569 4506 3735 4577 ὀργήν.

2307 4605 2396 4651 ια’.
2435 4618 2453 4649 ι
2502 4598 2803 4651 Είσελθέτω
2852 4599 3081 4653 ἐνώπιόν
3113 4617 3206 4654 σου
3253 4603 3281 4653 ὁ
3345 4600 3632 4668 στεναγμὸς
3672 4596 3760 4648 τῶν

2234 4689 2444 4758 πεπεδη
2454 4690 2635 4758 μένων
2658 4705 2674 4721 ⁶
2700 4690 2841 4743 κατὰ
2862 4691 2960 4760 τὴν
2990 4693 3383 4763 μεγαλωσύνην
3406 4692 3498 4745 τοῦ
3519 4686 3759 4762 βραχίονός

2233 4798 2329 4835 σου
2380 4782 2741 4852 περιποίησαι
2772 4783 2901 4846 τοὺς
2933 4782 3084 4847 υἱοὺς
3111 4784 3222 4836 τῶν
3252 4782 3707 4851 τεθανατωμένων.
3739 4795 3753 4827 ι

2243 4874 2479 4928 Ἀπιδεϊν
2515 4875 2745 4929 ἱκετεύω
2804 4894 2863 4930 σε
2916 4878 3011 4931 καὶ
3039 4881 3120 4941 είς
3169 4880 3295 4942 τοὺς
3321 4878 3401 4931 ἑτι
3451 4878 3545 4947 μὲν
3576 4872 3758 4940 περιόν·

2232 4984 2352 5033 τας,
2386 4967 2561 5038 δεσμὰ
2587 4968 2641 5020 δὲ
2674 4970 3121 5040 περικειμένους,
3149 4971 3243 5023 καὶ
3265 4972 3308 5002 ⁸⁵
3336 4966 3757 5041 προσδεχομένους

2234 5060 2327 5113 τὸν
2347 5061 2597 5127 θάνατον,
2621 5063 2715 5116 καὶ
2738 5060 2813 5133 μὴ
2836 5061 3083 5115 πανωλεθ
3094 5064 3210 5133 ρίαν
3227 5063 3322 5116 τοῦ
3340 5062 3599 5134 ἡμετέρου
3621 5071 3759 5110 κατασ

2233 5155 2579 5225 ψηφίσασθαι
2607 5155 2797 5224 γένους
2815 5169 2829 5186 ’
2860 5155 2998 5211 ἁ).λὰ
3023 5156 3133 5210 τῶν
3169 5157 3526 5229 ἀνῃρημένων
3552 5147 3757 5223 περισῶ-

1619 5328 1858 5385 νΑιιιιΕ
1897 5329 2281 5385 LECTIONES
2318 5329 2406 5383 ET
2445 5328 2677 5385 ΝΟΤᾹΞ.

628 5517 650 5547 ¹
674 5513 894 5582 Ζῆλον.
925 5512 1050 5569 cod.
1077 5513 1101 5566 1
1136 5511 1347 5580 ἀγῶνα.

557 5586 704 5649 τίνος
749 5588 937 5639 ἕνεκεν
977 5584 1066 5637 διὰ
1100 5585 1210 5636 τῶν
1239 5584 1387 5653 ἑξῆς.

1445 5509 1466 5542 ³
1494 5508 1625 5563 Kal.
1658 5508 1825 5562 Abest
1855 5523 1884 5561 a
1916 5506 2039 5561 cod.
2068 5507 2121 5563 2.

2253 5510 2377 5564 cod.
2418 5509 2439 5562 ι
2472 5488 2801 5561 τεθείκασιν.
2876 5505 2899 5539 ο
2924 5508 3123 5575 Κύριε.
3156 5508 3278 5564 cod.
3313 5509 3339 5563 ι
3366 5506 3486 5562 add.
3524 5506 3658 5573 λέγει
3674 5501 3759 5575 *καὶ

1492 5582 1513 5611 ⁸
1540 5579 1828 5649 Ὄρεξονκ
1869 5578 2051 5649 cod.j
2093 5579 2217 5635 add.
2238 5648 2243 5649 ί
2264 5582 2417 5649 ἡμῖν.

2519 5579 2541 5611 ⁷
2589 5577 2865 5646 Τάχιστα.
2914 5572 3036 5650 coll.
3089 5588 3320 5650 uterque
3374 5579 3495 5650 add.
3530 5572 3756 5650 Δεσπόεα.

561 5656 585 5701 φ
608 5640 732 5709 Διὶί.
787 5657 952 5710 Abest
988 5670 1019 5709 a
1065 5654 1190 5709 cod.
1232 5640 1297 5706 Ξῖ
1324 5640 1387 5684 ’⁷⁸
1414 5640 1661 5719 Μήποξε
1799 5648 1966 5720 ἔθνη.
2011 5648 2121 5703 lleb

2223 5640 2324 5705 Cur
2351 5651 2592 5720 dicerent?
2629 5640 2847 5720 gentes?
2923 5648 2965 5679 '°
2992 5646 3136 5720 [ἱροὶ
3170 5640 3330 5707 lectio
3360 5659 3438 5705 est
3476 5649 3531 5700 έν
3556 5649 3656 5707 τοῖς
3684 5640 3756 5720 ιο,-

562 5743 701 5779 seat.
813 5726 852 5757 “
885 5723 992 5779 Μέ.
1035 5726 1200 5778 Abest
1225 5738 1256 5777 a
1294 5722 1496 5778 cod.2.

1599 5720 1643 5751 ¹¹
1684 5718 1802 5788 Τὴν
1831 5717 2155 5775 θάλατταν.
2191 5720 2315 5776 cod.
2352 5721 2371 5772 l
2406 5736 2459 5774 et
2480 5720 2516 5771 2
2553 5719 2613 5773 τὸ
2634 5717 2901 5787 πέλαγος.

3010 5720 3054 5751 ³³
3097 5717 3142 5773 Ε
3190 5724 3313 5777 cod.
3359 5731 3578 5787 utroque
3606 5709 3753 5783 suppl-

566 5795 613 5827 “
642 5797 901 5863 Hkoap.
927 5795 1050 5850 cod.
1090 5795 1115 5847 1
1146 5794 1273 5851 add.
1297 5792 1387 5846 διὰ
1411 5791 1478 5861 δὴ
1508 5788 1679 5844 ταῦτα
1713 5790 2076 5848 ἁντιϐολούσι.

2228 5789 2691 5884 Καί-θάνατςν.
2717 5788 2843 5845 Des.
2876 5791 2930 5845 in
2958 5790 3081 5846 cod.
3106 5790 3160 5844 2.
