3936 6488
212 367 355 432 1509
1496 365 1580 427 IN
1615 365 1827 427 PSAL.
1899 365 2162 424 LXXIX.
3340 353 3477 418 1510

211 493 305 530 σαι
335 478 381 508 ¹⁶
431 476 559 541 τοὺς
604 474 826 543 παῖδας,
868 476 966 532 καλ⁵
1008 476 1259 533 νεολαίαν
1294 476 1356 543 ἐξ
1385 476 1567 531 αὐτῶν
1629 493 1799 531 κατα-

1936 476 2111 531 arfecti
2141 482 2288 539 sunt,
2324 474 2506 529 salvos
2549 470 2764 536 reddas,
2795 484 3099 540 novamque
3132 467 3476 538 iuventutem

213 570 440 639 στῆσαι.

1939 584 1968 621 x
1998 568 2131 637 ipsis
2156 566 2382 621 eﬂicias.

293 663 386 733 ιβ’.
416 679 437 713 ι
485 661 709 725 Ἀπόδος
727 662 843 723 τοῖς
858 660 1101 729 γείτοσιν
1130 660 1289 731 ἡμῶν
1318 659 1731 715 ἑπταπλασίονα
1755 658 1801 690 ¹⁷

1974 656 2144 714 Vens.
2182 659 2271 712 i2.
2309 679 2328 711 ι
2368 658 2554 714 Redde
2581 656 2782 713 vicinis
2829 657 3035 711 nostris
3078 656 3387 726 septuplum
3422 656 3476 710 in

214 756 298 818 είς
343 754 439 807 τὸν
482 751 690 807 κόλπον
736 750 920 805 αὐτῶν
961 750 1053 804 τὸν
1112 751 1416 822 ὀνειδισμὸν
1468 751 1687 815 αὐτῶν,
1743 749 1803 803 ὃν

1937 753 2029 808 inu
2064 768 2253 807 eorum
2310 752 2664 823 opprobrium
2697 752 2968 822 ipsorum,
2998 750 3142 821 quod
3181 751 3481 805 intulerunt

214 846 506 899 ὡνείδισάν
537 862 621 911 σε,
652 844 847 914 Κύριε.
873 862 891 896 r
927 843 1349 898 Πολλαπλασίαν
1375 845 1418 876 ³⁸
1446 846 1557 905 τοῖς
1582 843 1804 914 ὁμόροις

1936 845 2025 912 ibi,
2066 844 2317 899 Domine.
2354 864 2371 895 ι
2408 850 2424 868 ’
2455 844 2781 913 Multiplices
2811 857 3003 913 poenas
3035 842 3393 912 blasphemiae
3417 842 3478 895 li-

213 940 315 1008 τῆς
343 937 698 1009 βλασφημίας
729 939 774 969 ¹⁹
807 936 909 1008 τὴν
947 937 1226 1007 τιμωρίαν
1277 937 1551 1006 ἐπάγαγε.
1584 938 1660 989 Οὐ
1694 935 1804 1007 γὰρ

1936 939 2116 994 ιὶιίιηίε
2149 939 2352 1009 irroga.
2381 937 2499 992 Non
2531 938 2673 992 enim
2704 948 2913 993 certum
2940 952 3229 991 numerum
3253 937 3335 989 his
3364 951 3485 990 ver-

216 1031 528 1102 ὡρισμένον
573 1030 808 1101 ἀριθμὸν
852 1028 942 1082 διὰ
994 1028 1103 1081 τῶν
1157 1030 1464 1101 εἰρημένων
1512 1029 1802 1099 ἐδήλωσεν,

1936 1031 1991 1085 ιὶε
2030 1030 2349 1095 declaravit,
2382 1030 2475 1084 sed
2525 1031 2823 1083 maximam
2864 1044 3082 1098 pmnam
3122 1028 3258 1098 ipsis
3310 1026 3481 1096 indigi

217 1124 359 1176 ἀλλὰ
408 1123 677 1193 μεγίστην
720 1122 910 1184 αὐτοῖς
964 1122 1271 1192 ἐπαχθῆναι
1306 1122 1352 1153 ²⁰
1399 1121 1674 1192 τιμωρίαν
1716 1120 1805 1186 ἐξ·

1936 1123 2082 1177 ιειὶἰι.
2109 1122 2299 1177 Simile
2329 1132 2414 1177 est
2436 1122 2567 1175 illud
2604 1140 2616 1176 ε
2650 1141 2667 1172 ι
2703 1120 2914 1175 Sterilis
2942 1102 3129 1191 genuit
3150 1128 3354 1189 septem
3381 1117 3427 1182 i,
3462 1139 3478 1168 ι

220 1216 411 1287 ῄτησε.
433 1213 658 1267 Τοιοῦτο
680 1214 723 1243 ’ί
750 1214 942 1278 καὶτὸ,
967 1232 986 1264 ι
1020 1215 1215 1284 Στεῖρα
1232 1214 1419 1267 ἐτεκεν
1448 1213 1607 1278 ἐπτά,
1635 1232 1652 1264 ι
1684 1213 1807 1265 ἀντὶ

1936 1230 2012 1269 ιοο
2039 1222 2123 1269 est
2173 1215 2397 1269 multos.
2449 1213 2596 1268 Dixit
2640 1223 2820 1267 autem
2858 1214 3031 1265 sinum
3074 1228 3168 1283 per
3200 1212 3485 1281 metapho-

223 1309 317 1362 τοῦ
360 1306 555 1361 πολλὰ.
590 1307 693 1359 Τὸν
721 1306 780 1359 δὲ
810 1308 1047 1360 κόλπον
1093 1308 1338 1380 εἴρηκεν,
1394 1308 1459 1360 ἐκ
1490 1306 1806 1377 μεταφορᾶς

1938 1322 2023 1361 am
2065 1308 2285 1361 ductam
2318 1308 2386 1360 ab
2422 1307 2551 1370 illis,
2582 1308 2675 1377 qui
2702 1306 2908 1384 aliquid
2941 1306 2997 1359 in
3027 1306 3148 1360 sinu
3188 1305 3392 1372 ferunt,
3435 1316 3489 1359 et

221 1398 329 1453 τῶν
349 1401 408 1452 ἐν
439 1398 520 1468 τῷ
549 1397 739 1469 κόλπῳ
772 1416 825 1450 τι
869 1398 1178 1480 φερόντων,
1213 1399 1311 1452 καὶ
1358 1399 1628 1468 ἀσφαλῶς
1681 1415 1805 1450 συν-

1936 1409 2027 1453 uto
2068 1401 2370 1464 continent,
2402 1414 2462 1453 ut
2499 1399 2634 1453 nihil
2677 1400 2938 1465 excidat;
2978 1399 3135 1468 quasi
3168 1398 3341 1453 dicat:
3378 1397 3489 1451 Im-

220 1494 481 1562 εχόντων,
513 1491 652 1544 ὥστε
689 1489 853 1561 μηδὲν
883 1491 1138 1542 ἐκπεσεῖν
1162 1507 1177 1522 ο
1217 1491 1337 1545 ἀντὶ
1366 1491 1483 1558 τοῦ,
1507 1491 1808 1562 Πλήρωσον

1936 1493 1995 1547 lle
2025 1508 2120 1549 eos
2148 1493 2558 1549 calamitatibus
2592 1507 2806 1563 semper
2842 1491 3277 1546 imminentibus.

224 1586 424 1648 αὐτοὺς
458 1582 757 1653 συμφορῶν
783 1581 1157 1651 ἐπικειμένων
1185 1580 1473 1653 διηνεκῶς.

294 1683 388 1743 ιγ’.
426 1696 445 1729 ι
498 1676 691 1745 Ἡμεῖς
710 1673 769 1728 δέ
799 1675 845 1705 ’⁸
873 1674 1005 1736 λαός
1042 1690 1158 1737 σου,
1206 1674 1303 1728 καὶ
1327 1675 1579 1743 πρόϐατα
1635 1680 1809 1749 νομῆς

1982 1666 2146 1724 Vens.
2178 1668 2267 1723 15.
2298 1688 2315 1720 ι
2344 1667 2457 1723 Nos
2490 1678 2671 1723 autem
2702 1668 2943 1738 populus
2972 1677 3122 1735 tuus,
3148 1677 3202 1723 et
3231 1682 3363 1723 oves
3389 1684 3488 1739 pa-

228 1787 322 1824 σου
342 1787 358 1801 ο
378 1768 940 1840 ἀνθομολογησάμεθά
959 1785 1065 1834 σοι,
1085 1769 1113 1819 ὁ
1130 1768 1265 1833 Θεὸς
1290 1770 1356 1835 ³³,
1389 1771 1469 1832 είς
1489 1770 1582 1823 τὸν
1598 1772 1773 1828 αἰῶνα
1791 1790 1805 1806 ⁸

1941 1763 2026 1817 cui
2060 1762 2161 1829 tui,
2195 1762 2583 1817 conﬁtebimur
2613 1763 2709 1816 tibi
2740 1762 2794 1816 in
2827 1763 3115 1827 smculum,
3156 1763 3208 1815 in
3262 1778 3491 1832 genera-

228 1864 306 1926 είς
351 1864 557 1931 γενεὰν
613 1863 709 1917 καὶ
764 1864 963 1931 γενεὰν
1010 1861 1415 1934 ἐξαγγελοῦμεν
1466 1862 1567 1934 τὴν
1600 1864 1807 1919 αίνεσίν

1936 1857 2113 1912 ionem
2172 1863 2229 1912 et
2302 1856 2705 1927 generationem
2768 1858 3214 1911 annuntiabimus
3276 1857 3491 1911 laudem

231 1972 344 2009 σου.
381 1973 401 2005 ι
449 1954 643 2025 Ἡμεῖς
700 1953 759 2007 δὲ
791 1952 838 1985 ³⁵
869 1955 918 2007 οἱ
949 1954 995 1986 ’³
1026 1953 1156 2019 λαὸς
1212 1954 1303 2015 σὸς
1344 1955 1808 2025 χρηματίσαντες,

1942 1964 2093 2003 nam.
2135 1968 2155 2001 ι
2208 1947 2319 2004 Nos
2367 1957 2572 2017 autem,
2623 1950 2718 2019 qui
2773 1958 2904 2005 tuus
2945 1952 3175 2020 populus
3210 1966 3487 2016 vocamur,

228 2050 319 2101 καί
360 2048 617 2117 ποίμνιον
641 2046 1048 2117 ὀνομαζόμενοι
1081 2047 1194 2111 σὸν,
1229 2046 1524 2118 ἐνδελεχῶς
1556 2064 1639 2101 σοι
1682 2049 1812 2111 τοὺς

1938 2059 2152 2114 uosque
2182 2059 2314 2114 grex
2344 2044 2718 2109 nominamur,
2756 2061 2971 2115 semper
3020 2046 3252 2117 hymnos
3283 2047 3379 2101 tibi
3411 2046 3494 2101 of-

231 2137 437 2210 ῦμνους
470 2137 839 2209 προσοίσομεν
867 2154 883 2167 ο
909 2139 1006 2191 καὶ
1040 2140 1139 2199 τὰς
1167 2136 1308 2209 ὑπὲρ
1334 2137 1435 2206 τῆς
1486 2137 1814 2207 εὐεργεσίας

1936 2140 2174 2203 'eremus,
2224 2147 2281 2193 et
2311 2138 2516 2209 gratias
2570 2153 2670 2208 pro
2717 2138 2999 2195 beneﬁciis
3033 2155 3258 2210 agemus
3296 2158 3309 2194 :
3343 2155 3496 2195 cum-

1913 2247 2020 2299 que
2053 2231 2250 2286 litteris
2300 2247 2362 2286 ea
2401 2232 2867 2299 mandaverimus,
2903 2233 3137 2304 posteris
3175 2232 3494 2288 hominibus

1919 2322 2132 2393 1171
2204 2322 2401 2376 horum
2457 2324 2835 2378 narrationem
2892 2324 3196 2379 trademus.
3253 2321 3492 2378 Verbum

1916 2412 2324 2483 Conﬁtebimur‘,
2357 2430 2467 2486 quo
2500 2415 2583 2470 usi
2613 2426 2761 2481 sunt,
2798 2415 2943 2470 idem
2978 2424 3063 2472 est
3096 2416 3241 2486 quod
3279 2413 3496 2469 Gratias

1917 2521 2177 2577 agemus:
2212 2508 2512 2579 gratiarum
2554 2509 2823 2565 actionem
2868 2517 3052 2564 autem
3108 2508 3334 2565 verbum
3365 2508 3499 2563 illud

1916 2598 2197 2668 exprimit.

231 2233 647 2304 ὁμολογήσομεν
707 2228 938 2302 χάριτας
967 2246 982 2260 ο
1036 2230 1133 2284 καὶ
1166 2231 1559 2301 ἀναγράπτους
1605 2230 1813 2293 ταύτας

230 2325 621 2396 πεποιηκότες,
652 2325 769 2386 τοῖς
798 2320 1426 2393 ἐσομένοις-ἀνθρώποις
1444 2323 1815 2394 προσοίσομεν

234 2418 324 2488 τὴν
340 2416 554 2469 τούτων
574 2415 825 2487 διήγησιν
848 2432 863 2446 ·
879 2413 943 2467 τὸ
973 2414 1159 2484 μέντοι
1184 2415 1813 2486 ἀνθομολογησόμεθα,

234 2510 351 2565 ini
378 2509 425 2543 ¹⁶
456 2508 556 2562 τοῦ
600 2507 1178 2578 ἐξομολογησόμεθα
1228 2507 1422 2580 εἴρηκε
1447 2524 1462 2538 ·
1495 2509 1597 2581 τὴν
1655 2508 1818 2579 εὐχα-

236 2603 450 2675 ριστίαν
480 2601 541 2655 δὲ
576 2601 637 2654 τὸ
662 2601 834 2672 ὄνομα
859 2600 902 2630 ³⁷
924 2599 1096 2671 δηλοῖ.

551 2715 814 2770 ΕΡΜΗΝ.
855 2714 995 2768 ΤΟΥ
1031 2713 1132 2769 ΟΘ¹
1170 2715 1497 2770 ΨΛΛΜΟΥ.

301 2838 373 2886 α’.
423 2850 442 2883 ι
476 2831 569 2894 Εἰς
593 2830 655 2884 τὸ
681 2829 855 2896 τέλος,
885 2830 943 2884 ἐν
977 2829 1168 2903 ὕμνοις
1186 2830 1233 2863 ’⁸
1253 2846 1265 2860 ’
1298 2829 1438 2900 ὑπὲρ
1459 2827 1569 2883 τῶν
1596 2828 1820 2883 ἀλλοιω-

2301 2711 2577 2769 INTERP.
2601 2712 2857 2770 PSALMI
2887 2713 3128 2772 LXXIX.

1991 2826 2160 2884 Vens.
2188 2828 2240 2884 1.
2272 2849 2291 2882 ι
2330 2829 2387 2885 In
2423 2830 2681 2896 ﬁnem,in
2716 2832 2935 2904 hymnis
2963 2850 2977 2888 :
3011 2849 3112 2904 pro
3144 2834 3229 2891 bis
3258 2837 3349 2907 qui
3380 2853 3503 2893 mu-

239 2926 582 2997 θησομένων.
633 2922 957 2995 Μαρτύριον
997 2922 1076 2994 τῷ
1120 2922 1316 2994 Ἀσάφ.
1364 2922 1652 2994 Ψαλμὸς¹⁹
1678 2922 1820 2996 ὑπὲρ

1936 2920 2207 2977 .abuntur.
2239 2921 2637 2979 Testimonium
2670 2927 2876 2996 Asaplt.
2911 2925 3165 2985 Psalmus
3194 2946 3294 3000 pro
3332 2933 3504 3004 Assy-

239 3017 327 3072 τοῦ
388 3016 699 3089 Ἀσσυρίου.
753 3034 772 3069 ι
830 3015 1150 3087 Μεταὸολήν
1196 3033 1358 3070 τινων
1406 3016 1753 3088 πραγμάτων
1793 3017 1822 3069 ὁ

1936 3016 2028 3070 rio.
2072 3035 2090 3069 ι
2134 3017 2384 3073 Praesens
2430 3018 2674 3087 psalmus
2705 3020 3068 3089 quarumdam
3119 3038 3303 3079 rerum
3335 3027 3504 3082 vicis-

241 3110 429 3181 παρὼν
479 3108 738 3181 προλέγει
785 3106 1001 3178 ψαλμός
1034 3122 1049 3138 ⁸
1109 3109 1139 3179 ἢ
1184 3107 1294 3179 γὰρ
1342 3108 1631 3171 ἀλλοίωσις
1663 3106 1823 3162 τοῦτο

1936 3109 2220 3164 situdinem
2250 3110 2498 3179 praedicit
2531 3127 2545 3163 :
2581 3113 2812 3166 mutatio
2841 3112 2987 3168 enim
3033 3115 3134 3170 hoc
3163 3116 3423 3185 declarat,
3451 3129 3507 3175 et

242 3203 407 3273 δηλοῖ,
453 3203 551 3256 καὶ
597 3199 969 3272 μαρτύρεται·
1023 3200 1111 3254 διὰ
1156 3200 1315 3254 τοῦτο
1364 3202 1457 3255 καὶ
1497 3203 1824 3270 μαρτύριον

1936 3201 2283 3269 testificatur;
2320 3213 2607 3273 propterea
2655 3214 2710 3260 et
2739 3208 3099 3262 testimonium
3160 3211 3508 3281 inscriptioni

242 3297 569 3369 πρόσκειται
586 3296 653 3351 ³⁸.
698 3294 1063 3367 Προθεσπίζει
1092 3294 1148 3348 δὲ
1180 3297 1212 3365 ἡ
1246 3295 1407 3364 χάρις
1438 3293 1535 3348 τοῦ
1568 3296 1824 3366 Πνεῦμαο

1936 3295 2241 3364 apponitur.
2276 3295 2529 3350 l’raadicit
2561 3306 2743 3351 autem
2795 3298 3037 3367 Spiritus
3081 3302 3259 3370 gratia
3291 3301 3509 3360 Judaéo-

242 3405 328 3449 τος
375 3389 470 3441 τὸν
514 3386 623 3440 τῶν
678 3386 950 3441 Ἰουδαίων
987 3386 1441 3458 ἀνδραποδισμὸν,
1496 3387 1591 3441 καὶ
1635 3386 1735 3458 τὴν
1768 3388 1824 3440 ἐν

1936 3401 2050 3439 rum
2085 3387 2477 3456 captivitatem,
2506 3397 2561 3441 et
2602 3390 2920 3444 servitutem
2955 3407 3120 3461 quam
3149 3395 3291 3462 apud
3323 3394 3506 3467 Baby-

243 3478 529 3532 Βαϐυλῶνι
572 3478 838 3533 δουλείαν.
900 3477 1336 3549 Ἐσχημάτισται
1383 3476 1442 3530 δὲ
1480 3477 1559 3540 είς
1596 3478 1767 3549 εὐχὴν
1798 3477 1828 3530 ό

241 3571 455 3641 ψαλμὸς
484 3569 565 3641 τῷ
611 3569 733 3640 Θεῷ
759 3569 870 3623 τῶν
903 3570 1060 3633 ὅλων,
1111 3568 1187 3633 ὡς
1230 3567 1322 3622 ὑπ’
1373 3567 1554 3622 αὐτῶν
1602 3569 1828 3622 ἐκείνων

243 3663 725 3734 προσφερομένην.
775 3661 1030 3717 Διδάσκει
1077 3662 1183 3732 γὰρ
1214 3660 1414 3724 αὐτοὺς
1446 3663 1479 3733 ὴ
1515 3661 1828 3733 προφητικὴ

243 3758 425 3828 χάρις,
475 3756 683 3819 ὁποίοις
718 3755 799 3808 δεῖ
826 3755 917 3808 τὸν
945 3754 1079 3815 Θεὸν
1108 3753 1432 3808 ίλεώσασθαι
1465 3754 1697 3824 ῥήμασι,
1735 3755 1830 3807 καὶ

247 3852 324 3913 εἰς
372 3848 524 3901 ἔλεον
577 3848 870 3917 διεγεῖραι.
910 3844 1174 3917 Προλέγει
1204 3844 1262 3899 δέ
1310 3845 1405 3899 καὶ
1436 3844 1535 3914 τὴν
1564 3844 1830 3916 ἐσομένην

246 3943 414 3995 πᾶσιν
436 3941 481 3972 ³¹
532 3937 841 4009 ἀνθρώποις
886 3936 976 3991 διὰ
1012 3936 1105 3991 τοῦ
1147 3935 1418 3989 Δεσπότου
1456 3933 1691 4005 Χριστοῦ
1722 3951 1830 3988 σω-

247 4033 463 4103 τηρίαν.

318 4123 384 4194 β’.
419 4141 437 4174 ι
483 4122 543 4175 '0
574 4121 879 4193 ποιμαίνων
899 4120 988 4176 τὸν
1018 4118 1254 4191 Ἰσραὴλ.
1278 4119 1537 4190 πρόσχες.
1570 4138 1588 4171 ι
1622 4119 1709 4186 Σὲ,
1739 4118 1833 4173 Δέ-

253 4231 448 4279 σποτα,
476 4215 572 4269 τὸν
607 4215 867 4286 ποιμένος
913 4213 1070 4285 δίκην
1098 4212 1192 4265 τοῦ
1222 4212 1353 4265 λαοῦ
1383 4211 1833 4283 προμηθούμενον

251 4308 508 4374 δέξασθαί
539 4324 643 4376 μου
678 4307 777 4377 τὴν
813 4306 1052 4360 ἱκετείαν
1081 4305 1367 4360 ἀντιϐολῶ.
1405 4325 1423 4357 ι
1467 4306 1525 4358 'U
1558 4305 1766 4377 ὁδηγῶν
1787 4305 1832 4337 ³³

251 4400 384 4454 ὡσεὶ
412 4400 690 4471 πρόϐατον
707 4400 753 4431 ⁸⁸
793 4399 886 4454 τὸν
923 4400 1143 4471 Ἰωσήφ.
1175 4419 1194 4452 ι
1228 4393 1354 4451 Οίόν
1382 4414 1492 4451 τισι
1520 4397 1704 4461 λύκοις
1735 4413 1835 4450 πε·

1929 3478 2105 3534 lonios
2136 3482 2469 3535 servierunt.
2499 3479 2793 3536 Formatus
2833 3492 2917 3538 est
2946 3492 3127 3539 autem
3162 3487 3406 3556 psalmus
3452 3489 3508 3546 in

1928 3572 2373 3641 deprecationem
2409 3575 2793 3630 universorum
2828 3575 2936 3632 Deo
2967 3579 3034 3632 ab
3064 3579 3171 3634 illis
3195 3581 3328 3651 ipsis
3353 3584 3511 3653 quasi

1928 3665 2189 3721 oblatam.
2229 3665 2396 3721 Docet
2431 3668 2577 3722 enim
2612 3670 2761 3738 ipsos
2800 3671 3111 3741 prophetica
3152 3676 3348 3743 gratia,
3383 3676 3511 3745 qui-

1929 3758 2030 3814 bus
2063 3759 2243 3814 verbis
2269 3759 2435 3815 Deum
2460 3762 2676 3830 placare
2711 3773 2764 3818 et
2805 3765 2870 3819 ad
2901 3765 3327 3822 misericordiam
3362 3770 3513 3825 exci-

1931 3861 2051 3907 tare
2077 3861 2348 3922 oporteat.
2386 3853 2729 3909 Vaticinatur
2762 3857 2926 3910 etiam
2961 3858 3195 3913 salutem
3249 3862 3510 3916 omnibus

1929 3946 2243 4002 hominibus
2278 3946 2517 4000 futuram
2548 3962 2646 4017 per
2675 3948 2964 4004 Dominum
2996 3950 3297 4009 Christum.

2000 4118 2165 4173 Vens.
2194 4120 2251 4173 2.
2303 4137 2322 4171 ι
2376 4119 2479 4186 Qui
2516 4119 2697 4190 pascis
2729 4121 3008 4195 Israelem,
3053 4126 3291 4180 attende.
3325 4144 3345 4179 ι
3406 4126 3507 4194 Te,

1930 4210 2182 4279 Domine,
2219 4213 2472 4279 obsecro,
2505 4224 2566 4267 ut
2599 4230 2750 4270 meas
2780 4230 2970 4285 preces
2987 4217 3264 4283 admittas,
3293 4220 3387 4290 qui
3416 4237 3513 4292 pa-

1932 4306 2100 4361 storis
2129 4307 2307 4361 instar
2332 4307 2592 4376 populum
2625 4309 2918 4378 gubernas.
2958 4329 2976 4361 ι
3018 4312 3122 4377 Qui
3174 4313 3330 4369 ducis
3358 4312 3517 4370 Jose-

1933 4399 2104 4468 phum
2136 4399 2285 4453 velut
2317 4415 2498 4455 ovem.
2542 4419 2561 4451 ι
2605 4400 2927 4472 Josephum,
2959 4404 3053 4474 qui
3090 4404 3146 4458 in
3178 4405 3395 4471 fratres,
3422 4422 3517 4462 ve-

256 4496 551 4567 ριπεσόντα
583 4498 692 4556 τοῖς
722 4494 970 4565 ἀδελφοῖς
988 4494 1052 4558 ³⁴,
1100 4494 1212 4549 τῶν
1259 4494 1484 4548 ἐκείνων
1518 4493 1824 4558 ἀπαλλάξας

1936 4490 2086 4544 lutin
2109 4490 2378 4559 quosdam
2409 4492 2565 4561 lupos
2595 4493 2883 4559 inciderat,
2913 4495 2982 4549 ab
3017 4495 3235 4550 illorum
3264 4498 3517 4554 manibus

257 4556 480 4659 γειρῶν,
520 4556 875 4659 ἐποδήγησας
904 4556 984 4650 είς
1016 4556 1313 4654 Αἴγυπτον,
1362 4586 1456 4640 καὶ
1485 4556 1771 4658 κρείττονα
1787 4556 1824 4618 ³1

1938 4556 2265 4649 liberat—um,
2311 4584 2365 4639 in
2408 4556 2702 4657 Egyptum
2752 4556 3047 4651 deduxisti,
3100 4587 3519 4646 insidiantibus-

254 4683 365 4735 τῶν
396 4681 901 4737 ἐπιϐουλευσάντων
928 4679 1235 4751 ἀπέφηνας.
1294 4679 1447 4733 Οῦτω
1478 4679 1577 4748 τὴν
1618 4680 1700 4743 είς
1731 4678 1831 4731 αὑ-

257 4774 384 4838 τοὺς
433 4773 816 4844 γεγενημένην
858 4770 1190 4844 κηδεμονίαν
1236 4768 1541 4836 διεξελθὼν,
1589 4771 1684 4823 ἐπὶ
1736 4769 1836 4841 τὴν

331 4926 350 4981 t
389 4930 411 4987 l
445 4929 585 5002 Reg.
616 4944 678 4994 ιι,
710 4926 764 4983 5.

1940 4692 2048 4748 que
2107 4677 2449 4748 superiorem
2492 4679 2689 4734 fecisti.
2730 4678 2821 4734 Sic
2866 4696 3056 4735 curam
3105 4681 3172 4737 iis
3219 4682 3516 4739 exhibitam

1942 4785 2067 4828 cum
2124 4780 2459 4839 enarrasset,
2519 4772 2586 4828 ad
2638 4774 2813 4843 magis
2866 4774 3177 4843 generalem
3218 4777 3517 4847 potentiam

1355 5088 1593 5145 VARIAE
1634 5089 2020 5146 LECTIONES
2060 5092 2145 5147 ET
2178 5090 2412 5148 NOTE.

342 5280 385 5312 “
415 5276 786 5348 Περισῶσαι.
806 5275 975 5330 Abest
1006 5288 1047 5348 a_
1066 5272 1197 5348 cod.
1223 5273 1280 5329 2.
1308 5272 1478 5348 cod}
1518 5273 1773 5348 φυλάξαι.

273 5423 433 5477 lectio
470 5422 526 5475 h.
581 5419 618 5474 1.
650 5428 736 5471 est
758 5418 883 5490 γάρ.

273 5495 454 5566 ipsi;
558 5495 604 5523 "
632 5495 730 5566 Ol._
755 5495 983 5566 A_bes_t_a
1016 5502 1093 5566 eo}

273 5558 328 5593 ³⁷⁷
361 5562 600 5630 Ὀνομα.
630 5559 754 5613 cod.
785 5560 807 5613 1
846 5558 972 5630 add.
1001 5558 1185 5630 τοῦτο.

1871 5274 1913 5307 ¹¹¹
1950 5273 2079 5330 Rec.
2130 5277 2295 5331 lectio
2319 5284 2402 5331 est
2432 5274 2803 5330 ἐπταπλάσια.

272 5352 443 5405 σίονα.
493 5343 568 5382 ἰ’
604 5347 723 5415 Τῆς
747 5347 987 5416 βλασφ.
1020 5345 1145 5416 Des.
1185 5345 1237 5398 in
1268 5344 1390 5416 cod.
1424 5344 1482 5416 2.
1506 5413 1538 5416 _7
1560 5344 1606 5375 '°
1645 5346 1770 5400 cod.
1809 5343 1824 5397 ε

1936 5345 2252 5415 εενεχθῆναι.

998 5415 1047 5447 ²³
1083 5416 1149 5468 '0
1192 5415 1357 5479 Θεός.
1402 5413 1639 5485 Additur
1669 5417 1722 5485 in
1766 5415 1896 5471 edit.
1935 5413 2065 5470 Ald.
2091 5413 2144 5471 et
2181 5416 2396 5485 Compl.

2913 5275 2957 5308 "
2995 5276 3171 5331 codJ
3205 5275 3528 5332 Πολλαπλα-

2350 5348 2394 5379 “
2428 5347 2550 5401 cod.
2593 5347 2615 5398 1
2655 5345 2902 5400 τοιοῦτόν
2933 5349 3104 5401 ἐστιν.
3199 5348 3245 5379 ³⁸
3266 5350 3358 5401 Δέ.
3396 5347 3530 5403 Rec.

2503 5416 2551 5448 ιδ
2592 5416 2784 5487 Ἡμεῖς
2815 5416 2902 5469 δέ.
2944 5418 3067 5472 cod.
3104 5418 3127 5470 1
3166 5416 3314 5487 λέγει
3353 5418 3410 5471 δὲ
3447 5419 3533 5473 ὅτι

558 5490 604 5523 ³⁸
632 5492 727 5560 οἱ.
755 5484 983 5560 Abesta
1016 5486 1138 5560 co_d.
1171 5486 1230 5540 2.
1290 5486 1352 5560 ff
1376 5484 1556 5560 _'_Art_l
1584 5515 1653 5525 —
1674 5484 1824 5560 δηλο

1936 5486 2037 5541 )es.
2070 5488 2123 5540 in
2150 5488 2276 5560 cod.
2309 5489 2345 5541 2
2380 5486 2470 5540 ubi
2495 5496 2621 5556 post
2648 5484 2905 5560 dvﬂouol.
2953 5488 3200 5560 sequitur
3240 5484 3534 5560 εἰρήκασι.

1287 5555 1333 5588 ⁸⁸
1376 5556 1473 5607 Ἐν
1514 5554 1746 5624 ὕμνοις.
1784 5557 1824 5608 Α

1936 5568 1952 5611 ι
1991 5572 2020 5611 a
2068 5559 2192 5612 cod.
2256 5558 2279 5610 1
2341 5569 2395 5611 et
2426 5573 2457 5612 a
2497 5554 2646 5612 textu
2712 5554 2877 5612 lle'br.
2924 5574 2989 5611 ac
3033 5554 3231 5613 Graeco
3287 5554 3398 5610 {civ
3454 5564 3532 5615 0'.

273 5630 320 5663 ”
346 5625 663 5700 Ψαλῂὸς-
678 5629 1028 5700 Ἀσσυρίου.
1066 5626 1282 5700 υθ-εηίιι
1331 5626 1455 5700 cod.
1477 5625 1533 5700 2.
1564 5627 1620 5679 In
1653 5626 1830 5700 codit
1859 5628 1984 5700 des.
2019 5637 2227 5683 tantum
2258 5628 2496 5697 ψαλμός.

2572 5629 2622 5659 ³⁰
2653 5629 2776 5682 cod.
2810 5629 2845 5681 2
2885 5629 3191 5700 πρόκειται.
3271 5629 3314 5661 ³⁸
3338 5628 3539 5684 nam?

268 5728 342 5771 :-
386 5696 711 5771 σωὶηρίαν.
737 5696 917 5771 εοόέί
962 5699 1073 5752 τῶν
1100 5697 1269 5771 ἐθνῶν
1299 5698 1397 5771 καὶ
1450 5696 1669 5771 πάντων
1699 5696 2010 5771 ἀνθρώπων.
2038 5700 2313 5771 σωτηρίαν
2376 5696 2492 5771 δια
2519 5698 2617 5768 τῆς
2671 5696 2943 5770 ἐνσάρκου
2988 5700 3293 5771 παρουσίας
3343 5702 3445 5771 τῆς
3470 5703 3539 5755 ἐκ

272 5765 564 5843 ηαρθένοᾶ
578 5770 675 5843 τοῦ
705 5770 975 5843 Δεσπότου
1026 5766 1270 5843 Χριστοῦ
1305 5767 1431 5843 τοῦ-
1446 5765 1582 5820 Θεοῦ
1617 5767 1794 5843 ἡμῶν.

1900 5769 1943 5800 ³³
1998 5768 2050 5821 '0
2083 5767 2339 5837 ὁδηγῶν.
2392 5768 2518 5826 cod.
2575 5767 2599 5823 t
2663 5767 2853 5840 prtem.
2907 5772 2974 5825 σὺ
3008 5767 3116 5839 γᾶρ
3146 5767 3216 5827 εί.

270 5838 454 5900 lectio.
492 5842 549 5898 ιι.
592 5841 631 5898 l.
671 5852 758 5899 est
789 5838 1090 5913 πρόϐατα(
1140 5838 1187 5873 ³⁸
1233 5838 1355 5895 cod.
1402 5838 1438 5893 2
1500 5838 1824 5908 περιπεσόντ

1945 5840 2071 5905 τοὺς
2102 5840 2387 5910 ἀδελφούς.

3321 5770 3368 5803 ⁸³
3404 5770 3556 5843 Rea]

2464 5842 2509 5873 ³³
2531 5841 2657 5897 cod.
2694 5840 2731 5895 ‘2
2789 5841 3127 5907 κρείττονας.
