  <div class='ocr_page' id='page_1' title='image "/cluster/home/n/w/nwhite01/storage/ocr_20150623/80/hvd.32044009825613/774.png"; bbox 0 0 3936 6486; ppageno 0'>
   <div class='ocr_carea' id='block_1_1' title="bbox 190 378 307 447">
    <p class='ocr_par' dir='ltr' id='par_1_1' title="bbox 190 378 307 447">
     <span class='ocr_line' id='line_1_1' title="bbox 190 378 307 447; baseline -0.043 0"><span class='ocrx_word' id='word_1_1' title='bbox 190 378 307 447; x_wconf 78' lang='lat'><strong>1513</strong></span> 
     </span>
    </p>
   </div>
   <div class='ocr_carea' id='block_1_2' title="bbox 1479 378 2108 439">
    <p class='ocr_par' dir='ltr' id='par_1_2' title="bbox 1479 378 2108 439">
     <span class='ocr_line' id='line_1_2' title="bbox 1479 378 2108 439; baseline 0 0"><span class='ocrx_word' id='word_1_2' title='bbox 1479 378 1561 439; x_wconf 82' lang='lat' dir='ltr'><strong>IN</strong></span> <span class='ocrx_word' id='word_1_3' title='bbox 1598 378 1803 439; x_wconf 81' lang='lat' dir='ltr'><strong>PSAL.</strong></span> <span class='ocrx_word' id='word_1_4' title='bbox 1847 378 2108 439; x_wconf 85' lang='lat' dir='ltr'><strong>LXXIX.</strong></span> 
     </span>
    </p>
   </div>
   <div class='ocr_carea' id='block_1_3' title="bbox 3282 391 3418 457">
    <p class='ocr_par' dir='ltr' id='par_1_3' title="bbox 3282 391 3418 457">
     <span class='ocr_line' id='line_1_3' title="bbox 3282 391 3418 457; baseline -0.007 0"><span class='ocrx_word' id='word_1_5' title='bbox 3282 391 3418 457; x_wconf 70' lang='grc'><strong>1514</strong></span> 
     </span>
    </p>
   </div>
   <div class='ocr_carea' id='block_1_4' title="bbox 180 491 1769 582">
    <p class='ocr_par' dir='ltr' id='par_1_4' title="bbox 180 491 1746 566">
     <span class='ocr_line' id='line_1_4' title="bbox 180 491 1746 566; baseline -0.003 -17"><span class='ocrx_word' id='word_1_6' title='bbox 180 492 440 558; x_wconf 80' lang='grc' dir='ltr'>θεσπίζων</span> <span class='ocrx_word' id='word_1_7' title='bbox 483 492 580 546; x_wconf 75' lang='grc' dir='ltr'>τὸν</span> <span class='ocrx_word' id='word_1_8' title='bbox 630 493 869 565; x_wconf 77' lang='grc' dir='ltr'>ὄλεθρον.</span> <span class='ocrx_word' id='word_1_9' title='bbox 925 494 1029 547; x_wconf 91' lang='grc' dir='ltr'>Δύο</span> <span class='ocrx_word' id='word_1_10' title='bbox 1080 494 1189 566; x_wconf 87' lang='grc' dir='ltr'><strong>γὰρ</strong></span> <span class='ocrx_word' id='word_1_11' title='bbox 1235 493 1404 565; x_wconf 76' lang='grc' dir='ltr'>ἔφησε</span> <span class='ocrx_word' id='word_1_12' title='bbox 1451 491 1746 547; x_wconf 82' lang='grc' dir='ltr'>θεᾶσθαι³⁸</span> 
     </span>
    </p>
   </div>
   <div class='ocr_carea' id='block_1_5' title="bbox 1862 491 3413 582">
    <p class='ocr_par' dir='ltr' id='par_1_5' title="bbox 1862 493 3413 582">
     <span class='ocr_line' id='line_1_5' title="bbox 1862 493 3413 582; baseline 0.014 -35"><span class='ocrx_word' id='word_1_13' title='bbox 1862 493 1999 549; x_wconf 89' lang='lat' dir='ltr'><strong>Duas</strong></span> <span class='ocrx_word' id='word_1_14' title='bbox 2045 495 2193 551; x_wconf 90' lang='lat' dir='ltr'><strong>enim</strong></span> <span class='ocrx_word' id='word_1_15' title='bbox 2240 497 2498 553; x_wconf 86' lang='lat' dir='ltr'><strong>mulieres</strong></span> <span class='ocrx_word' id='word_1_16' title='bbox 2547 513 2605 553; x_wconf 91' lang='lat' dir='ltr'><strong>se</strong></span> <span class='ocrx_word' id='word_1_17' title='bbox 2639 498 2845 558; x_wconf 81' lang='lat' dir='ltr'><strong>vidisse</strong></span> <span class='ocrx_word' id='word_1_18' title='bbox 2896 504 2991 571; x_wconf 90' lang='lat' dir='ltr'><strong>ait,</strong></span> <span class='ocrx_word' id='word_1_19' title='bbox 3045 506 3161 565; x_wconf 84' lang='lat' dir='ltr'><strong>alas</strong></span> <span class='ocrx_word' id='word_1_20' title='bbox 3196 513 3413 582; x_wconf 79' lang='lat' dir='ltr'><strong>quidem</strong></span> 
     </span>
    </p>
   </div>
   <div class='ocr_carea' id='block_1_6' title="bbox 180 581 1747 655">
    <p class='ocr_par' dir='ltr' id='par_1_6' title="bbox 180 581 1747 655">
     <span class='ocr_line' id='line_1_6' title="bbox 180 581 1747 655; baseline -0.001 -18"><span class='ocrx_word' id='word_1_21' title='bbox 180 586 453 652; x_wconf 78' lang='grc' dir='ltr'>γυναῖκας,</span> <span class='ocrx_word' id='word_1_22' title='bbox 480 585 688 644; x_wconf 71' lang='grc' dir='ltr'>ἔποπος</span> <span class='ocrx_word' id='word_1_23' title='bbox 734 584 834 652; x_wconf 80' lang='grc' dir='ltr'>μὲν</span> <span class='ocrx_word' id='word_1_24' title='bbox 851 583 897 616; x_wconf 80' lang='grc'>⁸⁸</span> <span class='ocrx_word' id='word_1_25' title='bbox 942 582 1170 654; x_wconf 76' lang='grc' dir='ltr'>ἐχούσας</span> <span class='ocrx_word' id='word_1_26' title='bbox 1205 584 1401 655; x_wconf 82' lang='grc' dir='ltr'>πτερὰ,</span> <span class='ocrx_word' id='word_1_27' title='bbox 1442 582 1505 636; x_wconf 82' lang='grc' dir='ltr'>τὸ</span> <span class='ocrx_word' id='word_1_28' title='bbox 1548 581 1606 636; x_wconf 82' lang='grc' dir='ltr'>δὲ</span> <span class='ocrx_word' id='word_1_29' title='bbox 1650 582 1747 651; x_wconf 83' lang='grc' dir='ltr'><strong>μέ-</strong></span> 
     </span>
    </p>
   </div>
   <div class='ocr_carea' id='block_1_7' title="bbox 175 674 1748 747">
    <p class='ocr_par' dir='ltr' id='par_1_7' title="bbox 175 674 1748 747">
     <span class='ocr_line' id='line_1_7' title="bbox 175 674 1748 747; baseline -0.003 -18"><span class='ocrx_word' id='word_1_30' title='bbox 175 693 294 747; x_wconf 88' lang='grc' dir='ltr'>τρον</span> <span class='ocrx_word' id='word_1_31' title='bbox 325 675 618 746; x_wconf 79' lang='grc' dir='ltr'>φερούσας,</span> <span class='ocrx_word' id='word_1_32' title='bbox 664 677 759 728; x_wconf 78' lang='grc' dir='ltr'>καὶ</span> <span class='ocrx_word' id='word_1_33' title='bbox 796 674 955 729; x_wconf 79' lang='grc' dir='ltr'>τοῦτο</span> <span class='ocrx_word' id='word_1_34' title='bbox 994 676 1428 747; x_wconf 78' lang='grc' dir='ltr'>προσταχθείσας</span> <span class='ocrx_word' id='word_1_35' title='bbox 1470 676 1549 738; x_wconf 88' lang='grc' dir='ltr'><strong>είς</strong></span> <span class='ocrx_word' id='word_1_36' title='bbox 1580 674 1748 728; x_wconf 86' lang='grc' dir='ltr'>Βαϐυ-</span> 
     </span>
    </p>
   </div>
   <div class='ocr_carea' id='block_1_8' title="bbox 175 766 1747 839">
    <p class='ocr_par' dir='ltr' id='par_1_8' title="bbox 175 766 1747 839">
     <span class='ocr_line' id='line_1_8' title="bbox 175 766 1747 839; baseline -0.002 -16"><span class='ocrx_word' id='word_1_37' title='bbox 175 770 311 823; x_wconf 71' lang='grc' dir='ltr'>λῶνα</span> <span class='ocrx_word' id='word_1_38' title='bbox 360 770 613 839; x_wconf 80' lang='grc' dir='ltr'>κομίσαι.</span> <span class='ocrx_word' id='word_1_39' title='bbox 669 769 767 822; x_wconf 85' lang='grc' dir='ltr'>Διά</span> <span class='ocrx_word' id='word_1_40' title='bbox 821 769 1028 823; x_wconf 88' lang='grc' dir='ltr'>τούτων</span> <span class='ocrx_word' id='word_1_41' title='bbox 1074 769 1191 823; x_wconf 79' lang='grc' dir='ltr'><strong>δὲ⁵⁷</strong></span> <span class='ocrx_word' id='word_1_42' title='bbox 1238 767 1607 838; x_wconf 80' lang='grc' dir='ltr'><strong>διδασκόμεθα</strong></span> <span class='ocrx_word' id='word_1_43' title='bbox 1647 766 1747 837; x_wconf 82' lang='grc' dir='ltr'>τῆς</span> 
     </span>
    </p>
   </div>
   <div class='ocr_carea' id='block_1_9' title="bbox 172 860 879 932">
    <p class='ocr_par' dir='ltr' id='par_1_9' title="bbox 172 860 879 932">
     <span class='ocr_line' id='line_1_9' title="bbox 172 860 879 932; baseline -0.003 -17"><span class='ocrx_word' id='word_1_44' title='bbox 172 862 316 925; x_wconf 85' lang='grc' dir='ltr'>θείας</span> <span class='ocrx_word' id='word_1_45' title='bbox 342 861 528 932; x_wconf 71' lang='grc' dir='ltr'>ψήφου</span> <span class='ocrx_word' id='word_1_46' title='bbox 557 861 619 913; x_wconf 81' lang='grc' dir='ltr'>τὸ</span> <span class='ocrx_word' id='word_1_47' title='bbox 650 860 879 914; x_wconf 88' lang='grc' dir='ltr'>δίκαιον.</span> 
     </span>
    </p>
   </div>
   <div class='ocr_carea' id='block_1_10' title="bbox 234 970 1746 1042">
    <p class='ocr_par' dir='ltr' id='par_1_10' title="bbox 234 970 1746 1042">
     <span class='ocr_line' id='line_1_10' title="bbox 234 970 1746 1042; baseline 0.001 -18"><span class='ocrx_word' id='word_1_48' title='bbox 234 970 298 1037; x_wconf 74' lang='grc' dir='ltr'><strong>ζ’.</strong></span> <span class='ocrx_word' id='word_1_49' title='bbox 359 992 379 1023; x_wconf 70' lang='grc' dir='ltr'><strong>ι</strong></span> <span class='ocrx_word' id='word_1_50' title='bbox 427 972 592 1025; x_wconf 83' lang='grc' dir='ltr'>Ἔθου</span> <span class='ocrx_word' id='word_1_51' title='bbox 642 974 790 1042; x_wconf 80' lang='grc' dir='ltr'>ἡμᾶς</span> <span class='ocrx_word' id='word_1_52' title='bbox 837 972 918 1035; x_wconf 89' lang='grc' dir='ltr'><strong>εἰς</strong></span> <span class='ocrx_word' id='word_1_53' title='bbox 972 972 1283 1041; x_wconf 81' lang='grc' dir='ltr'><strong>ἀντιλογίαν</strong></span> <span class='ocrx_word' id='word_1_54' title='bbox 1344 975 1457 1036; x_wconf 84' lang='grc' dir='ltr'><strong>τοίς</strong></span> <span class='ocrx_word' id='word_1_55' title='bbox 1506 973 1746 1041; x_wconf 79' lang='grc' dir='ltr'><strong>γείτοσιν</strong></span> 
     </span>
    </p>
   </div>
   <div class='ocr_carea' id='block_1_11' title="bbox 172 1063 1739 1136">
    <p class='ocr_par' dir='ltr' id='par_1_11' title="bbox 172 1063 1739 1136">
     <span class='ocr_line' id='line_1_11' title="bbox 172 1063 1739 1136; baseline 0 -20"><span class='ocrx_word' id='word_1_56' title='bbox 172 1066 344 1135; x_wconf 72' lang='grc' dir='ltr'>ἡμῶν,</span> <span class='ocrx_word' id='word_1_57' title='bbox 398 1066 494 1117; x_wconf 79' lang='grc' dir='ltr'>καὶ</span> <span class='ocrx_word' id='word_1_58' title='bbox 538 1066 588 1117; x_wconf 89' lang='grc' dir='ltr'><strong>οἰ</strong></span> <span class='ocrx_word' id='word_1_59' title='bbox 640 1064 830 1135; x_wconf 73' lang='grc' dir='ltr'>ἐχθροὶ</span> <span class='ocrx_word' id='word_1_60' title='bbox 878 1063 1037 1135; x_wconf 85' lang='grc' dir='ltr'>ἡμῶν</span> <span class='ocrx_word' id='word_1_61' title='bbox 1084 1066 1461 1136; x_wconf 82' lang='grc' dir='ltr'>ἐμυκτήρισαν</span> <span class='ocrx_word' id='word_1_62' title='bbox 1506 1066 1674 1135; x_wconf 76' lang='grc' dir='ltr'>ἡμᾶς,</span> <span class='ocrx_word' id='word_1_63' title='bbox 1721 1083 1739 1116; x_wconf 75' lang='grc' dir='ltr'><strong>ι</strong></span> 
     </span>
    </p>
   </div>
   <div class='ocr_carea' id='block_1_12' title="bbox 186 1156 1747 1227">
    <p class='ocr_par' dir='ltr' id='par_1_12' title="bbox 186 1156 1747 1227">
     <span class='ocr_line' id='line_1_12' title="bbox 186 1156 1747 1227; baseline -0.002 -15"><span class='ocrx_word' id='word_1_64' title='bbox 186 1158 571 1212; x_wconf 82' lang='grc' dir='ltr'>Ἐπονείδιστοι</span> <span class='ocrx_word' id='word_1_65' title='bbox 595 1157 640 1189; x_wconf 84' lang='grc'><strong><em>⁸⁸</em></strong></span> <span class='ocrx_word' id='word_1_66' title='bbox 686 1156 994 1227; x_wconf 79' lang='grc' dir='ltr'>γεγόναμεν</span> <span class='ocrx_word' id='word_1_67' title='bbox 1043 1156 1137 1209; x_wconf 75' lang='grc' dir='ltr'>καὶ</span> <span class='ocrx_word' id='word_1_68' title='bbox 1186 1158 1299 1219; x_wconf 86' lang='grc' dir='ltr'>τοῖς</span> <span class='ocrx_word' id='word_1_69' title='bbox 1349 1156 1747 1225; x_wconf 78' lang='grc' dir='ltr'><strong>γειτονεύουσιν</strong></span> 
     </span>
    </p>
   </div>
   <div class='ocr_carea' id='block_1_13' title="bbox 174 1250 1745 1324">
    <p class='ocr_par' dir='ltr' id='par_1_13' title="bbox 174 1250 1745 1324">
     <span class='ocr_line' id='line_1_13' title="bbox 174 1250 1745 1324; baseline -0.002 -18"><span class='ocrx_word' id='word_1_70' title='bbox 174 1253 399 1315; x_wconf 75' lang='grc' dir='ltr'><strong>ἔθνεσιν,</strong></span> <span class='ocrx_word' id='word_1_71' title='bbox 439 1252 528 1305; x_wconf 71' lang='grc' dir='ltr'>ἀεὶ</span> <span class='ocrx_word' id='word_1_72' title='bbox 550 1251 647 1322; x_wconf 82' lang='grc' dir='ltr'>τὴν</span> <span class='ocrx_word' id='word_1_73' title='bbox 674 1251 811 1324; x_wconf 76' lang='grc' dir='ltr'>πρὸς</span> <span class='ocrx_word' id='word_1_74' title='bbox 841 1250 990 1321; x_wconf 80' lang='grc' dir='ltr'>ἡμᾶς</span> <span class='ocrx_word' id='word_1_75' title='bbox 1020 1252 1278 1322; x_wconf 81' lang='grc' dir='ltr'><strong>ἐσχηκόσι</strong></span> <span class='ocrx_word' id='word_1_76' title='bbox 1300 1252 1346 1284; x_wconf 75' lang='grc'><em>⁸³</em></span> <span class='ocrx_word' id='word_1_77' title='bbox 1380 1250 1708 1320; x_wconf 82' lang='grc' dir='ltr'>δυσμένειαν</span> <span class='ocrx_word' id='word_1_78' title='bbox 1729 1265 1745 1282; x_wconf 75' lang='grc' dir='ltr'><strong>ο</strong></span> 
     </span>
    </p>
   </div>
   <div class='ocr_carea' id='block_1_14' title="bbox 174 1342 1750 1417">
    <p class='ocr_par' dir='ltr' id='par_1_14' title="bbox 174 1342 1750 1417">
     <span class='ocr_line' id='line_1_14' title="bbox 174 1342 1750 1417; baseline 0.003 -24"><span class='ocrx_word' id='word_1_79' title='bbox 174 1343 241 1417; x_wconf 73' lang='grc'><strong>[⁸⁸</strong></span> <span class='ocrx_word' id='word_1_80' title='bbox 268 1344 382 1398; x_wconf 79' lang='grc' dir='ltr'>ἀλλ’</span> <span class='ocrx_word' id='word_1_81' title='bbox 433 1345 584 1413; x_wconf 83' lang='grc' dir='ltr'>ὅμως</span> <span class='ocrx_word' id='word_1_82' title='bbox 630 1344 731 1398; x_wconf 76' lang='grc' dir='ltr'>οὐκ</span> <span class='ocrx_word' id='word_1_83' title='bbox 759 1343 1082 1415; x_wconf 71' lang='grc' dir='ltr'>ἀπέστημεν</span> <span class='ocrx_word' id='word_1_84' title='bbox 1126 1360 1219 1396; x_wconf 91' lang='grc' dir='ltr'><strong>σου</strong></span> <span class='ocrx_word' id='word_1_85' title='bbox 1253 1359 1269 1375; x_wconf 76' lang='grc' dir='ltr'><strong><em>ο</em></strong></span> <span class='ocrx_word' id='word_1_86' title='bbox 1324 1342 1485 1396; x_wconf 77' lang='grc' dir='ltr'>τοῦτο</span> <span class='ocrx_word' id='word_1_87' title='bbox 1521 1344 1631 1414; x_wconf 80' lang='grc' dir='ltr'><strong>γὰρ</strong></span> <span class='ocrx_word' id='word_1_88' title='bbox 1658 1342 1750 1397; x_wconf 78' lang='grc' dir='ltr'><strong>διὰ</strong></span> 
     </span>
    </p>
   </div>
   <div class='ocr_carea' id='block_1_15' title="bbox 175 1433 624 1507">
    <p class='ocr_par' dir='ltr' id='par_1_15' title="bbox 175 1433 624 1507">
     <span class='ocr_line' id='line_1_15' title="bbox 175 1433 624 1507; baseline 0.007 -3"><span class='ocrx_word' id='word_1_89' title='bbox 175 1434 276 1489; x_wconf 71' lang='grc' dir='ltr'>τῶν</span> <span class='ocrx_word' id='word_1_90' title='bbox 300 1433 432 1504; x_wconf 74' lang='grc' dir='ltr'><strong>ἑξῆς</strong></span> <span class='ocrx_word' id='word_1_91' title='bbox 463 1433 624 1507; x_wconf 65' lang='lat' dir='ltr'><strong>Evn]-</strong></span> 
     </span>
    </p>
   </div>
   <div class='ocr_carea' id='block_1_16' title="bbox 244 1548 1746 1622">
    <p class='ocr_par' dir='ltr' id='par_1_16' title="bbox 244 1548 1746 1622">
     <span class='ocr_line' id='line_1_16' title="bbox 244 1548 1746 1622; baseline -0.001 -17"><span class='ocrx_word' id='word_1_92' title='bbox 244 1558 310 1622; x_wconf 83' lang='grc' dir='ltr'><strong>η’.</strong></span> <span class='ocrx_word' id='word_1_93' title='bbox 368 1570 388 1603; x_wconf 75' lang='grc' dir='ltr'><strong>ε</strong></span> <span class='ocrx_word' id='word_1_94' title='bbox 444 1548 639 1621; x_wconf 85' lang='grc' dir='ltr'>Κύριε,</span> <span class='ocrx_word' id='word_1_95' title='bbox 678 1552 707 1604; x_wconf 84' lang='grc' dir='ltr'><strong>ὁ</strong></span> <span class='ocrx_word' id='word_1_96' title='bbox 743 1548 875 1615; x_wconf 86' lang='grc' dir='ltr'>Θεὸς</span> <span class='ocrx_word' id='word_1_97' title='bbox 902 1549 1013 1605; x_wconf 84' lang='grc' dir='ltr'><strong>τῶν</strong></span> <span class='ocrx_word' id='word_1_98' title='bbox 1059 1551 1364 1622; x_wconf 82' lang='grc' dir='ltr'><strong>δυνάμεων,</strong></span> <span class='ocrx_word' id='word_1_99' title='bbox 1418 1550 1746 1622; x_wconf 72' lang='grc' dir='ltr'>ἐπίστρεψον</span> 
     </span>
    </p>
   </div>
   <div class='ocr_carea' id='block_1_17' title="bbox 180 1640 1747 1713">
    <p class='ocr_par' dir='ltr' id='par_1_17' title="bbox 180 1640 1747 1713">
     <span class='ocr_line' id='line_1_17' title="bbox 180 1640 1747 1713; baseline 0 -19"><span class='ocrx_word' id='word_1_100' title='bbox 180 1643 316 1711; x_wconf 72' lang='grc' dir='ltr'>ἡμᾶς</span> <span class='ocrx_word' id='word_1_101' title='bbox 335 1656 351 1670; x_wconf 71' lang='grc'><strong><em>³</em></strong></span> <span class='ocrx_word' id='word_1_102' title='bbox 396 1642 493 1694; x_wconf 77' lang='grc' dir='ltr'>καὶ</span> <span class='ocrx_word' id='word_1_103' title='bbox 520 1640 782 1710; x_wconf 72' lang='grc' dir='ltr'>ἑπίφανον</span> <span class='ocrx_word' id='word_1_104' title='bbox 813 1640 874 1694; x_wconf 81' lang='grc' dir='ltr'>τὸ</span> <span class='ocrx_word' id='word_1_105' title='bbox 909 1641 1200 1713; x_wconf 78' lang='grc' dir='ltr'>πρόσωπόν</span> <span class='ocrx_word' id='word_1_106' title='bbox 1230 1658 1346 1705; x_wconf 89' lang='grc' dir='ltr'>σου,</span> <span class='ocrx_word' id='word_1_107' title='bbox 1376 1640 1473 1696; x_wconf 79' lang='grc' dir='ltr'>καὶ</span> <span class='ocrx_word' id='word_1_108' title='bbox 1504 1642 1747 1712; x_wconf 86' lang='grc' dir='ltr'>σωθησό-</span> 
     </span>
    </p>
   </div>
   <div class='ocr_carea' id='block_1_18' title="bbox 180 1728 1746 1806">
    <p class='ocr_par' dir='ltr' id='par_1_18' title="bbox 180 1728 1746 1806">
     <span class='ocr_line' id='line_1_18' title="bbox 180 1728 1746 1806; baseline 0.001 -19"><span class='ocrx_word' id='word_1_109' title='bbox 180 1733 331 1804; x_wconf 84' lang='grc' dir='ltr'>μεθα.</span> <span class='ocrx_word' id='word_1_110' title='bbox 364 1752 384 1785; x_wconf 77' lang='grc' dir='ltr'><strong>ι</strong></span> <span class='ocrx_word' id='word_1_111' title='bbox 424 1728 502 1804; x_wconf 78' lang='grc' dir='ltr'><strong>Τῇ</strong></span> <span class='ocrx_word' id='word_1_112' title='bbox 534 1732 601 1806; x_wconf 74' lang='grc' dir='ltr'><strong>σῇ</strong></span> <span class='ocrx_word' id='word_1_113' title='bbox 620 1734 797 1786; x_wconf 83' lang='grc' dir='ltr'>τοίνυν</span> <span class='ocrx_word' id='word_1_114' title='bbox 820 1735 1113 1805; x_wconf 77' lang='grc' dir='ltr'>ἐπιφανείᾳ</span> <span class='ocrx_word' id='word_1_115' title='bbox 1136 1734 1393 1788; x_wconf 82' lang='grc' dir='ltr'>σκέδασον</span> <span class='ocrx_word' id='word_1_116' title='bbox 1421 1734 1480 1788; x_wconf 85' lang='grc' dir='ltr'>τὸ</span> <span class='ocrx_word' id='word_1_117' title='bbox 1510 1735 1746 1804; x_wconf 77' lang='grc' dir='ltr'>ζοφῶδες</span> 
     </span>
    </p>
   </div>
   <div class='ocr_carea' id='block_1_19' title="bbox 1852 588 3420 670">
    <p class='ocr_par' dir='ltr' id='par_1_19' title="bbox 1852 588 3420 670">
     <span class='ocr_line' id='line_1_19' title="bbox 1852 588 3420 670; baseline 0.014 -32"><span class='ocrx_word' id='word_1_118' title='bbox 1852 600 2045 656; x_wconf 61' lang='lat' dir='ltr'><strong>upupa:</strong></span> <span class='ocrx_word' id='word_1_119' title='bbox 2067 588 2350 654; x_wconf 73' lang='lat' dir='ltr'><strong>habentes,</strong></span> <span class='ocrx_word' id='word_1_120' title='bbox 2385 606 2697 646; x_wconf 89' lang='lat' dir='ltr'><strong>mensuram</strong></span> <span class='ocrx_word' id='word_1_121' title='bbox 2722 604 2902 650; x_wconf 87' lang='lat' dir='ltr'><strong>autem</strong></span> <span class='ocrx_word' id='word_1_122' title='bbox 2940 597 3196 665; x_wconf 83' lang='lat' dir='ltr'><strong>ferentes,</strong></span> <span class='ocrx_word' id='word_1_123' title='bbox 3226 611 3280 658; x_wconf 90' lang='lat' dir='ltr'><strong>et</strong></span> <span class='ocrx_word' id='word_1_124' title='bbox 3298 602 3389 670; x_wconf 89' lang='lat' dir='ltr'><strong>jus</strong></span> <span class='ocrx_word' id='word_1_125' title='bbox 3415 638 3420 647; x_wconf 72' lang='grc' dir='ltr'><strong>ι</strong></span> 
     </span>
    </p>
   </div>
   <div class='ocr_carea' id='block_1_20' title="bbox 1848 679 3420 753">
    <p class='ocr_par' dir='ltr' id='par_1_20' title="bbox 1848 679 3420 753">
     <span class='ocr_line' id='line_1_20' title="bbox 1848 679 3420 753; baseline 0.015 -23"><span class='ocrx_word' id='word_1_126' title='bbox 1848 693 1939 731; x_wconf 89' lang='lat' dir='ltr'><strong>sas</strong></span> <span class='ocrx_word' id='word_1_127' title='bbox 1963 679 2105 733; x_wconf 86' lang='lat' dir='ltr'><strong>hanc</strong></span> <span class='ocrx_word' id='word_1_128' title='bbox 2130 684 2147 701; x_wconf 78' lang='grc'><strong>⁹</strong></span> <span class='ocrx_word' id='word_1_129' title='bbox 2170 680 2501 753; x_wconf 83' lang='lat' dir='ltr'><strong>Babylonem</strong></span> <span class='ocrx_word' id='word_1_130' title='bbox 2527 683 2692 740; x_wconf 84' lang='lat' dir='ltr'><strong>ferre.</strong></span> <span class='ocrx_word' id='word_1_131' title='bbox 2722 685 2824 743; x_wconf 87' lang='lat' dir='ltr'><strong>Per</strong></span> <span class='ocrx_word' id='word_1_132' title='bbox 2853 687 2970 745; x_wconf 70' lang='lat' dir='ltr'><strong>haec</strong></span> <span class='ocrx_word' id='word_1_133' title='bbox 3000 701 3183 748; x_wconf 88' lang='lat' dir='ltr'><strong>autem</strong></span> <span class='ocrx_word' id='word_1_134' title='bbox 3222 696 3420 753; x_wconf 74' lang='lat' dir='ltr'><strong>divinat</strong></span> 
     </span>
    </p>
   </div>
   <div class='ocr_carea' id='block_1_21' title="bbox 1850 770 2747 840">
    <p class='ocr_par' dir='ltr' id='par_1_21' title="bbox 1850 770 2747 840">
     <span class='ocr_line' id='line_1_21' title="bbox 1850 770 2747 840; baseline 0.01 -18"><span class='ocrx_word' id='word_1_135' title='bbox 1850 770 2132 825; x_wconf 65' lang='lat' dir='ltr'><strong>sententiae</strong></span> <span class='ocrx_word' id='word_1_136' title='bbox 2157 770 2429 840; x_wconf 74' lang='lat' dir='ltr'><strong>justitiam</strong></span> <span class='ocrx_word' id='word_1_137' title='bbox 2457 774 2747 831; x_wconf 86' lang='lat' dir='ltr'><strong>discimus.</strong></span> 
     </span>
    </p>
   </div>
   <div class='ocr_carea' id='block_1_22' title="bbox 1923 964 3421 1039">
    <p class='ocr_par' dir='ltr' id='par_1_22' title="bbox 1923 964 3421 1039">
     <span class='ocr_line' id='line_1_22' title="bbox 1923 964 3421 1039; baseline 0.013 -21"><span class='ocrx_word' id='word_1_138' title='bbox 1923 964 2087 1020; x_wconf 71' lang='lat' dir='ltr'><strong>Vens.</strong></span> <span class='ocrx_word' id='word_1_139' title='bbox 2126 965 2177 1021; x_wconf 89' lang='lat'><strong>7.</strong></span> <span class='ocrx_word' id='word_1_140' title='bbox 2221 984 2240 1017; x_wconf 76' lang='grc' dir='ltr'><strong>ι</strong></span> <span class='ocrx_word' id='word_1_141' title='bbox 2298 967 2533 1024; x_wconf 86' lang='lat' dir='ltr'><strong>Posuisti</strong></span> <span class='ocrx_word' id='word_1_142' title='bbox 2581 971 2770 1039; x_wconf 81' lang='lat' dir='ltr'><strong>nosin</strong></span> <span class='ocrx_word' id='word_1_143' title='bbox 2811 974 3301 1037; x_wconf 84' lang='lat' dir='ltr'><strong>contradictionem</strong></span> <span class='ocrx_word' id='word_1_144' title='bbox 3336 980 3421 1036; x_wconf 70' lang='grc' dir='ltr'><strong>γε..</strong></span> 
     </span>
    </p>
   </div>
   <div class='ocr_carea' id='block_1_23' title="bbox 1850 1058 3413 1129">
    <p class='ocr_par' dir='ltr' id='par_1_23' title="bbox 1850 1058 3413 1129">
     <span class='ocr_line' id='line_1_23' title="bbox 1850 1058 3413 1129; baseline 0.008 -17"><span class='ocrx_word' id='word_1_145' title='bbox 1850 1058 1989 1113; x_wconf 90' lang='lat' dir='ltr'><strong>cinis</strong></span> <span class='ocrx_word' id='word_1_146' title='bbox 2009 1061 2232 1128; x_wconf 87' lang='lat' dir='ltr'><strong>nostris,</strong></span> <span class='ocrx_word' id='word_1_147' title='bbox 2256 1074 2308 1116; x_wconf 93' lang='lat' dir='ltr'><strong>et</strong></span> <span class='ocrx_word' id='word_1_148' title='bbox 2326 1062 2530 1118; x_wconf 89' lang='lat' dir='ltr'><strong>inimici</strong></span> <span class='ocrx_word' id='word_1_149' title='bbox 2556 1066 2726 1121; x_wconf 88' lang='lat' dir='ltr'><strong>nostri</strong></span> <span class='ocrx_word' id='word_1_150' title='bbox 2753 1067 3231 1127; x_wconf 86' lang='lat' dir='ltr'><strong>subsannaverunt</strong></span> <span class='ocrx_word' id='word_1_151' title='bbox 3248 1088 3365 1129; x_wconf 91' lang='lat' dir='ltr'><strong>nos.</strong></span> <span class='ocrx_word' id='word_1_152' title='bbox 3392 1092 3413 1125; x_wconf 70' lang='grc' dir='ltr'><strong>ι</strong></span> 
     </span>
    </p>
   </div>
   <div class='ocr_carea' id='block_1_24' title="bbox 1851 1150 3411 1235">
    <p class='ocr_par' dir='ltr' id='par_1_24' title="bbox 1851 1150 3411 1235">
     <span class='ocr_line' id='line_1_24' title="bbox 1851 1150 3411 1235; baseline 0.012 -32"><span class='ocrx_word' id='word_1_153' title='bbox 1851 1150 2204 1218; x_wconf 83' lang='lat' dir='ltr'><strong>lgnominiosi</strong></span> <span class='ocrx_word' id='word_1_154' title='bbox 2233 1152 2361 1208; x_wconf 80' lang='lat' dir='ltr'><strong>facti</strong></span> <span class='ocrx_word' id='word_1_155' title='bbox 2393 1171 2588 1212; x_wconf 90' lang='lat' dir='ltr'><strong>sumus</strong></span> <span class='ocrx_word' id='word_1_156' title='bbox 2614 1158 2778 1215; x_wconf 86' lang='lat' dir='ltr'><strong>etiam</strong></span> <span class='ocrx_word' id='word_1_157' title='bbox 2814 1160 2956 1229; x_wconf 87' lang='lat' dir='ltr'><strong>apud</strong></span> <span class='ocrx_word' id='word_1_158' title='bbox 2991 1161 3252 1220; x_wconf 80' lang='lat' dir='ltr'><strong>ﬁnitimas</strong></span> <span class='ocrx_word' id='word_1_159' title='bbox 3284 1181 3411 1235; x_wconf 90' lang='lat' dir='ltr'><strong>gen-</strong></span> 
     </span>
    </p>
   </div>
   <div class='ocr_carea' id='block_1_25' title="bbox 1853 1250 3423 1328">
    <p class='ocr_par' dir='ltr' id='par_1_25' title="bbox 1853 1250 3423 1328">
     <span class='ocr_line' id='line_1_25' title="bbox 1853 1250 3423 1328; baseline 0.009 -31"><span class='ocrx_word' id='word_1_160' title='bbox 1853 1251 1958 1306; x_wconf 92' lang='lat' dir='ltr'><strong>tes,</strong></span> <span class='ocrx_word' id='word_1_161' title='bbox 1990 1260 2113 1314; x_wconf 86' lang='lat' dir='ltr'><strong>quae</strong></span> <span class='ocrx_word' id='word_1_162' title='bbox 2143 1262 2360 1316; x_wconf 85' lang='lat' dir='ltr'><strong>semper</strong></span> <span class='ocrx_word' id='word_1_163' title='bbox 2418 1250 2703 1305; x_wconf 88' lang='lat' dir='ltr'><strong>nobiscum</strong></span> <span class='ocrx_word' id='word_1_164' title='bbox 2766 1252 3081 1328; x_wconf 71' lang='lat' dir='ltr'><strong>injmicitias</strong></span> <span class='ocrx_word' id='word_1_165' title='bbox 3134 1265 3423 1326; x_wconf 87' lang='lat' dir='ltr'><strong>gesserunt</strong></span> 
     </span>
    </p>
   </div>
   <div class='ocr_carea' id='block_1_26' title="bbox 1854 1332 3423 1420">
    <p class='ocr_par' dir='ltr' id='par_1_26' title="bbox 1854 1332 3423 1420">
     <span class='ocr_line' id='line_1_26' title="bbox 1854 1332 3423 1420; baseline 0.012 -34"><span class='ocrx_word' id='word_1_166' title='bbox 1854 1332 2059 1405; x_wconf 88' lang='lat' dir='ltr'><strong>[tamen</strong></span> <span class='ocrx_word' id='word_1_167' title='bbox 2101 1353 2212 1391; x_wconf 92' lang='lat' dir='ltr'><strong>non</strong></span> <span class='ocrx_word' id='word_1_168' title='bbox 2262 1337 2565 1394; x_wconf 81' lang='lat' dir='ltr'><strong>defecimus</strong></span> <span class='ocrx_word' id='word_1_169' title='bbox 2594 1356 2625 1395; x_wconf 89' lang='lat' dir='ltr'><strong>a</strong></span> <span class='ocrx_word' id='word_1_170' title='bbox 2655 1351 2729 1396; x_wconf 90' lang='lat' dir='ltr'><strong>te.</strong></span> <span class='ocrx_word' id='word_1_171' title='bbox 2768 1342 2983 1415; x_wconf 67' lang='grc'><strong>1174</strong></span> <span class='ocrx_word' id='word_1_172' title='bbox 3012 1345 3128 1402; x_wconf 82' lang='grc' dir='ltr'>Ηοο</span> <span class='ocrx_word' id='word_1_173' title='bbox 3152 1348 3296 1403; x_wconf 88' lang='lat' dir='ltr'><strong>enim</strong></span> <span class='ocrx_word' id='word_1_174' title='bbox 3324 1364 3423 1420; x_wconf 88' lang='lat' dir='ltr'><strong>per</strong></span> 
     </span>
    </p>
   </div>
   <div class='ocr_carea' id='block_1_27' title="bbox 1850 1430 2422 1502">
    <p class='ocr_par' dir='ltr' id='par_1_27' title="bbox 1850 1430 2422 1502">
     <span class='ocr_line' id='line_1_27' title="bbox 1850 1430 2422 1502; baseline 0.003 -19"><span class='ocrx_word' id='word_1_175' title='bbox 1850 1430 2134 1497; x_wconf 81' lang='lat' dir='ltr'><strong>sequentia</strong></span> <span class='ocrx_word' id='word_1_176' title='bbox 2172 1430 2422 1502; x_wconf 84' lang='lat' dir='ltr'><strong>indicat].</strong></span> 
     </span>
    </p>
   </div>
   <div class='ocr_carea' id='block_1_28' title="bbox 1921 1544 3416 1622">
    <p class='ocr_par' dir='ltr' id='par_1_28' title="bbox 1921 1544 3416 1622">
     <span class='ocr_line' id='line_1_28' title="bbox 1921 1544 3416 1622; baseline 0.009 -24"><span class='ocrx_word' id='word_1_177' title='bbox 1921 1544 2087 1601; x_wconf 72' lang='lat' dir='ltr'><strong>Vens.</strong></span> <span class='ocrx_word' id='word_1_178' title='bbox 2122 1546 2175 1600; x_wconf 88' lang='lat'><strong>8.</strong></span> <span class='ocrx_word' id='word_1_179' title='bbox 2218 1566 2237 1599; x_wconf 82' lang='grc' dir='ltr'><strong>ι</strong></span> <span class='ocrx_word' id='word_1_180' title='bbox 2279 1546 2505 1602; x_wconf 87' lang='lat' dir='ltr'><strong>Domine</strong></span> <span class='ocrx_word' id='word_1_181' title='bbox 2534 1546 2672 1604; x_wconf 92' lang='lat' dir='ltr'><strong>Deus</strong></span> <span class='ocrx_word' id='word_1_182' title='bbox 2704 1550 2988 1619; x_wconf 89' lang='lat' dir='ltr'><strong>virtutum,</strong></span> <span class='ocrx_word' id='word_1_183' title='bbox 3021 1563 3274 1611; x_wconf 81' lang='lat' dir='ltr'><strong>converte</strong></span> <span class='ocrx_word' id='word_1_184' title='bbox 3296 1572 3416 1622; x_wconf 90' lang='lat' dir='ltr'><strong>nos,</strong></span> 
     </span>
    </p>
   </div>
   <div class='ocr_carea' id='block_1_29' title="bbox 1849 1637 3412 1709">
    <p class='ocr_par' dir='ltr' id='par_1_29' title="bbox 1849 1637 3412 1709">
     <span class='ocr_line' id='line_1_29' title="bbox 1849 1637 3412 1709; baseline 0.004 -17"><span class='ocrx_word' id='word_1_185' title='bbox 1849 1647 1904 1692; x_wconf 89' lang='lat' dir='ltr'><strong>et</strong></span> <span class='ocrx_word' id='word_1_186' title='bbox 1954 1637 2039 1692; x_wconf 80' lang='lat' dir='ltr'><strong>far.</strong></span> <span class='ocrx_word' id='word_1_187' title='bbox 2090 1648 2149 1693; x_wconf 93' lang='lat' dir='ltr'><strong>ut</strong></span> <span class='ocrx_word' id='word_1_188' title='bbox 2185 1641 2467 1709; x_wconf 86' lang='lat' dir='ltr'><strong>splendeat</strong></span> <span class='ocrx_word' id='word_1_189' title='bbox 2511 1639 2681 1697; x_wconf 82' lang='lat' dir='ltr'><strong>facies</strong></span> <span class='ocrx_word' id='word_1_190' title='bbox 2722 1651 2837 1709; x_wconf 90' lang='lat' dir='ltr'><strong>tua,</strong></span> <span class='ocrx_word' id='word_1_191' title='bbox 2879 1653 2932 1700; x_wconf 91' lang='lat' dir='ltr'><strong>et</strong></span> <span class='ocrx_word' id='word_1_192' title='bbox 2959 1644 3094 1699; x_wconf 89' lang='lat' dir='ltr'><strong>salvi</strong></span> <span class='ocrx_word' id='word_1_193' title='bbox 3128 1637 3349 1703; x_wconf 68' lang='lat' dir='ltr'><strong>erimus.</strong></span> <span class='ocrx_word' id='word_1_194' title='bbox 3393 1666 3412 1699; x_wconf 76' lang='grc' dir='ltr'><strong>ι</strong></span> 
     </span>
    </p>
   </div>
   <div class='ocr_carea' id='block_1_30' title="bbox 1852 1728 3419 1803">
    <p class='ocr_par' dir='ltr' id='par_1_30' title="bbox 1852 1728 3419 1803">
     <span class='ocr_line' id='line_1_30' title="bbox 1852 1728 3419 1803; baseline 0.006 -20"><span class='ocrx_word' id='word_1_195' title='bbox 1852 1728 1969 1783; x_wconf 83' lang='lat' dir='ltr'><strong>Tua</strong></span> <span class='ocrx_word' id='word_1_196' title='bbox 2046 1730 2210 1803; x_wconf 80' lang='lat' dir='ltr'><strong>igitur</strong></span> <span class='ocrx_word' id='word_1_197' title='bbox 2265 1732 2609 1801; x_wconf 88' lang='lat' dir='ltr'><strong>apparitione</strong></span> <span class='ocrx_word' id='word_1_198' title='bbox 2655 1735 3000 1789; x_wconf 90' lang='lat' dir='ltr'><strong>tenebrosam</strong></span> <span class='ocrx_word' id='word_1_199' title='bbox 3048 1736 3419 1793; x_wconf 84' lang='lat' dir='ltr'><strong>calamitatum</strong></span> 
     </span>
    </p>
   </div>
   <div class='ocr_carea' id='block_1_31' title="bbox 182 1822 1769 1900">
    <p class='ocr_par' dir='ltr' id='par_1_31' title="bbox 182 1824 1740 1898">
     <span class='ocr_line' id='line_1_31' title="bbox 182 1824 1740 1898; baseline 0.001 -18"><span class='ocrx_word' id='word_1_200' title='bbox 182 1826 329 1895; x_wconf 71' lang='grc' dir='ltr'>νέφος</span> <span class='ocrx_word' id='word_1_201' title='bbox 358 1824 471 1879; x_wconf 83' lang='grc' dir='ltr'><strong>τῶν</strong></span> <span class='ocrx_word' id='word_1_202' title='bbox 503 1826 820 1897; x_wconf 78' lang='grc' dir='ltr'>συμφορῶν,</span> <span class='ocrx_word' id='word_1_203' title='bbox 854 1826 949 1879; x_wconf 76' lang='grc' dir='ltr'>καὶ</span> <span class='ocrx_word' id='word_1_204' title='bbox 988 1826 1090 1897; x_wconf 76' lang='grc' dir='ltr'>τὴν</span> <span class='ocrx_word' id='word_1_205' title='bbox 1123 1827 1383 1881; x_wconf 77' lang='grc' dir='ltr'>ἐπάνοδον</span> <span class='ocrx_word' id='word_1_206' title='bbox 1404 1827 1448 1860; x_wconf 80' lang='grc'><strong>⁶¹</strong></span> <span class='ocrx_word' id='word_1_207' title='bbox 1478 1828 1701 1898; x_wconf 83' lang='grc' dir='ltr'>χάρισαι</span> <span class='ocrx_word' id='word_1_208' title='bbox 1728 1847 1740 1859; x_wconf 77' lang='grc' dir='ltr'><strong><em>ο</em></strong></span> 
     </span>
    </p>
   </div>
   <div class='ocr_carea' id='block_1_32' title="bbox 1862 1822 3420 1900">
    <p class='ocr_par' dir='ltr' id='par_1_32' title="bbox 1862 1822 3420 1900">
     <span class='ocr_line' id='line_1_32' title="bbox 1862 1822 3420 1900; baseline 0.006 -25"><span class='ocrx_word' id='word_1_209' title='bbox 1862 1822 2139 1893; x_wconf 72' lang='lat' dir='ltr'><strong>caliginem</strong></span> <span class='ocrx_word' id='word_1_210' title='bbox 2164 1824 2396 1890; x_wconf 88' lang='lat' dir='ltr'><strong>discute,</strong></span> <span class='ocrx_word' id='word_1_211' title='bbox 2425 1834 2479 1879; x_wconf 89' lang='lat' dir='ltr'><strong>et</strong></span> <span class='ocrx_word' id='word_1_212' title='bbox 2502 1826 2733 1880; x_wconf 87' lang='lat' dir='ltr'><strong>reditum</strong></span> <span class='ocrx_word' id='word_1_213' title='bbox 2759 1828 2975 1898; x_wconf 76' lang='lat' dir='ltr'><strong>largire.</strong></span> <span class='ocrx_word' id='word_1_214' title='bbox 3031 1827 3169 1900; x_wconf 82' lang='lat' dir='ltr'><strong>[Hoc</strong></span> <span class='ocrx_word' id='word_1_215' title='bbox 3199 1832 3420 1900; x_wconf 87' lang='lat' dir='ltr'><strong>quidem</strong></span> 
     </span>
    </p>
   </div>
   <div class='ocr_carea' id='block_1_33' title="bbox 183 1918 1748 1991">
    <p class='ocr_par' dir='ltr' id='par_1_33' title="bbox 183 1918 1748 1991">
     <span class='ocr_line' id='line_1_33' title="bbox 183 1918 1748 1991; baseline 0.004 -22"><span class='ocrx_word' id='word_1_216' title='bbox 183 1919 255 1991; x_wconf 62' lang='lat'><strong>1&quot;</strong></span> <span class='ocrx_word' id='word_1_217' title='bbox 276 1918 437 1972; x_wconf 76' lang='grc' dir='ltr'>τοῦτο</span> <span class='ocrx_word' id='word_1_218' title='bbox 493 1920 592 1989; x_wconf 87' lang='grc' dir='ltr'>μὲν</span> <span class='ocrx_word' id='word_1_219' title='bbox 647 1921 677 1974; x_wconf 86' lang='grc' dir='ltr'><strong>ὁ</strong></span> <span class='ocrx_word' id='word_1_220' title='bbox 724 1919 852 1983; x_wconf 78' lang='grc' dir='ltr'>λαὸς</span> <span class='ocrx_word' id='word_1_221' title='bbox 886 1919 1183 1973; x_wconf 88' lang='grc' dir='ltr'>ἀντιϐολῶν</span> <span class='ocrx_word' id='word_1_222' title='bbox 1211 1936 1226 1952; x_wconf 79' lang='grc' dir='ltr'><strong><em>ο</em></strong></span> <span class='ocrx_word' id='word_1_223' title='bbox 1281 1919 1439 1973; x_wconf 82' lang='grc' dir='ltr'>τοῦτο</span> <span class='ocrx_word' id='word_1_224' title='bbox 1468 1922 1524 1974; x_wconf 85' lang='grc' dir='ltr'>δὲ</span> <span class='ocrx_word' id='word_1_225' title='bbox 1556 1923 1651 1976; x_wconf 73' lang='grc' dir='ltr'>καὶ</span> <span class='ocrx_word' id='word_1_226' title='bbox 1678 1923 1748 1976; x_wconf 79' lang='grc' dir='ltr'>τὰ</span> 
     </span>
    </p>
   </div>
   <div class='ocr_carea' id='block_1_34' title="bbox 183 2012 1745 2085">
    <p class='ocr_par' dir='ltr' id='par_1_34' title="bbox 183 2012 1745 2085">
     <span class='ocr_line' id='line_1_34' title="bbox 183 2012 1745 2085; baseline 0.003 -20"><span class='ocrx_word' id='word_1_227' title='bbox 183 2012 327 2084; x_wconf 70' lang='grc' dir='ltr'>ἔθνησ</span> <span class='ocrx_word' id='word_1_228' title='bbox 383 2014 708 2081; x_wconf 76' lang='grc' dir='ltr'>ἐπιφάνειαν</span> <span class='ocrx_word' id='word_1_229' title='bbox 737 2012 912 2082; x_wconf 79' lang='grc' dir='ltr'>λέγων</span> <span class='ocrx_word' id='word_1_230' title='bbox 943 2012 1043 2083; x_wconf 81' lang='grc' dir='ltr'>τὴν</span> <span class='ocrx_word' id='word_1_231' title='bbox 1089 2012 1355 2083; x_wconf 78' lang='grc' dir='ltr'>ἔνσαρκον</span> <span class='ocrx_word' id='word_1_232' title='bbox 1392 2015 1745 2085; x_wconf 51' lang='grc' dir='ltr'>παρουσίαν]</span> 
     </span>
    </p>
   </div>
   <div class='ocr_carea' id='block_1_35' title="bbox 180 2097 1747 2174">
    <p class='ocr_par' dir='ltr' id='par_1_35' title="bbox 180 2097 1747 2174">
     <span class='ocr_line' id='line_1_35' title="bbox 180 2097 1747 2174; baseline -0.001 -18"><span class='ocrx_word' id='word_1_233' title='bbox 180 2102 405 2166; x_wconf 77' lang='grc' dir='ltr'>Δυνατὺς</span> <span class='ocrx_word' id='word_1_234' title='bbox 436 2102 544 2171; x_wconf 79' lang='grc' dir='ltr'><strong>γὰρ</strong></span> <span class='ocrx_word' id='word_1_235' title='bbox 590 2097 658 2167; x_wconf 79' lang='grc' dir='ltr'><strong>εἷ,</strong></span> <span class='ocrx_word' id='word_1_236' title='bbox 695 2102 791 2156; x_wconf 65' lang='grc' dir='ltr'><strong>καί⁹</strong></span> <span class='ocrx_word' id='word_1_237' title='bbox 837 2101 947 2155; x_wconf 83' lang='grc' dir='ltr'><strong>τῶν</strong></span> <span class='ocrx_word' id='word_1_238' title='bbox 984 2101 1268 2172; x_wconf 81' lang='grc' dir='ltr'>δυνάμεων</span> <span class='ocrx_word' id='word_1_239' title='bbox 1311 2101 1534 2173; x_wconf 85' lang='grc' dir='ltr'>Κύριος.</span> <span class='ocrx_word' id='word_1_240' title='bbox 1579 2102 1747 2174; x_wconf 62' lang='lat' dir='ltr'><strong>“Tota</strong></span> 
     </span>
    </p>
   </div>
   <div class='ocr_carea' id='block_1_36' title="bbox 188 2192 1750 2264">
    <p class='ocr_par' dir='ltr' id='par_1_36' title="bbox 188 2192 1750 2264">
     <span class='ocr_line' id='line_1_36' title="bbox 188 2192 1750 2264; baseline 0.001 -18"><span class='ocrx_word' id='word_1_241' title='bbox 188 2196 275 2261; x_wconf 78' lang='grc' dir='ltr'>μὲν</span> <span class='ocrx_word' id='word_1_242' title='bbox 323 2194 576 2263; x_wconf 78' lang='grc' dir='ltr'>ἀοράτως</span> <span class='ocrx_word' id='word_1_243' title='bbox 613 2193 856 2257; x_wconf 79' lang='grc' dir='ltr'>ἐκείνους</span> <span class='ocrx_word' id='word_1_244' title='bbox 891 2195 954 2247; x_wconf 78' lang='grc' dir='ltr'>ὲκ</span> <span class='ocrx_word' id='word_1_245' title='bbox 995 2196 1096 2264; x_wconf 84' lang='grc' dir='ltr'>τῆς</span> <span class='ocrx_word' id='word_1_246' title='bbox 1130 2192 1511 2263; x_wconf 75' lang='grc' dir='ltr'>αἰχμαλωσίας</span> <span class='ocrx_word' id='word_1_247' title='bbox 1550 2194 1750 2249; x_wconf 66' lang='grc' dir='ltr'>άνακαυ</span> 
     </span>
    </p>
   </div>
   <div class='ocr_carea' id='block_1_37' title="bbox 181 2283 1753 2357">
    <p class='ocr_par' dir='ltr' id='par_1_37' title="bbox 181 2283 1753 2357">
     <span class='ocr_line' id='line_1_37' title="bbox 181 2283 1753 2357; baseline 0.001 -20"><span class='ocrx_word' id='word_1_248' title='bbox 181 2287 453 2354; x_wconf 74' lang='grc' dir='ltr'>λούμενος,</span> <span class='ocrx_word' id='word_1_249' title='bbox 500 2286 571 2338; x_wconf 67' lang='grc' dir='ltr'><strong>τὰ</strong></span> <span class='ocrx_word' id='word_1_250' title='bbox 615 2284 670 2337; x_wconf 81' lang='grc' dir='ltr'>δὲ</span> <span class='ocrx_word' id='word_1_251' title='bbox 703 2283 833 2354; x_wconf 70' lang='grc' dir='ltr'>ἔθνη</span> <span class='ocrx_word' id='word_1_252' title='bbox 864 2288 929 2355; x_wconf 81' lang='grc' dir='ltr'>τῇ</span> <span class='ocrx_word' id='word_1_253' title='bbox 964 2287 1030 2355; x_wconf 80' lang='grc' dir='ltr'><strong>σῇ</strong></span> <span class='ocrx_word' id='word_1_254' title='bbox 1078 2285 1364 2355; x_wconf 75' lang='grc' dir='ltr'>οἰκονομία</span> <span class='ocrx_word' id='word_1_255' title='bbox 1395 2285 1753 2357; x_wconf 79' lang='grc' dir='ltr'>περιποιησά-</span> 
     </span>
    </p>
   </div>
   <div class='ocr_carea' id='block_1_38' title="bbox 188 2374 1751 2451">
    <p class='ocr_par' dir='ltr' id='par_1_38' title="bbox 188 2374 1751 2451">
     <span class='ocr_line' id='line_1_38' title="bbox 188 2374 1751 2451; baseline 0.001 -19"><span class='ocrx_word' id='word_1_256' title='bbox 188 2377 379 2449; x_wconf 82' lang='grc' dir='ltr'>μενος.]</span> <span class='ocrx_word' id='word_1_257' title='bbox 432 2374 566 2432; x_wconf 81' lang='grc' dir='ltr'>Εἶτα</span> <span class='ocrx_word' id='word_1_258' title='bbox 592 2379 691 2441; x_wconf 79' lang='grc' dir='ltr'>τὰς</span> <span class='ocrx_word' id='word_1_259' title='bbox 742 2378 980 2441; x_wconf 81' lang='grc' dir='ltr'>παλαιὰς</span> <span class='ocrx_word' id='word_1_260' title='bbox 1009 2378 1332 2448; x_wconf 77' lang='grc' dir='ltr'>εὐεργεσίας</span> <span class='ocrx_word' id='word_1_261' title='bbox 1372 2379 1616 2447; x_wconf 77' lang='grc' dir='ltr'>διέξεισι,</span> <span class='ocrx_word' id='word_1_262' title='bbox 1650 2380 1751 2451; x_wconf 83' lang='grc' dir='ltr'>τῆς</span> 
     </span>
    </p>
   </div>
   <div class='ocr_carea' id='block_1_39' title="bbox 184 2469 1415 2542">
    <p class='ocr_par' dir='ltr' id='par_1_39' title="bbox 184 2469 1415 2542">
     <span class='ocr_line' id='line_1_39' title="bbox 184 2469 1415 2542; baseline 0.001 -18"><span class='ocrx_word' id='word_1_263' title='bbox 184 2472 359 2541; x_wconf 79' lang='grc' dir='ltr'>ὁμοίας</span> <span class='ocrx_word' id='word_1_264' title='bbox 392 2471 699 2525; x_wconf 79' lang='grc' dir='ltr'>ἀπολαῦσαι</span> <span class='ocrx_word' id='word_1_265' title='bbox 732 2470 1071 2542; x_wconf 83' lang='grc' dir='ltr'>προμηθείας</span> <span class='ocrx_word' id='word_1_266' title='bbox 1102 2469 1415 2526; x_wconf 87' lang='grc' dir='ltr'>ἀντιϐολῶν.</span> 
     </span>
    </p>
   </div>
   <div class='ocr_carea' id='block_1_40' title="bbox 243 2607 1751 2681">
    <p class='ocr_par' dir='ltr' id='par_1_40' title="bbox 243 2607 1751 2681">
     <span class='ocr_line' id='line_1_40' title="bbox 243 2607 1751 2681; baseline 0.003 -21"><span class='ocrx_word' id='word_1_267' title='bbox 243 2608 305 2669; x_wconf 83' lang='grc' dir='ltr'>θ’,</span> <span class='ocrx_word' id='word_1_268' title='bbox 331 2614 385 2661; x_wconf 88' lang='grc' dir='ltr'>ι’.</span> <span class='ocrx_word' id='word_1_269' title='bbox 421 2625 440 2660; x_wconf 72' lang='grc' dir='ltr'><strong>ι</strong></span> <span class='ocrx_word' id='word_1_270' title='bbox 458 2608 797 2679; x_wconf 81' lang='grc' dir='ltr'>Ἀμπελον⁶³</span> <span class='ocrx_word' id='word_1_271' title='bbox 825 2608 884 2673; x_wconf 76' lang='grc' dir='ltr'>ἐξ</span> <span class='ocrx_word' id='word_1_272' title='bbox 909 2607 1186 2677; x_wconf 78' lang='grc' dir='ltr'>Αἰγύπτου</span> <span class='ocrx_word' id='word_1_273' title='bbox 1214 2612 1476 2681; x_wconf 78' lang='grc' dir='ltr'>μετῇρας,</span> <span class='ocrx_word' id='word_1_274' title='bbox 1496 2611 1751 2677; x_wconf 78' lang='grc' dir='ltr'>ἐξέϐαλες</span> 
     </span>
    </p>
   </div>
   <div class='ocr_carea' id='block_1_41' title="bbox 182 2699 1749 2775">
    <p class='ocr_par' dir='ltr' id='par_1_41' title="bbox 182 2699 1749 2775">
     <span class='ocr_line' id='line_1_41' title="bbox 182 2699 1749 2775; baseline 0.004 -23"><span class='ocrx_word' id='word_1_275' title='bbox 182 2699 331 2769; x_wconf 75' lang='grc' dir='ltr'>ἔθνη,</span> <span class='ocrx_word' id='word_1_276' title='bbox 381 2702 481 2754; x_wconf 68' lang='grc' dir='ltr'>καὶ</span> <span class='ocrx_word' id='word_1_277' title='bbox 533 2700 943 2769; x_wconf 71' lang='grc' dir='ltr'>κατεφύτευσας</span> <span class='ocrx_word' id='word_1_278' title='bbox 991 2702 1184 2772; x_wconf 79' lang='grc' dir='ltr'>αὐτήν.</span> <span class='ocrx_word' id='word_1_279' title='bbox 1253 2702 1605 2773; x_wconf 80' lang='grc' dir='ltr'>Ὧδοποίησας</span> <span class='ocrx_word' id='word_1_280' title='bbox 1647 2704 1749 2775; x_wconf 81' lang='grc' dir='ltr'><strong>ἔμ-</strong></span> 
     </span>
    </p>
   </div>
   <div class='ocr_carea' id='block_1_42' title="bbox 181 2792 1749 2867">
    <p class='ocr_par' dir='ltr' id='par_1_42' title="bbox 181 2792 1749 2867">
     <span class='ocr_line' id='line_1_42' title="bbox 181 2792 1749 2867; baseline 0.004 -23"><span class='ocrx_word' id='word_1_281' title='bbox 181 2793 411 2864; x_wconf 80' lang='grc' dir='ltr'>προσθεν</span> <span class='ocrx_word' id='word_1_282' title='bbox 439 2792 614 2862; x_wconf 79' lang='grc' dir='ltr'>αὐτῆς</span> <span class='ocrx_word' id='word_1_283' title='bbox 635 2794 680 2824; x_wconf 76' lang='grc'>⁸⁸</span> <span class='ocrx_word' id='word_1_284' title='bbox 704 2809 717 2823; x_wconf 90' lang='grc'><strong>·</strong></span> <span class='ocrx_word' id='word_1_285' title='bbox 772 2795 866 2848; x_wconf 72' lang='grc' dir='ltr'>καὶ</span> <span class='ocrx_word' id='word_1_286' title='bbox 898 2793 1312 2864; x_wconf 81' lang='grc' dir='ltr'>κατεφύτευσας</span> <span class='ocrx_word' id='word_1_287' title='bbox 1340 2797 1439 2859; x_wconf 78' lang='grc' dir='ltr'>τὰς</span> <span class='ocrx_word' id='word_1_288' title='bbox 1473 2796 1627 2867; x_wconf 78' lang='grc' dir='ltr'>ῥίζας</span> <span class='ocrx_word' id='word_1_289' title='bbox 1654 2798 1749 2851; x_wconf 87' lang='grc' dir='ltr'>αύ-</span> 
     </span>
    </p>
   </div>
   <div class='ocr_carea' id='block_1_43' title="bbox 180 2886 1751 2963">
    <p class='ocr_par' dir='ltr' id='par_1_43' title="bbox 180 2886 1751 2963">
     <span class='ocr_line' id='line_1_43' title="bbox 180 2886 1751 2963; baseline 0.004 -25"><span class='ocrx_word' id='word_1_290' title='bbox 180 2889 288 2957; x_wconf 80' lang='grc' dir='ltr'>τῆς,</span> <span class='ocrx_word' id='word_1_291' title='bbox 318 2887 418 2939; x_wconf 76' lang='grc' dir='ltr'>καὶ</span> <span class='ocrx_word' id='word_1_292' title='bbox 446 2886 731 2956; x_wconf 70' lang='grc' dir='ltr'>ἐπλήρωσε</span> <span class='ocrx_word' id='word_1_293' title='bbox 764 2888 863 2958; x_wconf 84' lang='grc' dir='ltr'>τὴν</span> <span class='ocrx_word' id='word_1_294' title='bbox 887 2889 990 2958; x_wconf 82' lang='grc' dir='ltr'>γῆν</span> <span class='ocrx_word' id='word_1_295' title='bbox 1006 2890 1075 2943; x_wconf 78' lang='grc'><strong>⁸⁸.</strong></span> <span class='ocrx_word' id='word_1_296' title='bbox 1109 2908 1129 2941; x_wconf 72' lang='grc' dir='ltr'><strong>ι</strong></span> <span class='ocrx_word' id='word_1_297' title='bbox 1168 2890 1240 2942; x_wconf 77' lang='grc' dir='ltr'><strong>Σὺ</strong></span> <span class='ocrx_word' id='word_1_298' title='bbox 1260 2891 1325 2952; x_wconf 75' lang='grc'><strong>⁸⁸,</strong></span> <span class='ocrx_word' id='word_1_299' title='bbox 1360 2890 1624 2956; x_wconf 82' lang='grc' dir='ltr'>Δέσποτα,</span> <span class='ocrx_word' id='word_1_300' title='bbox 1652 2894 1751 2963; x_wconf 79' lang='grc' dir='ltr'>τὴν</span> 
     </span>
    </p>
   </div>
   <div class='ocr_carea' id='block_1_44' title="bbox 181 2977 1749 3047">
    <p class='ocr_par' dir='ltr' id='par_1_44' title="bbox 181 2977 1749 3047">
     <span class='ocr_line' id='line_1_44' title="bbox 181 2977 1749 3047; baseline 0.004 -15"><span class='ocrx_word' id='word_1_301' title='bbox 181 2979 355 3032; x_wconf 72' lang='grc' dir='ltr'>ἄδικον</span> <span class='ocrx_word' id='word_1_302' title='bbox 390 2977 505 3031; x_wconf 82' lang='grc' dir='ltr'><strong>τῶν</strong></span> <span class='ocrx_word' id='word_1_303' title='bbox 556 2979 871 3047; x_wconf 79' lang='grc' dir='ltr'>Αἰγυπτίων</span> <span class='ocrx_word' id='word_1_304' title='bbox 919 2980 1225 3046; x_wconf 79' lang='grc' dir='ltr'>κατέλυσας</span> <span class='ocrx_word' id='word_1_305' title='bbox 1275 2983 1629 3037; x_wconf 56' lang='grc' dir='ltr'>δυναστείαν</span> <span class='ocrx_word' id='word_1_306' title='bbox 1685 2986 1749 3039; x_wconf 79' lang='grc' dir='ltr'>σὺ</span> 
     </span>
    </p>
   </div>
   <div class='ocr_carea' id='block_1_45' title="bbox 182 3070 1747 3147">
    <p class='ocr_par' dir='ltr' id='par_1_45' title="bbox 182 3070 1747 3147">
     <span class='ocr_line' id='line_1_45' title="bbox 182 3070 1747 3147; baseline 0.007 -26"><span class='ocrx_word' id='word_1_307' title='bbox 182 3072 295 3123; x_wconf 56' lang='grc' dir='ltr'>τὰτί</span> <span class='ocrx_word' id='word_1_308' title='bbox 322 3070 435 3123; x_wconf 82' lang='grc' dir='ltr'><strong>τῶν</strong></span> <span class='ocrx_word' id='word_1_309' title='bbox 466 3071 787 3124; x_wconf 84' lang='grc' dir='ltr'>Χαναναίων</span> <span class='ocrx_word' id='word_1_310' title='bbox 835 3070 961 3142; x_wconf 73' lang='grc' dir='ltr'>ἔθνη</span> <span class='ocrx_word' id='word_1_311' title='bbox 1007 3074 1356 3147; x_wconf 77' lang='grc' dir='ltr'>πανωλεθρία</span> <span class='ocrx_word' id='word_1_312' title='bbox 1403 3077 1747 3147; x_wconf 86' lang='grc' dir='ltr'>παρέδωκας,</span> 
     </span>
    </p>
   </div>
   <div class='ocr_carea' id='block_1_46' title="bbox 179 3162 1819 3255">
    <p class='ocr_par' dir='ltr' id='par_1_46' title="bbox 179 3162 1819 3255">
     <span class='ocr_line' id='line_1_46' title="bbox 179 3162 1819 3255; baseline 0.005 -39"><span class='ocrx_word' id='word_1_313' title='bbox 179 3165 267 3216; x_wconf 72' lang='grc' dir='ltr'>καὶ</span> <span class='ocrx_word' id='word_1_314' title='bbox 318 3162 414 3216; x_wconf 73' lang='grc' dir='ltr'><strong>τὸν</strong></span> <span class='ocrx_word' id='word_1_315' title='bbox 471 3163 564 3215; x_wconf 76' lang='grc' dir='ltr'><strong>σὺν</strong></span> <span class='ocrx_word' id='word_1_316' title='bbox 609 3163 738 3216; x_wconf 84' lang='grc' dir='ltr'>λαὸν</span> <span class='ocrx_word' id='word_1_317' title='bbox 782 3163 1033 3236; x_wconf 82' lang='grc' dir='ltr'>καθάπερ</span> <span class='ocrx_word' id='word_1_318' title='bbox 1084 3165 1333 3235; x_wconf 80' lang='grc' dir='ltr'>ἄμπελον</span> <span class='ocrx_word' id='word_1_319' title='bbox 1377 3167 1437 3233; x_wconf 77' lang='grc' dir='ltr'><strong>ἐξ</strong></span> <span class='ocrx_word' id='word_1_320' title='bbox 1473 3169 1747 3237; x_wconf 75' lang='grc' dir='ltr'>Αἰγύπτου</span> <span class='ocrx_word' id='word_1_321' title='bbox 1776 3195 1819 3255; x_wconf 77' lang='lat' dir='ltr'><strong>c</strong></span> 
     </span>
    </p>
   </div>
   <div class='ocr_carea' id='block_1_47' title="bbox 182 3254 1749 3333">
    <p class='ocr_par' dir='ltr' id='par_1_47' title="bbox 182 3254 1749 3333">
     <span class='ocr_line' id='line_1_47' title="bbox 182 3254 1749 3333; baseline 0.006 -25"><span class='ocrx_word' id='word_1_322' title='bbox 182 3254 529 3325; x_wconf 82' lang='grc' dir='ltr'>μεταγαγὼν,</span> <span class='ocrx_word' id='word_1_323' title='bbox 568 3255 663 3309; x_wconf 71' lang='grc' dir='ltr'>καὶ</span> <span class='ocrx_word' id='word_1_324' title='bbox 698 3258 878 3310; x_wconf 80' lang='grc' dir='ltr'>πᾶσαν</span> <span class='ocrx_word' id='word_1_325' title='bbox 911 3257 1053 3309; x_wconf 79' lang='grc' dir='ltr'>κατὰ</span> <span class='ocrx_word' id='word_1_326' title='bbox 1085 3259 1183 3329; x_wconf 80' lang='grc' dir='ltr'>τὴν</span> <span class='ocrx_word' id='word_1_327' title='bbox 1222 3261 1337 3312; x_wconf 70' lang='grc' dir='ltr'>ὁδὸν</span> <span class='ocrx_word' id='word_1_328' title='bbox 1362 3260 1749 3333; x_wconf 83' lang='grc' dir='ltr'>δωρησάμενος</span> 
     </span>
    </p>
   </div>
   <div class='ocr_carea' id='block_1_48' title="bbox 177 3348 1752 3426">
    <p class='ocr_par' dir='ltr' id='par_1_48' title="bbox 177 3348 1752 3426">
     <span class='ocr_line' id='line_1_48' title="bbox 177 3348 1752 3426; baseline -0.001 -25"><span class='ocrx_word' id='word_1_329' title='bbox 177 3349 452 3411; x_wconf 73' lang='grc' dir='ltr'>εὐκολίαν,</span> <span class='ocrx_word' id='word_1_330' title='bbox 505 3349 564 3400; x_wconf 84' lang='grc' dir='ltr'>ὲν</span> <span class='ocrx_word' id='word_1_331' title='bbox 608 3351 674 3419; x_wconf 84' lang='grc' dir='ltr'>τῇ</span> <span class='ocrx_word' id='word_1_332' title='bbox 724 3348 834 3401; x_wconf 88' lang='grc' dir='ltr'><strong>τῶν</strong></span> <span class='ocrx_word' id='word_1_333' title='bbox 872 3350 1195 3405; x_wconf 88' lang='grc' dir='ltr'>Χαναναίων</span> <span class='ocrx_word' id='word_1_334' title='bbox 1240 3353 1402 3407; x_wconf 76' lang='grc' dir='ltr'>αὑτὸν</span> <span class='ocrx_word' id='word_1_335' title='bbox 1422 3353 1467 3385; x_wconf 76' lang='grc'>³⁸</span> <span class='ocrx_word' id='word_1_336' title='bbox 1511 3356 1752 3426; x_wconf 65' lang='grc' dir='ltr'>κατειρύ-</span> 
     </span>
    </p>
   </div>
   <div class='ocr_carea' id='block_1_49' title="bbox 178 3443 477 3514">
    <p class='ocr_par' dir='ltr' id='par_1_49' title="bbox 178 3443 477 3514">
     <span class='ocr_line' id='line_1_49' title="bbox 178 3443 477 3514; baseline 0.007 -21"><span class='ocrx_word' id='word_1_337' title='bbox 178 3457 366 3503; x_wconf 85' lang='grc' dir='ltr'>τευσας</span> <span class='ocrx_word' id='word_1_338' title='bbox 399 3443 477 3514; x_wconf 73' lang='grc' dir='ltr'><strong>γῇ</strong></span> 
     </span>
    </p>
   </div>
   <div class='ocr_carea' id='block_1_50' title="bbox 247 3574 1748 3653">
    <p class='ocr_par' dir='ltr' id='par_1_50' title="bbox 247 3574 1748 3653">
     <span class='ocr_line' id='line_1_50' title="bbox 247 3574 1748 3653; baseline 0.005 -26"><span class='ocrx_word' id='word_1_339' title='bbox 247 3582 336 3634; x_wconf 86' lang='grc' dir='ltr'>ια’.</span> <span class='ocrx_word' id='word_1_340' title='bbox 368 3576 459 3647; x_wconf 75' lang='grc' dir='ltr'>ιβ’.</span> <span class='ocrx_word' id='word_1_341' title='bbox 506 3594 525 3626; x_wconf 74' lang='grc' dir='ltr'><strong>ι</strong></span> <span class='ocrx_word' id='word_1_342' title='bbox 580 3574 938 3643; x_wconf 62' lang='grc' dir='ltr'>Ἔκάλυψενυ</span> <span class='ocrx_word' id='word_1_343' title='bbox 970 3576 1070 3647; x_wconf 84' lang='grc' dir='ltr'>δρη</span> <span class='ocrx_word' id='word_1_344' title='bbox 1099 3581 1131 3649; x_wconf 82' lang='grc' dir='ltr'>ἠ</span> <span class='ocrx_word' id='word_1_345' title='bbox 1178 3580 1303 3634; x_wconf 83' lang='grc' dir='ltr'><strong>σκιά</strong></span> <span class='ocrx_word' id='word_1_346' title='bbox 1333 3582 1520 3653; x_wconf 75' lang='grc' dir='ltr'>αὐτῆς,</span> <span class='ocrx_word' id='word_1_347' title='bbox 1570 3584 1661 3636; x_wconf 75' lang='grc' dir='ltr'>καὶ</span> <span class='ocrx_word' id='word_1_348' title='bbox 1694 3585 1748 3637; x_wconf 89' lang='grc' dir='ltr'><strong>αἰ</strong></span> 
     </span>
    </p>
   </div>
   <div class='ocr_carea' id='block_1_51' title="bbox 180 3668 1751 3741">
    <p class='ocr_par' dir='ltr' id='par_1_51' title="bbox 180 3668 1751 3741">
     <span class='ocr_line' id='line_1_51' title="bbox 180 3668 1751 3741; baseline 0.003 -18"><span class='ocrx_word' id='word_1_349' title='bbox 180 3670 564 3739; x_wconf 76' lang='grc' dir='ltr'>ἀναδενδράδες</span> <span class='ocrx_word' id='word_1_350' title='bbox 582 3669 753 3739; x_wconf 82' lang='grc' dir='ltr'>αὐτῆς</span> <span class='ocrx_word' id='word_1_351' title='bbox 774 3670 873 3730; x_wconf 85' lang='grc' dir='ltr'>τὰς</span> <span class='ocrx_word' id='word_1_352' title='bbox 895 3668 1121 3741; x_wconf 82' lang='grc' dir='ltr'>κέδρους</span> <span class='ocrx_word' id='word_1_353' title='bbox 1137 3671 1232 3724; x_wconf 80' lang='grc' dir='ltr'><strong>τού</strong></span> <span class='ocrx_word' id='word_1_354' title='bbox 1249 3672 1403 3726; x_wconf 80' lang='grc' dir='ltr'>Θεοῦ.</span> <span class='ocrx_word' id='word_1_355' title='bbox 1427 3673 1691 3738; x_wconf 81' lang='grc' dir='ltr'>Ἐξὲτεινε</span> <span class='ocrx_word' id='word_1_356' title='bbox 1705 3676 1751 3706; x_wconf 78' lang='grc'><strong>⁷⁸</strong></span> 
     </span>
    </p>
   </div>
   <div class='ocr_carea' id='block_1_52' title="bbox 180 3762 1751 3837">
    <p class='ocr_par' dir='ltr' id='par_1_52' title="bbox 180 3762 1751 3837">
     <span class='ocr_line' id='line_1_52' title="bbox 180 3762 1751 3837; baseline 0.003 -22"><span class='ocrx_word' id='word_1_357' title='bbox 180 3766 239 3815; x_wconf 62' lang='grc' dir='ltr'>τε</span> <span class='ocrx_word' id='word_1_358' title='bbox 257 3764 522 3832; x_wconf 76' lang='grc' dir='ltr'>κλήματα</span> <span class='ocrx_word' id='word_1_359' title='bbox 541 3762 711 3831; x_wconf 78' lang='grc' dir='ltr'>αὐτῆς</span> <span class='ocrx_word' id='word_1_360' title='bbox 731 3762 837 3825; x_wconf 83' lang='grc' dir='ltr'>ἓως</span> <span class='ocrx_word' id='word_1_361' title='bbox 859 3762 1135 3832; x_wconf 79' lang='grc' dir='ltr'>θαλάσσης</span> <span class='ocrx_word' id='word_1_362' title='bbox 1148 3779 1163 3793; x_wconf 91' lang='grc'><strong>·</strong></span> <span class='ocrx_word' id='word_1_363' title='bbox 1189 3764 1283 3817; x_wconf 79' lang='grc' dir='ltr'><strong>καὶ</strong></span> <span class='ocrx_word' id='word_1_364' title='bbox 1302 3764 1408 3829; x_wconf 77' lang='grc' dir='ltr'>ἕως</span> <span class='ocrx_word' id='word_1_365' title='bbox 1428 3767 1689 3837; x_wconf 80' lang='grc' dir='ltr'>ποταμῶν</span> <span class='ocrx_word' id='word_1_366' title='bbox 1707 3770 1751 3800; x_wconf 75' lang='grc'><strong>⁷⁸</strong></span> 
     </span>
    </p>
   </div>
   <div class='ocr_carea' id='block_1_53' title="bbox 179 3855 1754 3928">
    <p class='ocr_par' dir='ltr' id='par_1_53' title="bbox 179 3855 1754 3928">
     <span class='ocr_line' id='line_1_53' title="bbox 179 3855 1754 3928; baseline 0.005 -21"><span class='ocrx_word' id='word_1_367' title='bbox 179 3857 271 3920; x_wconf 81' lang='grc' dir='ltr'><strong>τὰς</strong></span> <span class='ocrx_word' id='word_1_368' title='bbox 318 3856 688 3928; x_wconf 79' lang='grc' dir='ltr'>παραφυάδας</span> <span class='ocrx_word' id='word_1_369' title='bbox 734 3855 925 3925; x_wconf 74' lang='grc' dir='ltr'>αὐτῆς.</span> <span class='ocrx_word' id='word_1_370' title='bbox 962 3874 980 3907; x_wconf 78' lang='grc' dir='ltr'><strong>ι</strong></span> <span class='ocrx_word' id='word_1_371' title='bbox 1037 3857 1319 3927; x_wconf 82' lang='grc' dir='ltr'>Ἀμπελον</span> <span class='ocrx_word' id='word_1_372' title='bbox 1356 3860 1631 3928; x_wconf 84' lang='grc' dir='ltr'>τροπικῶς</span> <span class='ocrx_word' id='word_1_373' title='bbox 1664 3868 1754 3915; x_wconf 77' lang='grc' dir='ltr'>τὸν</span> 
     </span>
    </p>
   </div>
   <div class='ocr_carea' id='block_1_54' title="bbox 181 3948 1754 4026">
    <p class='ocr_par' dir='ltr' id='par_1_54' title="bbox 181 3948 1754 4026">
     <span class='ocr_line' id='line_1_54' title="bbox 181 3948 1754 4026; baseline 0.004 -25"><span class='ocrx_word' id='word_1_374' title='bbox 181 3949 301 4002; x_wconf 72' lang='grc' dir='ltr'>λαὸν</span> <span class='ocrx_word' id='word_1_375' title='bbox 340 3950 641 4020; x_wconf 73' lang='grc' dir='ltr'>ὀνομάσας,</span> <span class='ocrx_word' id='word_1_376' title='bbox 700 3948 956 4018; x_wconf 74' lang='grc' dir='ltr'>ἐπέμεινε</span> <span class='ocrx_word' id='word_1_377' title='bbox 999 3952 1064 4021; x_wconf 83' lang='grc' dir='ltr'>τῇ</span> <span class='ocrx_word' id='word_1_378' title='bbox 1106 3955 1280 4024; x_wconf 82' lang='grc' dir='ltr'>τροπῇ</span> <span class='ocrx_word' id='word_1_379' title='bbox 1308 3968 1323 3982; x_wconf 74' lang='grc' dir='ltr'><strong>ο</strong></span> <span class='ocrx_word' id='word_1_380' title='bbox 1379 3954 1473 4006; x_wconf 81' lang='grc' dir='ltr'>καὶ</span> <span class='ocrx_word' id='word_1_381' title='bbox 1512 3955 1621 4023; x_wconf 82' lang='grc' dir='ltr'><strong>ὄρη</strong></span> <span class='ocrx_word' id='word_1_382' title='bbox 1656 3956 1754 4026; x_wconf 83' lang='grc' dir='ltr'>μὲν</span> 
     </span>
    </p>
   </div>
   <div class='ocr_carea' id='block_1_55' title="bbox 180 4040 1753 4112">
    <p class='ocr_par' dir='ltr' id='par_1_55' title="bbox 180 4040 1753 4112">
     <span class='ocr_line' id='line_1_55' title="bbox 180 4040 1753 4112; baseline 0.004 -18"><span class='ocrx_word' id='word_1_383' title='bbox 180 4042 333 4095; x_wconf 83' lang='grc' dir='ltr'>καλεῖ</span> <span class='ocrx_word' id='word_1_384' title='bbox 343 4042 445 4111; x_wconf 74' lang='grc' dir='ltr'>τὴν</span> <span class='ocrx_word' id='word_1_385' title='bbox 465 4041 575 4093; x_wconf 87' lang='grc' dir='ltr'><strong>τῶν</strong></span> <span class='ocrx_word' id='word_1_386' title='bbox 593 4040 806 4112; x_wconf 80' lang='grc' dir='ltr'>ὁμόρων</span> <span class='ocrx_word' id='word_1_387' title='bbox 828 4040 998 4094; x_wconf 76' lang='grc' dir='ltr'>ἐθνῶν</span> <span class='ocrx_word' id='word_1_388' title='bbox 1025 4044 1177 4112; x_wconf 79' lang='grc' dir='ltr'>ἰσχύν</span> <span class='ocrx_word' id='word_1_389' title='bbox 1200 4060 1212 4072; x_wconf 93' lang='grc'><strong>·</strong></span> <span class='ocrx_word' id='word_1_390' title='bbox 1246 4046 1429 4099; x_wconf 76' lang='grc' dir='ltr'>σκιὰν</span> <span class='ocrx_word' id='word_1_391' title='bbox 1443 4046 1690 4101; x_wconf 82' lang='grc' dir='ltr'>δὲταῦτα</span> <span class='ocrx_word' id='word_1_392' title='bbox 1706 4050 1753 4082; x_wconf 78' lang='grc'><strong>⁷³</strong></span> 
     </span>
    </p>
   </div>
   <div class='ocr_carea' id='block_1_56' title="bbox 180 4131 1755 4205">
    <p class='ocr_par' dir='ltr' id='par_1_56' title="bbox 180 4131 1755 4205">
     <span class='ocr_line' id='line_1_56' title="bbox 180 4131 1755 4205; baseline 0.006 -21"><span class='ocrx_word' id='word_1_393' title='bbox 180 4133 561 4186; x_wconf 68' lang='grc' dir='ltr'>καλύπτουσιν</span> <span class='ocrx_word' id='word_1_394' title='bbox 606 4133 707 4203; x_wconf 79' lang='grc' dir='ltr'><strong>τὴν</strong></span> <span class='ocrx_word' id='word_1_395' title='bbox 758 4131 854 4185; x_wconf 83' lang='grc' dir='ltr'>τοῦ</span> <span class='ocrx_word' id='word_1_396' title='bbox 908 4133 1125 4204; x_wconf 78' lang='grc' dir='ltr'>Ἰσραὴλ</span> <span class='ocrx_word' id='word_1_397' title='bbox 1175 4134 1492 4190; x_wconf 87' lang='grc' dir='ltr'>δυναστείαν</span> <span class='ocrx_word' id='word_1_398' title='bbox 1543 4140 1755 4205; x_wconf 88' lang='grc' dir='ltr'>τούτοις</span> 
     </span>
    </p>
   </div>
   <div class='ocr_carea' id='block_1_57' title="bbox 177 4225 1755 4302">
    <p class='ocr_par' dir='ltr' id='par_1_57' title="bbox 177 4225 1755 4302">
     <span class='ocr_line' id='line_1_57' title="bbox 177 4225 1755 4302; baseline 0.005 -23"><span class='ocrx_word' id='word_1_399' title='bbox 177 4227 554 4279; x_wconf 76' lang='grc' dir='ltr'>ὲπιτεθεῖσαν’</span> <span class='ocrx_word' id='word_1_400' title='bbox 607 4225 859 4292; x_wconf 80' lang='grc' dir='ltr'>κέδρους</span> <span class='ocrx_word' id='word_1_401' title='bbox 903 4225 960 4279; x_wconf 79' lang='grc' dir='ltr'>δὲ</span> <span class='ocrx_word' id='word_1_402' title='bbox 1005 4227 1112 4281; x_wconf 76' lang='grc' dir='ltr'>τοῦ</span> <span class='ocrx_word' id='word_1_403' title='bbox 1148 4228 1296 4282; x_wconf 84' lang='grc' dir='ltr'>Θεοῦ</span> <span class='ocrx_word' id='word_1_404' title='bbox 1345 4232 1469 4294; x_wconf 76' lang='grc' dir='ltr'>τοὺς</span> <span class='ocrx_word' id='word_1_405' title='bbox 1516 4232 1755 4302; x_wconf 75' lang='grc' dir='ltr'>ὑψηλοὺς</span> 
     </span>
    </p>
   </div>
   <div class='ocr_carea' id='block_1_58' title="bbox 180 4315 1750 4393">
    <p class='ocr_par' dir='ltr' id='par_1_58' title="bbox 180 4315 1750 4393">
     <span class='ocr_line' id='line_1_58' title="bbox 180 4315 1750 4393; baseline 0.006 -24"><span class='ocrx_word' id='word_1_406' title='bbox 180 4317 467 4387; x_wconf 70' lang='grc' dir='ltr'>ἄρχοντας.</span> <span class='ocrx_word' id='word_1_407' title='bbox 503 4315 631 4378; x_wconf 81' lang='grc' dir='ltr'>τοὺς</span> <span class='ocrx_word' id='word_1_408' title='bbox 658 4315 764 4368; x_wconf 82' lang='grc' dir='ltr'><strong>ὑπὸ</strong></span> <span class='ocrx_word' id='word_1_409' title='bbox 791 4316 886 4369; x_wconf 82' lang='grc' dir='ltr'>τοῦ</span> <span class='ocrx_word' id='word_1_410' title='bbox 913 4316 1048 4369; x_wconf 82' lang='grc' dir='ltr'>Θεοῦ</span> <span class='ocrx_word' id='word_1_411' title='bbox 1078 4318 1137 4371; x_wconf 80' lang='grc' dir='ltr'>τὸ</span> <span class='ocrx_word' id='word_1_412' title='bbox 1163 4319 1349 4390; x_wconf 81' lang='grc' dir='ltr'>ἄρχειν</span> <span class='ocrx_word' id='word_1_413' title='bbox 1373 4321 1652 4393; x_wconf 71' lang='grc' dir='ltr'>εἰληχότας</span> <span class='ocrx_word' id='word_1_414' title='bbox 1672 4325 1718 4358; x_wconf 82' lang='grc'><strong>’⁷³</strong></span> <span class='ocrx_word' id='word_1_415' title='bbox 1736 4342 1750 4359; x_wconf 74' lang='grc'><strong>⁸</strong></span> 
     </span>
    </p>
   </div>
   <div class='ocr_carea' id='block_1_59' title="bbox 176 4409 1753 4486">
    <p class='ocr_par' dir='ltr' id='par_1_59' title="bbox 176 4409 1753 4486">
     <span class='ocr_line' id='line_1_59' title="bbox 176 4409 1753 4486; baseline 0.005 -22"><span class='ocrx_word' id='word_1_416' title='bbox 176 4409 632 4477; x_wconf 67' lang='grc' dir='ltr'>ἀναδενδράδας</span> <span class='ocrx_word' id='word_1_417' title='bbox 676 4409 796 4462; x_wconf 55' lang='grc' dir='ltr'><strong>δὲ’*</strong></span> <span class='ocrx_word' id='word_1_418' title='bbox 833 4411 930 4473; x_wconf 85' lang='grc' dir='ltr'>τὰς</span> <span class='ocrx_word' id='word_1_419' title='bbox 976 4412 1201 4481; x_wconf 78' lang='grc' dir='ltr'>κέδρους</span> <span class='ocrx_word' id='word_1_420' title='bbox 1245 4417 1753 4486; x_wconf 72' lang='grc' dir='ltr'>συγκαλυπτούσας,</span> 
     </span>
    </p>
   </div>
   <div class='ocr_carea' id='block_1_60' title="bbox 177 4500 1756 4577">
    <p class='ocr_par' dir='ltr' id='par_1_60' title="bbox 177 4500 1756 4577">
     <span class='ocr_line' id='line_1_60' title="bbox 177 4500 1756 4577; baseline 0.008 -24"><span class='ocrx_word' id='word_1_421' title='bbox 177 4503 271 4572; x_wconf 82' lang='grc' dir='ltr'>τὴν</span> <span class='ocrx_word' id='word_1_422' title='bbox 303 4500 706 4571; x_wconf 82' lang='grc' dir='ltr'>Ἰσραηλιτικὴν</span> <span class='ocrx_word' id='word_1_423' title='bbox 742 4500 1019 4570; x_wconf 81' lang='grc' dir='ltr'>βασιλείαν</span> <span class='ocrx_word' id='word_1_424' title='bbox 1047 4507 1521 4577; x_wconf 78' lang='grc' dir='ltr'>περιφανεστέραν</span> <span class='ocrx_word' id='word_1_425' title='bbox 1552 4509 1756 4566; x_wconf 88' lang='grc' dir='ltr'>τούτων</span> 
     </span>
    </p>
   </div>
   <div class='ocr_carea' id='block_1_61' title="bbox 178 4593 1753 4670">
    <p class='ocr_par' dir='ltr' id='par_1_61' title="bbox 178 4593 1753 4670">
     <span class='ocr_line' id='line_1_61' title="bbox 178 4593 1753 4670; baseline 0.004 -22"><span class='ocrx_word' id='word_1_426' title='bbox 178 4594 574 4665; x_wconf 80' lang='grc' dir='ltr'>γεγενημένην.</span> <span class='ocrx_word' id='word_1_427' title='bbox 610 4593 779 4647; x_wconf 82' lang='grc' dir='ltr'>Τοῦτο</span> <span class='ocrx_word' id='word_1_428' title='bbox 804 4595 858 4647; x_wconf 89' lang='grc' dir='ltr'>δὲ</span> <span class='ocrx_word' id='word_1_429' title='bbox 890 4596 983 4648; x_wconf 75' lang='grc' dir='ltr'>καὶ</span> <span class='ocrx_word' id='word_1_430' title='bbox 1014 4596 1105 4648; x_wconf 69' lang='grc' dir='ltr'><strong>ἐπὶ</strong></span> <span class='ocrx_word' id='word_1_431' title='bbox 1142 4597 1243 4651; x_wconf 77' lang='grc' dir='ltr'>τοῦ</span> <span class='ocrx_word' id='word_1_432' title='bbox 1266 4601 1534 4670; x_wconf 78' lang='grc' dir='ltr'>μακαρίου</span> <span class='ocrx_word' id='word_1_433' title='bbox 1568 4602 1753 4668; x_wconf 75' lang='grc' dir='ltr'>Δαϐὶδ,</span> 
     </span>
    </p>
   </div>
   <div class='ocr_carea' id='block_1_62' title="bbox 180 4686 1754 4765">
    <p class='ocr_par' dir='ltr' id='par_1_62' title="bbox 180 4686 1754 4765">
     <span class='ocr_line' id='line_1_62' title="bbox 180 4686 1754 4765; baseline 0.006 -25"><span class='ocrx_word' id='word_1_434' title='bbox 180 4689 271 4741; x_wconf 66' lang='grc' dir='ltr'>καὶ</span> <span class='ocrx_word' id='word_1_435' title='bbox 305 4687 404 4739; x_wconf 82' lang='grc' dir='ltr'>ὲπί</span> <span class='ocrx_word' id='word_1_436' title='bbox 433 4686 530 4738; x_wconf 83' lang='grc' dir='ltr'>τοῦ</span> <span class='ocrx_word' id='word_1_437' title='bbox 564 4686 931 4757; x_wconf 54' lang='grc' dir='ltr'>ὣλομῶντος,</span> <span class='ocrx_word' id='word_1_438' title='bbox 976 4689 1380 4761; x_wconf 78' lang='grc' dir='ltr'>μεμαθήκαμεν</span> <span class='ocrx_word' id='word_1_439' title='bbox 1406 4695 1754 4765; x_wconf 80' lang='grc' dir='ltr'>γεγενῆσθαι.</span> 
     </span>
    </p>
   </div>
   <div class='ocr_carea' id='block_1_63' title="bbox 187 4778 1757 4856">
    <p class='ocr_par' dir='ltr' id='par_1_63' title="bbox 187 4778 1757 4856">
     <span class='ocr_line' id='line_1_63' title="bbox 187 4778 1757 4856; baseline 0.004 -21"><span class='ocrx_word' id='word_1_440' title='bbox 187 4782 247 4835; x_wconf 86' lang='grc' dir='ltr'><strong>Ὁ</strong></span> <span class='ocrx_word' id='word_1_441' title='bbox 280 4782 383 4851; x_wconf 76' lang='grc' dir='ltr'>μὲν</span> <span class='ocrx_word' id='word_1_442' title='bbox 412 4781 522 4850; x_wconf 79' lang='grc' dir='ltr'>γὰρ</span> <span class='ocrx_word' id='word_1_443' title='bbox 553 4778 623 4851; x_wconf 80' lang='grc'><strong>[⁷⁸</strong></span> <span class='ocrx_word' id='word_1_444' title='bbox 642 4780 838 4851; x_wconf 78' lang='grc' dir='ltr'>μέγας]</span> <span class='ocrx_word' id='word_1_445' title='bbox 874 4781 1037 4834; x_wconf 70' lang='grc' dir='ltr'>Δαϐὶδ</span> <span class='ocrx_word' id='word_1_446' title='bbox 1066 4783 1126 4834; x_wconf 88' lang='grc' dir='ltr'><strong>ού</strong></span> <span class='ocrx_word' id='word_1_447' title='bbox 1153 4784 1311 4853; x_wconf 83' lang='grc' dir='ltr'>μόνον</span> <span class='ocrx_word' id='word_1_448' title='bbox 1331 4787 1482 4856; x_wconf 85' lang='grc' dir='ltr'><strong>παρά</strong></span> <span class='ocrx_word' id='word_1_449' title='bbox 1507 4788 1614 4840; x_wconf 83' lang='grc' dir='ltr'><strong>τῶν</strong></span> <span class='ocrx_word' id='word_1_450' title='bbox 1642 4789 1757 4842; x_wconf 81' lang='grc' dir='ltr'>Ἀλ-</span> 
     </span>
    </p>
   </div>
   <div class='ocr_carea' id='block_1_64' title="bbox 180 4870 1757 4946">
    <p class='ocr_par' dir='ltr' id='par_1_64' title="bbox 180 4870 1757 4946">
     <span class='ocr_line' id='line_1_64' title="bbox 180 4870 1757 4946; baseline 0.007 -23"><span class='ocrx_word' id='word_1_451' title='bbox 180 4870 449 4938; x_wconf 62' lang='grc' dir='ltr'>ὶοῃύλων,</span> <span class='ocrx_word' id='word_1_452' title='bbox 503 4870 600 4923; x_wconf 73' lang='grc' dir='ltr'><strong>καὶ</strong></span> <span class='ocrx_word' id='word_1_453' title='bbox 645 4870 1044 4940; x_wconf 63' lang='grc' dir='ltr'>Ἰδουμαίωνη,</span> <span class='ocrx_word' id='word_1_454' title='bbox 1094 4874 1187 4926; x_wconf 80' lang='grc' dir='ltr'>καὶ</span> <span class='ocrx_word' id='word_1_455' title='bbox 1242 4876 1609 4946; x_wconf 71' lang='grc' dir='ltr'>Ἀμμανιτῶν,</span> <span class='ocrx_word' id='word_1_456' title='bbox 1661 4880 1757 4933; x_wconf 77' lang='grc' dir='ltr'><strong>καὶ</strong></span> 
     </span>
    </p>
   </div>
   <div class='ocr_carea' id='block_1_65' title="bbox 182 4962 1755 5042">
    <p class='ocr_par' dir='ltr' id='par_1_65' title="bbox 182 4962 1755 5042">
     <span class='ocr_line' id='line_1_65' title="bbox 182 4962 1755 5042; baseline 0.006 -26"><span class='ocrx_word' id='word_1_457' title='bbox 182 4962 513 5023; x_wconf 69' lang='grc' dir='ltr'>Μωαϐιτῶν.</span> <span class='ocrx_word' id='word_1_458' title='bbox 550 4962 688 5016; x_wconf 89' lang='grc' dir='ltr'><strong>ἀλλά</strong></span> <span class='ocrx_word' id='word_1_459' title='bbox 718 4964 811 5015; x_wconf 74' lang='grc' dir='ltr'><strong>καὶ</strong></span> <span class='ocrx_word' id='word_1_460' title='bbox 839 4963 990 5032; x_wconf 75' lang='grc' dir='ltr'>παρὰ</span> <span class='ocrx_word' id='word_1_461' title='bbox 1018 4963 1203 5033; x_wconf 81' lang='grc' dir='ltr'>Σύρων</span> <span class='ocrx_word' id='word_1_462' title='bbox 1227 4967 1525 5039; x_wconf 81' lang='grc' dir='ltr'>ἑκατέρων,</span> <span class='ocrx_word' id='word_1_463' title='bbox 1552 4972 1755 5042; x_wconf 81' lang='grc' dir='ltr'>δασμὸν</span> 
     </span>
    </p>
   </div>
   <div class='ocr_carea' id='block_1_66' title="bbox 1857 1915 3417 1996">
    <p class='ocr_par' dir='ltr' id='par_1_66' title="bbox 1857 1915 3417 1996">
     <span class='ocr_line' id='line_1_66' title="bbox 1857 1915 3417 1996; baseline 0.007 -29"><span class='ocrx_word' id='word_1_464' title='bbox 1857 1915 2093 1984; x_wconf 85' lang='lat' dir='ltr'><strong>populus</strong></span> <span class='ocrx_word' id='word_1_465' title='bbox 2122 1926 2396 1985; x_wconf 81' lang='lat' dir='ltr'><strong>precatur,</strong></span> <span class='ocrx_word' id='word_1_466' title='bbox 2432 1918 2573 1973; x_wconf 82' lang='lat' dir='ltr'><strong>idem</strong></span> <span class='ocrx_word' id='word_1_467' title='bbox 2606 1934 2735 1974; x_wconf 89' lang='lat' dir='ltr'><strong>vero</strong></span> <span class='ocrx_word' id='word_1_468' title='bbox 2778 1921 2944 1975; x_wconf 86' lang='lat' dir='ltr'><strong>etiam</strong></span> <span class='ocrx_word' id='word_1_469' title='bbox 2979 1933 3168 1991; x_wconf 82' lang='lat' dir='ltr'><strong>gentes</strong></span> <span class='ocrx_word' id='word_1_470' title='bbox 3203 1935 3417 1996; x_wconf 82' lang='lat' dir='ltr'><strong>rogant,</strong></span> 
     </span>
    </p>
   </div>
   <div class='ocr_carea' id='block_1_67' title="bbox 1858 2010 3421 2088">
    <p class='ocr_par' dir='ltr' id='par_1_67' title="bbox 1858 2010 3421 2088">
     <span class='ocr_line' id='line_1_67' title="bbox 1858 2010 3421 2088; baseline 0.007 -27"><span class='ocrx_word' id='word_1_471' title='bbox 1858 2010 2254 2077; x_wconf 88' lang='lat' dir='ltr'><strong>apparitionem</strong></span> <span class='ocrx_word' id='word_1_472' title='bbox 2292 2011 2535 2065; x_wconf 88' lang='lat' dir='ltr'><strong>dicentes</strong></span> <span class='ocrx_word' id='word_1_473' title='bbox 2565 2011 2861 2066; x_wconf 79' lang='lat' dir='ltr'><strong>adventum</strong></span> <span class='ocrx_word' id='word_1_474' title='bbox 2898 2014 2950 2066; x_wconf 89' lang='lat' dir='ltr'><strong>in</strong></span> <span class='ocrx_word' id='word_1_475' title='bbox 2978 2015 3189 2088; x_wconf 88' lang='lat' dir='ltr'><strong>carne.]</strong></span> <span class='ocrx_word' id='word_1_476' title='bbox 3223 2016 3421 2072; x_wconf 86' lang='lat' dir='ltr'><strong>Potens</strong></span> 
     </span>
    </p>
   </div>
   <div class='ocr_carea' id='block_1_68' title="bbox 1850 2103 3417 2179">
    <p class='ocr_par' dir='ltr' id='par_1_68' title="bbox 1850 2103 3417 2179">
     <span class='ocr_line' id='line_1_68' title="bbox 1850 2103 3417 2179; baseline 0.006 -22"><span class='ocrx_word' id='word_1_477' title='bbox 1850 2103 1995 2157; x_wconf 89' lang='lat' dir='ltr'><strong>enim</strong></span> <span class='ocrx_word' id='word_1_478' title='bbox 2015 2117 2097 2166; x_wconf 94' lang='lat' dir='ltr'><strong>es,</strong></span> <span class='ocrx_word' id='word_1_479' title='bbox 2123 2111 2176 2156; x_wconf 90' lang='lat' dir='ltr'><strong>et</strong></span> <span class='ocrx_word' id='word_1_480' title='bbox 2195 2103 2556 2173; x_wconf 89' lang='lat' dir='ltr'><strong>potentiarum</strong></span> <span class='ocrx_word' id='word_1_481' title='bbox 2589 2103 2871 2160; x_wconf 91' lang='lat' dir='ltr'><strong>Dominus.</strong></span> <span class='ocrx_word' id='word_1_482' title='bbox 2894 2104 3018 2178; x_wconf 82' lang='lat' dir='ltr'><strong>[Qui</strong></span> <span class='ocrx_word' id='word_1_483' title='bbox 3043 2116 3173 2163; x_wconf 85' lang='lat' dir='ltr'><strong>tunc</strong></span> <span class='ocrx_word' id='word_1_484' title='bbox 3200 2110 3417 2179; x_wconf 88' lang='lat' dir='ltr'><strong>quidem</strong></span> 
     </span>
    </p>
   </div>
   <div class='ocr_carea' id='block_1_69' title="bbox 1852 2193 3421 2271">
    <p class='ocr_par' dir='ltr' id='par_1_69' title="bbox 1852 2193 3421 2271">
     <span class='ocr_line' id='line_1_69' title="bbox 1852 2193 3421 2271; baseline 0.006 -24"><span class='ocrx_word' id='word_1_485' title='bbox 1852 2193 2114 2248; x_wconf 87' lang='lat' dir='ltr'><strong>invisibili</strong></span> <span class='ocrx_word' id='word_1_486' title='bbox 2165 2196 2329 2249; x_wconf 91' lang='lat' dir='ltr'><strong>modo</strong></span> <span class='ocrx_word' id='word_1_487' title='bbox 2365 2194 2485 2251; x_wconf 89' lang='lat' dir='ltr'><strong>illos</strong></span> <span class='ocrx_word' id='word_1_488' title='bbox 2513 2212 2544 2250; x_wconf 89' lang='lat' dir='ltr'><strong>e</strong></span> <span class='ocrx_word' id='word_1_489' title='bbox 2577 2196 2892 2266; x_wconf 83' lang='lat' dir='ltr'><strong>captivitate</strong></span> <span class='ocrx_word' id='word_1_490' title='bbox 2931 2198 3191 2265; x_wconf 87' lang='lat' dir='ltr'><strong>evocasti,</strong></span> <span class='ocrx_word' id='word_1_491' title='bbox 3234 2209 3421 2271; x_wconf 77' lang='lat' dir='ltr'><strong>gentes</strong></span> 
     </span>
    </p>
   </div>
   <div class='ocr_carea' id='block_1_70' title="bbox 1851 2288 3418 2363">
    <p class='ocr_par' dir='ltr' id='par_1_70' title="bbox 1851 2288 3418 2363">
     <span class='ocr_line' id='line_1_70' title="bbox 1851 2288 3418 2363; baseline 0.006 -23"><span class='ocrx_word' id='word_1_492' title='bbox 1851 2298 2033 2342; x_wconf 90' lang='lat' dir='ltr'><strong>autem</strong></span> <span class='ocrx_word' id='word_1_493' title='bbox 2066 2288 2371 2343; x_wconf 67' lang='lat' dir='ltr'><strong>oeconomia</strong></span> <span class='ocrx_word' id='word_1_494' title='bbox 2403 2296 2494 2343; x_wconf 88' lang='lat' dir='ltr'><strong>tua</strong></span> <span class='ocrx_word' id='word_1_495' title='bbox 2531 2288 2800 2363; x_wconf 87' lang='lat' dir='ltr'><strong>salvasti.]</strong></span> <span class='ocrx_word' id='word_1_496' title='bbox 2843 2289 3047 2346; x_wconf 87' lang='lat' dir='ltr'><strong>Deinde</strong></span> <span class='ocrx_word' id='word_1_497' title='bbox 3069 2292 3294 2363; x_wconf 87' lang='lat' dir='ltr'><strong>antiqua</strong></span> <span class='ocrx_word' id='word_1_498' title='bbox 3323 2294 3418 2350; x_wconf 89' lang='lat' dir='ltr'><strong>be-</strong></span> 
     </span>
    </p>
   </div>
   <div class='ocr_carea' id='block_1_71' title="bbox 1849 2382 3421 2458">
    <p class='ocr_par' dir='ltr' id='par_1_71' title="bbox 1849 2382 3421 2458">
     <span class='ocr_line' id='line_1_71' title="bbox 1849 2382 3421 2458; baseline 0.006 -24"><span class='ocrx_word' id='word_1_499' title='bbox 1849 2382 2044 2436; x_wconf 83' lang='lat' dir='ltr'><strong>nelicia</strong></span> <span class='ocrx_word' id='word_1_500' title='bbox 2086 2384 2463 2453; x_wconf 89' lang='lat' dir='ltr'><strong>persequitur,</strong></span> <span class='ocrx_word' id='word_1_501' title='bbox 2521 2383 2817 2439; x_wconf 83' lang='lat' dir='ltr'><strong>obsecrans</strong></span> <span class='ocrx_word' id='word_1_502' title='bbox 2865 2394 2925 2437; x_wconf 91' lang='lat' dir='ltr'><strong>ut</strong></span> <span class='ocrx_word' id='word_1_503' title='bbox 2963 2384 3211 2441; x_wconf 89' lang='lat' dir='ltr'><strong>eamdem</strong></span> <span class='ocrx_word' id='word_1_504' title='bbox 3261 2402 3421 2458; x_wconf 89' lang='lat' dir='ltr'><strong>opem</strong></span> 
     </span>
    </p>
   </div>
   <div class='ocr_carea' id='block_1_72' title="bbox 1850 2484 2241 2544">
    <p class='ocr_par' dir='ltr' id='par_1_72' title="bbox 1850 2484 2241 2544">
     <span class='ocr_line' id='line_1_72' title="bbox 1850 2484 2241 2544; baseline 0.003 -17"><span class='ocrx_word' id='word_1_505' title='bbox 1850 2484 2241 2544; x_wconf 90' lang='lat' dir='ltr'><strong>consequatur.</strong></span> 
     </span>
    </p>
   </div>
   <div class='ocr_carea' id='block_1_73' title="bbox 1939 2608 3420 2687">
    <p class='ocr_par' dir='ltr' id='par_1_73' title="bbox 1939 2608 3420 2687">
     <span class='ocr_line' id='line_1_73' title="bbox 1939 2608 3420 2687; baseline 0.006 -24"><span class='ocrx_word' id='word_1_506' title='bbox 1939 2611 2103 2664; x_wconf 74' lang='lat' dir='ltr'><strong>Vens.</strong></span> <span class='ocrx_word' id='word_1_507' title='bbox 2148 2608 2201 2673; x_wconf 91' lang='lat'><strong>9,</strong></span> <span class='ocrx_word' id='word_1_508' title='bbox 2240 2608 2327 2664; x_wconf 76' lang='lat'><strong>10.</strong></span> <span class='ocrx_word' id='word_1_509' title='bbox 2379 2628 2396 2660; x_wconf 80' lang='grc' dir='ltr'><strong>ι</strong></span> <span class='ocrx_word' id='word_1_510' title='bbox 2448 2610 2623 2666; x_wconf 77' lang='lat' dir='ltr'><strong>Vitem</strong></span> <span class='ocrx_word' id='word_1_511' title='bbox 2667 2630 2731 2668; x_wconf 81' lang='lat' dir='ltr'><strong>ex</strong></span> <span class='ocrx_word' id='word_1_512' title='bbox 2780 2612 3014 2687; x_wconf 59' lang='lat' dir='ltr'><strong>(Egypto</strong></span> <span class='ocrx_word' id='word_1_513' title='bbox 3048 2616 3368 2673; x_wconf 89' lang='lat' dir='ltr'><strong>transtulisti</strong></span> <span class='ocrx_word' id='word_1_514' title='bbox 3406 2634 3420 2672; x_wconf 91' lang='lat'>:</span> 
     </span>
    </p>
   </div>
   <div class='ocr_carea' id='block_1_74' title="bbox 1854 2705 3423 2777">
    <p class='ocr_par' dir='ltr' id='par_1_74' title="bbox 1854 2705 3423 2777">
     <span class='ocr_line' id='line_1_74' title="bbox 1854 2705 3423 2777; baseline 0.002 -14"><span class='ocrx_word' id='word_1_515' title='bbox 1854 2705 2064 2777; x_wconf 85' lang='lat' dir='ltr'><strong>ejecisti</strong></span> <span class='ocrx_word' id='word_1_516' title='bbox 2094 2712 2304 2774; x_wconf 87' lang='lat' dir='ltr'><strong>gentes,</strong></span> <span class='ocrx_word' id='word_1_517' title='bbox 2335 2713 2389 2758; x_wconf 89' lang='lat' dir='ltr'><strong>et</strong></span> <span class='ocrx_word' id='word_1_518' title='bbox 2418 2705 2675 2774; x_wconf 85' lang='lat' dir='ltr'><strong>plantasti</strong></span> <span class='ocrx_word' id='word_1_519' title='bbox 2705 2722 2847 2762; x_wconf 91' lang='lat' dir='ltr'><strong>eam.</strong></span> <span class='ocrx_word' id='word_1_520' title='bbox 2879 2708 2999 2763; x_wconf 77' lang='lat' dir='ltr'><strong>Dux</strong></span> <span class='ocrx_word' id='word_1_521' title='bbox 3030 2709 3240 2766; x_wconf 90' lang='lat' dir='ltr'><strong>itineris</strong></span> <span class='ocrx_word' id='word_1_522' title='bbox 3270 2710 3423 2766; x_wconf 79' lang='lat' dir='ltr'><strong>fuisti</strong></span> 
     </span>
    </p>
   </div>
   <div class='ocr_carea' id='block_1_75' title="bbox 1855 2794 3427 2872">
    <p class='ocr_par' dir='ltr' id='par_1_75' title="bbox 1855 2794 3427 2872">
     <span class='ocr_line' id='line_1_75' title="bbox 1855 2794 3427 2872; baseline 0.004 -22"><span class='ocrx_word' id='word_1_523' title='bbox 1855 2796 1909 2851; x_wconf 90' lang='lat' dir='ltr'><strong>in</strong></span> <span class='ocrx_word' id='word_1_524' title='bbox 1946 2802 2243 2865; x_wconf 89' lang='lat' dir='ltr'><strong>conspectu</strong></span> <span class='ocrx_word' id='word_1_525' title='bbox 2264 2794 2384 2864; x_wconf 85' lang='lat' dir='ltr'><strong>ejus</strong></span> <span class='ocrx_word' id='word_1_526' title='bbox 2411 2813 2423 2848; x_wconf 93' lang='lat'><strong>:</strong></span> <span class='ocrx_word' id='word_1_527' title='bbox 2462 2795 2716 2866; x_wconf 87' lang='lat' dir='ltr'><strong>plantasti</strong></span> <span class='ocrx_word' id='word_1_528' title='bbox 2747 2798 2959 2854; x_wconf 89' lang='lat' dir='ltr'><strong>radices</strong></span> <span class='ocrx_word' id='word_1_529' title='bbox 2987 2799 3128 2870; x_wconf 86' lang='lat' dir='ltr'><strong>ejus,</strong></span> <span class='ocrx_word' id='word_1_530' title='bbox 3155 2810 3207 2855; x_wconf 89' lang='lat' dir='ltr'><strong>et</strong></span> <span class='ocrx_word' id='word_1_531' title='bbox 3236 2801 3427 2872; x_wconf 82' lang='lat' dir='ltr'><strong>imple-</strong></span> 
     </span>
    </p>
   </div>
   <div class='ocr_carea' id='block_1_76' title="bbox 1852 2890 3423 2969">
    <p class='ocr_par' dir='ltr' id='par_1_76' title="bbox 1852 2890 3423 2969">
     <span class='ocr_line' id='line_1_76' title="bbox 1852 2890 3423 2969; baseline 0.004 -23"><span class='ocrx_word' id='word_1_532' title='bbox 1852 2892 1932 2947; x_wconf 88' lang='lat' dir='ltr'><strong>vit</strong></span> <span class='ocrx_word' id='word_1_533' title='bbox 1983 2902 2205 2947; x_wconf 87' lang='lat' dir='ltr'><strong>terram.</strong></span> <span class='ocrx_word' id='word_1_534' title='bbox 2244 2910 2263 2942; x_wconf 76' lang='grc' dir='ltr'><strong>ι</strong></span> <span class='ocrx_word' id='word_1_535' title='bbox 2299 2890 2407 2958; x_wconf 88' lang='grc' dir='ltr'>Τυ,</span> <span class='ocrx_word' id='word_1_536' title='bbox 2447 2892 2695 2959; x_wconf 91' lang='lat' dir='ltr'><strong>Domine,</strong></span> <span class='ocrx_word' id='word_1_537' title='bbox 2748 2895 3011 2964; x_wconf 89' lang='lat' dir='ltr'><strong>injustum</strong></span> <span class='ocrx_word' id='word_1_538' title='bbox 3044 2898 3423 2969; x_wconf 70' lang='lat' dir='ltr'><strong>Aigyptiorum</strong></span> 
     </span>
    </p>
   </div>
   <div class='ocr_carea' id='block_1_77' title="bbox 1852 2982 3423 3056">
    <p class='ocr_par' dir='ltr' id='par_1_77' title="bbox 1852 2982 3423 3056">
     <span class='ocr_line' id='line_1_77' title="bbox 1852 2982 3423 3056; baseline 0.003 -18"><span class='ocrx_word' id='word_1_539' title='bbox 1852 2982 2190 3038; x_wconf 86' lang='lat' dir='ltr'><strong>dominatum</strong></span> <span class='ocrx_word' id='word_1_540' title='bbox 2223 2982 2492 3046; x_wconf 86' lang='lat' dir='ltr'><strong>evertisti,</strong></span> <span class='ocrx_word' id='word_1_541' title='bbox 2524 2992 2578 3037; x_wconf 90' lang='lat' dir='ltr'><strong>tu</strong></span> <span class='ocrx_word' id='word_1_542' title='bbox 2612 2982 3044 3040; x_wconf 72' lang='lat' dir='ltr'><strong>Chananamrum</strong></span> <span class='ocrx_word' id='word_1_543' title='bbox 3076 2996 3264 3056; x_wconf 90' lang='lat' dir='ltr'><strong>gentes</strong></span> <span class='ocrx_word' id='word_1_544' title='bbox 3300 3004 3423 3042; x_wconf 88' lang='lat' dir='ltr'><strong>om-</strong></span> 
     </span>
    </p>
   </div>
   <div class='ocr_carea' id='block_1_78' title="bbox 1856 3076 3420 3146">
    <p class='ocr_par' dir='ltr' id='par_1_78' title="bbox 1856 3076 3420 3146">
     <span class='ocr_line' id='line_1_78' title="bbox 1856 3076 3420 3146; baseline 0.004 -16"><span class='ocrx_word' id='word_1_545' title='bbox 1856 3076 1988 3130; x_wconf 89' lang='lat' dir='ltr'><strong>nino</strong></span> <span class='ocrx_word' id='word_1_546' title='bbox 2015 3076 2297 3142; x_wconf 88' lang='lat' dir='ltr'><strong>delevisti;</strong></span> <span class='ocrx_word' id='word_1_547' title='bbox 2331 3091 2567 3145; x_wconf 84' lang='lat' dir='ltr'><strong>cumque</strong></span> <span class='ocrx_word' id='word_1_548' title='bbox 2597 3077 2855 3146; x_wconf 89' lang='lat' dir='ltr'><strong>populum</strong></span> <span class='ocrx_word' id='word_1_549' title='bbox 2887 3088 3038 3134; x_wconf 91' lang='lat' dir='ltr'><strong>tuum</strong></span> <span class='ocrx_word' id='word_1_550' title='bbox 3076 3082 3223 3136; x_wconf 85' lang='lat' dir='ltr'><strong>velut</strong></span> <span class='ocrx_word' id='word_1_551' title='bbox 3256 3082 3420 3137; x_wconf 81' lang='lat' dir='ltr'><strong>vitent</strong></span> 
     </span>
    </p>
   </div>
   <div class='ocr_carea' id='block_1_79' title="bbox 1852 3164 3425 3240">
    <p class='ocr_par' dir='ltr' id='par_1_79' title="bbox 1852 3164 3425 3240">
     <span class='ocr_line' id='line_1_79' title="bbox 1852 3164 3425 3240; baseline 0.006 -20"><span class='ocrx_word' id='word_1_552' title='bbox 1852 3181 1921 3220; x_wconf 84' lang='lat' dir='ltr'><strong>ex</strong></span> <span class='ocrx_word' id='word_1_553' title='bbox 1976 3164 2212 3237; x_wconf 65' lang='lat' dir='ltr'><strong>Egypto</strong></span> <span class='ocrx_word' id='word_1_554' title='bbox 2253 3166 2661 3232; x_wconf 81' lang='lat' dir='ltr'><strong>transtulisses,</strong></span> <span class='ocrx_word' id='word_1_555' title='bbox 2705 3183 3033 3240; x_wconf 85' lang='lat' dir='ltr'><strong>omnemque</strong></span> <span class='ocrx_word' id='word_1_556' title='bbox 3087 3183 3425 3229; x_wconf 85' lang='lat' dir='ltr'><strong>commeatus</strong></span> 
     </span>
    </p>
   </div>
   <div class='ocr_carea' id='block_1_80' title="bbox 1852 3260 3424 3331">
    <p class='ocr_par' dir='ltr' id='par_1_80' title="bbox 1852 3260 3424 3331">
     <span class='ocr_line' id='line_1_80' title="bbox 1852 3260 3424 3331; baseline 0.004 -16"><span class='ocrx_word' id='word_1_557' title='bbox 1852 3262 2066 3330; x_wconf 87' lang='lat' dir='ltr'><strong>copiam</strong></span> <span class='ocrx_word' id='word_1_558' title='bbox 2098 3261 2299 3331; x_wconf 87' lang='lat' dir='ltr'><strong>pariter</strong></span> <span class='ocrx_word' id='word_1_559' title='bbox 2321 3260 2549 3331; x_wconf 85' lang='lat' dir='ltr'><strong>largitus</strong></span> <span class='ocrx_word' id='word_1_560' title='bbox 2569 3275 2738 3327; x_wconf 83' lang='lat' dir='ltr'><strong>esses,</strong></span> <span class='ocrx_word' id='word_1_561' title='bbox 2771 3260 2825 3317; x_wconf 91' lang='lat' dir='ltr'><strong>in</strong></span> <span class='ocrx_word' id='word_1_562' title='bbox 2856 3261 3286 3321; x_wconf 69' lang='lat' dir='ltr'><strong>Chananzeorum</strong></span> <span class='ocrx_word' id='word_1_563' title='bbox 3313 3274 3424 3322; x_wconf 81' lang='lat' dir='ltr'><strong>ter-</strong></span> 
     </span>
    </p>
   </div>
   <div class='ocr_carea' id='block_1_81' title="bbox 1853 3353 2658 3424">
    <p class='ocr_par' dir='ltr' id='par_1_81' title="bbox 1853 3353 2658 3424">
     <span class='ocr_line' id='line_1_81' title="bbox 1853 3353 2658 3424; baseline 0.002 -18"><span class='ocrx_word' id='word_1_564' title='bbox 1853 3368 1969 3406; x_wconf 88' lang='lat' dir='ltr'><strong>ram</strong></span> <span class='ocrx_word' id='word_1_565' title='bbox 2006 3353 2181 3423; x_wconf 89' lang='lat' dir='ltr'><strong>ipsum</strong></span> <span class='ocrx_word' id='word_1_566' title='bbox 2224 3353 2658 3424; x_wconf 85' lang='lat' dir='ltr'><strong>tranSplantasti.</strong></span> 
     </span>
    </p>
   </div>
   <div class='ocr_carea' id='block_1_82' title="bbox 1923 3576 3424 3657">
    <p class='ocr_par' dir='ltr' id='par_1_82' title="bbox 1923 3576 3424 3657">
     <span class='ocr_line' id='line_1_82' title="bbox 1923 3576 3424 3657; baseline 0.01 -26"><span class='ocrx_word' id='word_1_567' title='bbox 1923 3576 2092 3633; x_wconf 74' lang='lat' dir='ltr'><strong>Vens.</strong></span> <span class='ocrx_word' id='word_1_568' title='bbox 2116 3578 2294 3643; x_wconf 73' lang='lat'><strong>11,12.</strong></span> <span class='ocrx_word' id='word_1_569' title='bbox 2317 3596 2335 3630; x_wconf 80' lang='grc' dir='ltr'><strong>ι</strong></span> <span class='ocrx_word' id='word_1_570' title='bbox 2368 3576 2594 3649; x_wconf 92' lang='lat' dir='ltr'><strong>Operuit</strong></span> <span class='ocrx_word' id='word_1_571' title='bbox 2622 3588 2839 3638; x_wconf 90' lang='lat' dir='ltr'><strong>montes</strong></span> <span class='ocrx_word' id='word_1_572' title='bbox 2873 3584 3065 3641; x_wconf 86' lang='lat' dir='ltr'><strong>umbra</strong></span> <span class='ocrx_word' id='word_1_573' title='bbox 3092 3587 3230 3657; x_wconf 90' lang='lat' dir='ltr'><strong>ejus,</strong></span> <span class='ocrx_word' id='word_1_574' title='bbox 3254 3598 3309 3645; x_wconf 88' lang='lat' dir='ltr'><strong>et</strong></span> <span class='ocrx_word' id='word_1_575' title='bbox 3333 3606 3424 3646; x_wconf 85' lang='lat' dir='ltr'><strong>ar-</strong></span> 
     </span>
    </p>
   </div>
   <div class='ocr_carea' id='block_1_83' title="bbox 1853 3670 3425 3751">
    <p class='ocr_par' dir='ltr' id='par_1_83' title="bbox 1853 3670 3425 3751">
     <span class='ocr_line' id='line_1_83' title="bbox 1853 3670 3425 3751; baseline 0.008 -26"><span class='ocrx_word' id='word_1_576' title='bbox 1853 3670 2012 3726; x_wconf 83' lang='lat' dir='ltr'><strong>busta</strong></span> <span class='ocrx_word' id='word_1_577' title='bbox 2043 3670 2163 3740; x_wconf 90' lang='lat' dir='ltr'><strong>ejus</strong></span> <span class='ocrx_word' id='word_1_578' title='bbox 2198 3671 2391 3726; x_wconf 88' lang='lat' dir='ltr'><strong>cedros</strong></span> <span class='ocrx_word' id='word_1_579' title='bbox 2431 3670 2547 3726; x_wconf 90' lang='lat' dir='ltr'><strong>Dei.</strong></span> <span class='ocrx_word' id='word_1_580' title='bbox 2568 3670 3227 3745; x_wconf 75' lang='lat' dir='ltr'><strong>Extenditpalmitessuos</strong></span> <span class='ocrx_word' id='word_1_581' title='bbox 3251 3698 3425 3751; x_wconf 85' lang='lat' dir='ltr'><strong>usque</strong></span> 
     </span>
    </p>
   </div>
   <div class='ocr_carea' id='block_1_84' title="bbox 1855 3759 3422 3835">
    <p class='ocr_par' dir='ltr' id='par_1_84' title="bbox 1855 3759 3422 3835">
     <span class='ocr_line' id='line_1_84' title="bbox 1855 3759 3422 3835; baseline 0.009 -22"><span class='ocrx_word' id='word_1_582' title='bbox 1855 3761 1919 3814; x_wconf 89' lang='lat' dir='ltr'><strong>ad</strong></span> <span class='ocrx_word' id='word_1_583' title='bbox 1948 3776 2116 3821; x_wconf 83' lang='lat' dir='ltr'><strong>mare.</strong></span> <span class='ocrx_word' id='word_1_584' title='bbox 2138 3769 2191 3815; x_wconf 90' lang='lat' dir='ltr'><strong>et</strong></span> <span class='ocrx_word' id='word_1_585' title='bbox 2209 3774 2380 3828; x_wconf 82' lang='lat' dir='ltr'><strong>usque</strong></span> <span class='ocrx_word' id='word_1_586' title='bbox 2401 3761 2466 3815; x_wconf 90' lang='lat' dir='ltr'><strong>ad</strong></span> <span class='ocrx_word' id='word_1_587' title='bbox 2485 3759 2711 3816; x_wconf 85' lang='lat' dir='ltr'><strong>ﬂumina</strong></span> <span class='ocrx_word' id='word_1_588' title='bbox 2734 3765 3055 3835; x_wconf 79' lang='lat' dir='ltr'><strong>propagines</strong></span> <span class='ocrx_word' id='word_1_589' title='bbox 3075 3782 3223 3824; x_wconf 87' lang='lat' dir='ltr'><strong>suas.</strong></span> <span class='ocrx_word' id='word_1_590' title='bbox 3246 3788 3265 3822; x_wconf 74' lang='grc' dir='ltr'><strong>ι</strong></span> <span class='ocrx_word' id='word_1_591' title='bbox 3286 3770 3422 3827; x_wconf 90' lang='lat' dir='ltr'><strong>Cum</strong></span> 
     </span>
    </p>
   </div>
   <div class='ocr_carea' id='block_1_85' title="bbox 1855 3852 3424 3931">
    <p class='ocr_par' dir='ltr' id='par_1_85' title="bbox 1855 3852 3424 3931">
     <span class='ocr_line' id='line_1_85' title="bbox 1855 3852 3424 3931; baseline 0.008 -26"><span class='ocrx_word' id='word_1_592' title='bbox 1855 3868 1950 3921; x_wconf 91' lang='lat' dir='ltr'><strong>per</strong></span> <span class='ocrx_word' id='word_1_593' title='bbox 1966 3852 2378 3908; x_wconf 89' lang='lat' dir='ltr'><strong>translationem</strong></span> <span class='ocrx_word' id='word_1_594' title='bbox 2402 3853 2659 3922; x_wconf 90' lang='lat' dir='ltr'><strong>populum</strong></span> <span class='ocrx_word' id='word_1_595' title='bbox 2684 3855 3023 3911; x_wconf 87' lang='lat' dir='ltr'><strong>nominasset</strong></span> <span class='ocrx_word' id='word_1_596' title='bbox 3039 3858 3424 3931; x_wconf 87' lang='lat' dir='ltr'><strong>vitem,persti-</strong></span> 
     </span>
    </p>
   </div>
   <div class='ocr_carea' id='block_1_86' title="bbox 1857 3944 3426 4022">
    <p class='ocr_par' dir='ltr' id='par_1_86' title="bbox 1857 3944 3426 4022">
     <span class='ocr_line' id='line_1_86' title="bbox 1857 3944 3426 4022; baseline 0.006 -23"><span class='ocrx_word' id='word_1_597' title='bbox 1857 3947 1925 4000; x_wconf 86' lang='lat' dir='ltr'><strong>tit</strong></span> <span class='ocrx_word' id='word_1_598' title='bbox 1941 3947 1994 4001; x_wconf 91' lang='lat' dir='ltr'><strong>in</strong></span> <span class='ocrx_word' id='word_1_599' title='bbox 2022 3948 2275 4015; x_wconf 79' lang='lat' dir='ltr'><strong>ligura,et</strong></span> <span class='ocrx_word' id='word_1_600' title='bbox 2298 3956 2495 3999; x_wconf 77' lang='lat' dir='ltr'><strong>montes</strong></span> <span class='ocrx_word' id='word_1_601' title='bbox 2519 3944 2738 4015; x_wconf 89' lang='lat' dir='ltr'><strong>quidem</strong></span> <span class='ocrx_word' id='word_1_602' title='bbox 2755 3956 2912 4001; x_wconf 80' lang='lat' dir='ltr'><strong>vocat</strong></span> <span class='ocrx_word' id='word_1_603' title='bbox 2926 3948 3278 4006; x_wconf 81' lang='lat' dir='ltr'><strong>ﬁnitimarum</strong></span> <span class='ocrx_word' id='word_1_604' title='bbox 3296 3968 3426 4022; x_wconf 90' lang='lat' dir='ltr'><strong>gen-</strong></span> 
     </span>
    </p>
   </div>
   <div class='ocr_carea' id='block_1_87' title="bbox 1855 4039 3425 4110">
    <p class='ocr_par' dir='ltr' id='par_1_87' title="bbox 1855 4039 3425 4110">
     <span class='ocr_line' id='line_1_87' title="bbox 1855 4039 3425 4110; baseline 0.005 -16"><span class='ocrx_word' id='word_1_605' title='bbox 1855 4042 1994 4095; x_wconf 91' lang='lat' dir='ltr'><strong>tium</strong></span> <span class='ocrx_word' id='word_1_606' title='bbox 2028 4039 2217 4102; x_wconf 88' lang='lat' dir='ltr'><strong>robur,</strong></span> <span class='ocrx_word' id='word_1_607' title='bbox 2257 4040 2500 4093; x_wconf 77' lang='lat' dir='ltr'><strong>umbram</strong></span> <span class='ocrx_word' id='word_1_608' title='bbox 2530 4051 2660 4094; x_wconf 90' lang='lat' dir='ltr'><strong>vero</strong></span> <span class='ocrx_word' id='word_1_609' title='bbox 2683 4053 2806 4108; x_wconf 78' lang='lat' dir='ltr'><strong>quze</strong></span> <span class='ocrx_word' id='word_1_610' title='bbox 2835 4040 2935 4096; x_wconf 87' lang='lat' dir='ltr'><strong>hos</strong></span> <span class='ocrx_word' id='word_1_611' title='bbox 2968 4043 3163 4110; x_wconf 89' lang='lat' dir='ltr'><strong>operit,</strong></span> <span class='ocrx_word' id='word_1_612' title='bbox 3204 4045 3425 4102; x_wconf 86' lang='lat' dir='ltr'><strong>Israelis</strong></span> 
     </span>
    </p>
   </div>
   <div class='ocr_carea' id='block_1_88' title="bbox 1856 4130 3424 4204">
    <p class='ocr_par' dir='ltr' id='par_1_88' title="bbox 1856 4130 3424 4204">
     <span class='ocr_line' id='line_1_88' title="bbox 1856 4130 3424 4204; baseline 0.003 -16"><span class='ocrx_word' id='word_1_613' title='bbox 1856 4134 2153 4204; x_wconf 85' lang='lat' dir='ltr'><strong>potentiam</strong></span> <span class='ocrx_word' id='word_1_614' title='bbox 2215 4130 2429 4202; x_wconf 78' lang='lat'><strong>1175</strong></span> <span class='ocrx_word' id='word_1_615' title='bbox 2488 4130 2572 4185; x_wconf 77' lang='lat' dir='ltr'><strong>llis</strong></span> <span class='ocrx_word' id='word_1_616' title='bbox 2622 4130 2955 4200; x_wconf 87' lang='lat' dir='ltr'><strong>impositam,</strong></span> <span class='ocrx_word' id='word_1_617' title='bbox 3012 4136 3197 4190; x_wconf 73' lang='lat' dir='ltr'><strong>cedros</strong></span> <span class='ocrx_word' id='word_1_618' title='bbox 3244 4146 3424 4193; x_wconf 87' lang='lat' dir='ltr'><strong>autem</strong></span> 
     </span>
    </p>
   </div>
   <div class='ocr_carea' id='block_1_89' title="bbox 1856 4224 3423 4298">
    <p class='ocr_par' dir='ltr' id='par_1_89' title="bbox 1856 4224 3423 4298">
     <span class='ocr_line' id='line_1_89' title="bbox 1856 4224 3423 4298; baseline 0.004 -19"><span class='ocrx_word' id='word_1_619' title='bbox 1856 4227 1975 4290; x_wconf 81' lang='lat' dir='ltr'><strong>Dei,</strong></span> <span class='ocrx_word' id='word_1_620' title='bbox 2003 4226 2263 4283; x_wconf 89' lang='lat' dir='ltr'><strong>sublimes</strong></span> <span class='ocrx_word' id='word_1_621' title='bbox 2293 4224 2592 4295; x_wconf 87' lang='lat' dir='ltr'><strong>principes,</strong></span> <span class='ocrx_word' id='word_1_622' title='bbox 2623 4224 2716 4293; x_wconf 89' lang='lat' dir='ltr'><strong>qui</strong></span> <span class='ocrx_word' id='word_1_623' title='bbox 2751 4240 2783 4279; x_wconf 87' lang='lat' dir='ltr'><strong>a</strong></span> <span class='ocrx_word' id='word_1_624' title='bbox 2824 4224 2935 4281; x_wconf 91' lang='lat' dir='ltr'><strong>Deo</strong></span> <span class='ocrx_word' id='word_1_625' title='bbox 2982 4226 3271 4298; x_wconf 89' lang='lat' dir='ltr'><strong>imperium</strong></span> <span class='ocrx_word' id='word_1_626' title='bbox 3300 4246 3423 4286; x_wconf 85' lang='lat' dir='ltr'><strong>sor-</strong></span> 
     </span>
    </p>
   </div>
   <div class='ocr_carea' id='block_1_90' title="bbox 1855 4318 3425 4389">
    <p class='ocr_par' dir='ltr' id='par_1_90' title="bbox 1855 4318 3425 4389">
     <span class='ocr_line' id='line_1_90' title="bbox 1855 4318 3425 4389; baseline 0.001 -14"><span class='ocrx_word' id='word_1_627' title='bbox 1855 4321 1940 4375; x_wconf 85' lang='lat' dir='ltr'><strong>titi</strong></span> <span class='ocrx_word' id='word_1_628' title='bbox 1977 4327 2141 4384; x_wconf 88' lang='lat' dir='ltr'><strong>sunt,</strong></span> <span class='ocrx_word' id='word_1_629' title='bbox 2192 4318 2413 4371; x_wconf 73' lang='lat' dir='ltr'><strong>arbusta</strong></span> <span class='ocrx_word' id='word_1_630' title='bbox 2463 4330 2612 4379; x_wconf 89' lang='lat' dir='ltr'><strong>vero,</strong></span> <span class='ocrx_word' id='word_1_631' title='bbox 2669 4329 2791 4384; x_wconf 67' lang='lat' dir='ltr'><strong>qum</strong></span> <span class='ocrx_word' id='word_1_632' title='bbox 2837 4319 3030 4375; x_wconf 89' lang='lat' dir='ltr'><strong>cedros</strong></span> <span class='ocrx_word' id='word_1_633' title='bbox 3061 4332 3425 4389; x_wconf 89' lang='lat' dir='ltr'><strong>operuerunt,</strong></span> 
     </span>
    </p>
   </div>
   <div class='ocr_carea' id='block_1_91' title="bbox 1857 4409 3429 4479">
    <p class='ocr_par' dir='ltr' id='par_1_91' title="bbox 1857 4409 3429 4479">
     <span class='ocr_line' id='line_1_91' title="bbox 1857 4409 3429 4479; baseline 0.001 -11"><span class='ocrx_word' id='word_1_634' title='bbox 1857 4414 2220 4469; x_wconf 85' lang='lat' dir='ltr'><strong>lsraeliticum</strong></span> <span class='ocrx_word' id='word_1_635' title='bbox 2256 4426 2511 4479; x_wconf 89' lang='lat' dir='ltr'><strong>regnum,</strong></span> <span class='ocrx_word' id='word_1_636' title='bbox 2563 4409 2710 4479; x_wconf 89' lang='lat' dir='ltr'><strong>quod</strong></span> <span class='ocrx_word' id='word_1_637' title='bbox 2745 4411 3015 4467; x_wconf 87' lang='lat' dir='ltr'><strong>illustrius</strong></span> <span class='ocrx_word' id='word_1_638' title='bbox 3047 4413 3170 4469; x_wconf 85' lang='lat' dir='ltr'><strong>illas</strong></span> <span class='ocrx_word' id='word_1_639' title='bbox 3204 4414 3429 4470; x_wconf 78' lang='lat' dir='ltr'><strong>eﬂ&#39;cctu-</strong></span> 
     </span>
    </p>
   </div>
   <div class='ocr_carea' id='block_1_92' title="bbox 1786 4504 3426 4599">
    <p class='ocr_par' dir='ltr' id='par_1_92' title="bbox 1786 4504 3426 4599">
     <span class='ocr_line' id='line_1_92' title="bbox 1786 4504 3426 4599; baseline 0.001 -38"><span class='ocrx_word' id='word_1_640' title='bbox 1786 4538 1837 4599; x_wconf 65' lang='grc' dir='ltr'><strong><em>Β</em></strong></span> <span class='ocrx_word' id='word_1_641' title='bbox 1858 4522 1981 4561; x_wconf 93' lang='lat' dir='ltr'><strong>rum</strong></span> <span class='ocrx_word' id='word_1_642' title='bbox 2012 4515 2115 4562; x_wconf 91' lang='lat' dir='ltr'><strong>est.</strong></span> <span class='ocrx_word' id='word_1_643' title='bbox 2150 4504 2265 4561; x_wconf 88' lang='lat' dir='ltr'><strong>Hoc</strong></span> <span class='ocrx_word' id='word_1_644' title='bbox 2288 4518 2417 4559; x_wconf 88' lang='lat' dir='ltr'><strong>vero</strong></span> <span class='ocrx_word' id='word_1_645' title='bbox 2468 4514 2713 4574; x_wconf 87' lang='lat' dir='ltr'><strong>tempore</strong></span> <span class='ocrx_word' id='word_1_646' title='bbox 2761 4504 2903 4559; x_wconf 86' lang='lat' dir='ltr'><strong>beati</strong></span> <span class='ocrx_word' id='word_1_647' title='bbox 2936 4505 3155 4561; x_wconf 88' lang='lat' dir='ltr'><strong>Davidis</strong></span> <span class='ocrx_word' id='word_1_648' title='bbox 3183 4515 3238 4561; x_wconf 90' lang='lat' dir='ltr'><strong>et</strong></span> <span class='ocrx_word' id='word_1_649' title='bbox 3268 4507 3426 4562; x_wconf 82' lang='lat' dir='ltr'><strong>Salo-</strong></span> 
     </span>
    </p>
   </div>
   <div class='ocr_carea' id='block_1_93' title="bbox 1859 4594 3425 4667">
    <p class='ocr_par' dir='ltr' id='par_1_93' title="bbox 1859 4594 3425 4667">
     <span class='ocr_line' id='line_1_93' title="bbox 1859 4594 3425 4667; baseline -0.002 -10"><span class='ocrx_word' id='word_1_650' title='bbox 1859 4601 2037 4657; x_wconf 91' lang='lat' dir='ltr'><strong>monis</strong></span> <span class='ocrx_word' id='word_1_651' title='bbox 2060 4599 2307 4655; x_wconf 84' lang='lat' dir='ltr'><strong>evenisse</strong></span> <span class='ocrx_word' id='word_1_652' title='bbox 2357 4597 2585 4652; x_wconf 90' lang='lat' dir='ltr'><strong>scimus.</strong></span> <span class='ocrx_word' id='word_1_653' title='bbox 2641 4594 2776 4650; x_wconf 87' lang='lat' dir='ltr'><strong>Nam</strong></span> <span class='ocrx_word' id='word_1_654' title='bbox 2817 4612 3046 4667; x_wconf 85' lang='lat' dir='ltr'><strong>magnus</strong></span> <span class='ocrx_word' id='word_1_655' title='bbox 3094 4596 3262 4653; x_wconf 88' lang='lat' dir='ltr'><strong>David</strong></span> <span class='ocrx_word' id='word_1_656' title='bbox 3313 4613 3425 4654; x_wconf 90' lang='lat' dir='ltr'><strong>non</strong></span> 
     </span>
    </p>
   </div>
   <div class='ocr_carea' id='block_1_94' title="bbox 1856 4689 3432 4761">
    <p class='ocr_par' dir='ltr' id='par_1_94' title="bbox 1856 4689 3432 4761">
     <span class='ocr_line' id='line_1_94' title="bbox 1856 4689 3432 4761; baseline -0.003 -12"><span class='ocrx_word' id='word_1_657' title='bbox 1856 4695 2016 4749; x_wconf 90' lang='lat' dir='ltr'><strong>modo</strong></span> <span class='ocrx_word' id='word_1_658' title='bbox 2066 4692 2135 4746; x_wconf 87' lang='lat' dir='ltr'><strong>ab</strong></span> <span class='ocrx_word' id='word_1_659' title='bbox 2168 4689 2491 4761; x_wconf 78' lang='lat' dir='ltr'><strong>Allapbylis,</strong></span> <span class='ocrx_word' id='word_1_660' title='bbox 2520 4698 2576 4743; x_wconf 90' lang='lat' dir='ltr'><strong>et</strong></span> <span class='ocrx_word' id='word_1_661' title='bbox 2608 4689 2877 4755; x_wconf 67' lang='lat' dir='ltr'><strong>ldumaais,</strong></span> <span class='ocrx_word' id='word_1_662' title='bbox 2905 4698 2960 4744; x_wconf 89' lang='lat' dir='ltr'><strong>et</strong></span> <span class='ocrx_word' id='word_1_663' title='bbox 2996 4689 3347 4755; x_wconf 84' lang='lat' dir='ltr'><strong>Ammonitis,</strong></span> <span class='ocrx_word' id='word_1_664' title='bbox 3374 4698 3432 4745; x_wconf 80' lang='lat' dir='ltr'><strong>et</strong></span> 
     </span>
    </p>
   </div>
   <div class='ocr_carea' id='block_1_95' title="bbox 1863 4780 3430 4852">
    <p class='ocr_par' dir='ltr' id='par_1_95' title="bbox 1863 4780 3430 4852">
     <span class='ocr_line' id='line_1_95' title="bbox 1863 4780 3430 4852; baseline -0.003 -12"><span class='ocrx_word' id='word_1_665' title='bbox 1863 4785 2136 4851; x_wconf 84' lang='lat' dir='ltr'><strong>Moabitis,</strong></span> <span class='ocrx_word' id='word_1_666' title='bbox 2166 4798 2358 4838; x_wconf 89' lang='lat' dir='ltr'><strong>verum</strong></span> <span class='ocrx_word' id='word_1_667' title='bbox 2409 4782 2576 4835; x_wconf 88' lang='lat' dir='ltr'><strong>etiam</strong></span> <span class='ocrx_word' id='word_1_668' title='bbox 2616 4780 2685 4834; x_wconf 89' lang='lat' dir='ltr'><strong>ab</strong></span> <span class='ocrx_word' id='word_1_669' title='bbox 2733 4781 2979 4850; x_wconf 86' lang='lat' dir='ltr'><strong>utrisque</strong></span> <span class='ocrx_word' id='word_1_670' title='bbox 3018 4781 3171 4852; x_wconf 87' lang='lat' dir='ltr'><strong>Syris</strong></span> <span class='ocrx_word' id='word_1_671' title='bbox 3201 4781 3430 4851; x_wconf 84' lang='lat' dir='ltr'><strong>vectigal</strong></span> 
     </span>
    </p>
   </div>
   <div class='ocr_carea' id='block_1_96' title="bbox 1864 4873 3426 4948">
    <p class='ocr_par' dir='ltr' id='par_1_96' title="bbox 1864 4873 3426 4948">
     <span class='ocr_line' id='line_1_96' title="bbox 1864 4873 3426 4948; baseline -0.004 -14"><span class='ocrx_word' id='word_1_672' title='bbox 1864 4878 2162 4948; x_wconf 88' lang='lat' dir='ltr'><strong>recipiebat</strong></span> <span class='ocrx_word' id='word_1_673' title='bbox 2195 4896 2208 4929; x_wconf 89' lang='lat'><strong>:</strong></span> <span class='ocrx_word' id='word_1_674' title='bbox 2238 4876 2306 4931; x_wconf 90' lang='lat' dir='ltr'><strong>ad</strong></span> <span class='ocrx_word' id='word_1_675' title='bbox 2353 4874 2700 4930; x_wconf 88' lang='lat' dir='ltr'><strong>Salomonem</strong></span> <span class='ocrx_word' id='word_1_676' title='bbox 2746 4888 2876 4928; x_wconf 88' lang='lat' dir='ltr'><strong>vero</strong></span> <span class='ocrx_word' id='word_1_677' title='bbox 2900 4874 3064 4929; x_wconf 86' lang='lat' dir='ltr'><strong>etiam</strong></span> <span class='ocrx_word' id='word_1_678' title='bbox 3104 4873 3426 4943; x_wconf 57' lang='lat' dir='ltr'><strong>JEtbiopum</strong></span> 
     </span>
    </p>
   </div>
   <div class='ocr_carea' id='block_1_97' title="bbox 1863 4962 3430 5039">
    <p class='ocr_par' dir='ltr' id='par_1_97' title="bbox 1863 4962 3430 5039">
     <span class='ocr_line' id='line_1_97' title="bbox 1863 4962 3430 5039; baseline -0.002 -17"><span class='ocrx_word' id='word_1_679' title='bbox 1863 4969 2047 5039; x_wconf 80' lang='lat' dir='ltr'><strong>regina</strong></span> <span class='ocrx_word' id='word_1_680' title='bbox 2083 4964 2327 5021; x_wconf 89' lang='lat' dir='ltr'><strong>cucurrit</strong></span> <span class='ocrx_word' id='word_1_681' title='bbox 2358 4982 2373 5018; x_wconf 91' lang='lat'><strong>:</strong></span> <span class='ocrx_word' id='word_1_682' title='bbox 2409 4963 2491 5019; x_wconf 91' lang='lat' dir='ltr'><strong>sic</strong></span> <span class='ocrx_word' id='word_1_683' title='bbox 2514 4962 2656 5033; x_wconf 91' lang='lat' dir='ltr'><strong>apud</strong></span> <span class='ocrx_word' id='word_1_684' title='bbox 2683 4978 2875 5020; x_wconf 89' lang='lat' dir='ltr'><strong>omnes</strong></span> <span class='ocrx_word' id='word_1_685' title='bbox 2911 4974 3160 5021; x_wconf 90' lang='lat' dir='ltr'><strong>evaserat</strong></span> <span class='ocrx_word' id='word_1_686' title='bbox 3189 4965 3430 5021; x_wconf 87' lang='lat' dir='ltr'><strong>celeber-</strong></span> 
     </span>
    </p>
   </div>
   <div class='ocr_carea' id='block_1_98' title="bbox 1285 5164 2319 5226">
    <p class='ocr_par' dir='ltr' id='par_1_98' title="bbox 1285 5164 2319 5226">
     <span class='ocr_line' id='line_1_98' title="bbox 1285 5164 2319 5226; baseline 0.004 -8"><span class='ocrx_word' id='word_1_687' title='bbox 1285 5164 1521 5220; x_wconf 61' lang='lat' dir='ltr'><strong>VARIIE</strong></span> <span class='ocrx_word' id='word_1_688' title='bbox 1560 5166 1941 5226; x_wconf 78' lang='lat' dir='ltr'><strong>LECTIONES</strong></span> <span class='ocrx_word' id='word_1_689' title='bbox 1970 5169 2058 5225; x_wconf 84' lang='lat' dir='ltr'>ET</span> <span class='ocrx_word' id='word_1_690' title='bbox 2083 5167 2319 5225; x_wconf 74' lang='lat' dir='ltr'><strong>NOTIE.</strong></span> 
     </span>
    </p>
   </div>
   <div class='ocr_carea' id='block_1_99' title="bbox 255 5345 1769 5427">
    <p class='ocr_par' dir='ltr' id='par_1_99' title="bbox 255 5345 1769 5427">
     <span class='ocr_line' id='line_1_99' title="bbox 255 5345 1769 5427; baseline 0.006 -25"><span class='ocrx_word' id='word_1_691' title='bbox 255 5345 303 5427; x_wconf 81' lang='lat'><strong>&#39;_&#39;</strong></span> <span class='ocrx_word' id='word_1_692' title='bbox 319 5345 446 5427; x_wconf 58' lang='lat' dir='ltr'><strong>cod</strong></span> <span class='ocrx_word' id='word_1_693' title='bbox 477 5352 864 5427; x_wconf 66' lang='lat' dir='ltr'><strong>uterque_,_£:p~q</strong></span> <span class='ocrx_word' id='word_1_694' title='bbox 890 5353 1216 5427; x_wconf 72' lang='grc' dir='ltr'>τεθεᾶσθαι.</span> <span class='ocrx_word' id='word_1_695' title='bbox 1292 5356 1341 5388; x_wconf 77' lang='grc'>⁸⁸</span> <span class='ocrx_word' id='word_1_696' title='bbox 1370 5356 1636 5427; x_wconf 66' lang='grc' dir='ltr'>ῘἜςιιοπος</span> <span class='ocrx_word' id='word_1_697' title='bbox 1659 5357 1769 5425; x_wconf 75' lang='grc' dir='ltr'>μέν</span> 
     </span>
    </p>
   </div>
   <div class='ocr_carea' id='block_1_100' title="bbox 1862 5345 3426 5427">
    <p class='ocr_par' dir='ltr' id='par_1_100' title="bbox 1862 5354 3426 5427">
     <span class='ocr_line' id='line_1_100' title="bbox 1862 5354 3426 5427; baseline -0.001 -14"><span class='ocrx_word' id='word_1_698' title='bbox 1862 5357 1947 5413; x_wconf 88' lang='lat' dir='ltr'><strong>od.</strong></span> <span class='ocrx_word' id='word_1_699' title='bbox 1974 5357 2011 5411; x_wconf 78' lang='grc'><strong>2</strong></span> <span class='ocrx_word' id='word_1_700' title='bbox 2039 5357 2127 5410; x_wconf 80' lang='grc' dir='ltr'><strong>ἐπ’</strong></span> <span class='ocrx_word' id='word_1_701' title='bbox 2159 5356 2345 5427; x_wconf 80' lang='grc' dir='ltr'>ὤμων.</span> <span class='ocrx_word' id='word_1_702' title='bbox 2421 5356 2467 5387; x_wconf 85' lang='grc'><strong>⁸⁷</strong></span> <span class='ocrx_word' id='word_1_703' title='bbox 2497 5354 2785 5427; x_wconf 77' lang='lat' dir='ltr'><strong>Aé._Ab_est</strong></span> <span class='ocrx_word' id='word_1_704' title='bbox 2810 5369 2841 5409; x_wconf 89' lang='lat' dir='ltr'><strong>a</strong></span> <span class='ocrx_word' id='word_1_705' title='bbox 2863 5354 2987 5427; x_wconf 77' lang='lat' dir='ltr'><strong>cod.</strong></span> <span class='ocrx_word' id='word_1_706' title='bbox 3013 5355 3066 5427; x_wconf 94' lang='lat'><strong>.</strong></span> <span class='ocrx_word' id='word_1_707' title='bbox 3140 5354 3189 5387; x_wconf 83' lang='grc'><strong>⁸⁸</strong></span> <span class='ocrx_word' id='word_1_708' title='bbox 3226 5357 3426 5412; x_wconf 76' lang='grc' dir='ltr'>Ἑπον.</span> 
     </span>
    </p>
   </div>
   <div class='ocr_carea' id='block_1_101' title="bbox 190 5417 1597 5496">
    <p class='ocr_par' dir='ltr' id='par_1_101' title="bbox 190 5417 1597 5496">
     <span class='ocr_line' id='line_1_101' title="bbox 190 5417 1597 5496; baseline 0.006 -27"><span class='ocrx_word' id='word_1_709' title='bbox 378 5417 420 5496; x_wconf 46' lang='grc'><strong>1-</strong></span> <span class='ocrx_word' id='word_1_710' title='bbox 463 5417 864 5496; x_wconf 76' lang='grc' dir='ltr'>λέγει’</span> <span class='ocrx_word' id='word_1_711' title='bbox 913 5424 971 5477; x_wconf 74' lang='grc' dir='ltr'>δὲ</span> <span class='ocrx_word' id='word_1_712' title='bbox 1025 5426 1130 5479; x_wconf 88' lang='grc' dir='ltr'>ὅτι.</span> <span class='ocrx_word' id='word_1_713' title='bbox 1206 5427 1252 5459; x_wconf 78' lang='grc'><strong><em>⁵³</em></strong></span> <span class='ocrx_word' id='word_1_714' title='bbox 1283 5425 1471 5480; x_wconf 72' lang='lat' dir='ltr'><strong>cod.2</strong></span> <span class='ocrx_word' id='word_1_715' title='bbox 1499 5427 1597 5496; x_wconf 81' lang='grc' dir='ltr'><strong>ἑσχ</strong></span> 
     </span>
    </p>
   </div>
   <div class='ocr_carea' id='block_1_102' title="bbox 1600 5428 1817 5498">
    <p class='ocr_par' dir='ltr' id='par_1_102' title="bbox 1600 5428 1817 5498">
     <span class='ocr_line' id='line_1_102' title="bbox 1600 5428 1817 5498; baseline 0.009 -20"><span class='ocrx_word' id='word_1_716' title='bbox 1600 5428 1817 5498; x_wconf 13' lang='grc' dir='ltr'>ηκύτᾲες.</span> 
     </span>
    </p>
   </div>
   <div class='ocr_carea' id='block_1_103' title="bbox 1895 5424 3427 5498">
    <p class='ocr_par' dir='ltr' id='par_1_103' title="bbox 1895 5424 3427 5498">
     <span class='ocr_line' id='line_1_103' title="bbox 1895 5424 3427 5498; baseline 0 -17"><span class='ocrx_word' id='word_1_717' title='bbox 1895 5429 1940 5459; x_wconf 78' lang='grc' dir='ltr'><strong>⁸ο</strong></span> <span class='ocrx_word' id='word_1_718' title='bbox 2005 5427 2047 5481; x_wconf 85' lang='grc' dir='ltr'>Ε</span> <span class='ocrx_word' id='word_1_719' title='bbox 2082 5424 2320 5498; x_wconf 58' lang='lat' dir='ltr'><strong>cod.&#39;l._</strong></span> <span class='ocrx_word' id='word_1_720' title='bbox 2366 5424 3262 5498; x_wconf 29' lang='lat' dir='ltr'><strong>“M&#39;Endroaoracoderaam.</strong></span> <span class='ocrx_word' id='word_1_721' title='bbox 3307 5430 3427 5498; x_wconf 83' lang='grc' dir='ltr'>σήν.</span> 
     </span>
    </p>
   </div>
   <div class='ocr_carea' id='block_1_104' title="bbox 192 5488 1769 5567">
    <p class='ocr_par' dir='ltr' id='par_1_104' title="bbox 192 5488 1769 5567">
     <span class='ocr_line' id='line_1_104' title="bbox 192 5488 1769 5567; baseline 0.001 -19"><span class='ocrx_word' id='word_1_722' title='bbox 192 5488 235 5567; x_wconf 56' lang='grc' dir='ltr'><strong>ξ’</strong></span> <span class='ocrx_word' id='word_1_723' title='bbox 254 5488 297 5541; x_wconf 82' lang='grc' dir='ltr'>Ε</span> <span class='ocrx_word' id='word_1_724' title='bbox 321 5488 446 5567; x_wconf 62' lang='grc' dir='ltr'><strong>(ἔθειἷ</strong></span> <span class='ocrx_word' id='word_1_725' title='bbox 473 5489 526 5542; x_wconf 78' lang='grc'><strong>1.</strong></span> <span class='ocrx_word' id='word_1_726' title='bbox 602 5491 982 5567; x_wconf 55' lang='grc' dir='ltr'>⁶⁸ξ¹Αμπελοκ</span> <span class='ocrx_word' id='word_1_727' title='bbox 1015 5496 1140 5567; x_wconf 88' lang='lat' dir='ltr'><strong>cod.</strong></span> <span class='ocrx_word' id='word_1_728' title='bbox 1166 5497 1203 5567; x_wconf 49' lang='grc' dir='ltr'><strong>ἦ</strong></span> <span class='ocrx_word' id='word_1_729' title='bbox 1225 5498 1352 5553; x_wconf 87' lang='lat' dir='ltr'><strong>add.</strong></span> <span class='ocrx_word' id='word_1_730' title='bbox 1374 5488 1597 5567; x_wconf 62' lang='lat' dir='ltr'><strong>léytpv.&quot;</strong></span> <span class='ocrx_word' id='word_1_731' title='bbox 1622 5488 1692 5529; x_wconf 70' lang='grc'><strong>’⁸⁸</strong></span> <span class='ocrx_word' id='word_1_732' title='bbox 1729 5496 1769 5550; x_wconf 72' lang='grc' dir='ltr'><em>ἰ</em></span> 
     </span>
    </p>
   </div>
   <div class='ocr_carea' id='block_1_105' title="bbox 1862 5488 3430 5567">
    <p class='ocr_par' dir='ltr' id='par_1_105' title="bbox 1865 5488 3430 5567">
     <span class='ocr_line' id='line_1_105' title="bbox 1865 5488 3430 5567; baseline 0.001 -16"><span class='ocrx_word' id='word_1_733' title='bbox 1865 5514 1929 5551; x_wconf 81' lang='grc' dir='ltr'>π.</span> <span class='ocrx_word' id='word_1_734' title='bbox 1954 5500 2127 5567; x_wconf 78' lang='grc' dir='ltr'>ἐμπρ.</span> <span class='ocrx_word' id='word_1_735' title='bbox 2168 5495 2374 5563; x_wconf 83' lang='grc' dir='ltr'>αὐτῆς.</span> <span class='ocrx_word' id='word_1_736' title='bbox 2416 5495 2580 5553; x_wconf 81' lang='lat' dir='ltr'><strong>Hebr.</strong></span> <span class='ocrx_word' id='word_1_737' title='bbox 2612 5496 2849 5565; x_wconf 71' lang='lat' dir='ltr'><strong>purgaui</strong></span> <span class='ocrx_word' id='word_1_738' title='bbox 2877 5488 3120 5567; x_wconf 79' lang='lat' dir='ltr'><strong>(terram)</strong></span> <span class='ocrx_word' id='word_1_739' title='bbox 3147 5508 3269 5552; x_wconf 78' lang='lat' dir='ltr'><strong>ante</strong></span> <span class='ocrx_word' id='word_1_740' title='bbox 3291 5488 3430 5552; x_wconf 61' lang='lat' dir='ltr'><strong>earn.</strong></span> 
     </span>
    </p>
   </div>
   <div class='ocr_carea' id='block_1_106' title="bbox 190 5556 1769 5638">
    <p class='ocr_par' dir='ltr' id='par_1_106' title="bbox 190 5556 1768 5638">
     <span class='ocr_line' id='line_1_106' title="bbox 190 5556 1768 5638; baseline 0.008 -29"><span class='ocrx_word' id='word_1_741' title='bbox 190 5556 392 5638; x_wconf 68' lang='lat' dir='ltr'><strong>§ymm.</strong></span> <span class='ocrx_word' id='word_1_742' title='bbox 419 5556 807 5638; x_wconf 53' lang='grc' dir='ltr'>ἀπεσκεύασας</span> <span class='ocrx_word' id='word_1_743' title='bbox 823 5564 1132 5638; x_wconf 64' lang='grc' dir='ltr'>ἔμπροσθεν</span> <span class='ocrx_word' id='word_1_744' title='bbox 1148 5556 1338 5638; x_wconf 68' lang='grc' dir='ltr'>αίιτῆς.</span> <span class='ocrx_word' id='word_1_745' title='bbox 1415 5556 1460 5638; x_wconf 54' lang='lat' dir='ltr'><strong>fi</strong></span> <span class='ocrx_word' id='word_1_746' title='bbox 1485 5566 1615 5623; x_wconf 84' lang='lat' dir='ltr'><strong>Rec.</strong></span> <span class='ocrx_word' id='word_1_747' title='bbox 1648 5567 1768 5638; x_wconf 80' lang='lat' dir='ltr'><strong>lecti</strong></span> 
     </span>
    </p>
   </div>
   <div class='ocr_carea' id='block_1_107' title="bbox 1862 5556 3433 5638">
    <p class='ocr_par' dir='ltr' id='par_1_107' title="bbox 1862 5556 3433 5638">
     <span class='ocr_line' id='line_1_107' title="bbox 1862 5556 3433 5638; baseline -0.001 -17"><span class='ocrx_word' id='word_1_748' title='bbox 1862 5586 1895 5623; x_wconf 82' lang='grc' dir='ltr'><strong>ι.</strong></span> <span class='ocrx_word' id='word_1_749' title='bbox 1931 5556 2087 5623; x_wconf 71' lang='grc' dir='ltr'><strong>1.’θεὶ</strong></span> <span class='ocrx_word' id='word_1_750' title='bbox 2113 5556 2358 5638; x_wconf 77' lang='grc' dir='ltr'>ἐπλήσθή</span> <span class='ocrx_word' id='word_1_751' title='bbox 2393 5568 2426 5638; x_wconf 80' lang='grc' dir='ltr'><strong>ἡ</strong></span> <span class='ocrx_word' id='word_1_752' title='bbox 2457 5556 2673 5638; x_wconf 23' lang='lat' dir='ltr'><strong>ﬁt.”</strong></span> <span class='ocrx_word' id='word_1_753' title='bbox 2700 5556 2804 5621; x_wconf 67' lang='grc' dir='ltr'><strong>Σύ.</strong></span> <span class='ocrx_word' id='word_1_754' title='bbox 2833 5556 3020 5638; x_wconf 13' lang='grc' dir='ltr'><strong>οόᾶρ-ίγ</strong></span> <span class='ocrx_word' id='word_1_755' title='bbox 3068 5556 3256 5636; x_wconf 71' lang='lat' dir='ltr'><strong>prtem.</strong></span> <span class='ocrx_word' id='word_1_756' title='bbox 3284 5568 3433 5636; x_wconf 80' lang='grc' dir='ltr'>λέγει</span> 
     </span>
    </p>
   </div>
   <div class='ocr_carea' id='block_1_108' title="bbox 189 5626 1535 5703">
    <p class='ocr_par' dir='ltr' id='par_1_108' title="bbox 189 5626 1535 5703">
     <span class='ocr_line' id='line_1_108' title="bbox 189 5626 1535 5703; baseline 0.007 -24"><span class='ocrx_word' id='word_1_757' title='bbox 189 5626 244 5679; x_wconf 77' lang='grc' dir='ltr'>δὲ</span> <span class='ocrx_word' id='word_1_758' title='bbox 283 5629 387 5682; x_wconf 84' lang='grc' dir='ltr'>ὅτι.</span> <span class='ocrx_word' id='word_1_759' title='bbox 464 5630 509 5662; x_wconf 79' lang='grc'><strong>⁸⁷</strong></span> <span class='ocrx_word' id='word_1_760' title='bbox 544 5629 624 5683; x_wconf 87' lang='grc' dir='ltr'><em>Τὰ</em></span> <span class='ocrx_word' id='word_1_761' title='bbox 651 5663 720 5675; x_wconf 88' lang='grc'><strong><em>--</em></strong></span> <span class='ocrx_word' id='word_1_762' title='bbox 748 5626 1042 5703; x_wconf 62' lang='grc' dir='ltr'>ἄμπελον.</span> <span class='ocrx_word' id='word_1_763' title='bbox 1079 5632 1203 5692; x_wconf 86' lang='lat' dir='ltr'><strong>Des.</strong></span> <span class='ocrx_word' id='word_1_764' title='bbox 1241 5626 1313 5691; x_wconf 64' lang='lat' dir='ltr'><strong>iﬁ&#39;</strong></span> <span class='ocrx_word' id='word_1_765' title='bbox 1334 5637 1455 5693; x_wconf 89' lang='lat' dir='ltr'><strong>cod.</strong></span> <span class='ocrx_word' id='word_1_766' title='bbox 1486 5638 1535 5690; x_wconf 87' lang='lat'><strong>1.</strong></span> 
     </span>
    </p>
   </div>
   <div class='ocr_carea' id='block_1_109' title="bbox 1640 5636 2355 5709">
    <p class='ocr_par' dir='ltr' id='par_1_109' title="bbox 1640 5636 2355 5709">
     <span class='ocr_line' id='line_1_109' title="bbox 1640 5636 2355 5709; baseline 0 -16"><span class='ocrx_word' id='word_1_767' title='bbox 1640 5636 1685 5669; x_wconf 83' lang='grc'><strong>⁸⁸</strong></span> <span class='ocrx_word' id='word_1_768' title='bbox 1718 5639 1841 5693; x_wconf 90' lang='lat' dir='ltr'><strong>cod.</strong></span> <span class='ocrx_word' id='word_1_769' title='bbox 1885 5647 2133 5709; x_wconf 85' lang='lat' dir='ltr'><strong>uterque,</strong></span> <span class='ocrx_word' id='word_1_770' title='bbox 2162 5636 2355 5709; x_wconf 75' lang='grc' dir='ltr'>αὑτήν.</span> 
     </span>
    </p>
   </div>
   <div class='ocr_carea' id='block_1_110' title="bbox 2460 5635 3433 5705">
    <p class='ocr_par' dir='ltr' id='par_1_110' title="bbox 2460 5635 3433 5705">
     <span class='ocr_line' id='line_1_110' title="bbox 2460 5635 3433 5705; baseline 0.016 -17"><span class='ocrx_word' id='word_1_771' title='bbox 2460 5635 2899 5705; x_wconf 69' lang='grc' dir='ltr'><strong>σοἚκάλυψ-εν.</strong></span> <span class='ocrx_word' id='word_1_772' title='bbox 2931 5635 3095 5693; x_wconf 78' lang='lat' dir='ltr'><strong>Hebr.</strong></span> <span class='ocrx_word' id='word_1_773' title='bbox 3122 5646 3215 5698; x_wconf 65' lang='lat' dir='ltr'><strong>to:</strong></span> <span class='ocrx_word' id='word_1_774' title='bbox 3243 5638 3433 5692; x_wconf 69' lang='lat' dir='ltr'><strong>obtecti</strong></span> 
     </span>
    </p>
   </div>
   <div class='ocr_carea' id='block_1_111' title="bbox 188 5708 1769 5798">
    <p class='ocr_par' dir='ltr' id='par_1_111' title="bbox 188 5708 1769 5798">
     <span class='ocr_line' id='line_1_111' title="bbox 188 5708 1769 5798; baseline 0.004 -25"><span class='ocrx_word' id='word_1_775' title='bbox 188 5729 329 5798; x_wconf 63' lang='lat' dir='ltr'><strong>sunt.</strong></span> <span class='ocrx_word' id='word_1_776' title='bbox 500 5722 809 5798; x_wconf 66' lang='grc' dir='ltr'>Ἐξέζεινςε.</span> <span class='ocrx_word' id='word_1_777' title='bbox 871 5725 1034 5798; x_wconf 74' lang='lat' dir='ltr'><strong>Hebr.</strong></span> <span class='ocrx_word' id='word_1_778' title='bbox 1088 5708 1266 5798; x_wconf 61' lang='lat' dir='ltr'>n&#39;m‘n</span> <span class='ocrx_word' id='word_1_779' title='bbox 1304 5726 1547 5783; x_wconf 73' lang='lat' dir='ltr'><strong>emisisti.</strong></span> <span class='ocrx_word' id='word_1_780' title='bbox 1641 5728 1684 5798; x_wconf 62' lang='lat'><strong>7‘</strong></span> <span class='ocrx_word' id='word_1_781' title='bbox 1724 5725 1769 5780; x_wconf 76' lang='grc' dir='ltr'><strong>Β</strong></span> 
     </span>
    </p>
   </div>
   <div class='ocr_carea' id='block_1_112' title="bbox 1862 5708 3432 5798">
    <p class='ocr_par' dir='ltr' id='par_1_112' title="bbox 1894 5708 3432 5798">
     <span class='ocr_line' id='line_1_112' title="bbox 1894 5708 3432 5798; baseline -0.001 -17"><span class='ocrx_word' id='word_1_782' title='bbox 1894 5708 2053 5782; x_wconf 83' lang='lat' dir='ltr'><strong>lectio</strong></span> <span class='ocrx_word' id='word_1_783' title='bbox 2092 5729 2147 5783; x_wconf 88' lang='lat' dir='ltr'><strong>b.</strong></span> <span class='ocrx_word' id='word_1_784' title='bbox 2174 5728 2212 5783; x_wconf 92' lang='lat' dir='ltr'><strong>l.</strong></span> <span class='ocrx_word' id='word_1_785' title='bbox 2243 5708 2325 5782; x_wconf 86' lang='lat' dir='ltr'><strong>est</strong></span> <span class='ocrx_word' id='word_1_786' title='bbox 2356 5726 2619 5797; x_wconf 76' lang='grc' dir='ltr'>ποταμοῦ.</span> <span class='ocrx_word' id='word_1_787' title='bbox 2696 5728 2741 5758; x_wconf 76' lang='grc'><strong>’⁸</strong></span> <span class='ocrx_word' id='word_1_788' title='bbox 2771 5726 2980 5781; x_wconf 76' lang='grc' dir='ltr'>Ταῦτα.</span> <span class='ocrx_word' id='word_1_789' title='bbox 3002 5728 3133 5798; x_wconf 78' lang='lat' dir='ltr'><strong>_cod.</strong></span> <span class='ocrx_word' id='word_1_790' title='bbox 3176 5728 3211 5780; x_wconf 72' lang='lat'><strong>2</strong></span> <span class='ocrx_word' id='word_1_791' title='bbox 3242 5740 3432 5798; x_wconf 62' lang='lat' dir='ltr'><strong>pra&#39;m.</strong></span> 
     </span>
    </p>
   </div>
   <div class='ocr_carea' id='block_1_113' title="bbox 190 5789 1020 5861">
    <p class='ocr_par' dir='ltr' id='par_1_113' title="bbox 190 5789 1020 5861">
     <span class='ocr_line' id='line_1_113' title="bbox 190 5789 1020 5861; baseline 0.013 -22"><span class='ocrx_word' id='word_1_792' title='bbox 190 5792 307 5860; x_wconf 73' lang='grc' dir='ltr'>τήν.</span> <span class='ocrx_word' id='word_1_793' title='bbox 409 5791 456 5823; x_wconf 81' lang='grc'><strong>⁷⁸</strong></span> <span class='ocrx_word' id='word_1_794' title='bbox 487 5795 606 5846; x_wconf 80' lang='lat' dir='ltr'><strong>cod.</strong></span> <span class='ocrx_word' id='word_1_795' title='bbox 642 5794 665 5846; x_wconf 79' lang='lat'><strong>1</strong></span> <span class='ocrx_word' id='word_1_796' title='bbox 710 5789 1020 5861; x_wconf 75' lang='grc' dir='ltr'>είληφότας.</span> 
     </span>
    </p>
   </div>
   <div class='ocr_carea' id='block_1_114' title="bbox 193 5861 999 5933">
    <p class='ocr_par' dir='ltr' id='par_1_114' title="bbox 193 5861 999 5933">
     <span class='ocr_line' id='line_1_114' title="bbox 193 5861 999 5933; baseline 0.009 -20"><span class='ocrx_word' id='word_1_797' title='bbox 193 5861 545 5917; x_wconf 84' lang='lat' dir='ltr'><strong>substitutum</strong></span> <span class='ocrx_word' id='word_1_798' title='bbox 578 5878 677 5933; x_wconf 90' lang='lat' dir='ltr'><strong>pro</strong></span> <span class='ocrx_word' id='word_1_799' title='bbox 707 5861 999 5920; x_wconf 80' lang='grc' dir='ltr'>Ἰουδαίων.</span> 
     </span>
    </p>
   </div>
   <div class='ocr_carea' id='block_1_115' title="bbox 437 5956 1143 6021">
    <p class='ocr_par' dir='ltr' id='par_1_115' title="bbox 437 5956 1143 6021">
     <span class='ocr_line' id='line_1_115' title="bbox 437 5956 1143 6021; baseline 0.003 -4"><span class='ocrx_word' id='word_1_800' title='bbox 437 5956 710 6021; x_wconf 71' lang='grc' dir='ltr'>ΡΔτιιοι..</span> <span class='ocrx_word' id='word_1_801' title='bbox 754 5958 873 6021; x_wconf 80' lang='lat' dir='ltr'><strong>GR.</strong></span> <span class='ocrx_word' id='word_1_802' title='bbox 908 5959 1143 6021; x_wconf 80' lang='lat' dir='ltr'><strong>LXXX.</strong></span> 
     </span>
    </p>
   </div>
   <div class='ocr_carea' id='block_1_116' title="bbox 1097 5796 2573 5870">
    <p class='ocr_par' dir='ltr' id='par_1_116' title="bbox 1097 5796 2573 5870">
     <span class='ocr_line' id='line_1_116' title="bbox 1097 5796 2573 5870; baseline 0.01 -24"><span class='ocrx_word' id='word_1_803' title='bbox 1097 5797 1161 5829; x_wconf 68' lang='lat'><strong>-“</strong></span> <span class='ocrx_word' id='word_1_804' title='bbox 1198 5796 1290 5852; x_wconf 87' lang='grc' dir='ltr'><strong>Δέ.</strong></span> <span class='ocrx_word' id='word_1_805' title='bbox 1313 5798 1478 5854; x_wconf 86' lang='lat' dir='ltr'><strong>Abest</strong></span> <span class='ocrx_word' id='word_1_806' title='bbox 1504 5812 1536 5851; x_wconf 87' lang='lat' dir='ltr'><strong>a</strong></span> <span class='ocrx_word' id='word_1_807' title='bbox 1560 5797 1683 5853; x_wconf 91' lang='lat' dir='ltr'><strong>cod.</strong></span> <span class='ocrx_word' id='word_1_808' title='bbox 1713 5798 1765 5853; x_wconf 82' lang='lat'><strong>1.</strong></span> <span class='ocrx_word' id='word_1_809' title='bbox 1838 5799 1884 5832; x_wconf 81' lang='lat'><em>&quot;</em></span> <span class='ocrx_word' id='word_1_810' title='bbox 1911 5798 1954 5852; x_wconf 83' lang='lat' dir='ltr'><strong>E</strong></span> <span class='ocrx_word' id='word_1_811' title='bbox 1979 5798 2101 5855; x_wconf 90' lang='lat' dir='ltr'><strong>cod.</strong></span> <span class='ocrx_word' id='word_1_812' title='bbox 2137 5806 2367 5870; x_wconf 89' lang='lat' dir='ltr'><strong>utroque</strong></span> <span class='ocrx_word' id='word_1_813' title='bbox 2396 5796 2573 5870; x_wconf 78' lang='lat' dir='ltr'><strong>suppl-</strong></span> 
     </span>
    </p>
   </div>
   <div class='ocr_carea' id='block_1_117' title="bbox 2679 5796 3428 5868">
    <p class='ocr_par' dir='ltr' id='par_1_117' title="bbox 2679 5796 3428 5868">
     <span class='ocr_line' id='line_1_117' title="bbox 2679 5796 3428 5868; baseline 0.001 -16"><span class='ocrx_word' id='word_1_814' title='bbox 2679 5798 2726 5831; x_wconf 83' lang='lat'>&quot;</span> <span class='ocrx_word' id='word_1_815' title='bbox 2761 5796 3121 5868; x_wconf 75' lang='grc' dir='ltr'>Ἰδουμαίων.</span> <span class='ocrx_word' id='word_1_816' title='bbox 3170 5798 3211 5854; x_wconf 78' lang='grc' dir='ltr'><strong>Ε</strong></span> <span class='ocrx_word' id='word_1_817' title='bbox 3245 5796 3367 5856; x_wconf 71' lang='lat' dir='ltr'><strong>cod.</strong></span> <span class='ocrx_word' id='word_1_818' title='bbox 3400 5796 3428 5853; x_wconf 73' lang='grc'><strong>1</strong></span> 
     </span>
    </p>
   </div>
   <div class='ocr_carea' id='block_1_118' title="bbox 2958 5958 3035 6020">
    <p class='ocr_par' dir='ltr' id='par_1_118' title="bbox 2958 5958 3035 6020">
     <span class='ocr_line' id='line_1_118' title="bbox 2958 5958 3035 6020; baseline 0 0"><span class='ocrx_word' id='word_1_819' title='bbox 2958 5958 3035 6020; x_wconf 75' lang='grc' dir='ltr'><strong>1ιὸ</strong></span> 
     </span>
    </p>
   </div>
  </div>
