3936 6486
167 282 294 350 1521

1480 293 1559 352 IN
1601 294 1808 353 PSAL.
1852 294 2079 353 LXXX.

3279 295 3428 364 1522
3442 263 3464 278 ”

163 399 237 469 τῷ
268 397 488 469 Ἰσραήλ
514 399 665 452 ἐστιν
686 417 702 432 ο
731 398 826 452 καὶ
848 401 1023 471 κρίμα
1047 399 1126 473 τῷ
1148 400 1267 472 Θεῷ
1307 403 1521 458 Ἰακώϐ.
1561 423 1579 455 ι
1606 404 1740 466 Ταῖς

1869 407 2043 459 sraele
2072 412 2178 468 est,
2228 412 2283 458 et
2320 405 2586 474 judicium
2623 404 2714 462 Dei
2749 406 2957 462 Jacobi.
2995 427 3014 460 ι
3063 407 3232 464 Tubis
3283 409 3428 466 Deus

165 488 456 559 σάλπιγξιν
485 491 781 547 ἐκέλευσεν
813 496 840 548 ό
869 493 1012 557 Θεὸς
1045 497 1174 558 τοὺς
1203 497 1384 567 ἱερέας
1417 496 1738 568 κεχρῆσθαι.

172 583 616 654 ’Δνεμίμνησκον
659 585 716 640 δὲ
765 578 928 641 αὗται
977 587 1070 640 τὸν
1105 588 1235 642 λαὸν
1282 591 1392 644 τῶν
1421 592 1480 643 ὲν
1514 589 1593 661 τῷ
1624 590 1742 662 ὄρει

159 677 472 743 γενομένων
499 677 839 748 σαλπίγγων.
864 680 970 734 Τοῦ
992 681 1128 734 Θεοῦ
1156 682 1264 753 γὰρ
1289 682 1398 734 τῶν
1425 682 1560 735 ὅλων
1587 684 1644 736 ὲν
1666 681 1743 752 τῷ

159 767 292 838 Σινᾷ
313 769 435 839 ὄρει
463 769 879 842 διαλεγομένου,
909 775 1086 843 φωνὴ.
1119 775 1278 843 φησὶ,
1303 774 1403 845 τῆς
1439 774 1742 843 σάλπιγγος

161 859 286 928 ἧχει
322 859 488 928 μέγα.
540 861 794 934 Ἐκείνης
827 865 1009 918 τοίνυν
1037 866 1136 932 τῆς
1161 867 1485 935 ἐπιφανείας
1547 869 1738 937 ἀνεμί-

159 969 413 1022 μνησκον
447 953 540 1007 τὸν
571 954 700 1009 λαὸν
724 959 848 1020 ταῖς
870 954 1158 1025 σάλπιγξιν
1200 960 1248 1012 οἱ
1273 960 1438 1026 ἱερεῖς
1471 961 1744 1031 κεχρημέ-

158 1059 264 1096 νοι.
307 1043 421 1096 Καὶ
451 1038 598 1097 οὗτοι
640 1045 823 1100 τοίνυν
847 1047 979 1110 τοὺς
1007 1049 1106 1114 τῆς
1149 1046 1411 1100 ἐπανόδου
1445 1050 1736 1117 τετυχηκό-

164 1149 294 1195 τας,
338 1134 435 1187 καὶ
484 1135 585 1206 τῆς
627 1135 780 1200 θείας
828 1137 1154 1204 ἐπικουρίας
1182 1136 1227 1168 ⁸⁸
1287 1136 1739 1204 ἀπολαύσαντας,

161 1226 394 1290 εἰκότως
424 1228 566 1297 μετὰ
581 1229 624 1259 ⁵³
659 1229 770 1282 τῶν
802 1228 982 1283 ἄλλων
1011 1229 1259 1301 ὀργάνων
1279 1267 1294 1292 ,
1328 1232 1422 1284 καὶ
1460 1235 1582 1294 ταῖς
1607 1232 1737 1286 σάλ·

167 1319 317 1384 πιγξι
347 1320 784 1390 παρεκελεύοντο
813 1322 1147 1393 χρήσασθαι.

238 1419 312 1475 ς’.
367 1432 386 1463 ι
425 1412 742 1486 Μαρτύριον
775 1416 832 1469 ὲν
863 1415 942 1486 τῷ
988 1417 1189 1489 Ἰωσὴφ
1235 1417 1390 1472 ἔθετο
1439 1418 1574 1472 αὐτὸ
1596 1419 1661 1483 ⁵³,
1689 1420 1746 1472 ὲν

165 1503 243 1572 τῷ
271 1504 514 1568 ἐξελθεῖν
557 1506 718 1560 αὐτὸν
750 1508 814 1560 ἐκ
846 1507 951 1578 γῆς
996 1508 1298 1578 Αἰγύπτου.
1344 1529 1362 1562 ι
1407 1509 1620 1579 Ἰωσὴφ
1653 1512 1744 1563 ἐν·

166 1594 340 1648 ταῦθα
397 1595 579 1650 πάντα
609 1596 766 1651 καλεῖ
804 1599 894 1651 τὸν
940 1598 1067 1652 λαόν
1092 1617 1106 1630 ·
1151 1601 1342 1672 ἐπειδὴ
1375 1601 1486 1671 γὰρ
1517 1601 1614 1671 τῆς
1667 1603 1747 1664 είς

170 1688 444 1753 Αἴγυπτον
472 1688 682 1742 εἰσόδου
711 1691 739 1742 ό
771 1689 972 1760 Ἰωσὴφ
1000 1691 1184 1755 αὐτοῖς
1209 1692 1430 1760 ἐγένετο
1463 1693 1743 1764 πρόξενος,

169 1778 226 1842 ἐξ
277 1779 445 1833 αὑτοῦ
502 1782 596 1834 τὸν
625 1781 754 1835 λαδν
809 1784 1219 1856 προσηγόρευσε
1237 1784 1304 1840 ⁸⁸.
1355 1785 1518 1854 Λέγει
1566 1785 1624 1840 δὲ
1667 1789 1748 1840 ὅτι

169 1871 375 1942 ταύτην
405 1871 578 1926 ἔδωκε
620 1873 698 1944 τῷ
725 1874 842 1945 λαῷ
869 1874 968 1947 τὴν
1027 1877 1352 1946 νομοθεσίαν
1374 1920 1388 1942 ,
1428 1881 1528 1950 τῆς
1588 1882 1752 1949 Αίγύ-

171 1980 300 2015 πτου
328 1964 524 2018 τοῦτον
555 1965 933 2038 ἐλευθερώσας
957 1967 1022 2022 ⁸⁸.
1057 1964 1189 2022 Είτα
1235 1971 1334 2033 τὰς
1375 1973 1752 2042 γεγενημένας

174 2055 492 2124 εὐεργεσίας
527 2056 799 2123 διέξεισιν.
867 2075 886 2109 ι
954 2058 1209 2113 Γλῶσσαν
1259 2061 1304 2093 ⁸⁸
1345 2061 1411 2132 ἣν
1446 2061 1549 2114 οὐκ
1598 2062 1747 2130 ἔγνω

173 2146 404 2213 ἡκουσεν
423 2146 495 2202 ⁸⁷.
552 2166 569 2198 ι
605 2147 797 2217 Φωνῆς
828 2147 937 2220 γὰρ
989 2150 1212 2204 πώποτε
1268 2152 1418 2217 θείας
1471 2154 1572 2208 οὐκ
1611 2157 1752 2209 ἀπο-

175 2236 374 2301 λούσας
400 2279 417 2300 ,
467 2238 676 2310 ταύτης
705 2241 1010 2312 ἐπήκουσεν
1043 2245 1102 2296 ὲν
1130 2245 1196 2315 τῇ
1232 2245 1426 2317 ἐρήμῳ
1455 2245 1550 2298 τὸν
1588 2246 1750 2316 νόμον

177 2329 482 2399 δεχόμενος.

231 2419 295 2484 ξ’.
335 2439 356 2471 ι
402 2422 743 2494 ’Δπέστησεν
764 2424 810 2456 ⁸⁸
837 2425 947 2478 ἀπὸ
978 2423 1192 2495 ἄρσεων
1220 2427 1312 2480 τὸν
1345 2427 1515 2482 νῶτον
1542 2429 1711 2483 αὑτοῦ
1733 2448 1746 2462 ·

182 2513 225 2564 ai
249 2514 442 2583 χεῖρες
475 2514 640 2568 αὐτοῦ
673 2517 732 2568 ὲν
755 2517 800 2548 ’⁵⁸
832 2515 912 2586 τῷ
938 2517 1144 2588 κοφίνῳ
1172 2517 1517 2574 ὲδούλευσαν.
1560 2543 1578 2574 ι
1613 2523 1752 2586 Τοὺς

180 2607 225 2657 ἐν
260 2607 537 2679 Αἰγύπτῳ
580 2608 810 2672 πόνους.
844 2609 939 2663 καὶ
970 2609 1072 2678 τὴν
1101 2609 1308 2679 πικρὰν
1340 2611 1622 2678 δουλείαν,
1658 2617 1754 2668 καὶ

180 2699 261 2768 τὴν
283 2700 332 2730 ⁸⁸
368 2699 764 2771 πλινθουργίαν
788 2701 877 2754 διὰ
897 2701 1106 2754 τούτων
1137 2701 1393 2774 ἐδήλωσε.
1428 2704 1554 2768 Τοῖς
1582 2706 1753 2776 ὤμοις

181 2792 300 2863 γὰρ,
336 2791 416 2854 ὡς
463 2792 613 2855 είκδς
636 2834 652 2858 ,
703 2793 894 2863 φέρειν
926 2794 1304 2866 ἠναγκάζοντο
1325 2795 1368 2828 ⁸⁸
1404 2797 1494 2849 τὸν
1539 2798 1710 2868 πηλόν
1736 2815 1750 2831 ο

179 2883 240 2938 τὰ
284 2883 344 2936 δὲ
375 2883 525 2937 νῶτα
570 2883 938 2955 διαφερόντως
970 2887 1079 2939 τῶν
1125 2887 1385 2941 τοιούτων
1433 2889 1754 2944 ἐπαισθάνε-

181 2992 260 3028 ται
276 2975 324 3006 ⁸³
356 2975 562 3030 πόνων.
604 2975 883 3031 Ἐντεῦθεν
908 2977 970 3031 τὸ
994 2977 1091 3031 τοῦ
1117 2977 1254 3033 Θεοῦ
1303 2982 1594 3051 πρόσωπον
1639 2985 1755 3036 είσ-

185 3069 298 3134 ἀγει
318 3067 727 3137 διαλεγόμενον.
759 3070 867 3122 Καὶ
889 3069 1108 3142 πρῶτον
1145 3073 1243 3142 μὲν
1279 3073 1390 3126 τῶν
1423 3075 1756 3144 εὐεργεσιῶν
1784 3093 1827 3152 c

182 3157 280 3210 τῶν
325 3163 718 3230 γεγενημένων
763 3164 1212 3234 ἀναμιμνήσκει,
1262 3160 1383 3220 εἶτα
1432 3167 1756 3237 παραίνεσιν

183 3250 426 3320 εἰσφέρει
461 3253 559 3305 καὶ
596 3253 908 3325 συμϐουλήν
933 3271 947 3284 ο
985 3255 1124 3324 μετὰ
1156 3256 1333 3310 ταῦτα
1366 3259 1621 3327 προλέγει
1657 3258 1757 3329 τὴν

183 3339 499 3406 ἀπείθειαν,
535 3343 630 3396 καὶ
658 3344 757 3413 τῆς
789 3344 1074 3408 ἀπειθείας
1105 3345 1204 3416 τὴν
1229 3349 1528 3418 τιμωρίαν.

243 3439 315 3501 η’,
362 3451 382 3482 ι
445 3433 535 3486 Ἔν
580 3434 756 3505 θλίψει
799 3436 1121 3490 ὲπεκαλέσω
1167 3454 1235 3506 με
1264 3453 1278 3468 ⁸
1322 3438 1418 3492 καὶ⁵
1467 3441 1757 3512 ὲρυσάμην

189 3539 258 3576 σε.
299 3541 320 3572 ι
362 3523 690 3590 Ἐστέναξας
718 3527 776 3580 ὲν
812 3526 1079 3597 Αἰγύπτῳ
1109 3528 1227 3592 τοῖς
1258 3528 1443 3592 πόνοις
1479 3531 1756 3587 ταλαιπω-

189 3613 484 3681 ρούμενος,
522 3615 618 3669 καὶ
651 3618 964 3688 παραυτίκα
983 3618 1029 3650 ⁸³
1063 3618 1478 3691 φιλανθρωπίας
1522 3621 1753 3693 ἠξίωσα.

185 3704 354 3758 Τοῦτο
387 3708 484 3759 καὶ
532 3709 566 3779 ἡ
600 3708 811 3778 ἱστορία
861 3708 1124 3764 διδάσκει.
1185 3729 1204 3763 ι
1267 3711 1593 3778 Ἐστέναξαν
1626 3716 1754 3786 γὰρ.

187 3797 376 3867 φησιν,
398 3801 448 3850 oi
481 3800 588 3850 υἱοὶ
614 3799 833 3872 Ἰσραὴλ
854 3801 961 3854 ἀπὸ
989 3800 1099 3855 τῶν
1123 3801 1302 3874 ἔργων
1339 3805 1448 3857 τῶν
1482 3806 1756 3877 σκληρῶν.

189 3890 274 3942 καὶ
297 3889 532 3961 ἀνέὸηή
564 3890 660 3963 βοὴ
688 3893 865 3946 αὐτῶν
895 3894 1033 3964 πρὸς
1080 3894 1173 3948 τὸν
1206 3895 1359 3950 Θεόν.
1396 3915 1414 3948 ι
1453 3927 1525 3937 -
1560 3917 1579 3950 ι
1628 3898 1759 3952 Ἐπ-

188 3983 396 4049 ἡκουσά
425 4000 487 4035 σε
504 3984 551 4015 ⁸⁵
580 3986 638 4036 ἐν
670 3984 976 4057 ἀποκρύφῳ
1013 3987 1348 4055 καταιγίδος.
1390 4007 1408 4039 ι
1449 3989 1508 4041 Ὀ
1529 3988 1586 4042 δὲ
1612 3989 1757 4060 Σύμ-

189 4091 359 4144 μαχος
418 4074 592 4140 οὕτως
621 4093 636 4108 ο
678 4077 1032 4144 Ἐπήκουσὰ
1083 4096 1159 4134 σε
1195 4082 1242 4113 ⁵⁵
1299 4081 1398 4136 διὰ
1457 4085 1759 4152 κρυφαίας

184 4166 484 4236 βροντῆς·
525 4171 620 4224 καὶ
665 4171 715 4224 οἱ
764 4171 916 4226 ἄλλοι
953 4172 1010 4224 δὲ
1055 4173 1155 4243 τὴν
1177 4173 1516 4241 βρόντησιν
1557 4175 1760 4244 ὁμοίως

189 4255 462 4310 τεθείκασι
484 4259 550 4313 ⁸⁸.
592 4259 754 4330 Δηλοῖ
776 4260 834 4313 δὲ
860 4259 952 4314 διὰ
979 4261 1172 4314 τούτου
1200 4263 1284 4314 ὃτι
1320 4260 1397 4334 μὴ
1418 4262 1464 4293 ⁸⁷
1499 4261 1762 4331 φαινόμεο

189 4367 304 4412 νος,
358 4350 474 4404 ἀλλ’
505 4353 734 4422 ἀόρατον
767 4352 908 4423 ἔχων
940 4356 1039 4422 τὴν
1070 4353 1235 4424 φύσιν
1269 4353 1350 4418 ⁸⁸,
1380 4353 1683 4426 κατάδηλον
1714 4356 1758 4388 ⁸⁸

1844 497 2156 551 sacerdotes
2187 497 2265 550 uti
2298 496 2480 566 jussit.
2522 497 2641 552 Istae
2672 508 2853 554 autem
2887 500 3092 569 populo
3119 501 3173 554 in
3206 518 3418 558 memo-

1845 590 1982 642 riam
2028 588 2360 644 revocabant
2389 591 2575 658 tubas,
2603 607 2728 660 qua:
2772 592 2826 646 in
2858 601 3042 647 monte
3068 593 3266 647 audita:
3308 596 3429 650 fne-

1814 706 1819 711 -
1848 690 1992 733 runt.
2024 677 2188 742 Nam,
2227 679 2338 736 Deo
2371 683 2616 736 omnium
2657 684 2942 740 conditore
2988 686 3042 739 in
3075 697 3257 740 monte
3284 687 3419 741 Sida

1845 772 2208 842 colloquente,
2241 771 2392 836 Vox,
2449 775 2658 845 inquit,
2706 777 2850 833 tubae
2900 777 3057 833 valde
3106 780 3418 834 resonabat.

1845 863 1995 918 Illius
2023 865 2190 936 igitur
2222 869 2585 936 apparitionis
2628 870 2886 940 populum
2929 871 3295 926 admonebant
3338 888 3430 927 sa-r

1845 958 2091 1014 cerdotes
2118 959 2265 1016 tubis
2305 971 2540 1017 utentes.
2572 962 2638 1017 Et
2687 964 2739 1018 bi
2783 963 2948 1035 igitur
2976 965 3210 1020 reditum
3241 980 3426 1020 conse-

1845 1058 2022 1113 cutos,
2068 1051 2363 1123 divinaque
2391 1069 2496 1124 ope
2531 1055 2746 1125 1181
2779 1056 3020 1127 adjutos,
3053 1059 3250 1112 merito
3275 1073 3424 1113 com-

1846 1143 2218 1200 monel'aciunt
2251 1156 2325 1201 .ut
2378 1165 2505 1205 cum
2558 1149 2685 1204 aliis
2749 1149 3137 1206 instrumentis
3205 1160 3426 1206 utatuur

1847 1235 2013 1292 tubis.
2651 1239 2670 1262 ί

1918 1408 2085 1467 Vens.
2115 1412 2166 1468 6.
2205 1432 2224 1465 ι
2254 1411 2650 1470 Testimonium
2690 1417 2743 1470 in
2780 1415 2982 1488 Joseph
3019 1419 3201 1488 posuit
3248 1420 3426 1487 illud,

1848 1520 1970 1558 cum
1997 1505 2170 1561 exiret
2200 1507 2315 1575 ipse
2340 1522 2370 1561 e
2399 1516 2536 1562 terra
2566 1507 2806 1579 Egypti.
2847 1530 2864 1562 ι
2910 1515 2925 1529 ⁸
2956 1509 3148 1580 Ioseph
3173 1511 3276 1567 hoc
3306 1513 3429 1568 loco

1849 1605 2017 1649 totum
2046 1597 2301 1666 populum
2336 1607 2507 1652 vocat.
2536 1597 2802 1664 Quoniam
2836 1600 2980 1656 enim
3017 1601 3216 1671 Joseph
3254 1620 3425 1676 causa

1851 1686 1974 1751 fuit,
2002 1698 2059 1742 ut
2083 1689 2184 1758 ipsi
2220 1689 2272 1742 in
2305 1689 2600 1760 [Egyptum
2629 1692 2797 1762 pedes
2834 1692 3122 1760 inferrent,
3184 1709 3248 1751 ex
3307 1697 3429 1765 ipso

1853 1780 2110 1851 populmn
2146 1781 2456 1850 appellavit.
2493 1782 2630 1838 Dicit
2677 1794 2857 1839 autem
2888 1801 2968 1850 se,
3004 1802 3128 1842 cum
3157 1803 3224 1841 ex
3260 1787 3428 1860 {Egyc

1852 1883 1943 1940 pto
1973 1871 2148 1941 ipsum
2200 1873 2504 1937 liberasset,
2539 1874 2680 1930 banc
2718 1876 2889 1946 legem
2947 1879 3148 1948 populo
3186 1879 3431 1935 dedisse.

1854 1963 2056 2018 Deinde
2085 1965 2275 2019 collata
2309 1965 2361 2018 in
2402 1981 2526 2020 eum
2559 1966 2821 2022 beneficia
2856 1971 3216 2040 persequitur.
3251 1989 3270 2023 ι
3298 1971 3431 2026 ιίησ

1853 2071 2039 2127 guam,
2075 2073 2239 2127 quam
2271 2073 2378 2112 non
2413 2071 2656 2126 noverat,
2689 2062 2914 2117 audivit.
2964 2082 2982 2114 ι
3014 2062 3148 2117 Nam
3174 2079 3299 2119 cum
3339 2066 3422 2119 di-

1853 2151 2031 2202 vinam
2059 2164 2244 2204 vocem
2274 2166 2557 2221 nunquam
2598 2154 2946 2222 percepisset,
3027 2154 3170 2210 hanc
3221 2155 3426 2210 audivit

1855 2242 1911 2296 in
1944 2243 2242 2298 solitudine
2270 2244 2442 2314 legem
2495 2244 2791 2316 accipiens.

1925 2417 2091 2474 Vens.
2118 2422 2170 2474 7.
2212 2441 2230 2472 ι
2262 2419 2491 2476 Divertit
2521 2422 2590 2478 ab
2619 2423 2879 2480 oneribus
2913 2424 3140 2480 dorsum
3172 2427 3316 2497 ejus,
3374 2439 3428 2483 ct

1857 2528 2054 2568 manus
2084 2515 2204 2584 ejus
2238 2515 2291 2568 in
2340 2516 2576 2585 cophino
2636 2517 2965 2573 servierunt.
3008 2538 3026 2572 ι
3074 2518 3319 2576 Perlatos
3372 2522 3424 2576 in

1858 2603 2092 2675 Egypto
2122 2605 2360 2670 labores,
2396 2607 2761 2678 acerbamque
2820 2609 3160 2674 servitutem,
3195 2621 3249 2666 ct
3296 2613 3429 2668 late-

1857 2695 2043 2748 ritium
2076 2709 2214 2764 Opus
2248 2697 2329 2750 his
2351 2696 2530 2752 verbis
2561 2708 2972 2754 commemorat.
2997 2698 3134 2754 Nam
3161 2701 3425 2766 humeris,

1858 2794 1916 2839 ut
1946 2785 2239 2840 verisimile
2269 2796 2374 2850 est,
2420 2786 2588 2840 lutum
2651 2785 2796 2843 ferre
2854 2789 3229 2858 cOgebantur:
3282 2801 3426 2862 terga

1858 2887 2040 2932 autem
2095 2877 2438 2946 potissimum
2511 2878 2827 2948 lmjusmodi
2875 2879 3092 2938 labores
3166 2883 3425 2939 sentiunt.

1859 2969 1995 3025 Hinc
2047 2969 2140 3022 Dei
2172 2985 2463 3039 personam
2494 2970 2806 3041 loquentem
2828 2972 3058 3026 inducit.
3092 2971 3155 3026 Et
3185 2974 3422 3042 primum

1861 3062 2085 3131 quidem
2143 3062 2339 3116 collata
2400 3063 2662 3118 beneﬁcia
2715 3063 2770 3118 in
2798 3065 3117 3119 memoriam
3176 3076 3425 3132 revocat;

1859 3151 2054 3207 deinde
2094 3151 2527 3208 admonitionem
2562 3162 2617 3208 et
2661 3154 2946 3209 consilium
2985 3154 3179 3222 aﬂ‘ert;
3241 3169 3427 3226 postea

1861 3245 2101 3314 praedicit
2165 3245 2610 3311 contumaciam,
2671 3255 2724 3301 et
2796 3249 3155 3305 contumaciae
3213 3249 3431 3319 suppli—

1859 3336 2027 3392 cium.

1934 3427 2097 3484 Vens.
2127 3429 2181 3485 8.
2219 3447 2238 3482 ι
2278 3429 2335 3483 In
2374 3429 2731 3486 tribulatione
2767 3431 3032 3487 invocasti
3073 3449 3178 3498 me,
3207 3446 3261 3489 et
3299 3436 3429 3490 libe-

1860 3523 1974 3576 ravi
2003 3532 2072 3577 te.
2122 3542 2140 3574 ι
2172 3521 2487 3592 lngemuisti
2514 3524 2570 3578 in
2603 3522 2836 3596 Egypto
2869 3525 3149 3582 laboribus
3172 3528 3428 3594 afﬂictus,

1860 3621 1914 3666 ct
1965 3613 2147 3666 subito
2181 3612 2569 3684 benignitatem
2612 3613 2705 3667 tibi
2734 3614 2990 3683 impertii.
3025 3613 3137 3671 Hoc
3174 3627 3227 3672 et
3256 3619 3431 3672 histo-

1861 3705 1941 3758 ria
1995 3707 2173 3759 docel.
2213 3705 2427 3774 1182
2497 3725 2513 3755 ι
2552 3702 2941 3774 lngemuerunt
2996 3709 3164 3769 enim,
3229 3711 3428 3780 inquit,

1863 3797 1952 3849 lilii
1985 3795 2143 3850 Israel
2171 3798 2239 3850 ob
2273 3812 2436 3866 opera
2471 3795 2629 3858 dura,
2671 3805 2725 3852 et
2779 3798 3024 3852 ascendit
3083 3801 3291 3854 clamor
3335 3819 3429 3856 co-

1863 3905 1981 3943 rum
2013 3891 2078 3942 ad
2119 3889 2404 3942 Dominum
2436 3900 2484 3942 ς.
2522 3907 2539 3940 ι
2569 3919 2640 3927 —
2685 3907 2702 3939 ι
2742 3887 3001 3944 Exaudivi
3042 3901 3089 3944 te
3115 3892 3163 3943 in
3195 3890 3430 3945 abscon-

1861 3981 1972 4036 dito
2008 3980 2363 4049 tempestatis.
2396 3999 2413 4030 ι
2449 3980 2810 4050 Symmachus
2854 3989 3032 4034 autem
3093 3982 3171 4034 sic
3206 4001 3219 4036 :
3253 3982 3432 4035 Exau-

1861 4073 1967 4125 είίυὶ
1995 4082 2043 4125 te
2064 4087 2155 4140 per
2183 4068 2443 4122 occultum
2479 4069 2679 4123 tonitru
2710 4085 2730 4124 :
2761 4079 2814 4124 et
2842 4071 3036 4139 reliqui
3065 4072 3228 4125 etiam
3261 4072 3428 4128 inter-

1864 4174 2040 4234 pretes
2076 4162 2275 4215 tonitru
2311 4160 2562 4215 similiter
2587 4160 2842 4216 dixerunt
2914 4160 3194 4234 Significat
3245 4173 3427 4218 autem
3526 4177 3529 4181 '

1863 4256 1948 4311 bis
2017 4255 2235 4309 verbis:
2282 4253 2396 4308 Etsi
2453 4269 2557 4306 non
2636 4269 2849 4320 cernar,
2937 4255 3031 4309 sed
3105 4255 3429 4310 invisibilcm

1863 4351 2092 4405 babeam
2122 4358 2397 4410 naturam,
2449 4346 2703 4401 omnibus
2733 4356 2914 4401 tamen
2950 4346 3269 4402 llOtllinlbUS
3302 4363 3427 4416 per-

190 4443 354 4493 πᾶσιν
407 4441 719 4513 ἀνθρώποις
765 4444 864 4514 τὴν
914 4444 1189 4516 σωτηρίαν
1219 4445 1498 4516 πεποίηκα
1523 4447 1569 4478 ⁶⁰
1592 4486 1607 4509 ,
1644 4441 1750 4500 οἷόν

1865 4443 2108 4510 spicuam
2145 4440 2246 4493 feci
2271 4440 2522 4501 salutem,
2554 4439 2718 4494 veluti
2745 4440 2982 4509 quodam
3015 4440 3241 4503 tonitru,
3289 4439 3430 4493 inlli-

190 4547 306 4583 τινα
340 4531 573 4602 βροντὴν
594 4535 637 4566 ⁸*
659 4573 673 4596 ,
699 4537 818 4598 ταῖς
857 4534 998 4590 κατά
1023 4535 1133 4588 τῶν
1161 4535 1477 4606 Αἰγυπτίων
1515 4535 1758 4606 πληγαῖς

191 4623 440 4693 σημάνας
492 4624 694 4678 ἅπασιν
753 4625 886 4698 ὅσην
920 4627 964 4658 ⁶¹
1014 4627 1276 4698 ποιοῦμαι
1328 4645 1422 4680 σου
1478 4628 1754 4697 πρόνοιαν.

292 4747 318 4786 ρ
359 4735 533 4791 Exod.
574 4751 699 4804 ιιι,
743 4738 830 4794 16.
905 4749 934 4790 ει
962 4739 1135 4796 Exod.
1164 4755 1225 4806 ιι,
1258 4740 1348 4795 25.

1865 4533 1968 4587 ctis
1992 4534 2045 4585 in
2078 4529 2362 4600 Egyptios
2392 4529 2565 4598 plagis
2594 4529 2878 4586 declarans
2929 4541 3187 4600 quantam
3224 4531 3300 4584 tui
3333 4547 3431 4585 cu—

1867 4639 1982 4678 ram
2023 4637 2226 4693 geram.
2263 4639 2280 4672 ι
2317 4619 2551 4676 Probavi
2583 4630 2633 4677 te
2660 4623 2800 4694 apud
2817 4638 3012 4694 aquam
3048 4623 3434 4678 contradictio.-

1281 4843 1516 4932 vanun
1554 4872 1928 4930 LECTIONES
1966 4873 2054 4927 ET
2093 4872 2316 4928 noras.

236 5015 278 5045 δ’
311 5017 468 5070 ἐπικ.
500 5015 879 5086 εοά.ίυῐβι’‹ιιιθ
904 5015 1031 5070 add.
1054 5032 1126 5086 τε
1147 5016 1241 5086 καὶ
1259 5016 1535 5086 προνοίας.
1601 5014 1648 5046 δ’
1671 5019 1750 5086 Me

1871 5013 2057 5086 cod.
2087 5028 2270 5086 prauo.
2303 5011 2415 5065 καί.

2499 5012 2544 5041 ⁸³
2569 5009 2695 5062 [ιι-ιο.
2737 5007 2894 5062 lectio
2928 5007 2980 5059 Ιι.
3024 5007 3059 5060 1.
3111 5017 3195 5059 est
3255 5007 3434 5061 αὐτόν.

189 5085 231 5116 ⁸⁵
251 5089 519 5155 Προσητ.
542 5085 664 5140 cod.
698 5085 724 5137 1
763 5074 887 5139 add.
920 5087 954 5156 ἡ
984 5083 1079 5139 τοῦ
1109 5085 1256 5138 θείου
1278 5074 1590 5155 πνεύματος
1621 5083 1947 5155 πρόγνωσις.
2007 5081 2052 5114 ’⁸⁸
2089 5074 2322 5136 Ἔλευθ.
2357 5081 2476 5136 cod.
2508 5081 2533 5134 1
2569 5080 2694 5134 add.
2722 5078 2987 5140 δουλείας.
3047 5076 3094 5106 ⁸⁸
3113 5074 3436 5131 Γλῶσσαν.

189 5181 308 5234 cod.
342 5180 366 5233 l
409 5177 768 5248 αάᾱηλέγων.
840 5178 885 5210 ⁸⁷
918 5180 1039 5233 Οὐκ
1065 5177 1214 5248 ἔγνω
1246 5177 1533 5248 ἤκουσεν.
1565 5177 1728 5232 llebr.

1862 5177 1946 5236 me
1983 5159 2250 5248 any-i735
2267 5189 2445 5248 _qu_am
2473 5173 2614 5226 haud
2637 5187 2900 5232 noveram,
2943 5169 3164 5248 audivi.
3223 5167 3267 5198 ’⁵⁸
3300 5168 3439 5220 Ἀπ-

192 5251 476 5315 ἔστησεν.
535 5247 698 5304 Hebr.
755 5257 982 5308 ’m‘tton
1039 5247 1229 5302 diuerti
1277 5267 1324 5303 s.
1385 5249 1612 5308 removi.

195 5338 241 5372 ιε
251 5331 388 5372 runt.
423 5318 608 5389 Symm
619 5361 632 5373 .
647 5388 650 5389 ν
663 5319 881 5388 κοφίνου
904 5318 1318 5389 ἀπηλλάγησαν.

1722 5249 1766 5279 ⁸⁸
1796 5246 1900 5300 Ἐν
1927 5276 1998 5286 -
2021 5245 2213 5299 ὲδούλ.

1411 5320 1456 5351 ⁸⁰
1481 5323 1656 5373 Δουλ.
1713 5319 1812 5370 καί
1841 5317 1974 5382 τήν.
2002 5316 2122 5370 cod.
2183 5314 2219 5368 2
2265 5317 2363 5385 τῆς
2416 5313 2658 5385 δουλείας

2314 5245 2430 5300 ebr.
2484 5252 2705 5304 m'tnb‘n
2760 5250 2900 5300 'i'm:
2940 5257 2973 5292 α
3018 5239 3233 5308 cophino
3274 5254 3438 5290 reces-

2752 5311 2954 5364 "Cod.
3012 5309 3047 5362 2
3101 5308 3437 5379 ὴνᾴγκα-ζον.

196 5393 238 5460 δῖ
261 5392 385 5444 cod.
413 5377 906 5444 ἓέπαισθάνονται.
964 5377 1376 5460 ⁸³Ί1αρᾳὺτίκα,
1410 5392 1531 5444 cod,
1560 5391 1597 5460 17
1621 5387 1745 5443 add,

1990 5377 2394 5460 Recalectio'li.
2421 5383 2457 5436 l.
2488 5391 2573 5460 est
2593 5399 2739 5460 aou._
2759 5382 2806 5460 5"
2839 5381 2934 5434 Σέ.
2967 5377 3132 5460 Apud
3151 5377 3437 5460 Myndii-in

201 5458 422 5539 lieni-pl.
457 5462 534 5539 ad.
559 5462 611 5514 b.
640 5461 678 5514 l.
709 5459 811 5530 leg.
839 5476 954 5514 σου.
1035 5448 1118 5492 ’θ’
1139 5459 1470 5539 {Melicae}.
1503 5459 1626 5514 cod.
1653 5460 1677 5511 l
1705 5474 1750 5539 at

1870 5457 2096 5539 λέγειδὲ
2128 5456 2211 5539 ότι
2265 5453 2562 5539 ξπήκουσά.
2600 5469 2658 5539 σε
2714 5451 2801 5505 διὰ
2854 5451 3148 5539 κρυφαίαςο

198 5532 240 5562 ⁸⁷
274 5515 392 5595 Μῆ.
435 5530 559 5585 cod.
593 5515 824 5598 uterqu
863 5545 1050 5599 praem.
1088 5531 1203 5583 καί.
1283 5528 1329 5561 ⁵⁸
1362 5530 1576 5583 φύσιν.
1619 5529 1738 5582 cod.

1867 5515 1957 5582 old:
1993 5525 2208 5579 ’Λκούει
2235 5515 2468 5599 τῶνέίς
2481 5523 2686 5599 καύτὸνΔ
2709 5515 3065 5599 πεποιθότων,
3116 5515 3203 5582 ὡς’
3234 5515 3442 5599 ἑτάζων

203 5592 424 5664 καρδίας
465 5602 560 5653 καὶ
584 5592 839 5672 νεφροὺς,
865 5592 965 5653 ’καὶ
994 5601 1356 5670 ἐπιστάμενος
1383 5599 1687 5678 ἀνθριιξπον.
1719 5601 1816 5652 καί⁸
1843 5597 1940 5678 τῂν
1977 5596 2212 5678 διάνοιαν
2245 5593 2431 5648 αὑτοῦ.
2470 5592 2737 5678 ﬂatartdit"
2761 5592 2987 5678 eoanui
3049 5606 3187 5678 spent

200 5675 250 5723 in
281 5689 360 5736 eo,
391 5680 570 5740 utpote
606 5669 700 5740 qui
729 5671 966 5736 explorat
994 5671 1158 5724 corda
1182 5669 1242 5725 uc
1274 5687 1438 5731 renes,
1469 5680 1516 5723 et
1547 5669 1807 5722 hominem
1843 5669 2055 5737 ejusque
2082 5669 2315 5720 animum
2353 5669 2522 5740 nouit.

200 5741 347 5812 φησί.
382 5740 583 5798 Ibidem
609 5744 725 5797 des.
757 5741 856 5811 τὴν
886 5742 1180 5812 σωτηρίαν.
1264 5741 1307 5773 ⁶⁰
1335 5741 1454 5797 cod.
1483 5741 1516 5793 2
1547 5740 1862 5810 πεποίηκεν.

3243 5595 3440 5658 ponunt

2616 5664 2660 5694 ’9
2687 5658 3058 5726 Κατάδήλον.
3094 5660 3218 5716 cod.
3259 5663 3281 5713 l
3317 5658 3439 5711 add.

1947 5729 1987 5770 δ”
2018 5741 2139 5794 cod.
2171 5746 2394 5812 uterque
2416 5734 2521 5788 τινὶ
2550 5733 2762 5804 βροντῇ.
2840 5733 2881 5763 ⁶²
2906 5733 3111 5797 "Omna
3136 5729 3257 5784 cod.
3285 5729 3319 5780 Ξ
3343 5729 3439 5780 ὅτι.
