3936 6504
496 300 633 367 1527

1472 299 1965 360 THEODORETI
2004 300 2344 363 EPISCOPI
2388 301 2754 363 CYRENSIS

3577 301 3696 367 1538

489 415 590 468 erit
616 422 816 481 tempus
841 424 1021 464 eorum
1048 409 1104 463 in
1130 379 1345 464 sre‘cula.
1381 441 1447 450 —
1475 409 1696 479 Tempus
1724 419 1907 465 autem
1962 426 2061 465 vo-

2182 411 2480 466 ηιὸνοποιοί
2532 415 2752 481 Κυρίου
2800 415 2855 466 ol
2886 412 3263 481 ,ψευσάμενοι
3300 412 3485 477 αὐτῷ,
3516 416 3694 486 ἐπήγα-

490 518 578 561 cat
608 504 968 571 calamitates.
1004 502 1097 559 Sic
1151 504 1296 559 enim
1330 501 1453 573 Syri
1509 513 1565 558 et
1598 505 1815 575 1186
1848 503 2060 558 Hebraei

490 616 585 655 eas
615 598 901 655 nominare
920 607 1343 664 consueverunt,
1369 608 1424 651 et
1447 598 1600 651 multi
1621 599 1784 651 etiam
1799 598 1940 666 apud
1959 613 2062 652 nos

490 693 678 747 eodem
714 692 877 747 modo
905 690 1004 747 has
1036 690 1340 746 nominant.
1383 687 1524 744 Dicit
1552 690 1755 759 igitur:
1822 690 1940 743 Non
1992 690 2060 743 ad

494 790 706 849 tempus
735 780 956 850 aliquod
982 779 1262 850 praeﬁxum
1294 780 1346 833 in
1384 780 1498 832 haec
1557 779 1799 832 incident
1859 776 2058 845 Judaei,

496 873 588 926 sed
620 873 672 925 in
701 872 961 927 sarculum
990 871 1086 927 Dei
1131 886 1262 927 cura
1294 870 1485 939 privati
1516 872 1834 926 manebunt.
1871 869 2063 927 Simile

496 973 674 1017 autem
702 972 786 1018 est
820 963 923 1019 hoc
959 962 1345 1034 septuagesimi
1374 963 1515 1017 tertii
1565 964 1757 1032 psalmi
1793 964 2021 1018 exordio
2049 983 2061 1017 :

498 1072 517 1105 ι
560 1052 694 1119 Cur,
731 1053 894 1117 Deus,
926 1054 1171 1123 repulisti
1208 1054 1261 1107 in
1292 1054 1489 1107 linem?
1523 1073 1541 1105 ι
1585 1052 1720 1109 Nam
1760 1055 1909 1110 etibi
1943 1054 2069 1108 ulti-

496 1162 639 1201 tnam
676 1144 993 1200 Judzeorum
1024 1145 1388 1214 abjeetionem
1423 1146 1690 1215 praedixit.

2169 518 2297 569 γεν,
2346 502 2499 557 Ἀλλ’
2540 504 2712 557 ἔσται
2740 508 2772 557 ό
2814 505 3019 571 καιρὸς
3053 503 3253 557 αὐτῶν
3279 507 3363 570 εἰς
3391 504 3496 557 τὸν·
3514 506 3694 563 αἰῶνα.

2169 594 2387 660 Καιρὸν
2429 594 2485 647 δέ
2537 596 2696 648 καλεί
2736 596 2837 658 τὰς
2874 597 3178 666 συμφοράς.
3211 595 3366 648 Οὕτω
3407 597 3509 665 γὰρ
3536 602 3620 650 καὶ
3655 602 3697 653 οἱ

2169 684 2361 751 Σύροι,
2393 688 2486 738 καὶ
2524 688 2571 739 οἱ
2616 687 2858 756 Ἑϐραῖοι
2891 687 2970 758 [³¹
3005 686 3251 756 ταύτας]
3289 687 3562 752 ὀνομάζειν
3597 691 3699 743 ιεὼ-

2171 775 2297 829 θασι
2318 794 2331 808 ο
2364 778 2557 831 πολλοὶ
2578 778 2636 831 δέ
2660 781 2755 831 καὶ
2792 782 2919 850 παρ’
2956 780 3092 849 ἡμῖν
3122 778 3268 830 οὕτω
3301 778 3494 841 ταύτας
3522 783 3702 835 ἀποκα-

2169 868 2344 922 λοῦσι.
2395 872 2561 938 Λέγει
2589 873 2798 933 τοίνυν.
2832 873 2912 924 ὅτι
2958 872 3185 934 ταύταις
3217 873 3461 924 Ἰουδαῖοι
3499 873 3555 924 ού
3586 878 3705 929 κατά

2170 977 2295 1013 τινα
2349 960 2514 1031 ῥητὸν
2558 964 2601 993 ³⁸
2664 962 3160 1031 περιπεσοῦνται³³
3209 964 3435 1033 χρόνον,
3495 964 3601 1016 ἀλλ’
3638 968 3705 1028 είς

2174 1050 2346 1104 αἰῶνα
2388 1050 2691 1104 διατελοῦσι
2710 1052 2755 1082 ³³⁵
2801 1052 2902 1121 τῆς
2932 1052 3083 1116 θείας
3116 1053 3469 1124 ἐστερημένοι
3502 1055 3705 1125 κηδεμο-

2176 1147 2315 1209 νίας.
2356 1145 2543 1200 ’Έοικε
2577 1147 2630 1200 δὲ
2660 1146 2819 1200 τοῦτο
2849 1148 2943 1200 τοῦ
2989 1154 3070 1215 ογ’
3093 1147 3312 1217 ψαλμοῦ
3337 1147 3415 1218 τῷ
3443 1152 3705 1218 προοιμίῳ1

500 1253 519 1286 ι
566 1237 752 1301 Ἰνατί,
780 1239 809 1291 ὁ
866 1236 1020 1301 Θεὸς,
1078 1234 1286 1290 ἀπώσω
1350 1236 1430 1299 είς
1471 1235 1660 1301 τέλοςς
1720 1255 1740 1289 ι
1792 1238 1902 1292 Καὶ
1950 1237 2060 1307 γὰρ
2100 1236 2216 1290 ἐκεῖ
2274 1236 2374 1308 τὴν
2448 1239 2689 1307 παντελῆ
2720 1238 2828 1291 τῶν
2868 1239 3140 1293 Ἰουδαίων
3186 1240 3457 1310 ἀποϐολὴν
3494 1246 3699 1311 προηγό-

499 1344 689 1398 ρευσεν
710 1327 776 1381 ³⁸.

567 1416 736 1473 Vens.
774 1418 862 1473 17.
898 1437 917 1471 ι
948 1416 1014 1472 Et
1047 1417 1251 1473 cibavit
1312 1418 1436 1472 illos
1466 1434 1533 1472 ex
1567 1418 1727 1488 adipe
1782 1417 2064 1482 frumenti,

499 1520 555 1567 et
590 1512 657 1566 de
692 1521 844 1585 petra
880 1512 1045 1577 melle
1074 1512 1343 1569 saturavit
1364 1527 1478 1567 eos.
1502 1531 1537 1565 μ»
1571 1512 1709 1568 Cum
1746 1521 1927 1567 autem
1984 1513 2069 1566 in-

502 1604 639 1675 grati
673 1605 838 1659 animi
872 1605 1060 1660 morbo
1086 1620 1409 1675 magnopere
1439 1606 1769 1669 laborarent,
1802 1606 2069 1660 bonorum

504 1697 731 1751 minime
763 1696 1033 1751 recordati
1093 1707 1239 1751 sunt.
1274 1695 1329 1750 ln
1364 1696 1656 1753 solitudine
1683 1698 1830 1753 enim
1863 1697 2073 1752 dulcis-

506 1788 701 1842 simam
736 1788 868 1858 ipsis
900 1803 1099 1857 aquam
1131 1802 1161 1841 e
1191 1786 1369 1856 lapide
1402 1788 1607 1851 eduxit,
1662 1804 1783 1856 quae
1841 1788 2073 1842 sitienti-

506 1878 612 1933 bus
651 1877 759 1933 illis
793 1878 1135 1933 dulcedinem
1180 1878 1357 1934 mellis
1408 1876 1614 1933 referre
1664 1878 1780 1932 visa
1832 1889 1960 1933 est:
2020 1878 2073 1931 in

507 1979 655 2025 terra
684 1976 867 2023 autem
915 1968 1296 2039 promissionis
1341 1968 1607 2022 fructuse
1660 1977 1801 2022 terra
1852 1967 2077 2022 uberius

509 2038 901 2127 ipsis'largitus
938 2064 1041 2112 est.
1076 2054 1180 2111 Per
1212 2065 1415 2125 partem
1466 2056 1610 2110 enim
1664 2063 1835 2113 totum
1872 2056 2079 2124 signiti-

510 2147 671 2213 cavit,
707 2155 762 2202 et
788 2161 883 2217 per
908 2146 1241 2202 frumentum
1269 2149 1499 2202 aliorum
1525 2147 1804 2203 fructuum
1830 2148 2079 2220 largitio-

508 2256 633 2297 nem
658 2240 979 2312 designavit.

858 2444 878 2465 ‘
906 2437 1176 2495 INTERP.
1205 2438 1453 2495 PSALMI
1482 2440 1718 2495 LXXXI.

583 2554 752 2609 Vens.
785 2554 837 2609 1.
873 2573 893 2606 ι
920 2553 1173 2611 Psalmus
1202 2554 1406 2625 Asaph.
1446 2574 1464 2607 ι
1502 2540 1843 2623 Εχροείιαίη
1877 2568 2080 2621 praece-

510 2648 672 2703 dente
701 2647 909 2717 psalmo
936 2645 1250 2701 Iudaeorum
1282 2647 1611 2716 abjectione,
1634 2646 1719 2700 hic
1745 2645 1910 2700 etiam
1946 2660 2080 2700 cau-

514 2756 607 2796 sas
635 2741 876 2811 apertius
901 2740 1156 2811 explicat,
1188 2750 1409 2810 propter
1456 2756 1594 2810 quas
1629 2739 1774 2793 Deus
1808 2738 1934 2793 illos
1997 2754 2083 2793 re-

513 2834 742 2903 spuebat
771 2833 1005 2889 :doceus
1035 2833 1242 2903 utique,
1269 2848 1390 2897 nos,
1419 2833 1462 2887 si
1495 2848 1589 2887 eos
1621 2830 1974 2895 imitabimur,
1998 2830 2084 2885 vel

514 2926 788 2982 deteriora
819 2938 1200 2996 perpessuros.
1279 2945 1297 2977 ι
1325 2925 1467 2979 Deus
1520 2924 1668 2978 stetit
1718 2923 1772 2977 in
1806 2936 2082 2995 synagoga

516 3015 765 3081 deorum,
803 3017 859 3070 in
883 3016 1062 3071 medio
1090 3026 1271 3072 autem
1329 3016 1461 3071 deos
1486 3016 1781 3071 discernet.
1813 3033 1832 3065 ι
1869 3012 2085 3069 Judzeo-

2245 1414 2328 1478 ιζ’.
2379 1432 2397 1465 ι
2451 1414 2564 1467 Καὶ
2600 1413 2876 1485 ἐψώμισεν
2918 1413 3120 1479 αὐτοὺς
3149 1418 3213 1468 ἐκ
3262 1417 3483 1479 στέατος
3512 1420 3668 1487 πυροῦ
3696 1431 3711 1445 ⁸

2172 1505 2267 1557 καὶ
2300 1506 2365 1555 ἐκ
2394 1504 2601 1573 πέτρας
2643 1505 2763 1575 μέλι
2804 1506 3097 1576 ἐχόρτασεν
3136 1506 3335 1569 αὐτούς
3359 1506 3425 1560 ³⁸.
3480 1526 3497 1557 ι
3536 1509 3711 1578 Πολλὴν

2172 1596 2250 1659 δὲ,
2288 1598 2473 1666 φησὶν,
2496 1597 2825 1667 ἀχαριστίαν
2860 1598 3232 1666 νενοσηκότες,
3270 1599 3371 1651 οὐκ
3401 1600 3713 1669 ἐμνήσθησαν

2174 1689 2284 1741 τῶν
2329 1690 2430 1759 ἤδη
2487 1690 2949 1760 παρασχεθέντων
2995 1693 3179 1755 αὐτοῖς
3224 1691 3468 1761 ἀγαθῶν.
3516 1693 3600 1747 Ἐν
3632 1695 3715 1763 μὲν

2109 1832 2149 1885 Β
2176 1780 2284 1850 γὰρ
2339 1783 2406 1851 τῇ
2458 1780 2651 1851 ἐρήμῳ
2698 1781 2759 1833 τὸ
2805 1781 3024 1851 ἥδιστον
3071 1784 3260 1845 αὐτοῖς
3304 1784 3367 1835 ἐκ
3397 1783 3496 1851 τῆς
3543 1786 3717 1854 πέτρας

2179 1874 2445 1944 ἐξήγαγεν
2479 1873 2653 1944 ὕδωρ,
2696 1874 2724 1927 ὂ
2751 1874 2979 1944 διψῶσιν
3028 1876 3213 1937 αὐτοῖς
3258 1877 3514 1947 ἐνομίσθη
3557 1880 3716 1949 μιμεῖ-

2180 1966 2302 2019 σθαι
2350 1966 2667 2037 γλυκύτητα
2702 1968 2917 2037 μέλιτος
2940 1983 2955 1999 ⁸
3001 1969 3059 2021 ἐν
3087 1968 3144 2021 δὲ
3172 1970 3240 2038 τῇ
3281 1972 3353 2037 γῇ
3382 1969 3482 2038 τῆς
3510 1971 3716 2038 ἐπαγγε-

2177 2057 2295 2121 λίας
2338 2060 2466 2122 τοὺς
2514 2058 2622 2112 ἀπδ
2666 2060 2766 2129 τῆς
2812 2060 2917 2129 γῆς
2962 2059 3150 2123 αὐτοῖς
3197 2060 3449 2129 ἀφθόνως
3472 2062 3513 2091 ³⁷
3544 2060 3717 2133 ἐδωρή-

2180 2167 2309 2204 σατο
2324 2152 2369 2183 ³⁸
2398 2151 2663 2223 καρπούς.
2700 2151 2835 2205 Ἀπὸ
2857 2152 2965 2223 γὰρ
2996 2152 3089 2205 τοῦ
3133 2152 3339 2223 μέρους
3381 2152 3441 2205 τὸ
3470 2155 3570 2205 πᾶν
3599 2172 3717 2224 παρ-

2178 2243 2417 2314 εδήλωσε
2471 2246 2555 2313 ³9,
2601 2246 2695 2298 καὶ
2748 2244 2839 2297 διὰ
2889 2244 2983 2298 τοῦ
3022 2245 3170 2297 σίτου
3246 2245 3341 2298 καὶ
3408 2244 3514 2298 τῶν
3570 2246 3719 2300 ἄλλων

2180 2333 2411 2407 καρπῶν
2442 2333 2541 2406 τὴν
2572 2335 2839 2406 χορηγίαν
2870 2336 3166 2405 ἐσήμανεν.

2442 2496 2443 2499 η
2499 2446 2762 2501 EPMHN.
2804 2448 2941 2501 ΤΟΥ
2979 2449 3082 2500 ﬂA'
3119 2446 3442 2511 ΨΑΛΜΟΥ,

2253 2563 2323 2611 α’,
2362 2575 2379 2610 t
2418 2558 2648 2628 Ψαλμὸς
2676 2557 2754 2628 τῷ
2784 2557 2979 2627 Ἀσάφ.
3017 2578 3037 2611 ι
3079 2559 3190 2630 Τὴν
3212 2560 3260 2591 ’⁸ο
3291 2558 3556 2627 ἀποϐολὴν
3579 2559 3718 2612 είπὼν

2183 2651 2292 2704 τῶν
2329 2650 2598 2704 Ἰουδαίων
2656 2653 2713 2704 ἐν
2755 2650 2831 2721 τῷ
2866 2651 2971 2721 πρὸ
3006 2650 3198 2704 τούτου
3234 2652 3473 2723 ψαλμῷ,
3523 2653 3720 2705 ἐνταῦθα

2186 2744 2278 2797 καὶ
2315 2742 2414 2807 τὰς
2447 2743 2625 2806 αἰτίας
2673 2745 3010 2814 σαφέστερον
3039 2744 3326 2815 ἐκτίθησι,
3367 2745 3434 2798 δι’
3469 2744 3533 2809 ἃς
3556 2744 3723 2808 αὐτοὺς

2186 2839 2214 2890 ὀ
2253 2835 2385 2899 Θεὸς
2440 2835 2777 2889 ἀπεόἀλλετο
2802 2853 2816 2867 ·
2872 2836 3141 2890 διδάσκων
3196 2839 3454 2900 πάντως,
3506 2836 3575 2900 ὠς
3624 2836 3717 2905 είγε

2185 2928 2426 2992 ἐκείνους
2452 2927 2831 2999 μιμησόμεθα,
2864 2930 2974 2992 τοῖς
3004 2928 3188 2992 αὐτοῖς
3217 2929 3251 3000 ἢ
3288 2930 3495 3003 χείροσι
3526 2932 3721 2999 περιπέ-

2188 3036 2371 3092 σομεν.
2407 3038 2425 3071 ι
2477 3019 2536 3072 '0
2573 3018 2705 3082 Θεὸς
2739 3019 2870 3089 ἔστη
2904 3021 2960 3074 ἐν
2989 3024 3277 3091 συναγωγῇ
3319 3020 3486 3087 θεῶν,
3513 3021 3567 3073 ἐν
3600 3020 3726 3093 μέσῳ

517 3126 643 3166 rum
692 3111 985 3183 principes,
1036 3122 1223 3184 utpote
1282 3112 1481 3183 quibus
1517 3108 1797 3181 judicandi
1847 3107 2080 3161 ofﬁcium

2187 3112 2243 3166 δέ
2265 3113 2421 3176 θεοὺς
2448 3112 2735 3183 διακρινεῖ.
2767 3132 2785 3164 ι
2824 3113 2963 3176 Τοὺς
2990 3111 3263 3165 Ἰουδαίων
3287 3113 3548 3182 ἄρχοντας
3573 3111 3722 3176 θεοὺς.

519 3203 872 3258 commissum
918 3214 1072 3272 erat,
1122 3205 1255 3261 deos
1298 3202 1618 3258 nominavit.
1671 3200 1876 3256 Eodem
1924 3198 2088 3254 modo

519 3292 605 3348 lex
631 3294 845 3365 1187
871 3297 1036 3352 etiam
1073 3297 1218 3367 ipsos
1246 3304 1434 3351 vocat:
1465 3315 1483 3346 ι
1524 3294 1639 3349 Diis
1668 3308 1774 3347 non
1806 3294 2080 3356 detrahes,

521 3392 577 3439 et
607 3385 837 3455 principi
873 3387 1059 3457 populi
1108 3388 1184 3442 tui
1214 3402 1320 3441 non
1342 3386 1637 3441 maledices
1677 3387 1722 3437 ί.
1757 3404 1775 3436 ι
1811 3383 2087 3450 Quoniam

523 3478 671 3532 enim
696 3493 820 3533 vere
843 3479 1006 3547 judex
1039 3490 1121 3536 est
1151 3478 1317 3543 Deus,
1354 3488 1408 3533 et
1439 3478 1753 3533 hominibus
1803 3478 2091 3547 judicandi

525 3568 760 3625 cilicium
824 3572 1180 3628 commissum
1242 3583 1345 3637 est,
1399 3580 1682 3641 propterea
1727 3571 1819 3641 qui
1871 3570 1937 3624 ad
1990 3570 2093 3625 hoc

527 3677 726 3717 munus
755 3662 939 3717 selecti
973 3673 1120 3730 sunt,
1155 3662 1576 3732 dii‘nuncupati
1640 3670 1786 3725 sunt,
1830 3670 2091 3730 tanquam

529 3756 583 3811 in
616 3756 717 3811 hoc
751 3755 920 3811 Deum
953 3758 1246 3813 imitantes.
1272 3757 1375 3811 Sed
1393 3757 1576 3827 justus
1615 3755 1781 3826 judex
1826 3755 1929 3808 hoc
1972 3754 2093 3808 loco

528 3863 637 3904 non
661 3847 804 3916 juste
830 3849 1159 3918 judicantes,
1194 3864 1370 3919 neque
1399 3858 1603 3903 rectam
1632 3846 1857 3917 iustitiae
1929 3854 2096 3900 state-

528 3955 647 3995 ram
674 3949 944 4007 tenentes,
992 3940 1288 4011 redarguit,
1313 3940 1632 4010 iustumque
1678 3938 1747 3993 ab
1778 3938 1898 4009 ipso
1943 3937 2094 3991 futu-

529 4049 651 4088 rum
673 4032 942 4103 judicium
970 4034 1240 4104 praedicit.

604 4122 766 4179 Vens.
798 4125 855 4180 ‘2.
895 4144 914 4177 ι
957 4123 1251 4196 USquequo
1299 4125 1560 4196 judicatis
1611 4125 1981 4195 iniquitatem,
2043 4134 2098 4178 et

532 4215 699 4270 facies
749 4226 1098 4285 peccatorum
1155 4218 1413 4272 sumitis?
1458 4236 1476 4267 ι
1534 4217 1849 4287 Quousque,
1898 4216 2094 4284 inquit,

532 4307 906 4376 incorruptam
940 4309 1263 4363 sententiam
1302 4324 1411 4362 non
1450 4307 1729 4377 profertis,
1774 4307 1868 4361 sed
1901 4318 2098 4377 poten-

533 4401 669 4454 tium
694 4408 858 4469 atque
897 4399 1212 4469 iniquorum
1245 4401 1525 4455 hominum
1565 4398 1888 4468 injustitiam
1922 4400 2097 4470 repri-

2189 3204 2265 3266 ὼς
2283 3204 2327 3235 δί
2352 3203 2413 3257 τὸ
2440 3204 2646 3275 κρίνειν
2669 3204 3157 3275 πεπιστευμένους,
3185 3202 3473 3269 ὠνόμασεν
3488 3206 3549 3257 δ’.
3573 3202 3726 3268 Οὕτως

2193 3298 2388 3360 αὐτοὺς
2417 3296 2513 3350 καὶ
2546 3296 2579 3348 ὁ
2627 3298 2790 3367 νόμος
2836 3296 3119 3350 ἀποκαλεῖ.
3174 3315 3193 3346 ι
3231 3295 3406 3359 Θεοὺς
3429 3296 3475 3327 ⁸³
3509 3296 3566 3348 ού
3593 3312 3728 3347 κακο-

2192 3390 2464 3459 λογήσεις,
2517 3388 2615 3441 καὶ
2641 3388 2879 3458 ἄρχοντα
2920 3387 3017 3440 τοῦ
3060 3387 3188 3439 λαοῦ
3226 3405 3323 3439 σου
3354 3389 3452 3441 οὐκ
3479 3390 3611 3458 ἐρεῖς
3651 3404 3727 3439 κα.

2194 3481 2325 3544 κῶς.
2359 3500 2377 3533 ι
2410 3480 2632 3551 Ἐπειδὴ
2660 3481 2765 3551 γὰρ
2792 3480 3007 3550 ἀληθῶς
3035 3481 3228 3551 κριτὴς
3254 3481 3287 3532 ὁ
3311 3482 3441 3545 Θεός
3463 3482 3616 3546 ἐστιν,
3637 3480 3730 3533 ἐνε-

2195 3573 2548 3645 χειρίσθησαν
2578 3574 2635 3625 δὲ
2675 3574 2769 3626 καὶ
2809 3575 2856 3627 οἱ
2886 3571 3164 3641 ἄνθρωποι
3200 3574 3451 3643 κρίνειν,
3490 3589 3731 3643 προσηγο-

2198 3663 2469 3735 ρεύθησαν
2521 3666 2570 3717 οί
2617 3666 2790 3717 ταῦτα
2813 3664 2857 3694 ⁸⁸
2889 3664 3311 3733 πεπιστευμένοι
3364 3665 3509 3726 θεοὶ,
3559 3665 3642 3718 ἅτε
3679 3663 3732 3733 δὴ

2197 3756 2328 3809 Θεὸν
2356 3758 2414 3808 ἐν
2434 3757 2609 3829 τούτῳ
2632 3757 2669 3789 δι
2698 3756 3044 3828 μιμούμενοι.
3065 3757 3227 3809 Ἀλλὰ
3256 3759 3387 3819 τοὺς
3418 3758 3513 3810 οὐκ
3541 3756 3731 3817 ἐνδίκως

2197 3850 2536 3914 δικάζοντας,
2565 3850 2685 3903 οὐδὲ
2710 3850 2941 3913 ἁκλινῶς
2968 3850 3304 3919 κατέχοντας
3337 3851 3406 3904 τὰ
3430 3852 3524 3919 τῆς
3544 3849 3679 3917 δίκης
3695 3847 3732 3877 ⁸⁸

2199 3941 2338 4009 ζυγὰ
2362 3983 2375 4005 ,
2407 3943 2434 3993 ὁ
2464 3940 2672 4002 δίκαιος
2707 3939 2944 3993 ἐνταῦθα
2973 3939 3242 4009 διελέγχει
3288 3940 3479 4012 κριτὴς
3502 3981 3516 4006 ,
3548 3938 3634 3991 καὶ
3653 3936 3731 4005 τὴν

2200 4032 2464 4102 ἐσομένην
2497 4032 2588 4084 ὑπ’
2618 4030 2783 4085 αὐτοῦ
2810 4031 3024 4085 δικαίαν
3055 4031 3237 4101 κρίσιν
3260 4030 3630 4103 προαγορεύει.

2273 4123 2336 4195 β’.
2368 4144 2385 4176 t
2420 4125 2562 4187 Ἕως
2597 4124 2730 4177 πότε
2746 4126 2789 4156 ⁵⁷
2834 4124 3047 4195 κρίνετε
3077 4126 3316 4182 ἀδικίαν.
3352 4128 3446 4181 καὶ
3501 4126 3733 4196 πρόσωπα

2202 4217 2540 4288 ἁμαρτωλῶν
2566 4216 2871 4287 λαμϐάνετε
2898 4236 2912 4282 ;
2954 4238 2973 4270 ι
3010 4218 3187 4288 Μέχρι
3237 4219 3408 4282 τίνος,
3437 4217 3610 4290 φησιν.
3633 4215 3731 4268 ἁδέ-

2202 4328 2402 4365 καστον
2432 4311 2533 4363 οὐκ
2563 4310 2825 4380 ἐκφέρετε
2849 4310 3048 4379 ψῆφον,
3096 4310 3233 4364 ἀλλὰ
3264 4310 3379 4364 τῶν
3403 4310 3631 4363 δυνατῶν
3658 4308 3733 4359 καὶ

2204 4403 2535 4474 παρανόμων
2561 4402 2807 4472 ἐλέγχειν
2851 4403 3202 4473 παραιτεῖσθε
3250 4403 3353 4475 τὴν
3380 4403 3600 4461 ἀδικίαν,
3655 4404 3729 4452 καὶ

534 4506 685 4547 ntere
712 4492 1002 4557 recusatis,
1031 4507 1406 4563 pauperesque
1432 4492 1501 4547 ab
1527 4491 1612 4546 bis
1644 4490 1843 4561 injuria
1873 4489 2080 4546 affecto:

2207 4496 2483 4564 παρορᾶτε
2543 4494 2732 4558 τοὺς⁸⁸
2770 4496 2927 4564 πενίᾳ
2986 4495 3263 4559 συζῶντας
3335 4497 3442 4548 ἀπὸ
3466 4496 3510 4527 ⁸⁹
3558 4492 3732 4546 τούτων

535 4583 814 4653 despicitis
831 4584 855 4637 ί

610 4675 771 4731 Vens.
812 4677 867 4731 '5.
911 4694 931 4727 ι
970 4674 1069 4732 Jus
1097 4675 1263 4732 dicite
1329 4691 1499 4745 egeno
1536 4687 1592 4731 ct
1631 4675 1858 4747 pupillo,
1921 4674 2102 4729 humi-

538 4768 643 4821 lem
686 4777 740 4823 et
766 4783 1056 4839 pauperem
1089 4768 1403 4839 justiﬁeate.
1448 4787 1466 4820 ›
1507 4766 1747 4839 Uterque
1789 4777 1969 4823 autem
2002 4768 2105 4821 bo-

539 4874 662 4913 rum
692 4860 897 4915 auxilio
932 4861 1151 4933 indiget.

615 4972 634 5007 ⁸
667 4970 840 5029 Exod.
868 4990 1005 5043 mi,
1040 4974 1130 5029 28.

2209 4586 2593 4656 ἀδικουμένους
2611 4604 2626 4653 ;

2277 4684 2347 4746 γ’.
2375 4696 2394 4728 r
2427 4677 2660 4746 Κρίνατε
2693 4676 2911 4749 ὀρφανῷ
2942 4680 3035 4732 καὶ
3066 4678 3265 4749 πτωχῷ
3290 4680 3360 4741 ⁸⁸⁸,
3391 4679 3635 4732 ταπεινὸν
3658 4676 3732 4727 καί

2216 4771 2418 4840 πένητα
2446 4768 2771 4823 δικαιώσατε
2789 4772 2854 4822 ⁵¹.
2888 4789 2906 4820 ι
2939 4771 3255 4844 ’Ἑκάτερος
3277 4772 3323 4804 ³²
3369 4772 3425 4825 δὲ
3450 4770 3639 4824 τούτων
3664 4768 3732 4818 ἐν·

2206 4864 2333 4936 δεὴς
2363 4863 2638 4934 βοηθείας.

1636 5066 1858 5123 ‘IARIIE
1889 5066 2269 5122 LECTIONES
2308 5064 2395 5119 ET
2434 5065 2663 5120 NOTAE.

642 5159 686 5190 "
725 5159 915 5231 E_cod.
946 5161 998 5215 1.
1074 5161 1391 5231 ³³.Ῥητόν.
1448 5158 1617 5220 Abest
1644 5178 1675 5217 a
1723 5163 1844 5217 cod.
1874 5162 1930 5218 2.

539 5229 1000 5301 προσηγόρευσεν.

539 5301 661 5356 cod.
708 5298 803 5352 ⁷2(
859 5299 905 5332 ³⁸
937 5301 1056 5357 cod.
1084 5300 1120 5354 9..

539 5385 649 5439 que
703 5369 826 5423 cod.
873 5369 1009 5425 Cum
1074 5371 1161 5425 his
1200 5369 1345 5428 coni.

540 5442 599 5503 in
626 5440 749 5495 cod.
779 5439 833 5495 2.
910 5441 955 5472 ⁸³
982 5444 1105 5496 cod.
1142 5442 1166 5495 1
1194 5443 1284 5494 ὀνο

540 5510 587 5542 ⁸³
616 5514 739 5565 cod.
763 5511 800 5564 2
832 5512 911 5573 εἰς
944 5512 1121 5565 τοῦτο.

540 5580 736 5647 λέγων.

1401 5371 1522 5442 quae
1576 5371 1738 5427 Cord.
1793 5382 1831 5426 t.
1877 5371 1939 5435 ll,

834 5582 879 5612 ⁸⁸
919 5584 1083 5647 Τούς.
1120 5583 1289 5637 Abest
1320 5600 1349 5637 a
1387 5586 1509 5638 cod.
1549 5586 1599 5636 1.

542 5721 763 5777 ponitur
802 5731 921 5790 post
948 5723 1165 5792 πτωχῷ.

1320 5164 1391 5229 ἵν.
1448 5160 1617 5220 Abest
1644 5178 1675 5217 a
1723 5163 1844 5217 cod.
1874 5162 1930 5218 2.
2035 5162 2079 5194 ⁸³
2109 5161 2231 5215 cod.
2267 5160 2633 5229 istscoﬁwm.

1114 5224 1587 5313 έδηἚκόρζασεν
1633 5234 1875 5313 αὐτούς.
1928 5230 2080 5286 Ηοὶπη

2182 5224 2386 5313 magna
2450 5233 2745 5313 satiqlsgus
2814 5248 2980 5287 essem
3056 5241 3122 5313 te.

1177 5301 1560 5374 ἐδωρησάμην.
1591 5371 1604 5374 Α
1637 5303 1681 5335 ³⁸
1744 5305 1913 5374 cod.“
1934 5301 2468 5374 uterque'é8r'iltocs.

1972 5388 2025 5441 p.
2077 5372 2182 5425 704
2217 5386 2282 5425 ex
2320 5373 2620 5428 Athanasio
2680 5374 2878 5427 attulit.

1292 5443 1472 5513 μάζει,
1503 5444 1646 5513 quod
1680 5453 1803 5513 ante
1833 5442 1989 5504 θεοὺς
2026 5444 2263 5511 ponitur.

1225 5513 1271 5545 “
1294 5512 1425 5568 cod.
1469 5514 1495 5567 1
1522 5512 1893 5579 δικαιοσύνης,
1931 5528 2080 5579 quan:

2182 5514 2406 5568 :tionem
2441 5513 2634 5568 Carafa
2664 5526 2882 5569 secutus
2913 5523 3016 5567 est.

1707 5584 1751 5613 ⁴⁹
1790 5584 1943 5636 Ἀπό.
1971 5583 2093 5637 cod.
2142 5585 2167 5637 1
2202 5584 2331 5638 ὑπό.

542 5650 585 5679 ⁸⁸
637 5654 913 5725 amamur.
958 5655 1079 5706 cod.
1114 5654 1141 5725 _i
1175 5655 1295 5710 add.
1328 5655 1573 5708 τουτέστι
1603 5653 1815 5707 δικαίαν
1845 5652 2027 5717 αὐτοῖς
2060 5654 2377 5725 ἐπικουρίαν
2406 5653 2643 5723 ὀρέξατε.

3513 5160 3556 5191 ³⁸
3576 5157 3681 5211 cod.
3710 5156 3726 5206 l

3234 5233 3276 5263 ³⁷
3315 5234 3464 5298 Ἀφθ.
3512 5230 3662 5284 Abest
3708 5243 3729 5277 a

2544 5303 2589 5334 ⁸⁸
2629 5302 2747 5369 Τὴν
2772 5334 2842 5345 —-
2890 5302 3307 5370 περιπέσομεν.
3356 5302 3479 5354 Des.
3522 5302 3569 5351 in
3609 5308 3732 5370 utro-

2741 5162 2785 5194 ³³
2814 5162 2935 5217 cod.
2963 5164 2989 5216 1
3019 5162 3402 5215 διατελέσουσι.

3010 5373 3053 5403 ιι
3085 5367 3222 5446 Δίος*
3258 5402 3353 5446 _.__
3382 5372 3579 5446 νόμος.
3631 5367 3729 5446 ρες-

2344 5443 2388 5473 ³⁸
2417 5445 2609 5506 θεούς.
2644 5443 2767 5499 cod.
2792 5443 2829 5496 9.
2852 5457 3037 5512 praem.
3070 5442 3144 5505 ὡς
3162 5443 3239 5496 τό.
3317 5442 3363 5472 ⁸⁸
3385 5441 3503 5495 cod.
3534 5441 3554 5492 1
3584 5441 3728 5512 τοῦτο.

2344 5531 2406 5565 em
2441 5513 2634 5565 Carafa
2664 5526 2882 5565 secutus
2913 5523 3016 5565 est.
3118 5513 3163 5543 ⁸⁷
3201 5513 3367 5565 Πότε.
3403 5514 3518 5564 cod.
3555 5509 3577 5560 1
3612 5504 3733 5560 οιΙιΙιι

2436 5550 2634 5639 xiii}:
2662 5550 3016 5640 fJJr‘i'5"i..“T.'
3034 5593 3117 5638 est
3146 5550 3379 5653 τιῤῷἱῦξῦ
3403 5550 3730 5653 ζιέἱξπὶῶχόνε

2772 5656 2817 5685 δ’
2850 5653 3161 5722 Ἐκὰτερος
3180 5642 3267 5694 '-—'-
3303 5651 3476 5718 βοηθ.
3504 5651 3558 5703 In
3586 5642 3727 5701 codJ
