3936 6486
237 348 361 410 1527

1505 348 1589 409 ΙΝ
1616 348 1823 411 PSAL.
1846 348 2174 408 LXXXIII.

3351 350 3489 416 1538

233 471 334 535 ξεις
354 468 404 500 ’⁵
458 470 677 534 αὐτούς.
736 489 754 521 ›
826 469 913 521 Ἐν
960 468 1074 531 τοῖς
1126 467 1351 539 δρυμοῖς
1424 468 1805 538 αὐτομάτως¹¹¹

1933 468 2064 522 tabis
2111 483 2228 524 eos.
2267 489 2285 521 ι
2342 469 2399 525 1η
2440 473 2759 529 nemoribus
2808 481 3001 542 sponte
3036 469 3257 525 flamma
3293 485 3489 527 accen-

232 561 524 626 ἐξάπτεται
580 560 737 630 φλὸξ,
783 561 890 614 τῶν
946 560 1181 633 δένδρων
1259 560 1366 614 ὑπὸ
1444 559 1808 632 σφοδροτέρου

232 653 547 724 πνεύματος
563 655 927 726 κινουμένων,
947 655 1042 708 καὶ
1068 652 1322 724 ἀλλήλοις
1346 654 1808 727 συντριϐομένων,

232 746 323 799 καὶ
371 749 441 818 τῇ
488 747 675 818 τρίψει
715 748 776 800 τὸ
814 747 1024 811 θάλπος
1067 746 1476 818 ἐργαζομένων,
1524 747 1622 801 καὶ
1670 746 1811 800 κατὰ

236 834 431 906 μικρὸν
458 835 527 890 δι’
560 836 808 907 ἀλλήλων
834 835 1242 905 ἐξαπτομένων.
1272 836 1677 908 Παραπλησίως
1702 836 1813 890 τοί-

234 945 327 980 νυν
356 929 453 982 καί
475 928 700 991 τούτους
746 930 1087 983 ἱκετεύουσιν
1121 929 1214 983 ὑπ’
1239 929 1487 1000 ἀλλήλων
1525 927 1811 999 ἀναλωθῆ-

237 1040 343 1087 ναι,
377 1022 473 1076 καὶ
514 1025 635 1086 ταῖς
657 1022 895 1085 οἰκείαις
920 1020 1204 1090 ἐκδοθῆναι
1231 1020 1624 1094 παρανομίαις,
1669 1019 1812 1074 κατὰ

237 1115 332 1185 τὴν
406 1114 759 1186 προφητείαν
830 1112 930 1185 τὴν
1004 1112 1301 1181 λέγουσαν·
1340 1132 1358 1164 ι
1393 1112 1696 1183 Πορεύεσθε
1735 1110 1813 1182 τῷ

240 1210 378 1276 φωτὶ
410 1207 510 1261 τοῦ
541 1208 711 1279 πυρὸς
737 1208 766 1260 ὑ
777 1206 913 1275 μῶν,
935 1205 1029 1260 καὶ
1049 1209 1116 1278 τῇ
1143 1207 1302 1276 φλογὶ
1388 1206 1738 1273 ἐξεκαύσατε.
1787 1226 1806 1259 ο

307 1300 395 1363 ιζ’.
428 1319 447 1351 ι
482 1300 784 1371 Πλήρωσον
822 1299 892 1352 τὰ
921 1300 1191 1369 πρόσωπα
1219 1297 1402 1352 αὐτῶν
1426 1297 1654 1368 ἀτιμίας
1673 1314 1687 1327 ·
1716 1298 1814 1352 καὶ

240 1392 538 1462 ζητήσουσι
565 1391 627 1444 τὸ
657 1391 829 1462 ὄνομά
856 1409 977 1459 σου,
1009 1392 1206 1463 Κύριε.
1236 1410 1254 1442 ι
1279 1390 1682 1462 Διαμαρτόντες
1703 1385 1814 1463 γὰρ

240 1475 313 1537 ὧν
340 1481 650 1553 βούλονται,
685 1483 781 1535 καὶ
832 1482 1094 1554 αἰσχύνης
1119 1480 1552 1554 ἐμπλησθέντες,
1583 1481 1815 1552 ἐπιγνώ-

242 1574 426 1630 σονταί
459 1592 554 1628 σου
578 1576 678 1647 τὴν
708 1576 961 1647 δύναμιν.

309 1663 405 1734 ιη’,
434 1664 522 1719 ιϐ’.
562 1682 580 1715 ι
619 1664 1104 1737 Αίσχυνθήτωσαν,
1146 1668 1241 1720 καὶ
1272 1667 1702 1740 ταραχθήτωσαν
1735 1669 1815 1732 είς

242 1757 330 1810 τὸν
387 1758 564 1812 αἰῶνα
626 1757 721 1811 τοῦ
796 1758 1032 1821 αἰῶνοςο
1071 1759 1166 1813 καὶ
1222 1761 1669 1833 ἐντραπήτωσαν,
1720 1761 1817 1815 καὶ

244 1844 659 1900 ἀπολέσθωσαν.
680 1847 789 1899 Καὶ
818 1845 1117 1914 γνώτωσαν
1142 1848 1226 1901 ὅτι
1250 1824 1426 1919 ὄνομά
1454 1824 1549 1903 ’σοι
1578 1850 1779 1920 Κύριος
1799 1866 1814 1879 ⁸
1847 1824 1890 1878 Β

246 1938 307 1990 σὺ
341 1937 771 2007 μόνος¹Ύψιστος
805 1938 899 1990 ἐπὶ
929 1940 1109 1992 πᾶσαν
1138 1940 1238 2011 τὴν
1251 1941 1375 2013 γῆν.
1416 1961 1434 1994 ι
1482 1940 1685 2010 Ἀγαθά
1707 1945 1816 2006 τοῖς

245 2028 465 2099 ἐχθροῖς
499 2029 713 2083 αἰτοῦσι
737 2032 832 2084 καὶ
873 2031 1301 2103 πολεμούμενοι.
1340 2033 1665 2087 ’ἱκετεύουσι
1708 2035 1817 2106 γὰρ

247 2122 469 2185 αὐτοὺς,
509 2123 633 2176 ἀντὶ
660 2122 759 2192 μὲν
790 2123 887 2193 τῆς
939 2123 1279 2195 θρασύτητος
1312 2126 1545 2197 αἰσχύνῃ
1569 2128 1615 2160 ⁵⁸
1662 2144 1819 2197 περι-

247 2213 523 2282 δληθῆναι
547 2231 561 2245 ο
598 2213 686 2267 διὰ
711 2214 767 2267 δὲ
792 2215 894 2285 τῆς
922 2215 1189 2287 αἰσχύνης
1218 2218 1264 2250 ⁸⁷
1303 2218 1701 2290 καρπώσασθαι
1721 2221 1818 2290 τὴν

250 2308 403 2360 θείαν
432 2307 769 2376 ἐπίγνωσινο
810 2309 1027 2380 καὶτῆς
1065 2310 1164 2380 μέν
1189 2310 1299 2365 τῶν
1341 2310 1573 2365 εἰδώλων
1613 2312 1819 2382 πλάνης

249 2398 654 2469 ἀπαλλαγῆναι,
687 2398 880 2470 μαθεῖν
904 2399 959 2453 δὲ
991 2403 1059 2471 τῇ
1109 2400 1299 2474 πείρᾳ,
1326 2402 1402 2466 ὼς
1443 2404 1607 2466 αὐτός
1638 2404 1754 2456 ἐστι
1774 2403 1822 2437 ³⁸

254 2493 414 2560 μόνος
444 2491 541 2544 καὶ
571 2490 704 2554 Θεὸς
735 2492 831 2545 καί
852 2493 1154 2565 Δεσπότης,
1180 2495 1238 2547 ἐν
1275 2494 1500 2566 ὑψηλοῖς
1531 2496 1818 2561 κατοικῶν,

251 2583 343 2635 καὶ
373 2581 446 2634 τὰ
476 2582 711 2635 ταπεινὰ
766 2583 1005 2655 ἐφορῶν,
1036 2586 1132 2638 καὶ
1170 2586 1353 2639 πᾶσαν
1390 2588 1675 2658 κυϐερνῶν
1727 2591 1821 2642 καί

259 2675 616 2746 πρυτανεύων
650 2675 695 2709 ⁸⁸
736 2676 837 2747 τὴν
892 2677 1096 2741 κτίσιν,
1157 2676 1238 2750 [⁸⁸
1271 2673 1340 2751 ἧς
1391 2679 1489 2751 τήν
1550 2682 1823 2751 σωτηρίαν

256 2767 757 2838 ἐπραγματεύσατο
783 2769 810 2821 ὁ
840 2770 903 2822 ὲκ
950 2768 1086 2822 Θεοῦ
1120 2769 1273 2834 Θεὸς,
1312 2774 1341 2825 ὁ
1376 2774 1666 2843 μονογενὴς
1698 2773 1824 2838 Υἱὸς

262 2860 395 2931 μετὰ
415 2860 519 2931 τὴν
548 2860 936 2931 ἀκατάληπτον
962 2860 1126 2915 αὑτοῦ
1155 2862 1592 2934 ἐνανθρώπησιν.
1620 2864 1637 2935 ]

572 2975 841 3031 ΕΡΜΗΝ.
887 2974 1025 3030 ΤΟΥ
1055 2974 1158 3030 III"
1199 2978 1518 3033 ΨΑΛΜΟΥ.

327 3097 398 3145 α’.
441 3108 461 3142 ‹
516 3088 686 3160 ’Υπὲρ
703 3090 746 3121 ⁶¹
796 3089 906 3143 τῶν
929 3089 1135 3160 ληνῶν,
1181 3093 1298 3157 τοῖς
1353 3092 1490 3158 υἱοῖς
1536 3093 1767 3164 Κορέ⁶².
1801 3114 1821 3147 ι

1913 559 2084 621 ditur.
2134 575 2258 615 cum
2295 562 2523 619 arbores
2556 564 2953 619 vehementiori
2998 572 3161 618 vento
3191 562 3487 633 agitantur,

1910 661 1963 706 et
1988 653 2126 707 inter
2155 669 2215 709 se
2237 654 2590 720 colliduntur,
2612 666 2665 712 et
2686 656 2974 711 collisione
2995 664 3193 710 mstum
3225 654 3489 721 efﬁciunt,

1909 750 1964 798 et
1988 744 2246 814 paulatim
2299 746 2532 802 invicem
2573 749 2965 803 accenduntur.
3002 746 3126 801 Pari
3157 748 3491 818 rationeigi-

1912 843 2020 901 tur,
2047 849 2107 891 ut
2128 838 2214 892 isti
2249 854 2279 893 a
2310 855 2369 893 se
2396 840 2625 894 invicem
2663 840 3029 911 perimantur,
3052 850 3106 893 et
3139 840 3257 895 suis
3290 839 3491 910 iniqui-

1911 928 2115 984 tatibus
2151 930 2473 999 prodantur,
2505 933 2815 993 obsecrant.
2841 933 3007 1001 juxta
3041 931 3491 986 vaticinationem

1916 1019 2127 1090 1195
2157 1021 2425 1078 dicentem
2472 1042 2485 1079 :
2549 1043 2567 1076 ι
2606 1023 2973 1079 Ambulabitis
3018 1025 3071 1077 in
3106 1024 3311 1080 lumine
3350 1023 3493 1094 ignis

1910 1108 2100 1174 vestri,
2134 1119 2189 1165 et
2218 1111 2458 1177 ﬂamma,
2492 1130 2657 1184 quam
2688 1113 3018 1169 accendistis
3042 1123 3086 1166 ⁷.
3118 1131 3137 1165 ι

1982 1289 2151 1348 Vens.
2195 1293 2284 1348 17.
2339 1313 2358 1346 ι
2394 1294 2561 1363 Imple
2612 1295 2779 1351 facies
2829 1310 3018 1352 eorum
3070 1296 3393 1366 ignominia,
3434 1305 3491 1352 et

1912 1396 2159 1455 quaerent
2203 1400 2400 1441 nomen
2458 1399 2643 1454 tumo,
2676 1389 2917 1444 Domine.
2960 1409 2979 1443 ι
3032 1387 3298 1444 Frustrati
3346 1392 3489 1445 enim

1917 1477 2078 1531 rebus
2104 1478 2326 1547 optatis,
2355 1486 2409 1532 et
2435 1477 2733 1548 ignominia
2766 1478 2979 1545 referti,
3007 1488 3158 1533 tuam
3196 1480 3491 1549 potentiam

1914 1578 2230 1640 agnoscent.

1990 1660 2148 1716 Vens.
2181 1661 2269 1726 l8,
2312 1662 2403 1718 19.
2449 1678 2469 1713 ι
2500 1659 2842 1718 Erubescant
2876 1702 2892 1727 ,
2938 1674 2993 1718 et
3020 1662 3413 1718 conturbentur
3437 1662 3491 1717 in

1915 1756 2172 1809 saeculum
2217 1754 2424 1821 saeculi,
2471 1765 2524 1811 et
2560 1756 2990 1820 confundantur,
3026 1766 3081 1811 et
3134 1764 3375 1826 pereant.
3426 1750 3494 1811 Et

1916 1856 2249 1917 cOgnoscant
2296 1856 2349 1904 te
2391 1863 2513 1904 esse
2556 1864 2719 1919 quem
2788 1863 3050 1904 vocamus
3092 1849 3402 1916 Dominum,
3442 1859 3494 1904 te

1916 1941 2094 1995 solum
2122 1940 2463 1994 Altissimum
2492 1955 2613 1996 esse
2643 1942 2696 1994 in
2730 1942 2879 1995 omni
2913 1950 3074 1996 terra.
3112 1958 3131 1992 ι
3164 1944 3184 1964 ⁶
3215 1939 3363 1995 Bona
3389 1941 3492 1995 ini-

1916 2031 2075 2086 micis
2098 2038 2306 2101 petunt,
2335 2031 2438 2086 etsi
2461 2031 2602 2087 bello
2628 2033 2875 2102 appetiti.
2904 2030 3078 2087 Orant
3101 2032 3270 2095 enim,
3301 2042 3361 2087 ut
3388 2034 3491 2104 ipsi

1917 2140 2016 2195 pro
2073 2123 2306 2181 audacia
2358 2123 2579 2194 quidem
2620 2124 2921 2196 ignominia
2969 2123 3271 2180 atiiciantnr
3319 2144 3333 2180 :
3395 2141 3493 2196 per

1918 2216 2273 2287 ignominiam
2309 2226 2489 2272 autem
2530 2216 2769 2273 divinam
2794 2218 3161 2287 cognitionem
3194 2225 3490 2289 reportent,

1918 2320 1973 2365 et
2019 2311 2088 2364 ab
2130 2310 2402 2365 idolorum
2443 2324 2628 2364 errore
2668 2309 2825 2365 liberi
2862 2311 3020 2373 fiant,
3054 2309 3495 2379 experientiaque

1921 2403 2137 2458 discant
2178 2403 2357 2473 ipsum
2410 2403 2587 2458 solum
2629 2419 2752 2459 esse
2781 2410 2835 2457 et
2879 2401 3047 2456 Deum
3093 2411 3147 2457 et
3183 2400 3491 2464 Dominum,

1920 2498 2014 2568 qui
2049 2498 2102 2551 in
2125 2496 2352 2552 excelsis
2391 2496 2620 2561 habitat,
2653 2506 2705 2552 et
2738 2496 2964 2551 humilia
3009 2493 3255 2566 respicit,
3288 2503 3494 2549 totum-

1922 2604 2029 2658 que
2060 2588 2246 2643 orbem
2279 2588 2542 2659 gubernat
2580 2598 2634 2645 et
2691 2588 3003 2644 moderatur
3047 2588 3227 2661 {cujus
3263 2588 3493 2643 salutem

1923 2680 2102 2736 eﬂ‘ecit
2151 2681 2293 2735 Deus
2338 2697 2401 2735 ex
2452 2679 2586 2745 Deo,
2629 2681 2942 2752 unigenitus
2972 2679 3165 2745 Filius,
3208 2689 3495 2750 postquam

1923 2777 2088 2829 modo
2151 2788 2309 2844 quem
2357 2788 2466 2827 non
2512 2773 2647 2829 satis
2681 2773 3139 2842 comprehendere
3179 2786 3496 2843 possumus,

1927 2866 2090 2921 homo
2123 2876 2207 2921 est
2240 2864 2463 2936 factus].

2255 2973 2526 3030 INTERP.
2583 2972 2839 3031 PSALMI
2886 2973 3173 3030 LXXXIII.

1996 3083 2157 3140 Vens.
2192 3086 2243 3140 1.
2291 3104 2310 3136 ι
2346 3083 2451 3139 Pro
2506 3085 2887 3149 torcularibus,
2921 3064 3045 3139 filiis
3088 3085 3246 3140 Core.
3278 3103 3297 3138 ι
3349 3082 3500 3140 Psal-

263 3174 432 3245 Διπλῆ
457 3173 555 3227 τοῦ
580 3172 800 3244 ψαλμοῦ
836 3173 870 3243 ἡ
922 3175 1250 3246 προφητεία.
1310 3177 1681 3249 Προαγορεύει
1718 3178 1824 3251 γὰρ

1933 3192 2055 3232 mus
2105 3177 2377 3248 geminam
2439 3177 2887 3231 vaticinationem
2941 3177 3201 3232 continuet.
3251 3175 3499 3232 Praedicit

260 3268 319 3319 ού
360 3266 523 3336 μόνον
579 3266 678 3335 τὴν
712 3266 761 3298 ⁵³
822 3263 1090 3319 Ἰουδαίων
1122 3266 1421 3337 ἀνάκλησιν
1446 3268 1514 3333 ⁸⁸,
1564 3270 1701 3324 ἀλλὰ
1734 3272 1827 3325 xal.

260 3358 357 3429 τῆς
390 3359 718 3429 οἰκουμένης
763 3358 986 3429 ἀπάσης
1016 3358 1118 3431 τὴν
1153 3361 1443 3431 σωτηρίαν.
1482 3362 1721 3430 Ληνοὺς
1747 3364 1826 3429 δέ,

261 3451 333 3514 ὡς
364 3450 458 3504 καὶ
489 3450 591 3521 ἤδη
624 3453 1055 3523 προειρήκαμεν,
1087 3451 1185 3515 τὰς
1223 3453 1548 3524 Ἐκκλησίας
1582 3455 1738 3509 καλεῖ
1760 3456 1826 3510 ⁸³.

275 3542 361 3595 Ἑν
392 3539 621 3604 ταύταις
644 3543 752 3613 γὰρ
796 3545 892 3596 καὶ
925 3544 954 3597 ὁ
1000 3544 1371 3614 πνευματικὸς
1419 3545 1681 3617 ἀμπελὼν
1739 3548 1828 3600 τὸν

265 3634 460 3686 οἰκεῖον
506 3633 808 3705 προσφέρει
839 3634 1055 3707 καρπὸν
1083 3635 1150 3699 ⁸⁸,
1199 3636 1294 3689 καὶ
1342 3637 1435 3690 τὸν
1461 3639 1733 3710 σωτήριον
1783 3638 1827 3670 ⁸⁷

267 3721 757 3794 κατασκευάζομεν
787 3720 950 3790 οἶνον,
981 3726 1069 3779 τὸν
1102 3725 1317 3796 ἀληθῶς
1339 3726 1698 3798 εὐφραίνοντα
1723 3729 1831 3782 τῶν

270 3815 717 3869 πεπιστευκότων
737 3817 781 3848 ⁸⁸
815 3817 911 3881 τὰς
930 3818 1177 3890 καρδίας.

334 3906 401 3976 β’,
430 3913 503 3974 γ’.
542 3926 560 3959 ι
608 3908 697 3973 Ὦς
735 3909 997 3981 ἀγαπητὰ
1024 3911 1095 3965 τὰ
1136 3911 1479 3984 σκηνώματά
1506 3930 1623 3979 σου,
1656 3914 1832 3985 Κύριε

268 3996 370 4050 τῶν
399 3997 710 4067 δυνάμεων.
760 4000 1063 4067 Ἐπιποθεῖ,
1102 4003 1199 4057 καὶ
1224 4003 1465 4056 ἐκλείπει
1495 4006 1529 4074 ή
1553 4004 1699 4075 ψυχή
1731 4022 1831 4075 μου

272 4089 347 4143 εἰς
374 4088 478 4152 τὰς
509 4089 677 4154 αὐλὰς
699 4091 792 4146 τοῦ
833 4094 1062 4164 Κυρίου.
1103 4112 1122 4147 ι
1153 4094 1339 4147 Ταῦτα
1370 4096 1464 4147 καὶ
1485 4097 1533 4148 οί
1570 4097 1625 4148 ἐν
1660 4097 1837 4149 Βαϐυ-

271 4177 396 4231 λῶνι
444 4178 727 4249 διάγοντες
764 4182 1122 4256 ἐδιδάχθησαν
1179 4187 1381 4254 λέγειν,
1430 4186 1517 4240 ἵνα
1555 4187 1832 4258 ποθήσωσι

271 4270 364 4340 τὴν
405 4272 688 4337 ἐπάνοδον,
738 4275 961 4347 καὶτῆς
1008 4278 1149 4331 κατὰ
1204 4279 1365 4349 νόμον
1407 4280 1705 4350 ὀρεχθῶσιν
1740 4280 1835 4333 λα-

271 4364 478 4433 τρείας.
513 4366 626 4419 Kal.
662 4367 846 4436 μέντοι
884 4371 978 4423 καὶ
1017 4372 1178 4442 ἡμεῖς
1204 4372 1270 4433 δ”,
1322 4373 1369 4425 οί
1418 4371 1520 4441 τῆς
1564 4373 1836 4443 σωτηρίας

273 4458 637 4527 τετυχηκότες
661 4460 731 4526 ⁷ο,
758 4463 853 4516 καὶ
879 4464 945 4516 ἐκ
972 4464 1082 4516 τῶν
1137 4464 1295 4519 θείων
1338 4466 1520 4537 σηκῶν
1560 4466 1659 4536 τὴν
1690 4465 1833 4535 ὠφέ-

272 4548 420 4602 λειαν
469 4553 687 4622 καρπού
716 4570 869 4624 μενοι
905 4556 975 4610 “.
1008 4558 1384 4629 Διαφερόντως
1424 4559 1481 4612 δέ
1535 4561 1665 4631 ἡμῖν
1689 4562 1733 4592 ⁷³
1800 4561 1833 4632 ἡ

278 4644 582 4713 προφητεία
616 4650 911 4718 προσήκει.
945 4650 1128 4705 Πολλὰ
1156 4653 1264 4724 γάρ
1314 4652 1534 4708 ἔσεσθαι
1581 4654 1839 4725 προλέγει

278 4731 636 4803 σκηνώματα,
657 4738 753 4790 καὶ
778 4740 982 4804 πολλὰς
1001 4742 1254 4811 ὀνομάζει
1272 4743 1488 4812 ληνοὺς,
1548 4744 1639 4797 καὶ
1662 4745 1844 4798 θυσια-

1932 3269 2077 3323 enim
2126 3284 2233 3322 non
2278 3269 2440 3323 modo
2485 3269 2798 3323 Iudaeorum
2852 3269 3274 3333 revocationetn,
3313 3284 3499 3323 verum

1928 3364 2091 3417 etiam
2133 3361 2299 3416 totius
2337 3361 2484 3415 orbis
2535 3361 2785 3416 salutem.
2832 3360 3151 3414 Torcularia
3199 3369 3404 3423 autem,
3443 3369 3501 3414 nt

1925 3453 2037 3522 jam
2073 3467 2235 3521 supra
2262 3450 2521 3514 diximus,
2551 3450 2809 3507 ecclesias
2839 3452 3097 3522 appellat.
3133 3450 3189 3504 ln
3235 3451 3319 3507 his
3355 3452 3498 3505 enim

1931 3544 2229 3615 spiritualis
2260 3543 2414 3599 vinea
2446 3545 2722 3613 proprium
2753 3544 2854 3598 fert
2896 3544 3159 3610 fructum,
3182 3553 3238 3598 et
3265 3543 3503 3598 salutare

1935 3636 2151 3708 1196
2175 3636 2496 3692 conficimus
2517 3636 2723 3702 vinum,
2746 3639 2890 3705 quod
2921 3636 3166 3691 ﬁdelium
3188 3634 3353 3691 corda
3375 3650 3503 3690 vere

1928 3729 2185 3785 laetiﬁcat.

2002 3902 2170 3959 Vens.
2208 3906 2263 3969 2,
2318 3900 2373 3957 5.
2433 3920 2451 3953 ι
2507 3901 2683 3968 Quam
2742 3899 2936 3955 dilecta
3004 3898 3502 3963 labernaculatna,

1933 3998 2160 4053 Domine
2205 3998 2489 4051 virtutum.
2540 3995 2928 4065 Concupiscit,
2989 4003 3042 4047 et
3087 3992 3269 4047 deficit
3322 3993 3502 4045 anima

1932 4105 2051 4145 mea
2093 4089 2366 4144 desiderio
2404 4089 2667 4142 atriorum
2715 4086 2953 4140 Domini.
2994 4104 3012 4137 ι
3064 4084 3190 4140 Haec
3231 4093 3285 4140 et
3322 4086 3381 4149 ii,
3411 4084 3504 4154 qui

1934 4181 2207 4252 Babylone
2242 4178 2525 4249 degebant,
2568 4179 2711 4234 docti
2746 4186 2873 4232 sunt
2917 4178 3120 4241 dicere,
3171 4186 3230 4231 ut
3270 4176 3505 4231 reditum

1935 4282 2274 4344 exoptarent,
2313 4280 2367 4328 et
2397 4273 2601 4327 cultum
2630 4272 2929 4326 secundum
2963 4271 3134 4340 legem
3164 4279 3502 4340 expeterent.

1935 4365 2111 4436 Atque
2135 4365 2295 4420 etiam
2324 4379 2425 4419 nos
2473 4364 2799 4418 instruimur
2834 4364 3023 4419 eadem
3067 4365 3265 4430 dicere,
3297 4364 3390 4433 qui
3418 4379 3507 4417 sa-

1940 4460 2103 4515 lutem
2133 4459 2415 4516 consecuti
2450 4473 2662 4524 sumns,
2704 4467 2759 4513 et
2784 4474 2850 4513 ex
2878 4458 3077 4513 divinis
3109 4458 3371 4511 altaribus
3401 4456 3509 4509 uti-

1941 4554 2146 4608 litatem
2185 4552 2531 4621 percipimus.
2566 4549 2738 4604 Nobis
2775 4565 2906 4603 vero
2946 4548 3214 4619 przrcipue
3244 4547 3507 4602 vaticina-

1946 4648 2019 4702 tio
2048 4648 2321 4703 convenit.
2353 4644 2518 4700 Multa
2543 4646 2688 4700 enim
2722 4643 3069 4699 tabernacula
3095 4642 3210 4697 fore
3240 4641 3506 4712 prtecinit,

1944 4750 1997 4796 et
2025 4741 2192 4795 multa
2220 4739 2464 4794 nominat
2494 4737 2811 4800 toreularia,
2839 4744 2894 4790 et
2926 4735 3117 4805 altaria
3140 4734 3309 4789 multa
3351 4733 3507 4789 simi-

280 4825 517 4894 στηρίων
554 4827 820 4896 ὡσαύτως
872 4833 1204 4903 μνημονεύει
1237 4835 1470 4891 πολλῶν.
1515 4836 1752 4890 Ἰουδαῖοι
1788 4838 1824 4891 δί

1944 4834 2067 4888 liter
2110 4837 2520 4887 commemorat.
2567 4827 2740 4884 Judaei
2791 4836 2971 4881 autem
3019 4840 3187 4880 unum
3238 4824 3511 4880 habebant

280 4911 373 4966 ἕνα
418 4910 565 4987 εἰχον
607 4919 768 4987 νεὼν,
823 4924 921 4977 καὶ
984 4923 1044 4976 ἓν
1102 4926 1305 4996 ὁμοίως
1327 4927 1374 4959 ⁷³
1442 4926 1845 4999 θυσιαστήριον.

354 5124 376 5151 τ
409 5113 513 5171 lsa.
544 5134 597 5182 ι,
629 5120 717 5174 Η.

1948 4923 2228 4994 templum,
2276 4931 2331 4978 et
2364 4937 2532 4977 unum
2569 4920 2820 4977 similiter
2853 4918 3042 4974 altare.
3085 4917 3309 4990 Singula
3344 4931 3512 4990 porro

1382 5267 1613 5323 VARIJE
1642 5263 2026 5323 LECTIONES
2064 5262 2154 5317 ET
2193 5262 2424 5321 ΝΟΤᾸΞ.

490 5375 612 5429 cod.
647 5446 658 5451 _
686 5387 912 5451 uterque
981 5378 1355 5451 συνταράξεις.

309 5438 327 5450 ,
375 5377 433 5450 ξξ
490 5377 612 5429 cnd.
647 5446 658 5450 _
686 5387 912 5450 uterque
981 5378 1355 5450 συνταράξεις.
1482 5381 1528 5412 ⁵⁵
1565 5380 1686 5435 eod.
1724 5379 1762 5433 2
1808 5397 1824 5431 c

1933 5378 2133 5450 ὶματος.

353 5442 537 5538 Afro};
563 5446 681 5538 cudi.
716 5440 964 5538 2‘priem.
992 5452 1104 5532 καί.
1137 5440 1661 5538 ,ξδ”ιέστμῄᾼὺθεξ
1688 5466 1716 5503 a
1747 5465 1824 5538 col

1940 5440 1957 5501 ξ
1996 5448 2074 5538 ﬂ”
2100 5450 2361 5538 ymlltar.
2387 5440 2521 5538 foll;
2557 5440 3040 5538 ξ’πραγματεύων.

420 5512 594 5587 Υξτέρ,
658 5517 714 5570 In
750 5512 895 5573 textu
965 5521 1075 5574 τῶν
1135 5523 1192 5575 0'
1242 5536 1401 5587 praec.
1468 5521 1559 5583 Εἰς
1613 5520 1673 5573 τὸ
1725 5519 1896 5583 τέλος.

2237 5378 2284 5409 ⁸⁸
2335 5379 2607 5447 Αἰσχύνῃ
2637 5406 2703 5419 --
2732 5377 2799 5431 δὲ
2850 5376 2979 5445 τῆς.
3010 5374 3135 5431 Des.
3166 5374 3220 5429 in
3270 5370 3393 5427 cod.
3450 5372 3510 5427 2·

2237 5464 2361 5499 ταν.
2395 5450 2514 5499 eod.
2557 5449 2592 5499 2
2618 5448 3040 5499 ποαγιιατεύων.
3136 5446 3180 5477 ⁸⁸
3226 5442 3266 5498 Ε
3298 5443 3420 5499 cod.
3452 5444 3509 5497 1.

1996 5517 2041 5549 ⁸⁸
2066 5512 2259 5588 ΑνΚὸρέ.
2298 5516 2436 5588 cod.
2500 5520 2523 5573 1
2590 5512 3008 5588 οόᾶἰιίίιαλμὸς,
3037 5516 3178 5588 utin
3218 5522 3365 5588 textu
3403 5512 3515 5588 τῶν

288 5577 362 5657 θξ·
395 5584 499 5660 Λ⁶ζ
520 5577 655 5660 Τήν.
672 5590 807 5660 god.
834 5591 869 5643 2
895 5590 1024 5646 τῶν.
1100 5592 1147 5623 ⁸⁸
1181 5577 1411 5644 Ἁὶεάκλ.
1439 5577 1561 5645 cod.
1587 5589 1623 5644 2
1648 5606 1824 5660 praem.

1934 5604 1983 5641 ν.
2058 5586 2104 5617 ⁸⁵
2134 5577 2483 5660 (iugalem.
2514 5590 2549 5642 2
2577 5589 2743 5660 δηλοῖ.
2790 5577 2863 5620 ’⁸⁸
2889 5577 3149 5660 Καρπᾴν.
3182 5584 3349 5660 codd]
3383 5584 3507 5660 add.

288 5649 363 5730 τῷ
391 5649 510 5731 Θεῷ
543 5649 636 5731 καὶ
650 5657 903 5731 Σωτῆρι.
996 5662 1040 5693 ⁸⁷
1070 5665 1213 5716 Σωτ.
1246 5662 1369 5716 cod.
1412 5661 1437 5715 1
1476 5649 1665 5714 θείον.’
1712 5660 1824 5713 “II

1933 5672 2024 5731 ατ.
2044 5658 2203 5731 _cod._
2222 5658 2245 5711 1
2283 5658 2405 5731 add.
2433 5649 2757 5731 ἀνθρώπων.
2822 5662 2877 5731 7⁸⁸
2906 5649 3026 5713 cod.
3052 5658 3090 5731 2
3120 5657 3515 5731 ἡμῖνηοῃιὶεξο

289 5802 396 5844 νον.

294 5719 363 5803 οἱγ
440 5719 490 5756 ⁷⁸
517 5728 680 5782 cod}
710 5719 1056 5803 τετύχηκόσι.
1134 5735 1175 5763 ’⁸
1209 5732 1329 5788 cod.
1364 5731 1398 5785 2
1427 5732 1821 5803 καρπουμένοις

1933 5728 1960 5758 ⁷⁸
1988 5726 2062 5780 Δὲ
2092 5727 2253 5797 ἡμῖν.
2284 5727 2405 5786 Des.
2430 5730 2485 5786 in
2520 5719 2638 5786 c'od.
2678 5730 2733 5785 2.
2809 5730 2855 5763 ⁷³
2894 5719 3313 5799 Ὀμοίωςξέοιί.
3340 5724 3378 5779 2
3408 5721 3511 5793 μά·
