3936 6494
438 322 573 386 1539

1415 320 1903 383 THEODORETI
1958 320 2296 382 EPISCOPI
2319 317 2699 387 ICYBENSIS

3540 326 3652 391 1510

434 434 597 486 verba
663 433 941 503 propheta:
999 433 1053 487 in
1106 448 1347 488 amorem
1403 432 1651 487 divinum
1709 432 2010 487 accendunt

2129 431 2364 502 Ἐκάστη
2427 432 2531 500 μὲν
2585 430 2697 483 τῶν
2748 430 3061 502 εἰρημένων
3088 432 3134 462 ’δ
3190 432 3330 499 λέξις
3384 438 3459 498 εἰς
3505 438 3661 507 ἔρωτα

436 535 696 579 mentem.
739 525 945 580 Dilecta
983 526 1127 580 enim
1160 526 1315 588 dicit.
1364 540 1661 595 amoreque
1707 525 1869 596 digna
1925 523 2020 579 Dei

436 617 791 673 tabernacula
822 635 943 675 esse
981 635 993 671 :
1030 636 1129 674 nec
1158 620 1474 689 simpliciter
1504 635 1563 674 se
1589 635 1651 674 ea
1685 620 2020 674 desiderare.

439 709 532 761 sed
568 709 799 766 deiicere
824 711 1099 766 desiderio
1130 714 1395 766 atrior-um
1430 711 1662 767 Domini.
1694 711 2026 767 Consonan-

438 798 511 852 tia
546 816 673 854 vero
706 803 791 857 his
832 815 961 859 sunt
1004 820 1065 858 ea
1097 820 1219 874 qua:
1257 814 1582 872 sequuntur.
1633 821 1653 855 ι
1697 805 1803 859 Cor
1840 819 2023 858 meum

440 897 496 951 et
527 909 656 948 caro
695 910 815 949 mea
846 895 1258 950 exsultaverunt
1300 895 1351 947 in
1388 893 1498 948 Deo
1528 895 1671 948 vivo.
1709 912 1728 945 ι
1762 892 1879 947 Non
1906 896 2023 949 sola

441 999 621 1043 autem
657 987 838 1041 anima
875 986 1107 1041 exsultat
1145 994 1198 1040 et
1234 986 1466 1047 laetatur,
1495 985 1586 1038 sed
1622 984 1785 1039 etiam
1824 1000 2025 1053 corpus

443 1080 639 1133 laetitia:
672 1078 943 1147 particeps
970 1076 1048 1139 ﬁt,
1084 1074 1504 1130 resurrectionis
1541 1088 1692 1144 spem
1726 1072 2021 1141 accipiens.

444 1169 555 1223 lloc
589 1170 733 1223 enim
779 1182 963 1222 sermo
990 1168 1149 1221 tacite
1176 1167 1372 1220 innuit.
1419 1166 1711 1235 Propterea
1750 1174 1808 1220 et
1851 1166 2025 1219 vivunt

446 1264 614 1316 Deum
669 1261 980 1330 appellavit,
1028 1269 1288 1328 tanquam
1339 1260 1465 1313 vita:
1509 1258 1841 1327 largitorem.
1872 1256 2023 1323 Quo-

443 1356 589 1409 niam
639 1355 783 1407 enim
840 1353 1261 1424 Babyloniorum
1312 1360 1476 1421 atque
1528 1352 1689 1406 etiam
1750 1350 2021 1421 majorum

442 1452 458 1469 '
488 1457 803 1503 nostrorum
829 1447 926 1510 dii,
952 1447 1171 1515 penitus
1197 1445 1479 1500 inanimati
1506 1454 1560 1498 et
1583 1460 1746 1499 sensu
1777 1440 2022 1498 destituti

442 1549 636 1605 erant;
680 1542 816 1595 satis
853 1540 1101 1607 apposite
1151 1539 1210 1602 ii,
1254 1538 1349 1607 qui
1382 1538 1449 1591 ah
1483 1538 1569 1591 his
1612 1536 1823 1591 liberati
1870 1542 2019 1598 sunt,

440 1650 627 1688 verum
659 1632 828 1688 Deum
857 1630 1067 1702 1197
1098 1631 1384 1685 nominant
1414 1633 1615 1683 vivum.
1645 1627 1843 1700 [Ipsius
1873 1628 2020 1681 enim

440 1734 523 1780 est
569 1742 667 1778 vox
706 1745 718 1778 :
766 1742 784 1775 ‹
824 1724 935 1795 Ego
972 1741 1091 1778 sum
1137 1724 1241 1776 vita
1290 1735 1343 1775 et
1393 1724 1717 1776 resurrectio
1746 1733 1794 1774 α.
1836 1739 1854 1772 ι
1907 1720 2016 1772 Et:

444 1832 464 1866 ‹
503 1816 604 1879 Qui
637 1816 745 1868 edit
784 1831 891 1879 me,
931 1817 1073 1868 vivet
1105 1816 1157 1867 in
1192 1831 1276 1866 me
1305 1815 1352 1866 ι).
1393 1812 1442 1884 ι]

509 2102 675 2158 Vnus.
701 2101 755 2154 4.
793 2119 810 2151 ι
849 2098 1063 2153 Etenim
1101 2113 1286 2168 passer
1320 2096 1527 2151 invenit
1548 2096 1651 2151 sibi
1681 2095 1925 2158 domum,
1959 2105 2014 2150 et

438 2204 619 2249 turtur
673 2194 861 2247 nidum
914 2190 1003 2245 ubi
1055 2198 1283 2260 reponat
1336 2190 1515 2259 pullos
1561 2204 1711 2243 suos.
1761 2208 1780 2243 ι
1818 2189 2013 2259 Aquila

435 2296 615 2340 autem
642 2284 722 2339 sic
754 2300 767 2336 :
804 2283 1015 2337 Etenim
1044 2282 1153 2335 avis
1194 2281 1391 2334 invenit
1419 2279 1521 2333 sibi
1545 2280 1781 2341 domum,
1810 2293 1860 2335 et
1890 2298 2013 2348 pas-

435 2394 519 2431 ser
553 2376 736 2429 nidum
763 2372 887 2439 sibi,
936 2372 1026 2425 ubi
1059 2373 1291 2440 reposuit
1331 2369 1506 2438 pullos
1555 2386 1697 2425 suos.
1739 2369 2012 2436 Quemad-

436 2473 658 2525 modum
689 2469 835 2521 enim
865 2480 1117 2536 passeres
1147 2473 1203 2519 et
1233 2472 1496 2525 turtures,
1530 2471 1692 2532 atque
1735 2462 1897 2516 etiam
1928 2477 2015 2517 re-

434 2564 597 2633 liquae
646 2577 794 2624 aves,
829 2568 1097 2629 vagantur
1142 2555 1363 2626 quidem
1398 2556 1618 2624 quando
1656 2570 1764 2607 non
1815 2553 2015 2608 habent

432 2655 646 2715 nidum,
678 2667 801 2706 cum
827 2664 954 2705 vero
988 2649 1132 2702 hunc
1160 2644 1583 2708 construxerint,
1629 2645 1681 2697 in
1715 2644 1834 2714 ipso
1862 2659 2015 2699 com-

434 2747 638 2801 morari
664 2745 861 2807 solent,
887 2754 939 2797 et
962 2756 1092 2796 suos
1124 2740 1195 2793 Ibi
1230 2739 1409 2808 pullos
1432 2738 1580 2792 alunt
1611 2753 1624 2790 :
1653 2737 1731 2792 sic
1755 2752 1855 2793 nos
1882 2737 2012 2791 olim

432 2839 653 2909 quidem
689 2835 990 2890 erravimus
1018 2850 1032 2898 ;
1066 2848 1208 2886 nune
1238 2846 1387 2895 vero,
1409 2841 1496 2885 tua
1528 2830 1700 2900 gratia
1732 2831 1930 2897 vocati,
1961 2840 2016 2886 et

432 2930 783 2987 tabernacula
830 2939 921 2983 tua
954 2927 1122 2991 nacti,
1156 2940 1325 2994 prope
1356 2933 1478 2979 tuas
1527 2939 1651 2978 aras
1691 2924 1869 2993 pullos
1918 2939 2015 2980 no-

431 3038 577 3081 stros
618 3022 965 3085 instruimus,
992 3035 1117 3074 cum
1156 3019 1279 3072 liliis
1320 3016 1525 3072 nostris
1558 3016 1655 3071 tibi
1685 3016 2012 3085 assidentes,

2128 524 2268 577 θεῖον
2294 524 2563 596 πυρσεύει
2591 524 2691 595 τὴν
2733 522 2985 595 γνώμην.
3048 526 3339 595 Ἂγαπητὰ
3374 529 3468 599 μὲν
3503 532 3662 604 γάρη

2125 616 2295 684 λέγει,
2319 619 2414 669 καὶ
2436 617 2742 687 ἀξιέραστα
2780 616 2876 670 τοῦ
2908 615 3049 670 Θεοῦ
3078 616 3148 672 τὰ
3197 618 3519 689 σκηνώματα
3543 663 3557 683 ,
3580 625 3665 698 οὐχ

2126 706 2311 770 ἁπλῶς
2335 708 2392 761 δὲ
2416 708 2622 774 ποθεῖν,
2661 708 2800 779 ἀλλὰ
2830 708 2926 762 καὶ
2959 708 3236 762 ἐκλείπειν
3275 712 3355 773 εἰς
3384 710 3479 775 τὰς
3520 714 3665 781 αὐλὰς

2127 798 2222 851 τοῦ
2277 800 2485 870 Κυρίου
2510 801 2578 853 ⁷⁸.
2612 800 2892 871 Σύμφωνα
2943 800 3001 854 δὲ
3051 800 3265 865 τούτοις
3306 804 3403 856 καὶ
3445 804 3512 856 τὰ
3552 808 3671 875 μετὰ

2124 887 2318 943 ταῦτα.
2363 909 2385 941 ‹
2428 889 2493 942 Ἡ
2527 890 2727 960 καρδία
2759 908 2863 961 μου
2932 890 3029 944 καὶ
3057 891 3247 964 ήσάρξ
3279 910 3382 962 μου
3430 895 3669 965 ἠγαλλιὰ-

2126 1000 2289 1037 σαντο
2337 983 2431 1036 ἐπὶ
2478 983 2610 1036 Θεὸν
2642 982 2842 1048 ζῶντα.
2884 1001 2903 1035 ι
2961 982 3075 1053 Οὐχ
3124 984 3157 1053 ἡ
3209 983 3356 1055 ψυχὴ
3391 984 3447 1038 δὲ
3490 988 3614 1057 μόνη
3631 990 3670 1021 ’τ

2124 1074 2411 1141 γάννυται,
2449 1074 2545 1127 καὶ
2579 1073 2899 1142 ἀγάλλεται,
2930 1074 3068 1128 ἀλλὰ
3103 1077 3194 1128 καὶ
3221 1076 3284 1129 τὸ
3320 1076 3476 1147 σῶμα
3511 1097 3675 1133 κεκοι-

2126 1169 2339 1237 νώνηκε
2384 1167 2482 1239 τῆς
2515 1167 2809 1238 θυμηδίας,
2863 1166 3159 1238 δεξάμενον
3205 1168 3304 1238 τὴν
3350 1169 3537 1223 ὲλπίδα
3586 1172 3672 1243 τῆς

2127 1260 2505 1324 ἀναστάσεως.
2562 1260 2736 1314 Τοῦτο
2792 1259 2902 1331 γὰρ
2944 1262 2972 1313 6
3017 1259 3175 1327 λόγος
3225 1260 3536 1335 αἰνίττεται.
3568 1260 3674 1321 ’Διὰ

2123 1349 2284 1403 τοῦτο
2310 1352 2406 1404 καὶ
2433 1349 2619 1412 ζῶντα
2652 1352 2744 1403 τὸν
2766 1349 2899 1403 Θεὸν
2935 1351 3404 1423 προσηγόρευσεν,
3445 1352 3516 1417 ὼς
3546 1356 3674 1427 ζωῆς

2126 1442 2443 1514 ὑπάρχοντα
2468 1442 2705 1513 χορηγόν
2724 1442 2790 1495 ⁷⁸.
2829 1442 3053 1514 Ἐπειδὴ
3089 1444 3199 1516 γὰρ
3236 1446 3333 1497 καὶ
3367 1445 3416 1497 οἰ
3445 1445 3675 1501 Βαϐυλω-

2123 1532 2415 1597 νίωνθεοὶ,
2450 1535 2545 1587 καὶ
2571 1534 2669 1604 μὲν
2703 1533 2766 1605 δὴ
2796 1532 2891 1586 καὶ
2922 1534 2973 1585 οί
3010 1534 3119 1587 τῶν
3157 1536 3445 1606 ἡμετέρων
3492 1542 3675 1607 προγό.

2121 1644 2248 1690 νων,
2307 1626 2402 1680 καὶ
2446 1626 2645 1698 ἅψυχοι
2692 1622 2834 1698 ἦσαν
2879 1628 2973 1681 καὶ
3025 1627 3350 1699 ἀναίσθητοι
3399 1631 3674 1700 παντελῶς,

2124 1718 2269 1788 μάλα
2316 1717 2544 1781 εἰκότως
2586 1719 2637 1770 οἰ
2672 1719 2896 1774 ἐκείνων
2944 1720 3359 1789 ἀπαλλαγέντες
3393 1721 3561 1788 ζῶντα
3596 1726 3675 1781 τὸν

2046 1801 2089 1855 Β
2117 1811 2291 1883 ἀληθῆ
2319 1810 2450 1863 Θεὸν
2476 1811 2857 1881 ὀνομάζουσιν.
2887 1810 2957 1885 [⁷⁸
2982 1813 3162 1868 Αὐτοῦ
3192 1813 3305 1886 γάρ
3344 1816 3459 1869 ἐστι
3502 1820 3674 1889 φωνήο

2118 1923 2137 1955 ‹
2204 1902 2348 1974 Ἐγώ
2382 1906 2495 1974 εἰμι
2532 1906 2564 1973 ἠ
2592 1903 2705 1975 ζωὴ
2740 1905 2834 1959 καὶ
2861 1908 2893 1976 ἡ
2929 1907 3262 1971 ἀνάστασις’
3292 1907 3390 1961 καὶ
3418 1909 3446 1961 6
3470 1908 3675 1980 τρώγων

2115 2014 2182 2067 με
2214 1995 2439 2067 ζήσεται
2470 1998 2528 2049 ἐν
2554 1997 2695 2069 ὲμοί.
2734 1997 2783 2070 ι]

2182 2091 2247 2145 δ’.
2289 2109 2307 2140 ι
2348 2090 2459 2145 Καὶ
2486 2091 2595 2164 γὰρ
2628 2091 2913 2164 στρουθίον
2951 2083 3109 2164 εὗρεν
3143 2092 3329 2162 ἐαυτῷ
3352 2093 3546 2160 οἰκίαν,
3585 2095 3671 2148 καὶ

2115 2182 2338 2253 τρυγὼν
2371 2184 2595 2237 νοσσιὰν
2628 2186 2822 2255 ἑαυτῇ,
2851 2177 2912 2237 οὗ
2935 2184 3091 2257 θήσει
3114 2186 3183 2238 τά
3203 2186 3400 2240 νοσσία
3424 2186 3629 2255 ἑαυτῆς.
3652 2206 3671 2239 ι

2135 2275 2193 2329 '0
2221 2275 2276 2329 δὲ
2341 2274 2572 2339 Ἀκύλας
2623 2276 2767 2329 οὓτω
2796 2292 2810 2307 ο
2879 2278 2990 2331 Καί
3040 2277 3182 2346 re”
3252 2276 3466 2345 ὄρνεον
3515 2272 3673 2346 εὗρεν

2113 2367 2303 2433 ἑαυτῷ
2361 2365 2553 2433 οἷκον,
2604 2368 2704 2422 καὶ
2746 2370 3074 2437 στρουθίον
3127 2369 3397 2426 νοσσιὰν
3442 2371 3668 2437 αὑτῷ¹¹,

2112 2454 2185 2515 οὗ
2212 2461 2378 2515 ἔθετο
2396 2458 2700 2525 νεοσσοὺς
2721 2460 2911 2514 αὐτοῦ
2931 2460 2997 2515 ⁸¹.
3024 2460 3297 2533 Καθάπερ
3320 2462 3429 2533 γὰρ
3442 2464 3668 2532 στρουθία

2116 2553 2210 2607 καὶ
2237 2554 2499 2625 τρυγόνες
2523 2554 2594 2616 ⁸³,
2626 2553 2722 2606 καὶ
2764 2554 2863 2624 μὲν
2887 2553 2951 2625 δὴ
2976 2554 3071 2607 κα1⁵
3096 2555 3142 2590 ⁸⁵
3183 2556 3235 2608 οἰ
3279 2555 3429 2611 ἄλλοι
3460 2556 3668 2627 ὄρνιθες,

2115 2647 2425 2700 πλανῶνται
2468 2648 2568 2717 μὲν
2608 2647 2709 2700 οὐκ
2758 2646 2981 2717 ἔχοντες
3028 2647 3247 2716 καλιὰν,
3294 2647 3587 2721 πηξάμενοι
3622 2650 3671 2705 δὲ

2111 2738 2319 2809 ταύτην
2371 2741 2429 2791 ὲν
2462 2738 2600 2809 αὐτῇ
2646 2739 2951 2810 διατρίϐειν
3002 2739 3252 2806 εἰώθασι,
3310 2741 3406 2794 καὶ
3449 2744 3569 2805 τοὺς
3599 2744 3671 2797 οἰ-

2112 2830 2298 2894 κείους
2322 2830 2533 2884 ἑαυτῶν
2558 2828 2605 2861 "
2628 2831 2890 2902 τρέφουσι
2929 2831 3182 2896 νεοττούς
3205 2848 3219 2861 ³
3262 2832 3438 2898 οὕτως
3458 2835 3505 2867 ⁸⁸
3529 2837 3670 2907 ἡμεῖς

2113 2922 2284 2977 πάλαι
2316 2924 2414 2993 μὲν
2444 2924 2833 2994 ὲπλανώμεθα,
2865 2926 2961 2979 νῦν
2988 2927 3045 2980 δὲ
3071 2927 3179 2980 ὑπὸ
3204 2928 3310 3000 τῆς
3341 2928 3442 2999 σῆς
3470 2930 3668 3002 χάριτος

2114 3017 2516 3087 προκληθέντες
2532 3018 2597 3084 ⁸⁷,
2626 3019 2721 3072 καὶ
2744 3019 2845 3083 τὰς
2868 3020 2965 3084 σὰς
2994 3022 3249 3091 εὑρόντες
3288 3023 3513 3095 σκηνὰς,
3536 3025 3669 3093 παρὰ

428 3130 483 3173 et
528 3117 863 3189 spiritnaletn
914 3114 1094 3168 cibum
1146 3129 1175 3166 a
1215 3121 1267 3165 te
1314 3120 1680 3181 reportantes.
1736 3128 1754 3161 ι
1801 3111 2007 3166 Altaria

2115 3114 2181 3168 τὰ
2229 3114 2594 3186 θυσιαστήριά
2653 3134 2746 3171 σου
2807 3119 2935 3182 τοὺς
3000 3119 3237 3182 οἰκείους
3295 3121 3665 3192 ὲκπαιδεύομεηι

430 3221 543 3273 tua,
596 3208 822 3261 Domine
871 3206 1153 3268 virtutum,
1210 3201 1324 3257 llex
1382 3202 1476 3268 mi,
1532 3213 1587 3257 et
1626 3201 1770 3257 Deus
1820 3203 1914 3257 mi.
1980 3221 1998 3255 ι

428 3299 610 3356 Nostri
645 3300 788 3352 enim
819 3298 931 3351 nidi
962 3308 1015 3350 et
1039 3295 1265 3360 cubilia,
1290 3305 1343 3349 et
1371 3295 1637 3349 bonorum
1670 3294 1873 3359 fruitio,
1910 3304 2000 3350 tua

428 3400 618 3448 sancta
666 3390 858 3443 altaria
914 3397 1060 3443 sunt.
1119 3387 1273 3456 Apud
1315 3386 1405 3439 illa
1458 3386 1623 3452 enim,
1663 3385 1827 3439 veluti
1872 3376 2007 3455 pulli

2116 3208 2387 3275 νεοττοὺς,
2411 3208 2666 3279 μετὰτῶν
2692 3210 2978 3282 ἡμετέρων
3002 3228 3084 3264 σοι
3101 3211 3149 3244 ⁸⁸
3166 3213 3667 3287 προσεδρεύοντες⁸’

2115 3299 2344 3363 παίδων,
2376 3302 2471 3353 καὶ
2501 3301 2598 3371 τὴν
2640 3303 3019 3373 πνευματικὴν
3050 3304 3097 3335 ’°
3143 3306 3358 3378 τροφὴν
3406 3308 3550 3377 παρὰ
3582 3307 3663 3360 σοῦ

2110 3391 2457 3461 κομιζόμενοι
2480 3393 2546 3446 ⁹¹.
2588 3411 2608 3444 t
2656 3393 2738 3447 Τὰ
2785 3393 3153 3467 θυσιαστήριά
3200 3413 3323 3463 σου,
3356 3397 3523 3472 Κύριε
3568 3399 3664 3451 τῶν

430 3486 667 3547 hiantes,
719 3483 964 3537 divinum
1014 3490 1068 3535 et
1102 3481 1396 3535 salutarem
1432 3479 1612 3533 cibum
1664 3494 1691 3532 a
1733 3487 1783 3533 te
1828 3479 2004 3549 perci-

2115 3482 2409 3554 δυνάμεων,
2443 3485 2471 3537 ὁ
2500 3484 2765 3548 Βασιλεύς
2792 3487 3032 3556 μου,καὶ
3056 3488 3084 3539 6
3105 3487 3239 3551 Θεός
3273 3506 3399 3559 μου.
3434 3508 3454 3543 t
3498 3488 3665 3559 Ἠμῶν

427 3579 631 3648 pimus.

2104 3575 2214 3645 γὰρ
2251 3574 2437 3637 καλιὰ,
2490 3576 2587 3629 καὶ
2625 3576 2894 3644 votui",
2931 3577 3025 3631 καὶ
3080 3579 3388 3645 ἀπόλαυσις
3438 3579 3661 3651 ἀγαθῶν.

427 3670 498 3722 τὰ
516 3668 649 3737 ἅγιά
683 3685 777 3722 σου
804 3667 1190 3737 θυσιαστήρια.
1225 3665 1361 3736 Παρ“
1387 3665 1575 3718 ἐκεῖνα
1595 3664 1725 3734 γὰρ,
1788 3663 2044 3732 καθάπερ
2081 3668 2286 3721 νεοττοὶ
2334 3671 2672 3741 ,κεχηνότεῆ
2708 3672 2860 3742 παρὰ
2893 3670 2987 3725 σοῦ
3035 3671 3382 3745 κομιζόμεθα
3407 3674 3502 3747 τὴν
3530 3674 3660 3728 θείαν

425 3761 635 3835 τροφὴν
670 3761 763 3814 καὶ
793 3761 1063 3831 σωτήριον
1086 3760 1153 3814 ⁸³.

495 3855 663 3911 Vsus.
688 3854 741 3908 5.
771 3872 789 3904 ‹
818 3853 967 3909 Beati
989 3866 1181 3906 omnes
1226 3850 1319 3921 qui
1345 3850 1660 3905 habitantin
1684 3850 1847 3906 domo
1866 3860 1954 3906 tua
1987 3870 1999 3905 :

2182 3856 2244 3909 ε’.
2289 3870 2307 3902 ι
2338 3848 2613 3925 Μακάριοι
2660 3850 2861 3914 πάντες
2879 3853 2927 3884 ⁸⁵
2976 3853 3024 3905 οἰ
3069 3853 3456 3918 κατοικοῦντες
3494 3854 3549 3908 ὲν
3591 3854 3660 3925 τῷ

425 3952 477 4005 in
515 3948 711 4005 saecula
741 3946 1068 4001 saeculorum
1101 3944 1401 3999 laudabunt
1428 3954 1500 3998 te.
1534 3963 1553 3997 ›
1585 3942 1790 3998 Horum
1818 3955 1997 4000 autem

2115 3940 2239 4008 νῐκῳ
2285 3955 2378 3991 σου
2411 3941 2494 4001 εἰς
2515 3938 2561 3970 ’⁸
2588 3939 2717 4002 τοὺς
2746 3940 2946 4003 αἰῶνας
2990 3939 3099 3994 τῶν
3137 3940 3353 3996 αἰώνων
3403 3944 3657 3996 αἰνέσουσί

423 4041 637 4111 singula
657 4041 886 4110 ligurate
907 4036 1126 4106 quidem
1154 4036 1219 4089 iis
1243 4044 1572 4105 congruunt,
1606 4036 1697 4104 qui
1727 4035 1999 4106 Babylone

2115 4050 2185 4087 τε.
2228 4052 2246 4085 ι
2288 4031 2515 4085 Τούτων
2565 4031 2622 4084 δὲ
2656 4033 2702 4064 ⁹⁶
2738 4032 2969 4086 ἕκαστον
3019 4032 3263 4097 τυπικῶς
3316 4034 3415 4105 μὲν
3452 4038 3559 4099 τοῖς
3605 4036 3657 4088 ἐν

421 4131 688 4202 degebant
724 4147 738 4183 :
768 4128 925 4184 nobis
950 4142 1078 4181 vero
1112 4126 1408 4180 secundum
1453 4126 1667 4196 1198
1697 4126 1872 4197 ipsam
1908 4143 1998 4181 ve-

422 4224 635 4277 ritatem
670 4219 1021 4274 conveniunt.
1054 4217 1265 4272 Etenim
1290 4218 1367 4270 illi
1399 4219 1555 4286 longe
1584 4234 1613 4271 a
1645 4218 1830 4272 divino
1855 4228 1995 4273 tem-

2102 4124 2387 4179 Βαόυλῶνι
2420 4125 2741 4196 συμϐαίνει·
2783 4127 2917 4197 ἡμῖν
2950 4126 3007 4179 δὲ
3038 4128 3307 4198 προσήκει
3340 4129 3465 4181 κατ’
3502 4127 3656 4199 αὐτὴν

2097 4219 2195 4289 τὴν
2228 4217 2510 4288 ἀλήθειαν.
2554 4218 2665 4271 Ka‘t
2708 4217 2821 4289 γὰρ
2872 4220 3069 4273 ἐκεῖνοι
3120 4220 3315 4292 πόρρω
3371 4221 3522 4285 ὄντες
3568 4218 3652 4274 τοῦ

422 4315 513 4384 plo
560 4310 750 4365 remoti
798 4309 984 4363 beatos
1038 4322 1159 4362 esse
1207 4307 1395 4362 dicunt
1435 4321 1553 4371 eos,
1591 4308 1684 4377 qui
1724 4308 1797 4363 ibi
1834 4323 1989 4378 opem

2115 4308 2239 4360 lsiou
2264 4306 2391 4371 νεὼ,
2418 4307 2783 4377 μακαρίζουσι
2807 4309 2934 4372 τοὺς
2955 4308 3052 4377 τῆς
3068 4308 3280 4363 ἐκεῖθεν
3297 4310 3651 4372 ἀπολαύοντας

422 4409 837 4472 consequuntur
875 4420 886 4454 :
934 4406 987 4453 et
1024 4414 1146 4462 nos,
1178 4398 1359 4452 divina
1407 4398 1694 4454 dulcedine
1735 4409 1987 4470 ,gustata,

421 4502 606 4555 beatos
644 4509 1023 4565 nuncupamus
1074 4508 1187 4559 eos,
1243 4493 1333 4563 qui
1401 4493 1509 4547 Deo
1550 4495 1805 4550 continue
1845 4497 1986 4551 assi-

420 4600 592 4653 stunt,
623 4589 931 4657 divinisque
964 4585 1122 4639 bonis
1158 4583 1524 4655 perfruuntur.

486 4841 514 4870 ι
546 4828 706 4883 Joan.
743 4796 962 4891 “1,25.
1039 4826 1067 4866 b
1092 4824 1250 4880 Joan.
1284 4841 1361 4889 vr,
1398 4823 1484 4880 57.

2100 4399 2447 4471 προμηθείας
2473 4415 2486 4429 ·
2521 4401 2615 4452 καί
2640 4400 2803 4471 ἡμεῖς
2842 4401 3171 4471 γευσάμενοι
3204 4402 3305 4472 τῆς
3335 4402 3486 4465 θείας
3532 4401 3649 4471 γλυ-

2095 4490 2349 4561 κύτητος,
2378 4489 2658 4561 ζηλωτοὺς
2687 4491 3075 4563 ἀποκαλοῦμεν
3099 4492 3229 4557 τοὺς
3262 4493 3528 4564 διηνεκῶς
3576 4490 3648 4561 τῷ

2090 4582 2211 4652 Θεῷ
2267 4583 2751 4653 προσεδρεύοντας,
2819 4585 2915 4637 καὶ
2965 4586 3082 4648 τοῖς
3155 4584 3324 4649 θείοις
3375 4584 3589 4654 ἀγαθοῖς
3606 4584 3645 4654 ’Τ

2090 4652 2468 4745 ἐντρυφῶντας
2482 4676 2549 4728 ’⁸.
3425 4652 3434 4654 7
3558 4652 3640 4675 ψ’

1502 5024 1735 5080 VARle
1766 5024 2146 5084 LECTIONES
2184 5029 2273 5086 ET
2310 5031 2540 5090 ΝΟΤᾸΞ.

516 5210 565 5242 ’⁸
595 5206 720 5263 cod.
756 5214 989 5275 uterque
1018 5204 1464 5277 προειρημένων.-
1560 5203 1605 5277 '"f
1638 5212 1686 5277 ζ’

413 5280 449 5334 2
484 5287 667 5345 μόνον.
745 5277 791 5309 ⁷⁸
826 5278 981 5345 Χορη

1691 5220 1782 5273 ap.
1808 5203 1975 5260 Abest
2006 5220 2034 5258 a
2066 5204 2189 5261 cod.
2217 5206 2271 5262 ἓ.

2384 5208 2427 5239 ⁷⁸
2462 5209 2703 5276 Κυρίου.
2747 5210 2868 5264 cod.
2901 5212 2924 5266 1
2957 5213 3083 5268 add.
3109 5214 3350 5271 διδάσκει
3451 5216 3492 5248 ⁷⁷
3519 5215 3629 5269 cod.

987 5273 1337 5355 γόν..οάλά.-1.
1364 5273 1617 5355 θόόλκω.
1750 5274 1981 5355 θανάτου

2115 5293 2157 5344 ιν
2176 5273 2566 5355 χαρισάμενον.
2600 5277 2671 5355 Εἰ
2704 5282 2796 5355 qui
2820 5283 2996 5355 ‘vitam
3028 5300 3119 5355 per
3145 5298 3362 5341 mortem
3394 5286 3630 5355 targitur.

412 5352 460 5423 [υ
484 5342 532 5403 Ε
563 5349 684 5423 cod.
720 5348 773 5423 ι..
824 5342 1225 5423 _”1‘_€icosi-?
1252 5342 1397 5423 ιῖἀρο
1472 5344 1513 5375 υ
1546 5343 1740 5423 ςοᾳηε
1773 5345 1971 5423 euss-

2115 5342 2298 5423 ὀρᾱ.)
2336 5342 2524 5423 αὐτῆς.
2560 5418 2571 5423 _
2598 5349 2644 5381 ⁸³
2670 5342 2791 5423 eod.
2815 5351 2851 5404 2
2874 5342 3111 5423 τρυγών.
3184 5358 3230 5390 ⁸⁸
3261 5356 3389 5411 Mer
3417 5342 3501 5423 ὃῆ
3519 5355 3634 5409 καις

414 5419 539 5476 Des.
573 5419 785 5485 inueod.
818 5420 867 5473 1.
942 5417 987 5447 ⁸⁵
1018 5414 1138 5471 cod.
1178 5415 1213 5467 2
1236 5413 1433 5467 αὐτῶν.
1462 5412 1580 5468 cod.
1616 5415 1640 5469 1
1684 5416 1741 5466 ὲν
1763 5416 1923 5485 αὐτῇ.

345 5500 347 5503 ’
415 5506 601 5558 praem.
630 5483 676 5543 ὦ
710 5489 975 5558 Δέσποτα.

2033 5416 2209 5498 ’ξθοάσ
2241 5416 2592 5498 ἳρῦτξυνκαί.
2748 5423 2871 5498 god.
2897 5416 2952 5488 Ξ,
2984 5416 3575 5498 προσκληθέντες.λὸοι1.
3603 5425 3622 5475 1

1070 5485 1450 5565 ⁸⁸-ΣοζκΑιιοξι
1479 5500 1509 5538 a
1548 5486 1673 5565 eod:
1827 5485 1873 5565 ’ξ
1906 5486 2004 5565 θρὰ

2118 5488 2573 5565 προσεδρεύομεν.
2650 5485 2963 5565 μ⁹⁰λΠνευιᾲ
2996 5485 3118 5550 cod.
3156 5499 3180 5551 1
3216 5485 3352 5552 'add.
3382 5485 3472 5548 καὶ
3504 5495 3628 5559 ζωο-

415 5554 588 5615 ποιόν.
663 5560 708 5592 ⁹¹
742 5556 935 5628 Κομιζ.
967 5557 1086 5630 cod.
1118 5557 1140 5609 1
1173 5555 1295 5611 add.
1319 5554 1489 5630 ,τοῦτο
1514 5554 1791 5630 γάρῌθέλει
1817 5557 1991 5610 εἰπεῖν
2018 5557 2110 5630 διὰ
2137 5554 2244 5630 τῶν
2269 5554 2415 5630 ἑξῆς.

2493 5560 2538 5590 ⁹¹
2561 5561 2685 5633 cod.
2715 5562 2749 5615 2
2778 5560 3012 5621 νεοττία.
3087 5566 3134 5599 ⁸⁸
3166 5571 3485 5633 Σωτήρων.
3512 5564 3624 5633 cod.

416 5630 441 5685 1
480 5632 604 5685 add.
632 5630 788 5684 τοῦτο
820 5624 929 5700 γὰρ
954 5628 1285 5696 σαφέστερον
1314 5625 1401 5677 διὰ
1424 5624 1529 5677 τῶν
1554 5624 1682 5694 ἑξῆς
1716 5625 1937 5749 ἔχησεν.

416 5702 462 5733 ’⁸
493 5704 598 5752 Εἱο
626 5700 965 5752 -αῑώνωπ
997 5697 1159 5751 Hebr.
1269 5695 1459 5749 adhuc.
1536 5696 1582 5725 ’°
1612 5694 1700 5749 Δέ.
1786 5697 1903 5752 best
1935 5712 1965 5752 a
1997 5716 2010 5752 ι

2115 5624 2541 5695 1ἁντες.Ἀ1)εεῐ
2566 5631 2634 5685 ab
2664 5642 2894 5704 utroque
2934 5636 3055 5693 cod.
3098 5650 3154 5694 et
3194 5655 3224 5693 a
3254 5624 3401 5692 leftu
3432 5635 3534 5688 τῶν
3554 5632 3623 5688 0'.

2115 5740 2121 5752 ,
2155 5700 2208 5752 9..
2286 5701 2329 5733 ⁸⁷
2370 5700 2560 5752 Ἀναθ.
2589 5702 2756 5752 Abest
2793 5720 2821 5752 a
2846 5706 2968 5752 cod-
3006 5708 3055 5752 1-
3132 5708 3177 5742 ³⁸
3211 5707 3465 5752 'Enmm
3508 5702 3619 5752 cod.

415 5702 462 5733 "
493 5704 598 5766 Εἰς
626 5694 965 5753 -αὶώὰ-ὠν.
997 5694 1159 5751 Hebr.
1202 5694 1205 5695 ⁷
1269 5695 1459 5749 adhuc.
1536 5696 1582 5766 ’ξ’
1612 5694 1700 5749 Δέ.

418 5772 445 5826 1
476 5764 601 5828 add.
628 5770 717 5826 διὰ
750 5770 818 5841 δὴ
846 5768 1015 5824 ταῦτά
1044 5783 1208 5853 φησιν
1286 5764 1620 5837 προφητικδς
1645 5765 1789 5831 νοῦς.

1822 5707 2010 5755 estat

2115 5740 2121 5753 .
2155 5700 2208 5753 9..
2286 5701 2329 5733 ⁸⁷
2370 5700 2560 5765 Ἀταθ.
2589 5702 2756 5759 Abest
2793 5698 2968 5761 acod.
3006 5708 3056 5763 1.
3132 5708 3177 5742 ⁸⁸
3211 5707 3465 5783 Ἐντρυφ
3508 5702 3619 5758 cod.
