3936 6486
254 340 369 405 lii!

1513 344 1595 404 IN
1626 345 1831 407 PSAL.
1868 345 2189 407 LXXXIII.

3348 342 3487 408 1542

309 464 383 523 ςό
426 475 444 508 ί
482 451 773 525 Μακάριος
804 456 941 527 ἀνὴρ
971 449 1031 508 οὗ
1053 458 1097 488 ”
1150 457 1298 510 ἐστιν
1331 456 1616 528 ἀντίληψις
1664 457 1803 527 αὐτῷ

1986 458 2149 515 Vens.
2179 459 2230 513 6.
2269 478 2285 510 ι
2320 459 2513 514 Beatus
2552 460 2633 513 vir
2668 459 2824 528 cujus
2852 468 2934 512 cst
2964 457 3223 513 auxilium
3254 458 3352 514 abs
3382 470 3433 513 te.
3460 468 3479 517 ὅ

250 550 387 619 ταρά
415 564 534 613 σου,
580 545 877 611 ἀναϐάσεις
906 548 965 600 ἐν
1007 551 1075 617 τῇ
1106 547 1304 619 καρδίᾳ
1353 547 1589 602 αὑτοῦ·¹.
1624 565 1641 598 ι
1680 549 1802 601 Μα-

250 638 453 708 «ιαρίζει
481 639 687 707 ὁλόγος
708 639 800 694 τὸν
840 639 941 709 τῆς
981 638 1131 701 θείας
1178 638 1266 691 ἀεὶ
1298 638 1635 708 κηδεμονίας
1672 655 1803 706 τυγ-

242 732 470 801 χάνοντα
491 734 535 796 ¹,
566 733 662 784 καὶ
690 734 758 802 τῇ
794 731 915 802 θείᾳ
941 732 1124 800 χάριτι
1148 730 1237 783 τὸν
1263 730 1388 783 νοῦν
1412 729 1803 799 φωτιζόμενον,

242 827 329 877 καὶ
377 826 468 878 ἀεὶ
498 825 627 888 τοὺς
655 822 905 887 εὐσεϐεῖς
933 825 992 876 ὲν
1030 824 1182 894 αύτῷ
1234 824 1539 895 στρέφοντα
1568 823 1588 854 ³
1653 823 1807 892 λογι-

243 915 436 986 σμούς.
468 916 617 970 Θεοῦ
639 917 747 987 γὰρ
767 916 1093 982 ἀναϐάσεις
1115 919 1201 982 είς
1230 915 1482 984 καρδίαν
1494 914 1804 986 γινομένας,

240 1010 357 1073 τοὺς
391 1010 639 1074 εὐσεϐεῖς
681 1011 814 1079 περὶ
857 1007 994 1062 Θεοῦ
1032 1008 1369 1077 δλογισμοὺς
1412 1009 1441 1060 6
1470 1005 1806 1077 προφητικδς

238 1103 485 1171 ὠνόμασε
523 1102 679 1170 λόγος
701 1102 743 1155 ⁵.

304 1192 370 1257 ζ’.
396 1194 653 1246 Διέθετο⁶
689 1194 770 1257 εἰς
796 1192 896 1264 τὴν
924 1193 1148 1248 κοιλάδα
1192 1194 1287 1247 τοῦ
1317 1196 1692 1267 κλαυθμῶνος,
1725 1196 1805 1258 είς

236 1287 392 1338 τόπον
429 1285 489 1337 ὃν
524 1286 734 1340 ἐθετοτ.
779 1286 891 1339 Καὶ
912 1286 1020 1357 γάρ
1049 1286 1299 1356 εὐλογίας
1319 1287 1479 1341 δώσει
1505 1291 1533 1341 6
1579 1287 1808 1359 νομοθε-

236 1378 353 1431 τῶν.
402 1397 423 1430 ι
492 1378 552 1431 Ὀ
612 1380 723 1449 γὰρ
774 1378 869 1431 τοῦ
927 1378 1107 1433 Θεοῦ⁸
1141 1380 1241 1444 τὰς
1268 1381 1556 1445 ἀναϐάσεις
1614 1386 1671 1435 ὲν
1736 1384 1801 1451 τῇ

237 1470 433 1541 καρδία
461 1470 752 1540 δεχόμενος
778 1474 823 1536 ⁹,
857 1472 1071 1526 καὶτοῦ
1120 1474 1409 1543 νομοθέτου
1434 1475 1475 1505 ¹⁰
1508 1474 1605 1537 τὰς
1651 1473 1804 1526 εύλο-

235 1563 351 1630 γίας
396 1562 737 1633 μεμαθηκὼς
761 1566 825 1628 ¹¹,
849 1566 949 1618 οὐκ
979 1567 1057 1629 εἰς
1090 1566 1301 1633 γέλωτα
1337 1567 1530 1620 ἑαυτὸν
1555 1567 1803 1620 ἐκδίδωσι

1907 553 2257 607 ascensiones
2286 554 2339 605 in
2372 553 2536 607 corde
2561 567 2683 607 sno.
2722 570 2738 600 ι
2776 552 2997 605 Beatum
3026 567 3150 606 esse
3175 551 3306 606 dicit
3328 566 3477 616 eum,

1906 644 1999 713 qui
2037 659 2254 713 semper
2291 645 2489 698 divina:
2532 660 2677 698 cura:
2719 653 2801 697 cst
2849 659 3094 712 compos,
3143 642 3348 712 quique
3396 644 3480 697 di-

1906 735 2029 788 vina
2075 736 2245 805 gratia
2277 748 2511 791 mentem
2562 737 2722 790 habet
2774 735 3121 799 illustratum,
3170 744 3225 790 et
3263 750 3479 804 semper

1905 825 2026 895 pias
2065 827 2421 894 cogitationes
2466 828 2519 881 in
2559 842 2621 881 ea
2666 827 2917 880 revolvit.
2961 828 3300 881 Ascensiones
3332 826 3479 881 enim

1906 915 2003 968 Dei
2030 917 2083 969 in
2114 918 2269 971 corde
2296 916 2488 981 factas,
2530 917 2647 987 pias
2690 918 3049 985 cogitationes
3096 919 3165 972 de
3214 917 3323 973 Deo
3353 932 3480 989 pro-

1906 1009 2157 1078 pheticus
2188 1024 2370 1064 sermo
2402 1010 2756 1079 nuncupavit.

1977 1188 2141 1244 Vens.
2174 1190 2229 1243 7.
2261 1209 2280 1243 ι
2319 1190 2592 1261 Disposuit
2617 1191 2669 1245 in
2698 1191 2835 1245 valle
2871 1192 3321 1262 lacrymarum,in
3358 1193 3482 1247 loco

1905 1298 2066 1351 quem
2114 1285 2316 1351 posuit.
2351 1282 2561 1337 Etenim
2614 1284 3042 1337 benedictionem
3073 1284 3221 1338 dabit
3260 1284 3475 1355 legisla—

1904 1384 2009 1428 tor.
2050 1394 2068 1425 ι
2108 1374 2210 1440 Qui
2249 1376 2393 1429 enim
2437 1376 2786 1429 ascensioncs
2820 1374 2912 1427 Dei
2962 1375 3013 1427 in
3058 1390 3157 1430 suo
3192 1377 3354 1431 corde
3388 1392 3476 1430 re-

1905 1468 2057 1536 cipit,
2081 1480 2135 1523 et
2175 1469 2502 1538 legislatoris
2536 1469 2941 1523 benedicliunes
2970 1469 3198 1538 adeptus
3232 1482 3335 1536 est,
3369 1487 3477 1526 non

1906 1562 2041 1616 risui
2065 1562 2383 1631 deliciisque
2401 1563 2489 1616 dat
2521 1575 2663 1627 sese,
2693 1561 2786 1615 sed
2817 1562 2984 1614 luctui
3016 1574 3070 1616 et
3107 1563 3382 1632 lacrymis,
3409 1580 3477 1618 ex

236 1658 323 1707 καὶ
365 1656 608 1725 τρυφὴν,
654 1656 791 1709 ἀλλά
834 1658 912 1720 εἰς
960 1656 1237 1726 κλαυθμὸν
1289 1658 1385 1710 γα).
1433 1657 1665 1729 δάκρυα⁹
1704 1660 1802 1727 τῆς

1910 1652 2011 1706 hac
2050 1652 2156 1706 vita
2183 1653 2444 1708 excedere
2464 1654 2710 1721 cupiens.
2743 1653 2961 1706 Audivit
2991 1657 3133 1707 enim
3161 1658 3176 1675 ⁶
3203 1654 3367 1708 Deum
3392 1656 3480 1709 di-

234 1745 485 1800 ἐντεῦθεν
535 1748 860 1817 ἀπαλλαγῆς
908 1748 1213 1819 ἔφιέμενος.
1273 1750 1512 1803 Ἤκουσε
1552 1750 1661 1820 γὰρ
1706 1751 1801 1803 τοῦ

1909 1751 2118 1797 contem
2154 1758 2167 1795 :
2203 1762 2220 1794 ι
2264 1742 2410 1797 Beati
2436 1743 2530 1812 qui
2560 1746 2765 1813 lugent,
2799 1745 3057 1814 quoniam
3089 1745 3190 1815 ipsi
3223 1747 3475 1800 solatium

234 1840 360 1893 Θεοῦ
384 1842 429 1871 ¹²
461 1841 713 1907 λέγοντος
741 1857 756 1873 ο
815 1860 833 1891 ι
866 1842 1145 1913 Μακάριοι
1178 1843 1229 1895 οί
1270 1842 1597 1906 πενθοῦντες
1620 1846 1683 1907 ’³,
1719 1844 1800 1898 ὅτι

1909 1834 2318 1904 ιιοοίρίοιιι,»ει,
2343 1836 2519 1889 «Beati
2542 1836 2631 1905 qni
2666 1839 3179 1906 mmrent,quoniam
3210 1838 3311 1907 ipsi
3335 1838 3479 1892 ride-

234 1933 381 1985 αὐτοὶ
400 1934 916 2003 παρακληθήσονται
956 1954 972 1983 ι
991 1935 1083 1986 καὶ
1099 1936 1162 1998 ¹⁸,
1187 1954 1205 1986 ι
1227 1936 1501 2006 Μακάριοι
1522 1939 1569 1990 οἱ
1587 1938 1803 1991 κλαίον-

232 2041 312 2086 τες
337 2024 405 2087 ¹⁵,
459 2025 543 2076 ὅτι
587 2024 740 2077 αὐτοὶ
768 2026 811 2055 ¹⁶
851 2024 1175 2093 γελάσονται
1206 2027 1269 2080 ¹⁷.
1312 2046 1330 2078 ι
1373 2027 1588 2091 Ταύτας
1624 2028 1804 2081 τοίνυν

232 2116 322 2179 τὰς
341 2115 623 2186 συνθήκας
641 2118 1034 2187 ποιησάμενος,
1066 2118 1367 2190 προσμένει
1397 2117 1491 2171 τοῦ
1509 2119 1802 2189 νομοθέτου

231 2209 319 2276 τὴν
374 2208 653 2275 εὐλογίαν.
726 2208 941 2272 Κοιλὰς
989 2208 1044 2261 δὲ
1104 2208 1505 2278 κλαυθμώνος
1560 2212 1805 2275 τυπικῶς

234 2297 323 2367 μὲν
347 2300 377 2350 6
412 2298 576 2360 τόπος
607 2297 671 2359 ⁸⁸,
712 2298 769 2348 ἐν
810 2290 854 2365 ᾧ
892 2299 1083 2365 φανεὶς
1106 2297 1358 2365 ἄγγελος,
1386 2297 1484 2369 τὴν
1538 2297 1631 2351 τοῦ
1671 2298 1803 2351 λαοῦ

236 2390 587 2460 παρανομίαν
612 2389 881 2460 διήλεγξε,
916 2392 1010 2442 καὶ
1062 2393 1140 2453 εἰς
1188 2390 1465 2461 κλαυθμὸν
1509 2392 1568 2443 τὸ
1603 2391 1805 2462 πλῆθος

232 2483 506 2551 ἐκίνησεν.
541 2481 699 2535 Οὕτω
724 2483 833 2553 γὰρ
878 2484 1054 2535 έκεῖνο
1084 2484 1123 2514 ‘9
1154 2484 1215 2534 τὸ
1258 2484 1459 2554 χωρίον
1505 2483 1563 2550 ἐξ
1596 2484 1804 2537 ἐκείνου

234 2575 677 2645 προσηγορεύθη.
707 2574 924 2646 Κυρίως
954 2575 1009 2627 δὲ
1048 2575 1141 2629 καὶ
1170 2575 1389 2644 ἀληθῶς
1446 2576 1803 2645 κλαυθμῶνος

234 2669 417 2730 κοιλὰς
448 2672 476 2720 ὁ
511 2667 701 2737 παρὼν
740 2666 875 2736 βίος,
924 2668 982 2718 ἐν
1028 2662 1071 2734 ᾧ
1106 2668 1199 2719 καὶ
1234 2669 1261 2719 6
1308 2667 1481 2737 Ἀδὰμ
1510 2669 1567 2719 ἐν
1623 2667 1805 2739 ἱδρῶτι

234 2760 319 2811 τοῦ
366 2759 665 2829 ¹προσώπου
711 2758 948 2810 ὲσθίει²⁰
977 2759 1068 2811 τὸν
1110 2758 1271 2828 ἄρτον
1304 2758 1369 2823 ²¹,
1405 2759 1500 2811 καὶ
1541 2760 1573 2828 ἡ
1613 2754 1721 2812 Εὕα
1748 2761 1805 2811 ἐν

232 2851 424 2911 λύπαις
448 2853 493 2880 ²²
523 2849 699 2902 τίκτει
725 2851 771 2881 ²³
800 2851 966 2903 τέκνα
994 2864 1007 2877 ·
1038 2850 1134 2900 καὶ
1168 2850 1229 2900 ού
1279 2849 1438 2919 μόνον
1462 2852 1507 2902 οῖ
1552 2851 1803 2921 ἁμαρτά-

232 2941 589 3006 νοντες,ἀλλά
622 2943 713 2995 καὶ
746 2944 793 2995 οῖ
820 2943 966 3010 ἀγιοι
996 2941 1264 3006 στένουσι,
1298 2943 1393 2994 καὶ
1420 2943 1448 2994 6
1468 2942 1592 3012 μὲν,
1614 2944 1799 3014 φησὶν,

1912 1930 2049 1985 bunt
2083 1940 2127 1983 ο.
2169 1936 2187 1981 ι
2221 1928 2357 1983 Cum
2386 1930 2549 1999 igitur
2576 1930 2690 1985 haec
2720 1939 2874 1999 pacta
2912 1932 3113 1995 inierit,
3143 1930 3357 2002 1199
3399 1931 3481 1985 le-

1907 2022 2181 2091 gislatoris
2226 2022 2659 2077 benedictionem
2718 2031 3015 2092 exspectat.
3090 2021 3248 2076 Vallis
3299 2032 3477 2077 autem

1907 2114 2265 2184 lacrymarum
2307 2119 2606 2169 secundum
2668 2114 2894 2183 figuram
2926 2114 3144 2185 quidem
3183 2124 3265 2170 est
3303 2115 3477 2181 locus,

1907 2208 1961 2261 in
2009 2223 2119 2277 quo
2170 2224 2440 2277 apparens
2494 2209 2720 2279 angelus
2752 2210 2932 2278 populi
2985 2210 3476 2280 transgressionem

1905 2298 2183 2367 redarguit
2228 2298 2277 2363 ἀ,
2311 2310 2364 2351 et
2404 2299 2457 2351 in
2496 2298 2764 2370 lacrymas
2800 2298 3120 2353 concionem
3162 2300 3350 2355 movit.
3384 2298 3477 2355 Sic

1904 2392 2048 2445 enim
2088 2394 2241 2447 locus
2276 2391 2367 2446 ille
2407 2391 2474 2444 ab
2519 2404 2713 2445 eventu
2768 2391 3069 2461 appellatus
3102 2401 3204 2447 est.
3255 2390 3478 2461 Proprie

1907 2492 2087 2534 autem
2119 2490 2173 2535 et
2204 2496 2329 2535 vere
2364 2496 2607 2551 praesens
2640 2482 2744 2535 vita
2787 2482 3146 2550 lacrymarnm
3182 2482 3340 2536 vallis
3369 2492 3477 2545 est,

1907 2573 1957 2626 in
1990 2588 2097 2642 qua
2129 2580 2183 2627 et
2215 2574 2386 2627 Adam
2424 2574 2474 2626 in
2508 2574 2704 2627 sudore
2728 2575 2913 2627 vultus
2957 2590 3096 2644 pane
3134 2574 3394 2638 vescitur,
3425 2585 3480 2629 ct

1906 2667 2015 2721 Eva
2057 2667 2111 2721 in
2150 2668 2429 2723 doloribus
2462 2668 2605 2722 filios
2649 2669 2825 2737 parit:
2857 2680 2909 2722 et
2950 2684 3055 2722 non
3090 2670 3249 2722 modo
3283 2684 3476 2738 pecca-

1906 2772 2073 2823 tores,
2105 2776 2293 2814 verum
2322 2761 2483 2813 etiam
2518 2763 2689 2816 sancti
2736 2761 3117 2831 ingemiscunt,
3150 2770 3202 2814 et
3233 2760 3321 2813 ille
3349 2763 3474 2831 qui-

1904 2853 2027 2906 dem
2054 2852 2185 2906 dicit
2224 2863 2269 2919 ε,
2310 2851 2377 2905 ad
2408 2864 2638 2905 mortem
2673 2867 2845 2920 usque
2877 2867 2934 2904 se
2967 2853 3174 2905 tristem
3203 2868 3344 2917 esse,
3388 2852 3477 2907 hic

1906 2960 2032 2999 vero
2070 2946 2337 2999 exclamat
2385 2963 2397 2997 :
2443 2962 2460 2994 ι
2494 2943 2644 2997 Tolle
2674 2945 2909 2997 animant
2958 2960 3157 3004 meum,
3198 2956 3250 3000 et
3284 2945 3476 2999 melius

232 3036 330 3095 ἕως
389 3035 625 3088 θανάτου
702 3034 957 3087 λυπεῖται
980 3035 1099 3099 ",6
1149 3035 1205 3087 δὲ
1260 3034 1377 3105 βοᾷ,
1443 3054 1460 3085 ι
1513 3034 1659 3088 Λάϐε
1703 3036 1802 3106 τὴν

1909 3039 1983 3084 est
2018 3031 2150 3084 mihi
2182 3032 2340 3095 mori,
2382 3047 2545 3101 quam
2578 3033 2758 3085 vivere
2790 3028 2859 3085 δ’.
2900 3051 2917 3083 ι
2968 3033 3033 3086 Et
3078 3048 3307 3103 magnus
3343 3035 3477 3089 veri-

233 3128 406 3197 ψυχήν
445 3146 571 3196 μου,
604 3128 698 3180 καὶ
727 3127 810 3180 ὅτι
855 3127 1019 3180 καλόν
1052 3144 1141 3197 μοι
1188 3128 1248 3179 τὸ
1279 3126 1593 3191 ἀποθανεῖν,
1641 3127 1669 3197 ἢ
1701 3128 1799 3198 ζῇν

1909 3123 2028 3179 tatis
2061 3139 2239 3192 praeco
2272 3124 2401 3178 dicit
2438 3142 2450 3177 :
2490 3142 2507 3174 ι
2548 3123 2612 3177 Et
2648 3141 2746 3179 nos
2788 3125 3056 3195 primitias
3102 3126 3339 3195 Spiritus
3377 3127 3476 3181 ha-

422 3192 612 3271 Καὶξὸ
658 3216 835 3287 μέγας
874 3216 931 3268 δὲ
964 3192 1140 3287 κῆρυξ
1184 3216 1284 3285 τῆς
1333 3215 1592 3285 ἀληθείας
1644 3192 1797 3285 φησί,

1909 3214 2093 3270 bentes
2124 3215 2175 3269 in
2208 3216 2367 3269 nobis
2394 3215 2527 3285 ipsis
2554 3216 2963 3284 ingemiSi-imus
2992 3214 3034 3271 τ.
3070 3236 3087 3269 ι
3126 3218 3215 3272 Sic
3248 3234 3475 3272 cernere

238 3329 255 3359 ι
290 3310 399 3361 Καὶ
431 3311 597 3377 ἡμεῖς
626 3308 723 3379 τὴν
754 3308 1012 3379 ἀπαρχὴν
1035 3310 1079 3338 ’⁵
1113 3307 1207 3359 τοῦ
1244 3307 1560 3378 ΙΙνεύματος
1592 3308 1803 3378 ἔχοντες

1909 3307 2028 3362 licet
2061 3307 2224 3361 etiam
2273 3316 2490 3362 sanctos
2519 3308 2882 3372 decertantes,
2921 3310 3176 3380 lacrymis
3221 3310 3475 3363 continue

234 3401 288 3452 ἑν
308 3400 561 3461 αύτοῖς²⁶
594 3400 929 3469 στενάζομεν
955 3401 1020 3453 ³⁷.
1059 3418 1077 3450 ι
1110 3399 1301 3463 Οὕτως
1347 3399 1498 3453 ἔστιν
1544 3400 1673 3453 ἰδεῖν
1709 3402 1803 3454 καὶ

1909 3410 2137 3464 utentes,
2169 3409 2222 3455 et
2254 3401 2494 3455 lmtitiam
2530 3404 2655 3456 hinc
2687 3412 3047 3471 reportantcs.
3084 3402 3139 3455 In
3176 3403 3278 3456 hac
3308 3404 3475 3472 igitur

232 3494 356 3556 τοὺς
386 3492 827 3564 ἀγωνιζομένους
856 3491 901 3525 ⁸⁸
936 3492 1125 3560 ἁγίους
1151 3495 1195 3524 ’⁸
1229 3493 1491 3565 δάκρυσιν
1513 3492 1803 3562 ἐνδελεχῶς

1909 3492 2036 3546 valle
2082 3493 2446 3564 Iacrymarum
2486 3495 2579 3563 qni
2632 3495 2980 3548 aseensiones
3028 3504 3368 3563 receperunt,
3416 3505 3471 3548 et

234 3587 628 3656 κεχρημένους,
680 3584 775 3637 καὶ
822 3584 923 3653 τὴν
971 3582 1227 3637 ἐντεῦθεν
1268 3583 1613 3653 εὐφροσύνην
1646 3600 1803 3654 κομι·

1909 3585 2172 3654 lacrymas
2194 3583 2498 3647 ellundunt,
2519 3594 2570 3638 et
2599 3586 2923 3639 laboriosam
2949 3587 3112 3638 vitam
3140 3586 3476 3655 amplectun-

234 3677 521 3745 ζομένους.
565 3677 653 3729 Ἐν
683 3674 856 3745 ταύτῃ
900 3675 1080 3727 τοίνυν
1125 3677 1192 3746 τῇ
1257 3676 1467 3729 κοιλάδι
1504 3674 1600 3729 τοῦ
1641 3675 1803 3729 κλαυ-

1909 3684 2007 3740 tur,
2034 3684 2089 3729 et
2120 3676 2441 3745 legislatoris
2472 3677 2901 3731 benedictionem
2938 3684 3274 3745 exspectant.

235 3771 445 3841 θμῶνος
475 3771 526 3823 οἱ
561 3770 660 3833 τὰς
685 3770 982 3833 ἀναϐάσεις
1012 3770 1057 3801 ⁸ο
1085 3769 1387 3841 δεξάμενοι,
1408 3770 1503 3824 καὶ
1517 3771 1585 3825 τά
1607 3770 1819 3842 δάκρυα
1857 3770 2170 3840 προχέουσι,
2202 3770 2295 3823 καὶ
2326 3772 2417 3823 τὸν
2448 3770 2704 3823 ἐπίπονον
2768 3768 3103 3833 ἀσπάζονται
3153 3768 3266 3837 βίον
3288 3768 3350 3833 ³¹,
3380 3770 3473 3822 καί⁸

234 3867 322 3920 τοῦ
355 3867 655 3937 νομοθέτου
690 3866 790 3937 τὴν
824 3866 1075 3934 εὐλογίαν
1105 3868 1505 3937 προσμένουσιν
1531 3868 1596 3921 ³³.

300 3960 369 4031 η’.
430 3981 447 4010 ι
491 3960 860 4030 Πορεύσονται
917 3961 983 4013 ὲκ
1020 3961 1303 4030 δυνάμεως
1339 3964 1419 4023 είς
1465 3960 1717 4033 δύναμιν.
1782 3980 1801 4013 ι

1980 3954 2144 4010 Vens.
2177 3955 2228 4009 8.
2274 3972 2293 4005 ι
2324 3954 2481 4007 Ibunt
2513 3955 2579 4007 de
2615 3954 2810 4005 virtute
2841 3953 2893 4005 in
2925 3952 3200 4004 virtutem.
3238 3971 3255 4001 ι
3293 3952 3474 4022 Auge-

237 4053 469 4117 Αὕξουσι
502 4053 611 4122 γὰρ
638 4053 1030 4123 ὁσημέραιτὴν
1075 4055 1248 4123 ἰσχὺν,
1295 4053 1390 4107 καὶ
1418 4056 1483 4125 τῇ
1515 4056 1802 4126 προσθήκῃ

1909 4050 2040 4103 bunt
2073 4047 2219 4102 enim
2252 4046 2495 4115 quotidie
2530 4048 2699 4099 robur
2720 4087 2735 4110 ,
2780 4047 3222 4113 incrementoque
3256 4045 3473 4101 virtutis

237 4144 331 4214 τῆς
371 4144 578 4216 ἀρετῆς
612 4143 813 4215 πολλὴν
866 4144 1201 4198 ἐπικτῶνται
1250 4144 1462 4216 ῥώμην.
1516 4144 1701 4209 Οὕτως
1757 4147 1803 4199 οἱ

1909 4157 2160 4212 magnam
2198 4141 2303 4193 vim
2352 4139 2454 4193 sibi
2501 4149 2711 4208 parant.
2756 4138 2845 4191 Sic
2898 4137 2970 4201 ii,
3022 4138 3115 4207 qui
3164 4138 3472 4207 religiosam

240 4236 321 4287 τὸν
353 4235 653 4305 ἀσκητικὸν
681 4235 1055 4305 ἀσπαζόμενοι
1091 4236 1230 4305 βίον,
1266 4236 1373 4288 ἀπὸ
1400 4236 1707 4307 προσευχῆς
1726 4238 1803 4302 είς

1909 4232 2076 4285 vitam
2109 4230 2351 4298 amplexi
2371 4238 2532 4293 sunt,
2559 4246 2586 4281 a
2620 4228 2872 4297 precibus
2902 4228 2966 4281 ad
2996 4228 3317 4298 hymnorum
3343 4246 3474 4283 can-

243 4326 509 4396 ὑμνῳδίαν
566 4326 877 4396 βαδίζουσιν
911 4342 923 4353 ·
975 4326 1083 4379 ἀπὸ
1124 4326 1224 4394 τῆς
1259 4326 1532 4398 ὑμνῳδίας
1587 4329 1679 4381 ἐπὶ
1706 4328 1803 4396 τὴν

1913 4325 2131 4380 tilenam
2153 4332 2401 4393 pergunt,
2421 4331 2475 4376 et
2499 4322 2567 4375 ab
2592 4321 2916 4392 hymnorum
2952 4321 3218 4376 cantilena
3248 4324 3312 4377 ad
3343 4338 3475 4392 snp-

279 4527 299 4552 ε
331 4515 520 4570 Matth.
552 4533 605 4583 v,
654 4519 854 4583 Mcoll.
886 4517 1018 4572 Luc.
1052 4533 1125 4578 vI,
1166 4517 1255 4570 21.
1349 4518 1375 4557 ἀ
1408 4519 1586 4575 Judic.
1634 4536 1710 4585 ιι,
1755 4521 1779 4573 1

1909 4537 1979 4585 |q.
2081 4532 2103 4559 ε
2155 4519 2344 4577 Matth.
2417 4536 2578 4584 xxvi,
2618 4520 2725 4585 58;
2769 4518 2893 4574 coll.
2969 4516 3133 4572 Marc.
3206 4533 3328 4578 inv,
3384 4518 3474 4571 54.

1349 4518 1375 4557 ἀ
1408 4519 1586 4575 Judic.
1634 4536 1710 4585 ιι,
1755 4521 1779 4573 1
1827 4536 1979 4591 seqq.

248 4590 293 4623 ε’
329 4586 486 4641 Juan.
555 4605 606 4642 Iv
631 4628 645 4650 ,
677 4590 731 4642 5.
812 4591 833 4629 ῐ
865 4587 1023 4642 Rulli.
1048 4605 1140 4641 νιιι
1170 4626 1185 4650 ,
1216 4588 1307 4641 25.

1308 4767 1551 4824 νΛῐὶΙιλΕ
1594 4765 1976 4825 LECTIONES
2014 4767 2103 4821 ΕΤ
2142 4766 2375 4826 NOTAE.

247 5003 258 5019 ,
314 4951 358 4980 ”
390 4946 473 5005 Οὗ
502 4949 823 5019 τ-αὺτοῦζ
842 4949 1005 5004 Hebr.
1067 4946 1175 5019 Cui
1198 4945 1359 5019 robur
1406 4956 1485 5019 est
1540 4948 1592 5001 in
1642 4958 1709 5012 te,
1743 4950 1803 5019 in

1909 4962 2103 5019 torum_
2134 4946 2285 5019 corde
2311 4958 2431 5000 sunt
2474 4948 2674 5019 semine
2697 4946 2866 5015 (tum).
2984 4948 3008 5019 _'
3039 4946 3257 5001 Αὐτοῦ.
3282 4947 3414 5019 cod.
3440 4948 3475 5001 9.

250 5015 371 5073 add.
406 5021 639 5074 διέθετο.
734 5022 754 5052 ⁸
785 5018 967 5089 Τυγχ.
998 5018 1117 5073 cod.
1216 5016 1581 5089 ἀπολαύοντα,
1612 5018 1803 5089 ascripl

1909 5032 2063 5089 amen
2089 5016 2535 5089 lectione‘altera.
2572 5086 2582 5089 _
2615 5018 2654 5089 _’
2684 5019 2803 5071 cod.
2846 5019 2867 5089 t
2901 5015 3192 5089 τρέφοντα.
3277 5017 3299 5049 δ
3328 5019 3475 5073 Θεοῦ

249 5091 535 5159 -λόγος⁸
570 5091 694 5144 Des.
728 5092 779 5144 in
815 5086 942 5145 coit.
970 5089 1027 5142 2.
1144 5088 1165 5119 ⁸
1193 5088 1402 5159 ᾼόγος.
1441 5090 1565 5143 cod.
1610 5088 1634 5141 1
1675 5088 1798 5142 add.

1909 5086 1991 5139 Ξτο
2014 5088 2128 5159 γὰρ
2154 5087 2241 5141 διὰ
2271 5087 2376 5141 τῶν
2398 5087 2524 5155 ἑξῆς
2550 5086 2735 5159 λέγει.
2828 5088 2857 5159 ᾼ⁶
2886 5086 3113 5159 Δίιέθετο
3136 5091 3477 5159 έ-λνομοθε-

249 5159 380 5215 τῶν.
415 5156 583 5215 Hebr.
618 5160 969 5215 Transeuntes
999 5176 1089 5228 per
1118 5157 1523 5228 vallemiﬂetus,
1557 5158 1750 5228 fontem
1782 5169 1968 5227 ponent
2002 5158 2067 5227 (δ.
2102 5156 2316 5227 facienti
2350 5175 2465 5211 eam
2493 5175 2511 5212 :
2533 5158 2644 5228 rimo
2668 5156 3115 5228 Abenedictionibus
3137 5157 3314 5211 induet
3347 5160 3478 5227 (eos)

249 5233 445 5285 doctor.
524 5232 544 5262 ⁷
578 5232 701 5285 cod.
736 5241 963 5300 uterque
990 5226 1219 5282 διέθετο.
1245 5295 1269 5300 _
1319 5227 1341 5258 ⁸
1369 5228 1536 5300 Θεοῦ.
1558 5226 1690 5283 cod.
1723 5230 1756 5281 ‘2
1785 5226 1803 5298 ι

1909 5245 1972 5281 [ιι.
2005 5226 2229 5300 ἀγαθοῦ.
2317 5229 2344 5300 ’A
2364 5231 2485 5300 cod.
2515 5227 2560 5300 1
2600 5226 2911 5300 δεξάμενος.
2973 5298 2980 5300 _
3009 5228 3054 5300 ’ἦ
3075 5228 3202 5300 cod.
3230 5230 3265 5280 2
3289 5226 3475 5300 νόμου.

250 5302 285 5331 ¹¹
313 5301 435 5357 cod.
466 5301 489 5354 1
520 5295 974 5371 διαμεμαθηκώς.
1055 5300 1096 5330 ¹¹
1128 5295 1294 5371 Θεοῦ.
1315 5298 1446 5371 _cod.
1470 5300 1649 5371 ladd.
1686 5295 1803 5371 Κυρ

1909 5340 1912 5349 .
1991 5299 2034 5329 ¹³
2055 5302 2229 5371 ΙΙενρ.
2250 5298 2381 5371 cod.
2400 5299 2441 5371 t_
2464 5297 2595 5371 add._
2618 5295 2744 5371 νῦν(
2772 5298 2852 5371 _“
2872 5298 3000 5352 Καί.
3025 5298 3193 5371 Abest
3223 5313 3250 5351 a
3278 5295 3399 5371 cod.
3422 5300 3473 5352 1.

249 5370 289 5440 l‘
316 5366 668 5437 κλαίοντες.
692 5366 835 5426 ἐοιιζ
860 5380 1089 5440 uterque
1126 5368 1253 5422 add.
1279 5366 1392 5422 νῦν.
1472 5369 1515 5400 ¹⁶
1542 5371 1739 5424 Αὑτοί.
1763 5366 1803 5421 Ᾰ

1909 5378 1927 5423 ι
1955 5384 1985 5422 a
2019 5369 2138 5423 cod.
2163 5368 2217 5424 ἓ.
2343 5370 2381 5440 ¹Ϊ¹
2410 5367 2539 5422 Rec.
2583 5368 2742 5422 lectio
2772 5366 2906 5424 Luc.
2940 5384 3012 5434 vr,
3042 5370 3132 5440 21,
3162 5369 3477 5440 θειοτιγε-

248 5439 458 5511 λάσετε.
631 5444 673 5475 ¹⁸
719 5442 771 5495 '0
821 5437 1024 5503 τόπος-Ἴ.
1052 5440 1171 5493 cod.
1283 5454 1483 5511 Διπῑῡιιι.
1510 5510 1513 5511 ν
1543 5440 1803 5511 ὠνόμαστι

1988 5440 2031 5471 ¹⁹
2058 5440 2312 5511 Ἐκεῖνο.
2345 5439 2513 5511 Abest
2543 5454 2573 5492 a
2600 5440 2721 5511 cod.
2756 5443 2813 5511 1.
2917 5440 2961 5469 ¹⁰
3021 5438 3142 5495 cod.
3169 5438 3222 5511 2
3255 5437 3473 5511 ἐσθίειν.

246 5510 283 5583 in
316 5512 569 5583 3‘th.
610 5516 731 5567 cod.
766 5514 800 5566 ἢ
839 5513 962 5568 add.
1000 5506 1367 5583 προσετάχθη,
1430 5579 1451 5583 Δ
1476 5510 1521 5583 ’ξ
1554 5506 1671 5564 cod“,
1703 5512 1726 5563 ι
1766 5510 1803 5561 λι

1916 5549 1929 5562 .
2051 5510 2096 5540 ’³
2133 5512 2251 5583 cod.
2279 5508 2526 5583 Ξτέξειν.
2628 5510 2673 5540 ’⁵
2716 5510 2865 5583 09d._
2897 5518 3124 5583 uterque
3168 5508 3473 5583 λυπεῖσθαι.

246 5579 285 5611 ’⁸
315 5580 634 5651 Ἀπαρχήν.
692 5583 814 5637 cod.
852 5584 875 5635 1
915 5579 1094 5651 χάριν.
1196 5579 1240 5609 ’⁸
1270 5582 1393 5651 (⁸οά-
1490 5581 1721 5651 “9107‘-

1909 5585 2065 5635 Στεν.
2095 5581 2214 5635 cod.
2276 5583 2299 5634 1
2341 5582 2463 5634 add.
2495 5580 2780 5651 στεναγμῷ
2818 5579 3087 5651 ἀλαλήτῳ.
3128 5650 3137 5651 7
3202 5579 3247 5610 ’⁸
3282 5579 3474 5647 Ἇγων.

245 5651 363 5704 cod.
388 5654 421 5705 Ξ
454 5648 643 5721 prtem.
676 5652 787 5705 νῦν.
901 5648 946 5685 "5
986 5648 1235 5721 δΑτΙους.
1272 5650 1394 5721 cod.
1432 5648 1467 5701 2
1504 5650 1712 5713 ἄλλους.

1914 5654 2106 5706 Ἀναϐ.
2136 5654 2257 5707 cod.
2290 5662 2518 5721 uterque
2558 5648 2945 5717 ρνίιιιιιιζθείας.
2977 5648 2983 5650 ’
3022 5650 3061 5683 ³¹
3097 5650 3260 5714 βίον.
3297 5652 3413 5721 cod.
3446 5651 3470 5702 1

246 5721 364 5777 add.
407 5717 520 5776 Kat
558 5723 789 5792 μάλιστα
835 5726 884 5777 οί
924 5723 1016 5777 τὸν
1046 5717 1347 5793 ἀσκηξικὸν
1395 5720 1495 5793 ,καὶ
1524 5721 1802 5793 ἁλὼὃητον

1909 5725 2239 5793 τερχόμενοι.
2275 5717 2507 5793 Maxime
2537 5722 2619 5774 illi
2649 5723 2736 5792 qui
2756 5723 3077 5793 religiosam
3106 5721 3290 5775 habent
3316 5720 3475 5774 vitam

247 5806 455 5864 eamque
486 5789 715 5849 illiesam
761 5804 988 5850 servant.
1087 5792 1130 5823 "
1166 5789 1647 5861 Προσμένουσιν.
1683 5792 1803 5848 cod.

1920 5789 2044 5848 add.
2073 5789 2237 5846 ’τοῦτο
2276 5793 2382 5864 γὰρ
2417 5790 2560 5859 λέγει
2591 5789 2677 5848 διὰ
2709 5792 2815 5846 τῶν
2841 5789 2985 5863 ἑξῆς.
