  <div class='ocr_page' id='page_1' title='image "/cluster/home/n/w/nwhite01/storage/ocr_20150623/80/hvd.32044009825613/789.png"; bbox 0 0 3936 6502; ppageno 0'>
   <div class='ocr_carea' id='block_1_1' title="bbox 501 325 635 391">
    <p class='ocr_par' dir='ltr' id='par_1_1' title="bbox 501 325 635 391">
     <span class='ocr_line' id='line_1_1' title="bbox 501 325 635 391; baseline -0.022 0"><span class='ocrx_word' id='word_1_1' title='bbox 501 325 635 391; x_wconf 69' lang='grc'><strong>1543</strong></span> 
     </span>
    </p>
   </div>
   <div class='ocr_carea' id='block_1_2' title="bbox 1485 320 2737 387">
    <p class='ocr_par' dir='ltr' id='par_1_2' title="bbox 1485 320 2737 387">
     <span class='ocr_line' id='line_1_2' title="bbox 1485 320 2737 387; baseline -0.002 -1"><span class='ocrx_word' id='word_1_2' title='bbox 1485 322 1965 387; x_wconf 76' lang='lat' dir='ltr'><strong>l‘HEODORETl</strong></span> <span class='ocrx_word' id='word_1_3' title='bbox 2003 320 2336 382; x_wconf 83' lang='lat' dir='ltr'><strong>EPISCOP]</strong></span> <span class='ocrx_word' id='word_1_4' title='bbox 2370 320 2737 383; x_wconf 82' lang='lat' dir='ltr'><strong>CYRENSIS</strong></span> 
     </span>
    </p>
   </div>
   <div class='ocr_carea' id='block_1_3' title="bbox 3588 321 3705 389">
    <p class='ocr_par' dir='ltr' id='par_1_3' title="bbox 3588 321 3705 389">
     <span class='ocr_line' id='line_1_3' title="bbox 3588 321 3705 389; baseline 0.034 -4"><span class='ocrx_word' id='word_1_5' title='bbox 3588 321 3705 389; x_wconf 66' lang='lat' dir='ltr'><strong>15M</strong></span> 
     </span>
    </p>
   </div>
   <div class='ocr_carea' id='block_1_4' title="bbox 492 426 2070 511">
    <p class='ocr_par' dir='ltr' id='par_1_4' title="bbox 492 431 2067 511">
     <span class='ocr_line' id='line_1_4' title="bbox 492 431 2067 511; baseline -0.006 -19"><span class='ocrx_word' id='word_1_6' title='bbox 492 434 842 511; x_wconf 85' lang='lat' dir='ltr'><strong>plicationem</strong></span> <span class='ocrx_word' id='word_1_7' title='bbox 867 474 882 499; x_wconf 92' lang='lat'><strong>,</strong></span> <span class='ocrx_word' id='word_1_8' title='bbox 930 441 987 488; x_wconf 92' lang='lat' dir='ltr'><strong>et</strong></span> <span class='ocrx_word' id='word_1_9' title='bbox 1025 448 1089 487; x_wconf 77' lang='lat' dir='ltr'><strong>ex</strong></span> <span class='ocrx_word' id='word_1_10' title='bbox 1133 432 1225 487; x_wconf 90' lang='lat' dir='ltr'><strong>illa</strong></span> <span class='ocrx_word' id='word_1_11' title='bbox 1274 433 1340 487; x_wconf 88' lang='lat' dir='ltr'><strong>ad</strong></span> <span class='ocrx_word' id='word_1_12' title='bbox 1384 432 1690 487; x_wconf 85' lang='lat' dir='ltr'><strong>divinorum</strong></span> <span class='ocrx_word' id='word_1_13' title='bbox 1724 431 2067 485; x_wconf 84' lang='lat' dir='ltr'><strong>oraculorum</strong></span> 
     </span>
    </p>
   </div>
   <div class='ocr_carea' id='block_1_5' title="bbox 2174 426 3707 511">
    <p class='ocr_par' dir='ltr' id='par_1_5' title="bbox 2176 426 3707 501">
     <span class='ocr_line' id='line_1_5' title="bbox 2176 426 3707 501; baseline 0.005 -20"><span class='ocrx_word' id='word_1_14' title='bbox 2176 430 2418 483; x_wconf 74' lang='grc' dir='ltr'><strong>ἱκετείαν</strong></span> <span class='ocrx_word' id='word_1_15' title='bbox 2445 444 2460 459; x_wconf 89' lang='grc'><strong>·</strong></span> <span class='ocrx_word' id='word_1_16' title='bbox 2523 428 2585 493; x_wconf 77' lang='grc' dir='ltr'><strong>ἐξ</strong></span> <span class='ocrx_word' id='word_1_17' title='bbox 2631 430 2851 501; x_wconf 77' lang='grc' dir='ltr'><strong>ἐκείνης</strong></span> <span class='ocrx_word' id='word_1_18' title='bbox 2897 430 2990 483; x_wconf 75' lang='grc' dir='ltr'><strong>ἐπὶ</strong></span> <span class='ocrx_word' id='word_1_19' title='bbox 3032 428 3133 501; x_wconf 80' lang='grc' dir='ltr'>τὴν</span> <span class='ocrx_word' id='word_1_20' title='bbox 3177 426 3289 481; x_wconf 85' lang='grc' dir='ltr'><strong>τῶν</strong></span> <span class='ocrx_word' id='word_1_21' title='bbox 3334 428 3493 483; x_wconf 81' lang='grc' dir='ltr'>θείων</span> <span class='ocrx_word' id='word_1_22' title='bbox 3533 430 3707 500; x_wconf 82' lang='grc' dir='ltr'>λογίων</span> 
     </span>
    </p>
   </div>
   <div class='ocr_carea' id='block_1_6' title="bbox 494 521 2067 594">
    <p class='ocr_par' dir='ltr' id='par_1_6' title="bbox 494 521 2067 594">
     <span class='ocr_line' id='line_1_6' title="bbox 494 521 2067 594; baseline -0.005 -10"><span class='ocrx_word' id='word_1_23' title='bbox 494 529 809 588; x_wconf 71' lang='lat' dir='ltr'><strong>lectionem,</strong></span> <span class='ocrx_word' id='word_1_24' title='bbox 839 524 966 579; x_wconf 85' lang='lat' dir='ltr'><strong>hinc</strong></span> <span class='ocrx_word' id='word_1_25' title='bbox 995 524 1061 577; x_wconf 87' lang='lat' dir='ltr'><strong>ad</strong></span> <span class='ocrx_word' id='word_1_26' title='bbox 1095 523 1308 594; x_wconf 78' lang='lat'><strong>1200</strong></span> <span class='ocrx_word' id='word_1_27' title='bbox 1334 524 1561 578; x_wconf 90' lang='lat' dir='ltr'><strong>consilia</strong></span> <span class='ocrx_word' id='word_1_28' title='bbox 1588 531 1644 578; x_wconf 91' lang='lat' dir='ltr'><strong>et</strong></span> <span class='ocrx_word' id='word_1_29' title='bbox 1670 521 2067 577; x_wconf 77' lang='lat' dir='ltr'><strong>admonitiones</strong></span> 
     </span>
    </p>
   </div>
   <div class='ocr_carea' id='block_1_7' title="bbox 494 613 2064 691">
    <p class='ocr_par' dir='ltr' id='par_1_7' title="bbox 494 613 2064 691">
     <span class='ocr_line' id='line_1_7' title="bbox 494 613 2064 691; baseline -0.006 -16"><span class='ocrx_word' id='word_1_30' title='bbox 494 619 964 691; x_wconf 79' lang='lat' dir='ltr'><strong>imperfectiorum</strong></span> <span class='ocrx_word' id='word_1_31' title='bbox 1001 618 1306 676; x_wconf 86' lang='lat' dir='ltr'><strong>hominum.</strong></span> <span class='ocrx_word' id='word_1_32' title='bbox 1337 624 1392 670; x_wconf 92' lang='lat' dir='ltr'><strong>et</strong></span> <span class='ocrx_word' id='word_1_33' title='bbox 1420 632 1450 669; x_wconf 89' lang='lat' dir='ltr'><strong>a</strong></span> <span class='ocrx_word' id='word_1_34' title='bbox 1481 617 1682 671; x_wconf 90' lang='lat' dir='ltr'><strong>virtute</strong></span> <span class='ocrx_word' id='word_1_35' title='bbox 1718 613 1772 668; x_wconf 92' lang='lat' dir='ltr'><strong>in</strong></span> <span class='ocrx_word' id='word_1_36' title='bbox 1807 615 2064 668; x_wconf 73' lang='lat' dir='ltr'><strong>virtutem</strong></span> 
     </span>
    </p>
   </div>
   <div class='ocr_carea' id='block_1_8' title="bbox 493 708 2065 779">
    <p class='ocr_par' dir='ltr' id='par_1_8' title="bbox 493 708 2065 779">
     <span class='ocr_line' id='line_1_8' title="bbox 493 708 2065 779; baseline -0.001 -14"><span class='ocrx_word' id='word_1_37' title='bbox 493 720 883 772; x_wconf 79' lang='lat' dir='ltr'><strong>transeuntes,</strong></span> <span class='ocrx_word' id='word_1_38' title='bbox 936 709 1179 779; x_wconf 82' lang='lat' dir='ltr'><strong>quotidie</strong></span> <span class='ocrx_word' id='word_1_39' title='bbox 1252 710 1500 778; x_wconf 89' lang='lat' dir='ltr'><strong>proprias</strong></span> <span class='ocrx_word' id='word_1_40' title='bbox 1565 708 1784 762; x_wconf 83' lang='lat' dir='ltr'><strong>divitias</strong></span> <span class='ocrx_word' id='word_1_41' title='bbox 1843 715 2065 777; x_wconf 81' lang='lat' dir='ltr'><strong>augent.</strong></span> 
     </span>
    </p>
   </div>
   <div class='ocr_carea' id='block_1_9' title="bbox 500 797 2065 872">
    <p class='ocr_par' dir='ltr' id='par_1_9' title="bbox 500 797 2065 872">
     <span class='ocr_line' id='line_1_9' title="bbox 500 797 2065 872; baseline -0.001 -17"><span class='ocrx_word' id='word_1_42' title='bbox 500 823 521 855; x_wconf 72' lang='grc' dir='ltr'><strong>ι</strong></span> <span class='ocrx_word' id='word_1_43' title='bbox 549 802 931 872; x_wconf 87' lang='lat' dir='ltr'><strong>Conspicietur</strong></span> <span class='ocrx_word' id='word_1_44' title='bbox 956 800 1101 856; x_wconf 87' lang='lat' dir='ltr'><strong>Deus</strong></span> <span class='ocrx_word' id='word_1_45' title='bbox 1122 800 1352 855; x_wconf 89' lang='lat' dir='ltr'><strong>deorum</strong></span> <span class='ocrx_word' id='word_1_46' title='bbox 1377 799 1431 852; x_wconf 93' lang='lat' dir='ltr'><strong>in</strong></span> <span class='ocrx_word' id='word_1_47' title='bbox 1459 797 1644 854; x_wconf 91' lang='lat' dir='ltr'><strong>Sione.</strong></span> <span class='ocrx_word' id='word_1_48' title='bbox 1683 818 1703 851; x_wconf 75' lang='grc' dir='ltr'><strong>ι</strong></span> <span class='ocrx_word' id='word_1_49' title='bbox 1735 798 1887 854; x_wconf 87' lang='lat' dir='ltr'><strong>Hanc</strong></span> <span class='ocrx_word' id='word_1_50' title='bbox 1917 812 2065 862; x_wconf 87' lang='lat' dir='ltr'><strong>vero,</strong></span> 
     </span>
    </p>
   </div>
   <div class='ocr_carea' id='block_1_10' title="bbox 496 891 2067 969">
    <p class='ocr_par' dir='ltr' id='par_1_10' title="bbox 496 891 2067 969">
     <span class='ocr_line' id='line_1_10' title="bbox 496 891 2067 969; baseline -0.005 -16"><span class='ocrx_word' id='word_1_51' title='bbox 496 897 1056 969; x_wconf 77' lang='lat' dir='ltr'><strong>inquit,mutationem</strong></span> <span class='ocrx_word' id='word_1_52' title='bbox 1083 907 1267 948; x_wconf 89' lang='lat' dir='ltr'><strong>rerum</strong></span> <span class='ocrx_word' id='word_1_53' title='bbox 1295 892 1474 946; x_wconf 73' lang='lat' dir='ltr'><strong>eﬂecit</strong></span> <span class='ocrx_word' id='word_1_54' title='bbox 1498 891 1642 947; x_wconf 89' lang='lat' dir='ltr'><strong>Deus</strong></span> <span class='ocrx_word' id='word_1_55' title='bbox 1661 892 2067 959; x_wconf 77' lang='lat' dir='ltr'><strong>Verbum,eum</strong></span> 
     </span>
    </p>
   </div>
   <div class='ocr_carea' id='block_1_11' title="bbox 496 983 2069 1052">
    <p class='ocr_par' dir='ltr' id='par_1_11' title="bbox 496 983 2069 1052">
     <span class='ocr_line' id='line_1_11' title="bbox 496 983 2069 1052; baseline -0.008 -5"><span class='ocrx_word' id='word_1_56' title='bbox 496 991 661 1047; x_wconf 85' lang='lat' dir='ltr'><strong>homo</strong></span> <span class='ocrx_word' id='word_1_57' title='bbox 688 987 865 1042; x_wconf 80' lang='lat' dir='ltr'><strong>factus</strong></span> <span class='ocrx_word' id='word_1_58' title='bbox 890 995 1057 1049; x_wconf 86' lang='lat' dir='ltr'><strong>esset,</strong></span> <span class='ocrx_word' id='word_1_59' title='bbox 1090 983 1512 1052; x_wconf 80' lang='lat' dir='ltr'><strong>hominibusque</strong></span> <span class='ocrx_word' id='word_1_60' title='bbox 1542 998 1640 1052; x_wconf 89' lang='lat' dir='ltr'><strong>per</strong></span> <span class='ocrx_word' id='word_1_61' title='bbox 1660 998 1880 1037; x_wconf 88' lang='lat' dir='ltr'><strong>carnem</strong></span> <span class='ocrx_word' id='word_1_62' title='bbox 1905 996 2069 1051; x_wconf 87' lang='lat' dir='ltr'><strong>appa-</strong></span> 
     </span>
    </p>
   </div>
   <div class='ocr_carea' id='block_1_12' title="bbox 496 1074 2066 1146">
    <p class='ocr_par' dir='ltr' id='par_1_12' title="bbox 496 1074 2066 1146">
     <span class='ocr_line' id='line_1_12' title="bbox 496 1074 2066 1146; baseline -0.006 -10"><span class='ocrx_word' id='word_1_63' title='bbox 496 1081 734 1145; x_wconf 83' lang='lat' dir='ltr'><strong>ruisset,</strong></span> <span class='ocrx_word' id='word_1_64' title='bbox 784 1092 909 1133; x_wconf 89' lang='lat' dir='ltr'><strong>cum</strong></span> <span class='ocrx_word' id='word_1_65' title='bbox 956 1077 1131 1146; x_wconf 90' lang='lat' dir='ltr'><strong>primo</strong></span> <span class='ocrx_word' id='word_1_66' title='bbox 1187 1076 1245 1129; x_wconf 90' lang='lat' dir='ltr'><strong>in</strong></span> <span class='ocrx_word' id='word_1_67' title='bbox 1296 1074 1461 1129; x_wconf 89' lang='lat' dir='ltr'><strong>Sione</strong></span> <span class='ocrx_word' id='word_1_68' title='bbox 1515 1089 1575 1130; x_wconf 91' lang='lat' dir='ltr'><strong>se</strong></span> <span class='ocrx_word' id='word_1_69' title='bbox 1623 1075 2066 1145; x_wconf 85' lang='lat' dir='ltr'><strong>conspiciendum</strong></span> 
     </span>
    </p>
   </div>
   <div class='ocr_carea' id='block_1_13' title="bbox 497 1171 1363 1243">
    <p class='ocr_par' dir='ltr' id='par_1_13' title="bbox 497 1171 1363 1243">
     <span class='ocr_line' id='line_1_13' title="bbox 497 1171 1363 1243; baseline -0.003 -17"><span class='ocrx_word' id='word_1_70' title='bbox 497 1171 840 1243; x_wconf 63' lang='lat' dir='ltr'><strong>prmbuisset.</strong></span> <span class='ocrx_word' id='word_1_71' title='bbox 1362 1186 1363 1189; x_wconf 42' lang='grc' dir='ltr'><strong>η</strong></span> 
     </span>
    </p>
   </div>
   <div class='ocr_carea' id='block_1_14' title="bbox 573 1364 2067 1431">
    <p class='ocr_par' dir='ltr' id='par_1_14' title="bbox 573 1364 2067 1431">
     <span class='ocr_line' id='line_1_14' title="bbox 573 1364 2067 1431; baseline -0.003 -8"><span class='ocrx_word' id='word_1_72' title='bbox 573 1369 733 1425; x_wconf 75' lang='lat' dir='ltr'><strong>Vens.</strong></span> <span class='ocrx_word' id='word_1_73' title='bbox 788 1369 861 1431; x_wconf 91' lang='lat'><strong>9,</strong></span> <span class='ocrx_word' id='word_1_74' title='bbox 908 1367 998 1423; x_wconf 76' lang='lat'><strong>10.</strong></span> <span class='ocrx_word' id='word_1_75' title='bbox 1049 1385 1068 1418; x_wconf 77' lang='grc' dir='ltr'><strong>ι</strong></span> <span class='ocrx_word' id='word_1_76' title='bbox 1108 1365 1337 1421; x_wconf 89' lang='lat' dir='ltr'><strong>Domine</strong></span> <span class='ocrx_word' id='word_1_77' title='bbox 1387 1364 1533 1421; x_wconf 90' lang='lat' dir='ltr'><strong>Deus</strong></span> <span class='ocrx_word' id='word_1_78' title='bbox 1565 1364 2067 1430; x_wconf 78' lang='lat' dir='ltr'><strong>virtutum,exaudi</strong></span> 
     </span>
    </p>
   </div>
   <div class='ocr_carea' id='block_1_15' title="bbox 495 1455 2066 1528">
    <p class='ocr_par' dir='ltr' id='par_1_15' title="bbox 495 1455 2066 1528">
     <span class='ocr_line' id='line_1_15' title="bbox 495 1455 2066 1528; baseline -0.005 -10"><span class='ocrx_word' id='word_1_79' title='bbox 495 1464 802 1518; x_wconf 87' lang='lat' dir='ltr'><strong>orationem</strong></span> <span class='ocrx_word' id='word_1_80' title='bbox 857 1474 1031 1514; x_wconf 85' lang='lat' dir='ltr'><strong>meam</strong></span> <span class='ocrx_word' id='word_1_81' title='bbox 1061 1500 1076 1524; x_wconf 95' lang='lat'><strong>,</strong></span> <span class='ocrx_word' id='word_1_82' title='bbox 1128 1460 1355 1513; x_wconf 84' lang='lat' dir='ltr'><strong>auribus</strong></span> <span class='ocrx_word' id='word_1_83' title='bbox 1398 1458 1636 1528; x_wconf 87' lang='lat' dir='ltr'><strong>percipe,</strong></span> <span class='ocrx_word' id='word_1_84' title='bbox 1669 1456 1813 1513; x_wconf 89' lang='lat' dir='ltr'><strong>Deus</strong></span> <span class='ocrx_word' id='word_1_85' title='bbox 1858 1455 2066 1511; x_wconf 80' lang='lat' dir='ltr'><strong>Jacobi.</strong></span> 
     </span>
    </p>
   </div>
   <div class='ocr_carea' id='block_1_16' title="bbox 500 1548 2070 1620">
    <p class='ocr_par' dir='ltr' id='par_1_16' title="bbox 500 1548 2070 1620">
     <span class='ocr_line' id='line_1_16' title="bbox 500 1548 2070 1620; baseline -0.004 -12"><span class='ocrx_word' id='word_1_86' title='bbox 500 1554 782 1609; x_wconf 80' lang='lat' dir='ltr'><strong>Protector</strong></span> <span class='ocrx_word' id='word_1_87' title='bbox 816 1562 1021 1616; x_wconf 82' lang='lat' dir='ltr'><strong>noster,</strong></span> <span class='ocrx_word' id='word_1_88' title='bbox 1071 1550 1276 1620; x_wconf 87' lang='lat' dir='ltr'><strong>aspice,</strong></span> <span class='ocrx_word' id='word_1_89' title='bbox 1329 1565 1361 1605; x_wconf 92' lang='grc' dir='ltr'><strong>ο</strong></span> <span class='ocrx_word' id='word_1_90' title='bbox 1392 1548 1556 1616; x_wconf 86' lang='lat' dir='ltr'><strong>Deus,</strong></span> <span class='ocrx_word' id='word_1_91' title='bbox 1587 1559 1641 1604; x_wconf 93' lang='lat' dir='ltr'><strong>et</strong></span> <span class='ocrx_word' id='word_1_92' title='bbox 1669 1550 1876 1620; x_wconf 87' lang='lat' dir='ltr'><strong>respice</strong></span> <span class='ocrx_word' id='word_1_93' title='bbox 1906 1550 1961 1603; x_wconf 79' lang='lat' dir='ltr'><strong>in</strong></span> <span class='ocrx_word' id='word_1_94' title='bbox 1990 1548 2070 1602; x_wconf 79' lang='lat' dir='ltr'><strong>fa-</strong></span> 
     </span>
    </p>
   </div>
   <div class='ocr_carea' id='block_1_17' title="bbox 498 1644 2071 1713">
    <p class='ocr_par' dir='ltr' id='par_1_17' title="bbox 498 1644 2071 1713">
     <span class='ocr_line' id='line_1_17' title="bbox 498 1644 2071 1713; baseline -0.004 -11"><span class='ocrx_word' id='word_1_95' title='bbox 498 1649 637 1703; x_wconf 87' lang='lat' dir='ltr'><strong>ciem</strong></span> <span class='ocrx_word' id='word_1_96' title='bbox 682 1646 885 1701; x_wconf 86' lang='lat' dir='ltr'><strong>Christi</strong></span> <span class='ocrx_word' id='word_1_97' title='bbox 954 1645 1052 1698; x_wconf 89' lang='lat' dir='ltr'><strong>tui.</strong></span> <span class='ocrx_word' id='word_1_98' title='bbox 1088 1665 1107 1696; x_wconf 74' lang='grc' dir='ltr'><strong>ι</strong></span> <span class='ocrx_word' id='word_1_99' title='bbox 1144 1644 1269 1698; x_wconf 63' lang='lat' dir='ltr'><strong>Haec</strong></span> <span class='ocrx_word' id='word_1_100' title='bbox 1321 1644 1579 1713; x_wconf 85' lang='lat' dir='ltr'><strong>propheta</strong></span> <span class='ocrx_word' id='word_1_101' title='bbox 1623 1644 1977 1713; x_wconf 86' lang='lat' dir='ltr'><strong>deprecatur,</strong></span> <span class='ocrx_word' id='word_1_102' title='bbox 2039 1656 2071 1695; x_wconf 91' lang='lat' dir='ltr'><strong>e</strong></span> 
     </span>
    </p>
   </div>
   <div class='ocr_carea' id='block_1_18' title="bbox 501 1737 2069 1812">
    <p class='ocr_par' dir='ltr' id='par_1_18' title="bbox 501 1737 2069 1812">
     <span class='ocr_line' id='line_1_18' title="bbox 501 1737 2069 1812; baseline -0.001 -17"><span class='ocrx_word' id='word_1_103' title='bbox 501 1743 795 1812; x_wconf 80' lang='lat' dir='ltr'><strong>longinquo</strong></span> <span class='ocrx_word' id='word_1_104' title='bbox 822 1741 1103 1794; x_wconf 86' lang='lat' dir='ltr'><strong>hominum</strong></span> <span class='ocrx_word' id='word_1_105' title='bbox 1139 1738 1369 1793; x_wconf 78' lang='lat' dir='ltr'><strong>salutem</strong></span> <span class='ocrx_word' id='word_1_106' title='bbox 1421 1738 1753 1808; x_wconf 86' lang='lat' dir='ltr'><strong>prospiciens</strong></span> <span class='ocrx_word' id='word_1_107' title='bbox 1775 1779 1790 1803; x_wconf 93' lang='lat'><strong>,</strong></span> <span class='ocrx_word' id='word_1_108' title='bbox 1827 1748 1881 1792; x_wconf 79' lang='lat' dir='ltr'><strong>et</strong></span> <span class='ocrx_word' id='word_1_109' title='bbox 1913 1737 2069 1793; x_wconf 87' lang='lat' dir='ltr'><strong>obse-</strong></span> 
     </span>
    </p>
   </div>
   <div class='ocr_carea' id='block_1_19' title="bbox 2166 520 3710 597">
    <p class='ocr_par' dir='ltr' id='par_1_19' title="bbox 2166 520 3710 597">
     <span class='ocr_line' id='line_1_19' title="bbox 2166 520 3710 597; baseline 0.002 -22"><span class='ocrx_word' id='word_1_110' title='bbox 2166 523 2476 589; x_wconf 85' lang='grc' dir='ltr'>ἀνάγνωσιν</span> <span class='ocrx_word' id='word_1_111' title='bbox 2502 536 2516 551; x_wconf 73' lang='grc' dir='ltr'><strong>ο</strong></span> <span class='ocrx_word' id='word_1_112' title='bbox 2552 521 2807 575; x_wconf 74' lang='grc' dir='ltr'>ἐντεῦθεν</span> <span class='ocrx_word' id='word_1_113' title='bbox 2859 522 2954 575; x_wconf 79' lang='grc' dir='ltr'><strong>ἐπὶ</strong></span> <span class='ocrx_word' id='word_1_114' title='bbox 2985 523 3097 575; x_wconf 84' lang='grc' dir='ltr'>τῶν</span> <span class='ocrx_word' id='word_1_115' title='bbox 3121 520 3561 593; x_wconf 76' lang='grc' dir='ltr'>ἀτελεστέρων³⁸</span> <span class='ocrx_word' id='word_1_116' title='bbox 3582 542 3710 597; x_wconf 74' lang='grc' dir='ltr'>παρ-</span> 
     </span>
    </p>
   </div>
   <div class='ocr_carea' id='block_1_20' title="bbox 2168 611 3713 689">
    <p class='ocr_par' dir='ltr' id='par_1_20' title="bbox 2168 611 3713 689">
     <span class='ocr_line' id='line_1_20' title="bbox 2168 611 3713 689; baseline 0.003 -25"><span class='ocrx_word' id='word_1_117' title='bbox 2168 611 2376 665; x_wconf 86' lang='grc' dir='ltr'>αίνεσίν</span> <span class='ocrx_word' id='word_1_118' title='bbox 2445 629 2507 664; x_wconf 89' lang='grc' dir='ltr'><strong>τε</strong></span> <span class='ocrx_word' id='word_1_119' title='bbox 2539 613 2637 666; x_wconf 79' lang='grc' dir='ltr'>καὶ</span> <span class='ocrx_word' id='word_1_120' title='bbox 2665 613 2996 689; x_wconf 81' lang='grc' dir='ltr'>συμϐουλὴν,</span> <span class='ocrx_word' id='word_1_121' title='bbox 3049 613 3145 666; x_wconf 75' lang='grc' dir='ltr'>καὶ</span> <span class='ocrx_word' id='word_1_122' title='bbox 3178 612 3287 665; x_wconf 80' lang='grc' dir='ltr'>ἀπὸ</span> <span class='ocrx_word' id='word_1_123' title='bbox 3327 612 3603 683; x_wconf 85' lang='grc' dir='ltr'>δυνάμεως</span> <span class='ocrx_word' id='word_1_124' title='bbox 3643 619 3713 680; x_wconf 80' lang='grc' dir='ltr'><strong>εἰς</strong></span> 
     </span>
    </p>
   </div>
   <div class='ocr_carea' id='block_1_21' title="bbox 2171 704 3713 778">
    <p class='ocr_par' dir='ltr' id='par_1_21' title="bbox 2171 704 3713 778">
     <span class='ocr_line' id='line_1_21' title="bbox 2171 704 3713 778; baseline 0.004 -21"><span class='ocrx_word' id='word_1_125' title='bbox 2171 704 2405 774; x_wconf 76' lang='grc' dir='ltr'>δύναμιν</span> <span class='ocrx_word' id='word_1_126' title='bbox 2464 705 2889 775; x_wconf 77' lang='grc' dir='ltr'>μεταϐαίνοντες</span> <span class='ocrx_word' id='word_1_127' title='bbox 2925 707 3050 761; x_wconf 85' lang='grc' dir='ltr'>καθ’</span> <span class='ocrx_word' id='word_1_128' title='bbox 3097 708 3344 777; x_wconf 85' lang='grc' dir='ltr'>ἑκάστην</span> <span class='ocrx_word' id='word_1_129' title='bbox 3386 707 3591 778; x_wconf 80' lang='grc' dir='ltr'><strong>ἡμέραν</strong></span> <span class='ocrx_word' id='word_1_130' title='bbox 3634 710 3713 763; x_wconf 78' lang='grc' dir='ltr'>τὸν</span> 
     </span>
    </p>
   </div>
   <div class='ocr_carea' id='block_1_22' title="bbox 2170 795 3715 869">
    <p class='ocr_par' dir='ltr' id='par_1_22' title="bbox 2170 795 3715 869">
     <span class='ocr_line' id='line_1_22' title="bbox 2170 795 3715 869; baseline 0.002 -20"><span class='ocrx_word' id='word_1_131' title='bbox 2170 798 2373 849; x_wconf 80' lang='grc' dir='ltr'>οἰκεῖον</span> <span class='ocrx_word' id='word_1_132' title='bbox 2393 795 2619 861; x_wconf 79' lang='grc' dir='ltr'>αῠξουσι</span> <span class='ocrx_word' id='word_1_133' title='bbox 2649 797 2903 853; x_wconf 80' lang='grc' dir='ltr'>πλοῦτον.</span> <span class='ocrx_word' id='word_1_134' title='bbox 2945 817 2964 850; x_wconf 77' lang='grc' dir='ltr'><strong>ι</strong></span> <span class='ocrx_word' id='word_1_135' title='bbox 3015 798 3352 869; x_wconf 81' lang='grc' dir='ltr'>Ὀφθήσεται</span> <span class='ocrx_word' id='word_1_136' title='bbox 3384 798 3414 848; x_wconf 86' lang='grc' dir='ltr'>ὁ</span> <span class='ocrx_word' id='word_1_137' title='bbox 3458 797 3587 861; x_wconf 83' lang='grc' dir='ltr'><strong>Θεὸς</strong></span> <span class='ocrx_word' id='word_1_138' title='bbox 3621 801 3715 852; x_wconf 80' lang='grc' dir='ltr'>τῶν</span> 
     </span>
    </p>
   </div>
   <div class='ocr_carea' id='block_1_23' title="bbox 2170 886 3717 962">
    <p class='ocr_par' dir='ltr' id='par_1_23' title="bbox 2170 886 3717 962">
     <span class='ocr_line' id='line_1_23' title="bbox 2170 886 3717 962; baseline 0.003 -21"><span class='ocrx_word' id='word_1_139' title='bbox 2170 888 2307 941; x_wconf 84' lang='grc' dir='ltr'>θεῶν</span> <span class='ocrx_word' id='word_1_140' title='bbox 2332 891 2387 941; x_wconf 83' lang='grc' dir='ltr'>ὲν</span> <span class='ocrx_word' id='word_1_141' title='bbox 2431 886 2591 941; x_wconf 89' lang='grc' dir='ltr'>Σιών.</span> <span class='ocrx_word' id='word_1_142' title='bbox 2637 908 2656 940; x_wconf 72' lang='grc' dir='ltr'><strong>ι</strong></span> <span class='ocrx_word' id='word_1_143' title='bbox 2698 888 2913 959; x_wconf 83' lang='grc' dir='ltr'><strong>Ταύτην</strong></span> <span class='ocrx_word' id='word_1_144' title='bbox 2940 890 3021 952; x_wconf 85' lang='grc' dir='ltr'>δὲ,</span> <span class='ocrx_word' id='word_1_145' title='bbox 3057 890 3213 959; x_wconf 75' lang='grc' dir='ltr'>φησὶ,</span> <span class='ocrx_word' id='word_1_146' title='bbox 3236 889 3352 941; x_wconf 82' lang='grc' dir='ltr'><strong>τῶν</strong></span> <span class='ocrx_word' id='word_1_147' title='bbox 3398 889 3717 962; x_wconf 72' lang='grc' dir='ltr'><strong>πραγμάτων</strong></span> 
     </span>
    </p>
   </div>
   <div class='ocr_carea' id='block_1_24' title="bbox 2169 981 3717 1053">
    <p class='ocr_par' dir='ltr' id='par_1_24' title="bbox 2169 981 3717 1053">
     <span class='ocr_line' id='line_1_24' title="bbox 2169 981 3717 1053; baseline 0.001 -19"><span class='ocrx_word' id='word_1_148' title='bbox 2169 981 2470 1052; x_wconf 83' lang='grc' dir='ltr'>εἰργάσατο</span> <span class='ocrx_word' id='word_1_149' title='bbox 2497 983 2597 1052; x_wconf 88' lang='grc' dir='ltr'>τὴν</span> <span class='ocrx_word' id='word_1_150' title='bbox 2648 981 2957 1053; x_wconf 80' lang='grc' dir='ltr'>μεταϐολὴν</span> <span class='ocrx_word' id='word_1_151' title='bbox 2984 982 3424 1053; x_wconf 80' lang='grc' dir='ltr'>ὲνανθρωπήσας</span> <span class='ocrx_word' id='word_1_152' title='bbox 3455 983 3499 1013; x_wconf 73' lang='grc'><strong>⁸⁵</strong></span> <span class='ocrx_word' id='word_1_153' title='bbox 3549 984 3577 1033; x_wconf 83' lang='grc' dir='ltr'><strong>δ</strong></span> <span class='ocrx_word' id='word_1_154' title='bbox 3602 983 3717 1047; x_wconf 81' lang='grc' dir='ltr'>Θεὸς</span> 
     </span>
    </p>
   </div>
   <div class='ocr_carea' id='block_1_25' title="bbox 2168 1071 3717 1144">
    <p class='ocr_par' dir='ltr' id='par_1_25' title="bbox 2168 1071 3717 1144">
     <span class='ocr_line' id='line_1_25' title="bbox 2168 1071 3717 1144; baseline 0 -18"><span class='ocrx_word' id='word_1_155' title='bbox 2168 1073 2364 1140; x_wconf 87' lang='grc' dir='ltr'>Λόγος,</span> <span class='ocrx_word' id='word_1_156' title='bbox 2396 1073 2489 1125; x_wconf 82' lang='grc' dir='ltr'>καὶ</span> <span class='ocrx_word' id='word_1_157' title='bbox 2527 1072 2617 1126; x_wconf 80' lang='grc' dir='ltr'><strong>διὰ</strong></span> <span class='ocrx_word' id='word_1_158' title='bbox 2671 1072 2875 1144; x_wconf 85' lang='grc' dir='ltr'>σαρκὸς</span> <span class='ocrx_word' id='word_1_159' title='bbox 2923 1075 3034 1136; x_wconf 88' lang='grc' dir='ltr'>τοῖς</span> <span class='ocrx_word' id='word_1_160' title='bbox 3072 1071 3385 1142; x_wconf 83' lang='grc' dir='ltr'>ἀνθρώποις</span> <span class='ocrx_word' id='word_1_161' title='bbox 3435 1074 3717 1141; x_wconf 77' lang='grc' dir='ltr'>ἐπιφανεὶς,</span> 
     </span>
    </p>
   </div>
   <div class='ocr_carea' id='block_1_26' title="bbox 2169 1161 3717 1235">
    <p class='ocr_par' dir='ltr' id='par_1_26' title="bbox 2169 1161 3717 1235">
     <span class='ocr_line' id='line_1_26' title="bbox 2169 1161 3717 1235; baseline 0.002 -20"><span class='ocrx_word' id='word_1_162' title='bbox 2169 1162 2266 1215; x_wconf 72' lang='grc' dir='ltr'><strong>καί⁵</strong></span> <span class='ocrx_word' id='word_1_163' title='bbox 2293 1162 2511 1234; x_wconf 80' lang='grc' dir='ltr'>πρῶτον</span> <span class='ocrx_word' id='word_1_164' title='bbox 2560 1164 2622 1216; x_wconf 80' lang='grc' dir='ltr'>ἐν</span> <span class='ocrx_word' id='word_1_165' title='bbox 2668 1166 2736 1234; x_wconf 76' lang='grc' dir='ltr'><strong>τῇ</strong></span> <span class='ocrx_word' id='word_1_166' title='bbox 2786 1161 2926 1217; x_wconf 86' lang='grc' dir='ltr'>Σιὼν</span> <span class='ocrx_word' id='word_1_167' title='bbox 2966 1163 3068 1234; x_wconf 86' lang='grc' dir='ltr'>τὴν</span> <span class='ocrx_word' id='word_1_168' title='bbox 3111 1165 3322 1217; x_wconf 79' lang='grc' dir='ltr'>οἰκείαν</span> <span class='ocrx_word' id='word_1_169' title='bbox 3373 1164 3717 1235; x_wconf 78' lang='grc' dir='ltr'><strong>ποιησάμενος</strong></span> 
     </span>
    </p>
   </div>
   <div class='ocr_carea' id='block_1_27' title="bbox 2170 1254 2521 1323">
    <p class='ocr_par' dir='ltr' id='par_1_27' title="bbox 2170 1254 2521 1323">
     <span class='ocr_line' id='line_1_27' title="bbox 2170 1254 2521 1323; baseline 0.003 -15"><span class='ocrx_word' id='word_1_170' title='bbox 2170 1254 2521 1323; x_wconf 72' lang='grc' dir='ltr'>ἐπιφάνειαν.</span> 
     </span>
    </p>
   </div>
   <div class='ocr_carea' id='block_1_28' title="bbox 2240 1364 3721 1440">
    <p class='ocr_par' dir='ltr' id='par_1_28' title="bbox 2240 1364 3721 1440">
     <span class='ocr_line' id='line_1_28' title="bbox 2240 1364 3721 1440; baseline 0.001 -19"><span class='ocrx_word' id='word_1_171' title='bbox 2240 1366 2308 1434; x_wconf 82' lang='grc' dir='ltr'>θ’,</span> <span class='ocrx_word' id='word_1_172' title='bbox 2341 1364 2395 1421; x_wconf 84' lang='grc' dir='ltr'>ι’.</span> <span class='ocrx_word' id='word_1_173' title='bbox 2431 1382 2450 1419; x_wconf 76' lang='grc' dir='ltr'><strong>ι</strong></span> <span class='ocrx_word' id='word_1_174' title='bbox 2492 1367 2667 1440; x_wconf 82' lang='grc' dir='ltr'>Κύριε</span> <span class='ocrx_word' id='word_1_175' title='bbox 2699 1371 2728 1421; x_wconf 84' lang='grc' dir='ltr'><strong>ὁ</strong></span> <span class='ocrx_word' id='word_1_176' title='bbox 2758 1366 2893 1431; x_wconf 85' lang='grc' dir='ltr'><strong>Θεὸς</strong></span> <span class='ocrx_word' id='word_1_177' title='bbox 2930 1366 3040 1420; x_wconf 83' lang='grc' dir='ltr'>τῶν</span> <span class='ocrx_word' id='word_1_178' title='bbox 3083 1366 3394 1436; x_wconf 87' lang='grc' dir='ltr'>δυνάμεων,</span> <span class='ocrx_word' id='word_1_179' title='bbox 3423 1366 3721 1423; x_wconf 76' lang='grc' dir='ltr'><strong>εἰσάκουσον</strong></span> 
     </span>
    </p>
   </div>
   <div class='ocr_carea' id='block_1_29' title="bbox 2170 1458 3719 1532">
    <p class='ocr_par' dir='ltr' id='par_1_29' title="bbox 2170 1458 3719 1532">
     <span class='ocr_line' id='line_1_29' title="bbox 2170 1458 3719 1532; baseline 0.001 -19"><span class='ocrx_word' id='word_1_180' title='bbox 2170 1463 2269 1532; x_wconf 83' lang='grc' dir='ltr'>τῆς</span> <span class='ocrx_word' id='word_1_181' title='bbox 2325 1461 2643 1532; x_wconf 80' lang='grc' dir='ltr'>προσευχῆς</span> <span class='ocrx_word' id='word_1_182' title='bbox 2702 1473 2842 1532; x_wconf 85' lang='grc' dir='ltr'>μου·</span> <span class='ocrx_word' id='word_1_183' title='bbox 2916 1458 3197 1524; x_wconf 71' lang='grc' dir='ltr'>ἑνώτισαι,</span> <span class='ocrx_word' id='word_1_184' title='bbox 3236 1460 3261 1511; x_wconf 70' lang='grc'><strong><em>5</em></strong></span> <span class='ocrx_word' id='word_1_185' title='bbox 3330 1459 3465 1523; x_wconf 86' lang='grc' dir='ltr'>Θεδς</span> <span class='ocrx_word' id='word_1_186' title='bbox 3526 1461 3719 1515; x_wconf 76' lang='grc' dir='ltr'>Ἰακώϐ.</span> 
     </span>
    </p>
   </div>
   <div class='ocr_carea' id='block_1_30' title="bbox 2184 1550 3721 1624">
    <p class='ocr_par' dir='ltr' id='par_1_30' title="bbox 2184 1550 3721 1624">
     <span class='ocr_line' id='line_1_30' title="bbox 2184 1550 3721 1624; baseline -0.001 -18"><span class='ocrx_word' id='word_1_187' title='bbox 2184 1551 2596 1624; x_wconf 81' lang='grc' dir='ltr'>Ὑπερασπιστά</span> <span class='ocrx_word' id='word_1_188' title='bbox 2624 1550 2942 1624; x_wconf 74' lang='grc' dir='ltr'>ήμῶν,ῐδε,δ</span> <span class='ocrx_word' id='word_1_189' title='bbox 2969 1552 3123 1617; x_wconf 75' lang='grc' dir='ltr'>Θεὸς,</span> <span class='ocrx_word' id='word_1_190' title='bbox 3155 1550 3249 1606; x_wconf 70' lang='grc' dir='ltr'>καὶ</span> <span class='ocrx_word' id='word_1_191' title='bbox 3277 1552 3569 1623; x_wconf 78' lang='grc' dir='ltr'>ὲπίσλεψον</span> <span class='ocrx_word' id='word_1_192' title='bbox 3593 1556 3664 1618; x_wconf 87' lang='grc' dir='ltr'><strong>εἰς</strong></span> <span class='ocrx_word' id='word_1_193' title='bbox 3683 1556 3721 1587; x_wconf 77' lang='grc'><strong>³⁸</strong></span> 
     </span>
    </p>
   </div>
   <div class='ocr_carea' id='block_1_31' title="bbox 2172 1645 3723 1719">
    <p class='ocr_par' dir='ltr' id='par_1_31' title="bbox 2172 1645 3723 1719">
     <span class='ocr_line' id='line_1_31' title="bbox 2172 1645 3723 1719; baseline -0.001 -19"><span class='ocrx_word' id='word_1_194' title='bbox 2172 1646 2554 1715; x_wconf 66' lang='grc' dir='ltr'>ὼπρὸσωπον</span> <span class='ocrx_word' id='word_1_195' title='bbox 2590 1645 2686 1699; x_wconf 81' lang='grc' dir='ltr'>τοῦ</span> <span class='ocrx_word' id='word_1_196' title='bbox 2716 1645 2959 1717; x_wconf 75' lang='grc' dir='ltr'>Χριστοῦ</span> <span class='ocrx_word' id='word_1_197' title='bbox 2998 1660 3113 1699; x_wconf 91' lang='grc' dir='ltr'>σου.</span> <span class='ocrx_word' id='word_1_198' title='bbox 3172 1665 3190 1698; x_wconf 73' lang='grc' dir='ltr'><strong>ι</strong></span> <span class='ocrx_word' id='word_1_199' title='bbox 3231 1645 3425 1700; x_wconf 82' lang='grc' dir='ltr'>Ταῦτα</span> <span class='ocrx_word' id='word_1_200' title='bbox 3464 1649 3493 1700; x_wconf 87' lang='grc' dir='ltr'>ὁ</span> <span class='ocrx_word' id='word_1_201' title='bbox 3533 1648 3723 1719; x_wconf 70' lang='grc' dir='ltr'>προφήσ</span> 
     </span>
    </p>
   </div>
   <div class='ocr_carea' id='block_1_32' title="bbox 2173 1736 3721 1810">
    <p class='ocr_par' dir='ltr' id='par_1_32' title="bbox 2173 1736 3721 1810">
     <span class='ocr_line' id='line_1_32' title="bbox 2173 1736 3721 1810; baseline 0.001 -18"><span class='ocrx_word' id='word_1_202' title='bbox 2173 1754 2272 1809; x_wconf 88' lang='grc' dir='ltr'><strong>της</strong></span> <span class='ocrx_word' id='word_1_203' title='bbox 2302 1737 2622 1807; x_wconf 78' lang='grc' dir='ltr'><strong>ἐπεύχεται,</strong></span> <span class='ocrx_word' id='word_1_204' title='bbox 2670 1738 2960 1810; x_wconf 79' lang='grc' dir='ltr'>πόρρωθεν</span> <span class='ocrx_word' id='word_1_205' title='bbox 2994 1737 3105 1792; x_wconf 83' lang='grc' dir='ltr'><strong>τῶν</strong></span> <span class='ocrx_word' id='word_1_206' title='bbox 3135 1736 3447 1809; x_wconf 82' lang='grc' dir='ltr'>ἀνθρώπων</span> <span class='ocrx_word' id='word_1_207' title='bbox 3493 1738 3584 1808; x_wconf 81' lang='grc' dir='ltr'>τὴν</span> <span class='ocrx_word' id='word_1_208' title='bbox 3632 1756 3721 1793; x_wconf 87' lang='grc' dir='ltr'>σω-</span> 
     </span>
    </p>
   </div>
   <div class='ocr_carea' id='block_1_33' title="bbox 497 1828 2070 1905">
    <p class='ocr_par' dir='ltr' id='par_1_33' title="bbox 497 1832 2070 1902">
     <span class='ocr_line' id='line_1_33' title="bbox 497 1832 2070 1902; baseline -0.003 -11"><span class='ocrx_word' id='word_1_209' title='bbox 497 1850 662 1891; x_wconf 90' lang='lat' dir='ltr'><strong>crans</strong></span> <span class='ocrx_word' id='word_1_210' title='bbox 697 1836 1077 1890; x_wconf 84' lang='lat' dir='ltr'><strong>universorum</strong></span> <span class='ocrx_word' id='word_1_211' title='bbox 1123 1834 1290 1889; x_wconf 92' lang='lat' dir='ltr'><strong>Deum</strong></span> <span class='ocrx_word' id='word_1_212' title='bbox 1319 1872 1335 1897; x_wconf 88' lang='lat'><strong>,</strong></span> <span class='ocrx_word' id='word_1_213' title='bbox 1376 1842 1434 1887; x_wconf 90' lang='lat' dir='ltr'><strong>ut</strong></span> <span class='ocrx_word' id='word_1_214' title='bbox 1465 1846 1654 1902; x_wconf 86' lang='lat' dir='ltr'><strong>preces</strong></span> <span class='ocrx_word' id='word_1_215' title='bbox 1685 1832 1967 1897; x_wconf 84' lang='lat' dir='ltr'><strong>admittat,</strong></span> <span class='ocrx_word' id='word_1_216' title='bbox 2016 1840 2070 1886; x_wconf 90' lang='lat' dir='ltr'><strong>et</strong></span> 
     </span>
    </p>
   </div>
   <div class='ocr_carea' id='block_1_34' title="bbox 2174 1828 3721 1905">
    <p class='ocr_par' dir='ltr' id='par_1_34' title="bbox 2174 1828 3721 1902">
     <span class='ocr_line' id='line_1_34' title="bbox 2174 1828 3721 1902; baseline 0.001 -19"><span class='ocrx_word' id='word_1_217' title='bbox 2174 1831 2372 1901; x_wconf 88' lang='grc' dir='ltr'>τηρίαν</span> <span class='ocrx_word' id='word_1_218' title='bbox 2406 1829 2554 1895; x_wconf 85' lang='grc' dir='ltr'>ἰδὼν,</span> <span class='ocrx_word' id='word_1_219' title='bbox 2584 1831 2677 1883; x_wconf 83' lang='grc' dir='ltr'>καὶ</span> <span class='ocrx_word' id='word_1_220' title='bbox 2706 1829 3005 1883; x_wconf 70' lang='grc' dir='ltr'>ἀντιϐολῶν</span> <span class='ocrx_word' id='word_1_221' title='bbox 3025 1830 3117 1883; x_wconf 80' lang='grc' dir='ltr'>τὸν</span> <span class='ocrx_word' id='word_1_222' title='bbox 3143 1830 3254 1882; x_wconf 86' lang='grc' dir='ltr'><strong>τῶν</strong></span> <span class='ocrx_word' id='word_1_223' title='bbox 3290 1828 3432 1883; x_wconf 79' lang='grc' dir='ltr'>ὅλων</span> <span class='ocrx_word' id='word_1_224' title='bbox 3459 1829 3603 1896; x_wconf 72' lang='grc' dir='ltr'>Θεὸν,</span> <span class='ocrx_word' id='word_1_225' title='bbox 3637 1832 3721 1902; x_wconf 81' lang='grc' dir='ltr'>τὴν</span> 
     </span>
    </p>
   </div>
   <div class='ocr_carea' id='block_1_35' title="bbox 500 1910 2070 1999">
    <p class='ocr_par' dir='ltr' id='par_1_35' title="bbox 500 1910 2070 1999">
     <span class='ocr_line' id='line_1_35' title="bbox 500 1910 2070 1999; baseline -0.003 -16"><span class='ocrx_word' id='word_1_226' title='bbox 500 1945 717 1999; x_wconf 86' lang='lat' dir='ltr'><strong>semper</strong></span> <span class='ocrx_word' id='word_1_227' title='bbox 748 1946 845 1985; x_wconf 88' lang='lat' dir='ltr'><strong>sua</strong></span> <span class='ocrx_word' id='word_1_228' title='bbox 875 1945 1008 1983; x_wconf 91' lang='lat' dir='ltr'><strong>cura</strong></span> <span class='ocrx_word' id='word_1_229' title='bbox 1058 1929 1318 1998; x_wconf 89' lang='lat' dir='ltr'><strong>populum</strong></span> <span class='ocrx_word' id='word_1_230' title='bbox 1359 1927 1610 1996; x_wconf 75' lang='lat' dir='ltr'><strong>dignetur</strong></span> <span class='ocrx_word' id='word_1_231' title='bbox 1638 1967 1651 1988; x_wconf 88' lang='lat'><strong>,</strong></span> <span class='ocrx_word' id='word_1_232' title='bbox 1698 1910 2070 1995; x_wconf 45' lang='lat' dir='ltr'><strong>qui&#39;salutem</strong></span> 
     </span>
    </p>
   </div>
   <div class='ocr_carea' id='block_1_36' title="bbox 501 2018 2070 2090">
    <p class='ocr_par' dir='ltr' id='par_1_36' title="bbox 501 2018 2070 2090">
     <span class='ocr_line' id='line_1_36' title="bbox 501 2018 2070 2090; baseline -0.002 -17"><span class='ocrx_word' id='word_1_233' title='bbox 501 2022 730 2090; x_wconf 90' lang='lat' dir='ltr'><strong>adeptus</strong></span> <span class='ocrx_word' id='word_1_234' title='bbox 773 2031 873 2075; x_wconf 89' lang='lat' dir='ltr'><strong>est.</strong></span> <span class='ocrx_word' id='word_1_235' title='bbox 907 2020 1062 2074; x_wconf 87' lang='lat' dir='ltr'><strong>llunc</strong></span> <span class='ocrx_word' id='word_1_236' title='bbox 1091 2021 1288 2090; x_wconf 86' lang='lat' dir='ltr'><strong>quippe</strong></span> <span class='ocrx_word' id='word_1_237' title='bbox 1319 2018 1519 2072; x_wconf 80' lang='lat' dir='ltr'><strong>Christi</strong></span> <span class='ocrx_word' id='word_1_238' title='bbox 1554 2018 1742 2086; x_wconf 80' lang='lat' dir='ltr'><strong>faciem</strong></span> <span class='ocrx_word' id='word_1_239' title='bbox 1786 2032 2070 2086; x_wconf 77' lang='lat' dir='ltr'><strong>nuncupa-</strong></span> 
     </span>
    </p>
   </div>
   <div class='ocr_carea' id='block_1_37' title="bbox 500 2108 2071 2178">
    <p class='ocr_par' dir='ltr' id='par_1_37' title="bbox 500 2108 2071 2178">
     <span class='ocr_line' id='line_1_37' title="bbox 500 2108 2071 2178; baseline -0.003 -13"><span class='ocrx_word' id='word_1_240' title='bbox 500 2112 600 2165; x_wconf 82' lang='lat' dir='ltr'><strong>vit.</strong></span> <span class='ocrx_word' id='word_1_241' title='bbox 632 2110 724 2166; x_wconf 90' lang='lat' dir='ltr'><strong>Sic</strong></span> <span class='ocrx_word' id='word_1_242' title='bbox 751 2112 897 2165; x_wconf 88' lang='lat' dir='ltr'><strong>enim</strong></span> <span class='ocrx_word' id='word_1_243' title='bbox 932 2111 1080 2164; x_wconf 87' lang='lat' dir='ltr'><strong>illum</strong></span> <span class='ocrx_word' id='word_1_244' title='bbox 1110 2119 1165 2163; x_wconf 90' lang='lat' dir='ltr'><strong>et</strong></span> <span class='ocrx_word' id='word_1_245' title='bbox 1209 2110 1426 2163; x_wconf 89' lang='lat' dir='ltr'><strong>divinus</strong></span> <span class='ocrx_word' id='word_1_246' title='bbox 1457 2109 1747 2178; x_wconf 86' lang='lat' dir='ltr'><strong>Apostolus</strong></span> <span class='ocrx_word' id='word_1_247' title='bbox 1780 2112 1799 2130; x_wconf 86' lang='lat'><strong><em>‘</em></strong></span> <span class='ocrx_word' id='word_1_248' title='bbox 1833 2108 2071 2178; x_wconf 89' lang='lat' dir='ltr'><strong>appella-</strong></span> 
     </span>
    </p>
   </div>
   <div class='ocr_carea' id='block_1_38' title="bbox 502 2202 2067 2273">
    <p class='ocr_par' dir='ltr' id='par_1_38' title="bbox 502 2202 2067 2273">
     <span class='ocr_line' id='line_1_38' title="bbox 502 2202 2067 2273; baseline -0.003 -12"><span class='ocrx_word' id='word_1_249' title='bbox 502 2216 579 2261; x_wconf 72' lang='lat' dir='ltr'><strong>vrt</strong></span> <span class='ocrx_word' id='word_1_250' title='bbox 611 2224 624 2259; x_wconf 88' lang='lat'><strong>:</strong></span> <span class='ocrx_word' id='word_1_251' title='bbox 672 2225 691 2258; x_wconf 79' lang='grc' dir='ltr'><strong>ι</strong></span> <span class='ocrx_word' id='word_1_252' title='bbox 721 2204 833 2261; x_wconf 83' lang='lat' dir='ltr'><strong>Vos</strong></span> <span class='ocrx_word' id='word_1_253' title='bbox 860 2207 1006 2260; x_wconf 92' lang='lat' dir='ltr'><strong>enim</strong></span> <span class='ocrx_word' id='word_1_254' title='bbox 1045 2204 1179 2259; x_wconf 86' lang='lat' dir='ltr'><strong>estis</strong></span> <span class='ocrx_word' id='word_1_255' title='bbox 1205 2218 1404 2273; x_wconf 87' lang='lat' dir='ltr'><strong>corpus</strong></span> <span class='ocrx_word' id='word_1_256' title='bbox 1442 2202 1685 2269; x_wconf 86' lang='lat' dir='ltr'><strong>Christi,</strong></span> <span class='ocrx_word' id='word_1_257' title='bbox 1726 2210 1781 2257; x_wconf 92' lang='lat' dir='ltr'><strong>et</strong></span> <span class='ocrx_word' id='word_1_258' title='bbox 1824 2203 2067 2257; x_wconf 87' lang='lat' dir='ltr'><strong>membra</strong></span> 
     </span>
    </p>
   </div>
   <div class='ocr_carea' id='block_1_39' title="bbox 499 2294 2070 2365">
    <p class='ocr_par' dir='ltr' id='par_1_39' title="bbox 499 2294 2070 2365">
     <span class='ocr_line' id='line_1_39' title="bbox 499 2294 2070 2365; baseline -0.003 -10"><span class='ocrx_word' id='word_1_259' title='bbox 499 2301 569 2355; x_wconf 91' lang='lat' dir='ltr'><strong>de</strong></span> <span class='ocrx_word' id='word_1_260' title='bbox 624 2298 863 2354; x_wconf 88' lang='lat' dir='ltr'><strong>membro</strong></span> <span class='ocrx_word' id='word_1_261' title='bbox 896 2298 941 2354; x_wconf 72' lang='grc' dir='ltr'><strong>ε.</strong></span> <span class='ocrx_word' id='word_1_262' title='bbox 976 2316 994 2349; x_wconf 75' lang='grc' dir='ltr'><strong>ι</strong></span> <span class='ocrx_word' id='word_1_263' title='bbox 1021 2296 1106 2359; x_wconf 76' lang='grc' dir='ltr'>,Ει</span> <span class='ocrx_word' id='word_1_264' title='bbox 1148 2312 1343 2352; x_wconf 88' lang='lat' dir='ltr'><strong>rursus</strong></span> <span class='ocrx_word' id='word_1_265' title='bbox 1377 2314 1390 2350; x_wconf 91' lang='lat'>:</span> <span class='ocrx_word' id='word_1_266' title='bbox 1437 2316 1455 2348; x_wconf 82' lang='grc' dir='ltr'><strong>ι</strong></span> <span class='ocrx_word' id='word_1_267' title='bbox 1485 2294 1599 2350; x_wconf 85' lang='lat' dir='ltr'><strong>Non</strong></span> <span class='ocrx_word' id='word_1_268' title='bbox 1653 2304 1829 2365; x_wconf 87' lang='lat' dir='ltr'><strong>potest</strong></span> <span class='ocrx_word' id='word_1_269' title='bbox 1877 2295 2070 2351; x_wconf 90' lang='lat' dir='ltr'><strong>oculus</strong></span> 
     </span>
    </p>
   </div>
   <div class='ocr_carea' id='block_1_40' title="bbox 500 2386 2071 2459">
    <p class='ocr_par' dir='ltr' id='par_1_40' title="bbox 500 2386 2071 2459">
     <span class='ocr_line' id='line_1_40' title="bbox 500 2386 2071 2459; baseline -0.003 -12"><span class='ocrx_word' id='word_1_270' title='bbox 500 2394 681 2448; x_wconf 88' lang='lat' dir='ltr'><strong>dicere</strong></span> <span class='ocrx_word' id='word_1_271' title='bbox 709 2390 929 2453; x_wconf 90' lang='lat' dir='ltr'><strong>manui,</strong></span> <span class='ocrx_word' id='word_1_272' title='bbox 971 2387 1148 2459; x_wconf 85' lang='lat' dir='ltr'><strong>Opera</strong></span> <span class='ocrx_word' id='word_1_273' title='bbox 1180 2399 1269 2443; x_wconf 90' lang='lat' dir='ltr'><strong>tua</strong></span> <span class='ocrx_word' id='word_1_274' title='bbox 1324 2403 1432 2441; x_wconf 89' lang='lat' dir='ltr'><strong>non</strong></span> <span class='ocrx_word' id='word_1_275' title='bbox 1491 2386 1748 2456; x_wconf 80' lang='lat' dir='ltr'><strong>indigeo:</strong></span> <span class='ocrx_word' id='word_1_276' title='bbox 1814 2395 1910 2442; x_wconf 91' lang='lat' dir='ltr'><strong>aut</strong></span> <span class='ocrx_word' id='word_1_277' title='bbox 1964 2388 2071 2443; x_wconf 91' lang='lat' dir='ltr'><strong>ite-</strong></span> 
     </span>
    </p>
   </div>
   <div class='ocr_carea' id='block_1_41' title="bbox 502 2474 2074 2550">
    <p class='ocr_par' dir='ltr' id='par_1_41' title="bbox 502 2474 2074 2550">
     <span class='ocr_line' id='line_1_41' title="bbox 502 2474 2074 2550; baseline -0.001 -16"><span class='ocrx_word' id='word_1_278' title='bbox 502 2496 623 2535; x_wconf 90' lang='lat' dir='ltr'><strong>rum</strong></span> <span class='ocrx_word' id='word_1_279' title='bbox 697 2487 861 2550; x_wconf 86' lang='lat' dir='ltr'><strong>caput</strong></span> <span class='ocrx_word' id='word_1_280' title='bbox 916 2476 1142 2547; x_wconf 87' lang='lat' dir='ltr'><strong>pedibus</strong></span> <span class='ocrx_word' id='word_1_281' title='bbox 1180 2519 1196 2543; x_wconf 96' lang='lat'><strong>,</strong></span> <span class='ocrx_word' id='word_1_282' title='bbox 1259 2474 1376 2531; x_wconf 87' lang='lat' dir='ltr'><strong>Non</strong></span> <span class='ocrx_word' id='word_1_283' title='bbox 1434 2475 1570 2530; x_wconf 90' lang='lat' dir='ltr'><strong>estis</strong></span> <span class='ocrx_word' id='word_1_284' title='bbox 1620 2474 1755 2529; x_wconf 88' lang='lat' dir='ltr'><strong>mihi</strong></span> <span class='ocrx_word' id='word_1_285' title='bbox 1819 2490 2074 2532; x_wconf 85' lang='lat' dir='ltr'><strong>necessa-</strong></span> 
     </span>
    </p>
   </div>
   <div class='ocr_carea' id='block_1_42' title="bbox 501 2568 702 2622">
    <p class='ocr_par' dir='ltr' id='par_1_42' title="bbox 501 2568 702 2622">
     <span class='ocr_line' id='line_1_42' title="bbox 501 2568 702 2622; baseline -0.02 0"><span class='ocrx_word' id='word_1_286' title='bbox 501 2568 566 2622; x_wconf 86' lang='lat' dir='ltr'><strong>rii</strong></span> <span class='ocrx_word' id='word_1_287' title='bbox 598 2572 649 2620; x_wconf 70' lang='grc'><strong>³³.</strong></span> <span class='ocrx_word' id='word_1_288' title='bbox 682 2585 702 2618; x_wconf 70' lang='grc' dir='ltr'><strong>ι</strong></span> 
     </span>
    </p>
   </div>
   <div class='ocr_carea' id='block_1_43' title="bbox 574 2699 2072 2769">
    <p class='ocr_par' dir='ltr' id='par_1_43' title="bbox 574 2699 2072 2769">
     <span class='ocr_line' id='line_1_43' title="bbox 574 2699 2072 2769; baseline -0.003 -12"><span class='ocrx_word' id='word_1_289' title='bbox 574 2704 741 2759; x_wconf 72' lang='lat' dir='ltr'><strong>Vens.</strong></span> <span class='ocrx_word' id='word_1_290' title='bbox 772 2705 857 2758; x_wconf 84' lang='lat' dir='ltr'><strong>ll.</strong></span> <span class='ocrx_word' id='word_1_291' title='bbox 907 2721 926 2754; x_wconf 79' lang='grc' dir='ltr'><strong>ι</strong></span> <span class='ocrx_word' id='word_1_292' title='bbox 955 2702 1222 2769; x_wconf 73' lang='lat' dir='ltr'><strong>Quoniam</strong></span> <span class='ocrx_word' id='word_1_293' title='bbox 1266 2701 1456 2755; x_wconf 91' lang='lat' dir='ltr'><strong>melior</strong></span> <span class='ocrx_word' id='word_1_294' title='bbox 1496 2709 1579 2756; x_wconf 85' lang='lat' dir='ltr'><strong>est</strong></span> <span class='ocrx_word' id='word_1_295' title='bbox 1618 2699 1737 2757; x_wconf 89' lang='lat' dir='ltr'><strong>dies</strong></span> <span class='ocrx_word' id='word_1_296' title='bbox 1777 2699 1972 2757; x_wconf 87' lang='lat' dir='ltr'><strong>unicus</strong></span> <span class='ocrx_word' id='word_1_297' title='bbox 2015 2700 2072 2754; x_wconf 91' lang='lat' dir='ltr'><strong>in</strong></span> 
     </span>
    </p>
   </div>
   <div class='ocr_carea' id='block_1_44' title="bbox 497 2790 2073 2864">
    <p class='ocr_par' dir='ltr' id='par_1_44' title="bbox 497 2790 2073 2864">
     <span class='ocr_line' id='line_1_44' title="bbox 497 2790 2073 2864; baseline -0.003 -14"><span class='ocrx_word' id='word_1_298' title='bbox 497 2797 657 2851; x_wconf 87' lang='lat' dir='ltr'><strong>atriis</strong></span> <span class='ocrx_word' id='word_1_299' title='bbox 686 2797 812 2861; x_wconf 89' lang='lat' dir='ltr'><strong>tuis,</strong></span> <span class='ocrx_word' id='word_1_300' title='bbox 843 2810 1009 2864; x_wconf 90' lang='lat' dir='ltr'><strong>super</strong></span> <span class='ocrx_word' id='word_1_301' title='bbox 1036 2793 1223 2848; x_wconf 85' lang='lat' dir='ltr'><strong>millia.</strong></span> <span class='ocrx_word' id='word_1_302' title='bbox 1252 2811 1269 2843; x_wconf 73' lang='grc' dir='ltr'><strong>ι</strong></span> <span class='ocrx_word' id='word_1_303' title='bbox 1295 2790 1426 2846; x_wconf 85' lang='lat' dir='ltr'><strong>Nam</strong></span> <span class='ocrx_word' id='word_1_304' title='bbox 1452 2791 1685 2863; x_wconf 91' lang='lat' dir='ltr'><strong>populus</strong></span> <span class='ocrx_word' id='word_1_305' title='bbox 1708 2801 1961 2861; x_wconf 90' lang='lat' dir='ltr'><strong>tuus,ope</strong></span> <span class='ocrx_word' id='word_1_306' title='bbox 1983 2798 2073 2845; x_wconf 89' lang='lat' dir='ltr'><strong>tua</strong></span> 
     </span>
    </p>
   </div>
   <div class='ocr_carea' id='block_1_45' title="bbox 503 2881 2072 2957">
    <p class='ocr_par' dir='ltr' id='par_1_45' title="bbox 503 2881 2072 2957">
     <span class='ocr_line' id='line_1_45' title="bbox 503 2881 2072 2957; baseline -0.004 -15"><span class='ocrx_word' id='word_1_307' title='bbox 503 2904 717 2957; x_wconf 78' lang='lat' dir='ltr'><strong>semper</strong></span> <span class='ocrx_word' id='word_1_308' title='bbox 739 2888 947 2951; x_wconf 83' lang='lat' dir='ltr'><strong>fruens,</strong></span> <span class='ocrx_word' id='word_1_309' title='bbox 972 2886 1173 2955; x_wconf 87' lang='lat' dir='ltr'><strong>templo</strong></span> <span class='ocrx_word' id='word_1_310' title='bbox 1201 2894 1293 2940; x_wconf 91' lang='lat' dir='ltr'><strong>tuo</strong></span> <span class='ocrx_word' id='word_1_311' title='bbox 1313 2885 1539 2947; x_wconf 87' lang='lat' dir='ltr'><strong>assidet,</strong></span> <span class='ocrx_word' id='word_1_312' title='bbox 1572 2884 1864 2938; x_wconf 89' lang='lat' dir='ltr'><strong>utilitatem</strong></span> <span class='ocrx_word' id='word_1_313' title='bbox 1896 2881 2072 2937; x_wconf 84' lang='lat' dir='ltr'><strong>maxi-</strong></span> 
     </span>
    </p>
   </div>
   <div class='ocr_carea' id='block_1_46' title="bbox 501 2974 2073 3049">
    <p class='ocr_par' dir='ltr' id='par_1_46' title="bbox 501 2974 2073 3049">
     <span class='ocr_line' id='line_1_46' title="bbox 501 2974 2073 3049; baseline -0.003 -16"><span class='ocrx_word' id='word_1_314' title='bbox 501 2995 649 3034; x_wconf 85' lang='lat' dir='ltr'><strong>mam</strong></span> <span class='ocrx_word' id='word_1_315' title='bbox 687 2979 815 3033; x_wconf 89' lang='lat' dir='ltr'><strong>hinc</strong></span> <span class='ocrx_word' id='word_1_316' title='bbox 846 2987 1149 3049; x_wconf 86' lang='lat' dir='ltr'><strong>reportans.</strong></span> <span class='ocrx_word' id='word_1_317' title='bbox 1191 2975 1325 3043; x_wconf 83' lang='lat' dir='ltr'><strong>Quae</strong></span> <span class='ocrx_word' id='word_1_318' title='bbox 1354 2976 1498 3032; x_wconf 89' lang='lat' dir='ltr'><strong>enim</strong></span> <span class='ocrx_word' id='word_1_319' title='bbox 1539 2977 1664 3046; x_wconf 92' lang='lat' dir='ltr'><strong>quis</strong></span> <span class='ocrx_word' id='word_1_320' title='bbox 1695 2992 1803 3031; x_wconf 89' lang='lat' dir='ltr'><strong>uno</strong></span> <span class='ocrx_word' id='word_1_321' title='bbox 1831 2976 1920 3032; x_wconf 90' lang='lat' dir='ltr'><strong>die</strong></span> <span class='ocrx_word' id='word_1_322' title='bbox 1946 2974 2073 3031; x_wconf 89' lang='lat' dir='ltr'><strong>hinc</strong></span> 
     </span>
    </p>
   </div>
   <div class='ocr_carea' id='block_1_47' title="bbox 504 3068 2067 3141">
    <p class='ocr_par' dir='ltr' id='par_1_47' title="bbox 504 3068 2067 3141">
     <span class='ocr_line' id='line_1_47' title="bbox 504 3068 2067 3141; baseline -0.002 -15"><span class='ocrx_word' id='word_1_323' title='bbox 504 3072 797 3141; x_wconf 88' lang='lat' dir='ltr'><strong>decerpere</strong></span> <span class='ocrx_word' id='word_1_324' title='bbox 843 3078 1059 3140; x_wconf 86' lang='lat' dir='ltr'><strong>potest,</strong></span> <span class='ocrx_word' id='word_1_325' title='bbox 1101 3070 1318 3124; x_wconf 89' lang='lat' dir='ltr'><strong>aliunde</strong></span> <span class='ocrx_word' id='word_1_326' title='bbox 1362 3083 1469 3123; x_wconf 89' lang='lat' dir='ltr'><strong>non</strong></span> <span class='ocrx_word' id='word_1_327' title='bbox 1507 3078 1653 3125; x_wconf 91' lang='lat' dir='ltr'><strong>esset</strong></span> <span class='ocrx_word' id='word_1_328' title='bbox 1702 3068 2067 3133; x_wconf 77' lang='lat' dir='ltr'><strong>col&#39;lecturus,</strong></span> 
     </span>
    </p>
   </div>
   <div class='ocr_carea' id='block_1_48' title="bbox 2176 1920 3721 1993">
    <p class='ocr_par' dir='ltr' id='par_1_48' title="bbox 2176 1920 3721 1993">
     <span class='ocr_line' id='line_1_48' title="bbox 2176 1920 3721 1993; baseline 0.001 -19"><span class='ocrx_word' id='word_1_329' title='bbox 2176 1922 2417 1975; x_wconf 81' lang='grc' dir='ltr'>ἱκετείαν</span> <span class='ocrx_word' id='word_1_330' title='bbox 2443 1920 2763 1989; x_wconf 74' lang='grc' dir='ltr'>δεξάμενον,</span> <span class='ocrx_word' id='word_1_331' title='bbox 2796 1921 2885 1975; x_wconf 78' lang='grc' dir='ltr'>ἀεὶ</span> <span class='ocrx_word' id='word_1_332' title='bbox 2918 1922 3020 1992; x_wconf 83' lang='grc' dir='ltr'>τῆς</span> <span class='ocrx_word' id='word_1_333' title='bbox 3046 1921 3255 1985; x_wconf 78' lang='grc' dir='ltr'>οἰκείας</span> <span class='ocrx_word' id='word_1_334' title='bbox 3282 1922 3607 1993; x_wconf 75' lang='grc' dir='ltr'>κηδεμονίας</span> <span class='ocrx_word' id='word_1_335' title='bbox 3645 1926 3721 1976; x_wconf 77' lang='grc' dir='ltr'><strong>τίιν</strong></span> 
     </span>
    </p>
   </div>
   <div class='ocr_carea' id='block_1_49' title="bbox 2175 2010 3720 2086">
    <p class='ocr_par' dir='ltr' id='par_1_49' title="bbox 2175 2010 3720 2086">
     <span class='ocr_line' id='line_1_49' title="bbox 2175 2010 3720 2086; baseline -0.001 -18"><span class='ocrx_word' id='word_1_336' title='bbox 2175 2015 2525 2085; x_wconf 82' lang='grc' dir='ltr'>σεσωσμένον</span> <span class='ocrx_word' id='word_1_337' title='bbox 2555 2013 2788 2078; x_wconf 79' lang='grc' dir='ltr'>ἀξιῶσαι</span> <span class='ocrx_word' id='word_1_338' title='bbox 2824 2014 2975 2068; x_wconf 85' lang='grc' dir='ltr'>λαόν.</span> <span class='ocrx_word' id='word_1_339' title='bbox 3007 2010 3211 2068; x_wconf 80' lang='grc' dir='ltr'>Τοῦτον</span> <span class='ocrx_word' id='word_1_340' title='bbox 3242 2015 3360 2086; x_wconf 83' lang='grc' dir='ltr'><strong>γὰρ</strong></span> <span class='ocrx_word' id='word_1_341' title='bbox 3387 2015 3720 2067; x_wconf 80' lang='grc' dir='ltr'>ὲπεκάλεσε³⁶</span> 
     </span>
    </p>
   </div>
   <div class='ocr_carea' id='block_1_50' title="bbox 2173 2101 3720 2179">
    <p class='ocr_par' dir='ltr' id='par_1_50' title="bbox 2173 2101 3720 2179">
     <span class='ocr_line' id='line_1_50' title="bbox 2173 2101 3720 2179; baseline -0.002 -16"><span class='ocrx_word' id='word_1_342' title='bbox 2173 2110 2507 2178; x_wconf 78' lang='grc' dir='ltr'>πρόσωπον</span> <span class='ocrx_word' id='word_1_343' title='bbox 2527 2107 2635 2162; x_wconf 85' lang='grc' dir='ltr'>τοῦ</span> <span class='ocrx_word' id='word_1_344' title='bbox 2656 2101 2918 2176; x_wconf 79' lang='grc' dir='ltr'>Χριστοῦ</span> <span class='ocrx_word' id='word_1_345' title='bbox 2940 2107 2983 2139; x_wconf 85' lang='grc'><strong>³⁷</strong></span> <span class='ocrx_word' id='word_1_346' title='bbox 3017 2121 3033 2137; x_wconf 89' lang='grc'>⁶</span> <span class='ocrx_word' id='word_1_347' title='bbox 3072 2108 3217 2161; x_wconf 79' lang='grc' dir='ltr'>οὕτω</span> <span class='ocrx_word' id='word_1_348' title='bbox 3246 2107 3361 2179; x_wconf 80' lang='grc' dir='ltr'>γὰρ</span> <span class='ocrx_word' id='word_1_349' title='bbox 3388 2108 3547 2160; x_wconf 76' lang='grc' dir='ltr'>αὑτὸν</span> <span class='ocrx_word' id='word_1_350' title='bbox 3579 2109 3664 2161; x_wconf 76' lang='grc' dir='ltr'>καὶ</span> <span class='ocrx_word' id='word_1_351' title='bbox 3696 2110 3720 2160; x_wconf 81' lang='grc' dir='ltr'><strong>ὁ</strong></span> 
     </span>
    </p>
   </div>
   <div class='ocr_carea' id='block_1_51' title="bbox 2172 2200 3720 2273">
    <p class='ocr_par' dir='ltr' id='par_1_51' title="bbox 2172 2200 3720 2273">
     <span class='ocr_line' id='line_1_51' title="bbox 2172 2200 3720 2273; baseline -0.002 -17"><span class='ocrx_word' id='word_1_352' title='bbox 2172 2202 2314 2266; x_wconf 88' lang='grc' dir='ltr'>θεῖος</span> <span class='ocrx_word' id='word_1_353' title='bbox 2335 2200 2660 2265; x_wconf 85' lang='grc' dir='ltr'>Ἀπόστολος</span> <span class='ocrx_word' id='word_1_354' title='bbox 2678 2200 3144 2271; x_wconf 83' lang='grc' dir='ltr'>προσηγόρευσεν.</span> <span class='ocrx_word' id='word_1_355' title='bbox 3174 2223 3194 2254; x_wconf 75' lang='grc' dir='ltr'><strong>ι</strong></span> <span class='ocrx_word' id='word_1_356' title='bbox 3217 2201 3413 2273; x_wconf 82' lang='grc' dir='ltr'>Ὑμεῖς</span> <span class='ocrx_word' id='word_1_357' title='bbox 3436 2200 3595 2272; x_wconf 83' lang='grc' dir='ltr'>γὰρ³⁸</span> <span class='ocrx_word' id='word_1_358' title='bbox 3617 2202 3720 2253; x_wconf 77' lang='grc' dir='ltr'>ἐστὲ</span> 
     </span>
    </p>
   </div>
   <div class='ocr_carea' id='block_1_52' title="bbox 2174 2290 3715 2367">
    <p class='ocr_par' dir='ltr' id='par_1_52' title="bbox 2174 2290 3715 2367">
     <span class='ocr_line' id='line_1_52' title="bbox 2174 2290 3715 2367; baseline -0.003 -18"><span class='ocrx_word' id='word_1_359' title='bbox 2174 2296 2335 2367; x_wconf 85' lang='grc' dir='ltr'>σῶμα</span> <span class='ocrx_word' id='word_1_360' title='bbox 2373 2294 2637 2367; x_wconf 82' lang='grc' dir='ltr'>Χριστοῦ,</span> <span class='ocrx_word' id='word_1_361' title='bbox 2667 2295 2760 2347; x_wconf 77' lang='grc' dir='ltr'>καὶ</span> <span class='ocrx_word' id='word_1_362' title='bbox 2796 2294 2933 2365; x_wconf 82' lang='grc' dir='ltr'>μέλη</span> <span class='ocrx_word' id='word_1_363' title='bbox 2959 2297 3024 2348; x_wconf 81' lang='grc' dir='ltr'>ὲκ</span> <span class='ocrx_word' id='word_1_364' title='bbox 3060 2295 3255 2365; x_wconf 81' lang='grc' dir='ltr'>μέλους</span> <span class='ocrx_word' id='word_1_365' title='bbox 3278 2295 3345 2349; x_wconf 78' lang='grc'><strong>³⁸.</strong></span> <span class='ocrx_word' id='word_1_366' title='bbox 3387 2290 3539 2347; x_wconf 73' lang='grc' dir='ltr'><strong>»Καὶ</strong></span> <span class='ocrx_word' id='word_1_367' title='bbox 3557 2294 3715 2359; x_wconf 72' lang='grc' dir='ltr'>πάλιν,</span> 
     </span>
    </p>
   </div>
   <div class='ocr_carea' id='block_1_53' title="bbox 2179 2385 3713 2458">
    <p class='ocr_par' dir='ltr' id='par_1_53' title="bbox 2179 2385 3713 2458">
     <span class='ocr_line' id='line_1_53' title="bbox 2179 2385 3713 2458; baseline -0.003 -17"><span class='ocrx_word' id='word_1_368' title='bbox 2179 2408 2198 2441; x_wconf 77' lang='grc' dir='ltr'><strong>ι</strong></span> <span class='ocrx_word' id='word_1_369' title='bbox 2235 2390 2311 2443; x_wconf 82' lang='grc' dir='ltr'><strong>Οὐ</strong></span> <span class='ocrx_word' id='word_1_370' title='bbox 2335 2388 2562 2443; x_wconf 86' lang='grc' dir='ltr'>δύναται</span> <span class='ocrx_word' id='word_1_371' title='bbox 2586 2387 2866 2457; x_wconf 78' lang='grc' dir='ltr'>ὀφθαλμὸς</span> <span class='ocrx_word' id='word_1_372' title='bbox 2909 2389 3083 2441; x_wconf 88' lang='grc' dir='ltr'>εἰπεῖν</span> <span class='ocrx_word' id='word_1_373' title='bbox 3116 2389 3183 2458; x_wconf 84' lang='grc' dir='ltr'>τῇ</span> <span class='ocrx_word' id='word_1_374' title='bbox 3216 2388 3388 2457; x_wconf 73' lang='grc' dir='ltr'>χειρὶ,</span> <span class='ocrx_word' id='word_1_375' title='bbox 3419 2385 3612 2457; x_wconf 79' lang='grc' dir='ltr'>Χρείαν</span> <span class='ocrx_word' id='word_1_376' title='bbox 3636 2401 3713 2437; x_wconf 85' lang='grc' dir='ltr'><strong>σου</strong></span> 
     </span>
    </p>
   </div>
   <div class='ocr_carea' id='block_1_54' title="bbox 2174 2475 3715 2551">
    <p class='ocr_par' dir='ltr' id='par_1_54' title="bbox 2174 2475 3715 2551">
     <span class='ocr_line' id='line_1_54' title="bbox 2174 2475 3715 2551; baseline -0.003 -17"><span class='ocrx_word' id='word_1_377' title='bbox 2174 2482 2275 2534; x_wconf 87' lang='grc' dir='ltr'><strong>ούκ</strong></span> <span class='ocrx_word' id='word_1_378' title='bbox 2314 2480 2446 2551; x_wconf 78' lang='grc' dir='ltr'>ἔχω·</span> <span class='ocrx_word' id='word_1_379' title='bbox 2470 2478 2506 2551; x_wconf 79' lang='grc' dir='ltr'><strong>ἢ</strong></span> <span class='ocrx_word' id='word_1_380' title='bbox 2540 2479 2705 2533; x_wconf 87' lang='grc' dir='ltr'>πάλιν</span> <span class='ocrx_word' id='word_1_381' title='bbox 2737 2481 2771 2550; x_wconf 77' lang='grc' dir='ltr'>ἡ</span> <span class='ocrx_word' id='word_1_382' title='bbox 2799 2478 3011 2550; x_wconf 81' lang='grc' dir='ltr'>κεφαλὴ</span> <span class='ocrx_word' id='word_1_383' title='bbox 3034 2480 3148 2542; x_wconf 87' lang='grc' dir='ltr'>τοῖς</span> <span class='ocrx_word' id='word_1_384' title='bbox 3178 2477 3335 2541; x_wconf 77' lang='grc' dir='ltr'>ποσὶ,</span> <span class='ocrx_word' id='word_1_385' title='bbox 3367 2475 3715 2548; x_wconf 81' lang='grc' dir='ltr'>Χρείαν</span> 
     </span>
    </p>
   </div>
   <div class='ocr_carea' id='block_1_55' title="bbox 2171 2570 2492 2639">
    <p class='ocr_par' dir='ltr' id='par_1_55' title="bbox 2171 2570 2492 2639">
     <span class='ocr_line' id='line_1_55' title="bbox 2171 2570 2492 2639; baseline -0.006 -16"><span class='ocrx_word' id='word_1_386' title='bbox 2171 2571 2271 2624; x_wconf 81' lang='grc' dir='ltr'>οὐκ</span> <span class='ocrx_word' id='word_1_387' title='bbox 2301 2570 2428 2639; x_wconf 74' lang='grc' dir='ltr'>ἔχω.</span> <span class='ocrx_word' id='word_1_388' title='bbox 2474 2588 2492 2620; x_wconf 76' lang='lat' dir='ltr'><strong>i</strong></span> 
     </span>
    </p>
   </div>
   <div class='ocr_carea' id='block_1_56' title="bbox 2171 2697 3713 2774">
    <p class='ocr_par' dir='ltr' id='par_1_56' title="bbox 2171 2697 3713 2774">
     <span class='ocr_line' id='line_1_56' title="bbox 2171 2697 3713 2774; baseline -0.001 -22"><span class='ocrx_word' id='word_1_389' title='bbox 2171 2705 2217 2761; x_wconf 54' lang='lat' dir='ltr'><strong>tt</strong></span> <span class='ocrx_word' id='word_1_390' title='bbox 2245 2702 2333 2757; x_wconf 82' lang='grc' dir='ltr'>ια’.</span> <span class='ocrx_word' id='word_1_391' title='bbox 2365 2720 2384 2754; x_wconf 82' lang='grc' dir='ltr'><strong>ι</strong></span> <span class='ocrx_word' id='word_1_392' title='bbox 2418 2703 2539 2756; x_wconf 87' lang='grc' dir='ltr'>’Ὁτι</span> <span class='ocrx_word' id='word_1_393' title='bbox 2570 2700 2843 2774; x_wconf 86' lang='grc' dir='ltr'>κρείσσων</span> <span class='ocrx_word' id='word_1_394' title='bbox 2871 2702 2905 2772; x_wconf 79' lang='grc' dir='ltr'><strong>ἡ</strong></span> <span class='ocrx_word' id='word_1_395' title='bbox 2929 2701 2974 2732; x_wconf 75' lang='grc'><strong>⁸⁰</strong></span> <span class='ocrx_word' id='word_1_396' title='bbox 3006 2701 3192 2771; x_wconf 80' lang='grc' dir='ltr'>ἡμέρα</span> <span class='ocrx_word' id='word_1_397' title='bbox 3242 2698 3344 2771; x_wconf 88' lang='grc' dir='ltr'><strong>μία</strong></span> <span class='ocrx_word' id='word_1_398' title='bbox 3399 2698 3456 2752; x_wconf 78' lang='grc' dir='ltr'>ἐν</span> <span class='ocrx_word' id='word_1_399' title='bbox 3487 2699 3599 2762; x_wconf 88' lang='grc' dir='ltr'>ταῖς</span> <span class='ocrx_word' id='word_1_400' title='bbox 3630 2697 3713 2751; x_wconf 79' lang='grc' dir='ltr'><strong>αὗ-</strong></span> 
     </span>
    </p>
   </div>
   <div class='ocr_carea' id='block_1_57' title="bbox 2171 2790 3715 2866">
    <p class='ocr_par' dir='ltr' id='par_1_57' title="bbox 2171 2790 3715 2866">
     <span class='ocr_line' id='line_1_57' title="bbox 2171 2790 3715 2866; baseline -0.002 -19"><span class='ocrx_word' id='word_1_401' title='bbox 2171 2793 2290 2858; x_wconf 85' lang='grc' dir='ltr'>λαῖς</span> <span class='ocrx_word' id='word_1_402' title='bbox 2322 2811 2441 2861; x_wconf 91' lang='grc' dir='ltr'>σου,</span> <span class='ocrx_word' id='word_1_403' title='bbox 2465 2795 2608 2866; x_wconf 78' lang='grc' dir='ltr'>ὑπὲρ</span> <span class='ocrx_word' id='word_1_404' title='bbox 2638 2794 2908 2865; x_wconf 83' lang='grc' dir='ltr'>χιλιάδας.</span> <span class='ocrx_word' id='word_1_405' title='bbox 2949 2811 2967 2845; x_wconf 75' lang='grc' dir='ltr'><strong>ι</strong></span> <span class='ocrx_word' id='word_1_406' title='bbox 3000 2793 3113 2864; x_wconf 84' lang='grc' dir='ltr'><strong>Τῆς</strong></span> <span class='ocrx_word' id='word_1_407' title='bbox 3143 2792 3242 2864; x_wconf 80' lang='grc' dir='ltr'>σῆς</span> <span class='ocrx_word' id='word_1_408' title='bbox 3276 2793 3388 2863; x_wconf 75' lang='grc' dir='ltr'>γὰρ</span> <span class='ocrx_word' id='word_1_409' title='bbox 3418 2790 3715 2861; x_wconf 78' lang='grc' dir='ltr'>κηδεμονίας</span> 
     </span>
    </p>
   </div>
   <div class='ocr_carea' id='block_1_58' title="bbox 2170 2883 3713 2957">
    <p class='ocr_par' dir='ltr' id='par_1_58' title="bbox 2170 2883 3713 2957">
     <span class='ocr_line' id='line_1_58' title="bbox 2170 2883 3713 2957; baseline -0.004 -15"><span class='ocrx_word' id='word_1_410' title='bbox 2170 2891 2199 2942; x_wconf 85' lang='grc' dir='ltr'>ὁ</span> <span class='ocrx_word' id='word_1_411' title='bbox 2225 2889 2316 2953; x_wconf 86' lang='grc' dir='ltr'>σὸς</span> <span class='ocrx_word' id='word_1_412' title='bbox 2344 2887 2474 2953; x_wconf 78' lang='grc' dir='ltr'>λαὸς</span> <span class='ocrx_word' id='word_1_413' title='bbox 2515 2889 2812 2942; x_wconf 84' lang='grc' dir='ltr'>ἀπολαύων</span> <span class='ocrx_word' id='word_1_414' title='bbox 2843 2888 2932 2941; x_wconf 77' lang='grc' dir='ltr'>ἀεὶ</span> <span class='ocrx_word' id='word_1_415' title='bbox 2958 2885 3037 2957; x_wconf 83' lang='grc' dir='ltr'>τῷ</span> <span class='ocrx_word' id='word_1_416' title='bbox 3067 2885 3143 2956; x_wconf 85' lang='grc' dir='ltr'>σῷ</span> <span class='ocrx_word' id='word_1_417' title='bbox 3199 2884 3555 2956; x_wconf 85' lang='grc' dir='ltr'>προσεδρεύει</span> <span class='ocrx_word' id='word_1_418' title='bbox 3582 2883 3679 2954; x_wconf 75' lang='grc' dir='ltr'>ναῷ</span> <span class='ocrx_word' id='word_1_419' title='bbox 3698 2901 3713 2917; x_wconf 78' lang='grc' dir='ltr'><strong><em>ο</em></strong></span> 
     </span>
    </p>
   </div>
   <div class='ocr_carea' id='block_1_59' title="bbox 2173 2976 3712 3053">
    <p class='ocr_par' dir='ltr' id='par_1_59' title="bbox 2173 2976 3712 3053">
     <span class='ocr_line' id='line_1_59' title="bbox 2173 2976 3712 3053; baseline -0.003 -20"><span class='ocrx_word' id='word_1_420' title='bbox 2173 2981 2378 3053; x_wconf 83' lang='grc' dir='ltr'>πολλὴν</span> <span class='ocrx_word' id='word_1_421' title='bbox 2417 2981 2669 3035; x_wconf 78' lang='grc' dir='ltr'>ἐντεῦθεν</span> <span class='ocrx_word' id='word_1_422' title='bbox 2719 2981 2819 3052; x_wconf 79' lang='grc' dir='ltr'>τὴν</span> <span class='ocrx_word' id='word_1_423' title='bbox 2880 2979 3148 3048; x_wconf 84' lang='grc' dir='ltr'>ὠφέλειαν</span> <span class='ocrx_word' id='word_1_424' title='bbox 3206 2977 3605 3049; x_wconf 80' lang='grc' dir='ltr'>καρπούμενος.</span> <span class='ocrx_word' id='word_1_425' title='bbox 3660 2976 3712 3029; x_wconf 75' lang='grc' dir='ltr'><strong>Ἀ</strong></span> 
     </span>
    </p>
   </div>
   <div class='ocr_carea' id='block_1_60' title="bbox 2174 3070 3713 3147">
    <p class='ocr_par' dir='ltr' id='par_1_60' title="bbox 2174 3070 3713 3147">
     <span class='ocr_line' id='line_1_60' title="bbox 2174 3070 3713 3147; baseline -0.003 -19"><span class='ocrx_word' id='word_1_426' title='bbox 2174 3077 2287 3146; x_wconf 81' lang='grc' dir='ltr'><strong>γάρ</strong></span> <span class='ocrx_word' id='word_1_427' title='bbox 2322 3077 2379 3127; x_wconf 82' lang='grc' dir='ltr'>ἐν</span> <span class='ocrx_word' id='word_1_428' title='bbox 2428 3076 2527 3147; x_wconf 82' lang='grc' dir='ltr'><strong>μιᾷ</strong></span> <span class='ocrx_word' id='word_1_429' title='bbox 2548 3093 2632 3138; x_wconf 90' lang='grc' dir='ltr'><strong>τις</strong></span> <span class='ocrx_word' id='word_1_430' title='bbox 2660 3074 2701 3106; x_wconf 73' lang='grc'><strong>⁸¹</strong></span> <span class='ocrx_word' id='word_1_431' title='bbox 2735 3073 2924 3145; x_wconf 82' lang='grc' dir='ltr'>ἡμέρᾳ</span> <span class='ocrx_word' id='word_1_432' title='bbox 2973 3072 3232 3144; x_wconf 50' lang='lat' dir='ltr'><strong>optatam</strong></span> <span class='ocrx_word' id='word_1_433' title='bbox 3266 3070 3537 3136; x_wconf 79' lang='grc' dir='ltr'>ἐντεῦθεν,</span> <span class='ocrx_word' id='word_1_434' title='bbox 3569 3072 3656 3125; x_wconf 74' lang='grc' dir='ltr'>οὐκ</span> <span class='ocrx_word' id='word_1_435' title='bbox 3677 3071 3713 3102; x_wconf 76' lang='grc'><strong>’⁸³</strong></span> 
     </span>
    </p>
   </div>
   <div class='ocr_carea' id='block_1_61' title="bbox 504 3157 2070 3239">
    <p class='ocr_par' dir='ltr' id='par_1_61' title="bbox 504 3157 2070 3229">
     <span class='ocr_line' id='line_1_61' title="bbox 504 3157 2070 3229; baseline -0.003 -11"><span class='ocrx_word' id='word_1_436' title='bbox 504 3164 632 3218; x_wconf 89' lang='lat' dir='ltr'><strong>licet</strong></span> <span class='ocrx_word' id='word_1_437' title='bbox 676 3163 845 3216; x_wconf 89' lang='lat' dir='ltr'><strong>multa</strong></span> <span class='ocrx_word' id='word_1_438' title='bbox 889 3162 1058 3215; x_wconf 81' lang='lat' dir='ltr'><strong>millia</strong></span> <span class='ocrx_word' id='word_1_439' title='bbox 1086 3161 1294 3215; x_wconf 91' lang='lat' dir='ltr'><strong>dierum</strong></span> <span class='ocrx_word' id='word_1_440' title='bbox 1342 3167 1665 3215; x_wconf 85' lang='lat' dir='ltr'><strong>contereret.</strong></span> <span class='ocrx_word' id='word_1_441' title='bbox 1707 3160 1914 3229; x_wconf 74' lang='lat'><strong>1201</strong></span> <span class='ocrx_word' id='word_1_442' title='bbox 1946 3157 2070 3215; x_wconf 80' lang='lat' dir='ltr'><strong>Haec</strong></span> 
     </span>
    </p>
   </div>
   <div class='ocr_carea' id='block_1_62' title="bbox 2174 3157 3713 3239">
    <p class='ocr_par' dir='ltr' id='par_1_62' title="bbox 2175 3162 3713 3239">
     <span class='ocr_line' id='line_1_62' title="bbox 2175 3162 3713 3239; baseline -0.004 -19"><span class='ocrx_word' id='word_1_443' title='bbox 2175 3168 2242 3220; x_wconf 85' lang='grc' dir='ltr'>ἂν</span> <span class='ocrx_word' id='word_1_444' title='bbox 2290 3167 2559 3239; x_wconf 80' lang='grc' dir='ltr'>ἑτέρωθεν</span> <span class='ocrx_word' id='word_1_445' title='bbox 2595 3168 2897 3237; x_wconf 77' lang='grc' dir='ltr'>συναγάγοι</span> <span class='ocrx_word' id='word_1_446' title='bbox 2950 3166 3153 3230; x_wconf 87' lang='grc' dir='ltr'>πολλὰς</span> <span class='ocrx_word' id='word_1_447' title='bbox 3202 3165 3493 3227; x_wconf 85' lang='grc' dir='ltr'>ἀναλώσας</span> <span class='ocrx_word' id='word_1_448' title='bbox 3523 3162 3713 3236; x_wconf 78' lang='grc' dir='ltr'>ἡμερῶν</span> 
     </span>
    </p>
   </div>
   <div class='ocr_carea' id='block_1_63' title="bbox 505 3248 2070 3329">
    <p class='ocr_par' dir='ltr' id='par_1_63' title="bbox 505 3248 2070 3320">
     <span class='ocr_line' id='line_1_63' title="bbox 505 3248 2070 3320; baseline 0.002 -19"><span class='ocrx_word' id='word_1_449' title='bbox 505 3264 671 3319; x_wconf 86' lang='lat' dir='ltr'><strong>porro</strong></span> <span class='ocrx_word' id='word_1_450' title='bbox 715 3249 896 3303; x_wconf 87' lang='lat' dir='ltr'><strong>dicere</strong></span> <span class='ocrx_word' id='word_1_451' title='bbox 931 3248 1287 3303; x_wconf 82' lang='lat' dir='ltr'><strong>conveniebat</strong></span> <span class='ocrx_word' id='word_1_452' title='bbox 1318 3249 1481 3303; x_wconf 88' lang='lat' dir='ltr'><strong>etiam</strong></span> <span class='ocrx_word' id='word_1_453' title='bbox 1512 3263 1640 3314; x_wconf 84' lang='lat' dir='ltr'><strong>eos,</strong></span> <span class='ocrx_word' id='word_1_454' title='bbox 1678 3250 1769 3319; x_wconf 89' lang='lat' dir='ltr'><strong>qui</strong></span> <span class='ocrx_word' id='word_1_455' title='bbox 1803 3249 2070 3320; x_wconf 86' lang='lat' dir='ltr'><strong>Babylone</strong></span> 
     </span>
    </p>
   </div>
   <div class='ocr_carea' id='block_1_64' title="bbox 2174 3248 3713 3329">
    <p class='ocr_par' dir='ltr' id='par_1_64' title="bbox 2174 3256 3713 3329">
     <span class='ocr_line' id='line_1_64' title="bbox 2174 3256 3713 3329; baseline -0.001 -21"><span class='ocrx_word' id='word_1_456' title='bbox 2174 3256 2440 3327; x_wconf 84' lang='grc' dir='ltr'>χιλιάδας.</span> <span class='ocrx_word' id='word_1_457' title='bbox 2515 3258 2704 3311; x_wconf 77' lang='grc' dir='ltr'>Ταῦτα</span> <span class='ocrx_word' id='word_1_458' title='bbox 2770 3259 2957 3329; x_wconf 79' lang='grc' dir='ltr'>μέντοι</span> <span class='ocrx_word' id='word_1_459' title='bbox 3023 3259 3120 3311; x_wconf 74' lang='grc' dir='ltr'>καὶ</span> <span class='ocrx_word' id='word_1_460' title='bbox 3183 3261 3303 3322; x_wconf 87' lang='grc' dir='ltr'>τοῖς</span> <span class='ocrx_word' id='word_1_461' title='bbox 3359 3260 3417 3311; x_wconf 83' lang='grc' dir='ltr'>ὲν</span> <span class='ocrx_word' id='word_1_462' title='bbox 3467 3256 3713 3310; x_wconf 71' lang='grc' dir='ltr'>Βαϐυλῶνι</span> 
     </span>
    </p>
   </div>
   <div class='ocr_carea' id='block_1_65' title="bbox 504 3339 2070 3422">
    <p class='ocr_par' dir='ltr' id='par_1_65' title="bbox 504 3339 2070 3411">
     <span class='ocr_line' id='line_1_65' title="bbox 504 3339 2070 3411; baseline 0 -15"><span class='ocrx_word' id='word_1_463' title='bbox 504 3339 707 3410; x_wconf 85' lang='lat' dir='ltr'><strong>captivi</strong></span> <span class='ocrx_word' id='word_1_464' title='bbox 743 3340 1161 3407; x_wconf 89' lang='lat' dir='ltr'><strong>detinebantur,</strong></span> <span class='ocrx_word' id='word_1_465' title='bbox 1211 3340 1304 3411; x_wconf 91' lang='lat' dir='ltr'><strong>qui</strong></span> <span class='ocrx_word' id='word_1_466' title='bbox 1356 3356 1482 3396; x_wconf 92' lang='lat' dir='ltr'><strong>cum</strong></span> <span class='ocrx_word' id='word_1_467' title='bbox 1532 3341 1712 3411; x_wconf 88' lang='lat' dir='ltr'><strong>impiis</strong></span> <span class='ocrx_word' id='word_1_468' title='bbox 1760 3342 2070 3397; x_wconf 90' lang='lat' dir='ltr'><strong>hominibus</strong></span> 
     </span>
    </p>
   </div>
   <div class='ocr_carea' id='block_1_66' title="bbox 2174 3339 3713 3422">
    <p class='ocr_par' dir='ltr' id='par_1_66' title="bbox 2174 3348 3713 3422">
     <span class='ocr_line' id='line_1_66' title="bbox 2174 3348 3713 3422; baseline 0 -21"><span class='ocrx_word' id='word_1_469' title='bbox 2174 3349 2534 3418; x_wconf 78' lang='grc' dir='ltr'>δορυαλώτοις</span> <span class='ocrx_word' id='word_1_470' title='bbox 2572 3350 2756 3418; x_wconf 80' lang='grc' dir='ltr'>λέγειν</span> <span class='ocrx_word' id='word_1_471' title='bbox 2786 3351 3082 3422; x_wconf 71' lang='grc' dir='ltr'>ἥρμοττεν,</span> <span class='ocrx_word' id='word_1_472' title='bbox 3137 3350 3368 3405; x_wconf 77' lang='grc' dir='ltr'>ἀσεϐέσι</span> <span class='ocrx_word' id='word_1_473' title='bbox 3413 3351 3509 3422; x_wconf 76' lang='grc' dir='ltr'>μὲν</span> <span class='ocrx_word' id='word_1_474' title='bbox 3537 3348 3713 3419; x_wconf 82' lang='grc' dir='ltr'>ἀνθρώ-</span> 
     </span>
    </p>
   </div>
   <div class='ocr_carea' id='block_1_67' title="bbox 507 3432 2075 3503">
    <p class='ocr_par' dir='ltr' id='par_1_67' title="bbox 507 3432 2075 3503">
     <span class='ocr_line' id='line_1_67' title="bbox 507 3432 2075 3503; baseline 0.001 -16"><span class='ocrx_word' id='word_1_475' title='bbox 507 3433 690 3488; x_wconf 90' lang='lat' dir='ltr'><strong>vivere</strong></span> <span class='ocrx_word' id='word_1_476' title='bbox 734 3433 1106 3503; x_wconf 82' lang='lat' dir='ltr'><strong>cogebantur,</strong></span> <span class='ocrx_word' id='word_1_477' title='bbox 1155 3440 1211 3487; x_wconf 91' lang='lat' dir='ltr'><strong>et</strong></span> <span class='ocrx_word' id='word_1_478' title='bbox 1264 3432 1399 3487; x_wconf 89' lang='lat' dir='ltr'><strong>nihil</strong></span> <span class='ocrx_word' id='word_1_479' title='bbox 1430 3433 1777 3488; x_wconf 89' lang='lat' dir='ltr'><strong>emolumenti</strong></span> <span class='ocrx_word' id='word_1_480' title='bbox 1822 3433 1946 3489; x_wconf 85' lang='lat' dir='ltr'><strong>inde</strong></span> <span class='ocrx_word' id='word_1_481' title='bbox 1989 3448 2075 3489; x_wconf 87' lang='lat' dir='ltr'><strong>re-</strong></span> 
     </span>
    </p>
   </div>
   <div class='ocr_carea' id='block_1_68' title="bbox 508 3522 2073 3594">
    <p class='ocr_par' dir='ltr' id='par_1_68' title="bbox 508 3522 2073 3594">
     <span class='ocr_line' id='line_1_68' title="bbox 508 3522 2073 3594; baseline 0.003 -19"><span class='ocrx_word' id='word_1_482' title='bbox 508 3523 823 3594; x_wconf 83' lang='lat' dir='ltr'><strong>portabant,</strong></span> <span class='ocrx_word' id='word_1_483' title='bbox 856 3522 950 3577; x_wconf 90' lang='lat' dir='ltr'><strong>sed</strong></span> <span class='ocrx_word' id='word_1_484' title='bbox 982 3526 1163 3577; x_wconf 88' lang='lat' dir='ltr'><strong>animo</strong></span> <span class='ocrx_word' id='word_1_485' title='bbox 1217 3524 1567 3579; x_wconf 83' lang='lat' dir='ltr'><strong>revolvebam</strong></span> <span class='ocrx_word' id='word_1_486' title='bbox 1596 3525 1878 3593; x_wconf 87' lang='lat' dir='ltr'><strong>pristinam</strong></span> <span class='ocrx_word' id='word_1_487' title='bbox 1924 3525 2073 3579; x_wconf 90' lang='lat' dir='ltr'><strong>utili-</strong></span> 
     </span>
    </p>
   </div>
   <div class='ocr_carea' id='block_1_69' title="bbox 507 3614 2071 3686">
    <p class='ocr_par' dir='ltr' id='par_1_69' title="bbox 507 3614 2071 3686">
     <span class='ocr_line' id='line_1_69' title="bbox 507 3614 2071 3686; baseline 0.001 -16"><span class='ocrx_word' id='word_1_488' title='bbox 507 3626 698 3681; x_wconf 88' lang='lat' dir='ltr'><strong>tatem,</strong></span> <span class='ocrx_word' id='word_1_489' title='bbox 721 3630 885 3684; x_wconf 86' lang='lat' dir='ltr'><strong>quam</strong></span> <span class='ocrx_word' id='word_1_490' title='bbox 913 3630 975 3670; x_wconf 80' lang='lat' dir='ltr'><strong>ex</strong></span> <span class='ocrx_word' id='word_1_491' title='bbox 995 3614 1182 3669; x_wconf 87' lang='lat' dir='ltr'><strong>divino</strong></span> <span class='ocrx_word' id='word_1_492' title='bbox 1206 3615 1408 3684; x_wconf 91' lang='lat' dir='ltr'><strong>templo</strong></span> <span class='ocrx_word' id='word_1_493' title='bbox 1433 3617 1709 3686; x_wconf 87' lang='lat' dir='ltr'><strong>percipere</strong></span> <span class='ocrx_word' id='word_1_494' title='bbox 1729 3616 1873 3671; x_wconf 89' lang='lat' dir='ltr'><strong>soliti</strong></span> <span class='ocrx_word' id='word_1_495' title='bbox 1897 3624 2071 3672; x_wconf 90' lang='lat' dir='ltr'><strong>erant.</strong></span> 
     </span>
    </p>
   </div>
   <div class='ocr_carea' id='block_1_70' title="bbox 510 3705 2072 3778">
    <p class='ocr_par' dir='ltr' id='par_1_70' title="bbox 510 3705 2072 3778">
     <span class='ocr_line' id='line_1_70' title="bbox 510 3705 2072 3778; baseline 0.003 -19"><span class='ocrx_word' id='word_1_496' title='bbox 510 3726 531 3759; x_wconf 74' lang='grc' dir='ltr'><strong>ι</strong></span> <span class='ocrx_word' id='word_1_497' title='bbox 565 3706 713 3777; x_wconf 78' lang='lat' dir='ltr'><strong>Elegi</strong></span> <span class='ocrx_word' id='word_1_498' title='bbox 740 3706 922 3776; x_wconf 71' lang='lat' dir='ltr'><strong>pouius</strong></span> <span class='ocrx_word' id='word_1_499' title='bbox 948 3705 1194 3775; x_wconf 89' lang='lat' dir='ltr'><strong>abjectus</strong></span> <span class='ocrx_word' id='word_1_500' title='bbox 1222 3722 1342 3761; x_wconf 85' lang='lat' dir='ltr'><strong>esse</strong></span> <span class='ocrx_word' id='word_1_501' title='bbox 1364 3706 1418 3760; x_wconf 90' lang='lat' dir='ltr'><strong>in</strong></span> <span class='ocrx_word' id='word_1_502' title='bbox 1447 3706 1611 3761; x_wconf 89' lang='lat' dir='ltr'><strong>domo</strong></span> <span class='ocrx_word' id='word_1_503' title='bbox 1638 3706 1727 3761; x_wconf 85' lang='lat' dir='ltr'><strong>Dei</strong></span> <span class='ocrx_word' id='word_1_504' title='bbox 1757 3708 1888 3772; x_wconf 91' lang='lat' dir='ltr'><strong>mei,</strong></span> <span class='ocrx_word' id='word_1_505' title='bbox 1907 3724 2072 3778; x_wconf 90' lang='lat' dir='ltr'><strong>quam</strong></span> 
     </span>
    </p>
   </div>
   <div class='ocr_carea' id='block_1_71' title="bbox 508 3795 2073 3866">
    <p class='ocr_par' dir='ltr' id='par_1_71' title="bbox 508 3795 2073 3866">
     <span class='ocr_line' id='line_1_71' title="bbox 508 3795 2073 3866; baseline 0.004 -16"><span class='ocrx_word' id='word_1_506' title='bbox 508 3797 756 3851; x_wconf 84' lang='lat' dir='ltr'><strong>habitare</strong></span> <span class='ocrx_word' id='word_1_507' title='bbox 798 3795 851 3849; x_wconf 93' lang='lat' dir='ltr'><strong>in</strong></span> <span class='ocrx_word' id='word_1_508' title='bbox 886 3796 1248 3850; x_wconf 80' lang='lat' dir='ltr'><strong>tabernaculis</strong></span> <span class='ocrx_word' id='word_1_509' title='bbox 1292 3807 1657 3866; x_wconf 90' lang='lat' dir='ltr'><strong>peccatorum.</strong></span> <span class='ocrx_word' id='word_1_510' title='bbox 1692 3816 1710 3849; x_wconf 75' lang='grc' dir='ltr'><strong><em>ι</em></strong></span> <span class='ocrx_word' id='word_1_511' title='bbox 1762 3797 1854 3854; x_wconf 90' lang='lat' dir='ltr'><strong>Sic</strong></span> <span class='ocrx_word' id='word_1_512' title='bbox 1891 3810 2073 3856; x_wconf 92' lang='lat' dir='ltr'><strong>autem</strong></span> 
     </span>
    </p>
   </div>
   <div class='ocr_carea' id='block_1_72' title="bbox 506 3888 2074 3963">
    <p class='ocr_par' dir='ltr' id='par_1_72' title="bbox 506 3888 2074 3963">
     <span class='ocr_line' id='line_1_72' title="bbox 506 3888 2074 3963; baseline 0.004 -20"><span class='ocrx_word' id='word_1_513' title='bbox 506 3888 691 3943; x_wconf 87' lang='lat' dir='ltr'><strong>divina</strong></span> <span class='ocrx_word' id='word_1_514' title='bbox 721 3888 917 3943; x_wconf 91' lang='lat' dir='ltr'><strong>domus</strong></span> <span class='ocrx_word' id='word_1_515' title='bbox 946 3888 1079 3941; x_wconf 88' lang='lat' dir='ltr'><strong>mihi</strong></span> <span class='ocrx_word' id='word_1_516' title='bbox 1114 3889 1365 3943; x_wconf 86' lang='lat' dir='ltr'><strong>amabilis</strong></span> <span class='ocrx_word' id='word_1_517' title='bbox 1389 3898 1508 3954; x_wconf 94' lang='lat' dir='ltr'><strong>est,</strong></span> <span class='ocrx_word' id='word_1_518' title='bbox 1539 3898 1600 3945; x_wconf 91' lang='lat' dir='ltr'><strong>ut</strong></span> <span class='ocrx_word' id='word_1_519' title='bbox 1622 3890 1876 3961; x_wconf 83' lang='lat' dir='ltr'><strong>elegerim</strong></span> <span class='ocrx_word' id='word_1_520' title='bbox 1907 3908 2074 3963; x_wconf 85' lang='lat' dir='ltr'><strong>prope</strong></span> 
     </span>
    </p>
   </div>
   <div class='ocr_carea' id='block_1_73' title="bbox 509 3980 2073 4055">
    <p class='ocr_par' dir='ltr' id='par_1_73' title="bbox 509 3980 2073 4055">
     <span class='ocr_line' id='line_1_73' title="bbox 509 3980 2073 4055; baseline 0.004 -21"><span class='ocrx_word' id='word_1_521' title='bbox 509 3980 653 4035; x_wconf 86' lang='lat' dir='ltr'><strong>hanc</strong></span> <span class='ocrx_word' id='word_1_522' title='bbox 687 3981 741 4035; x_wconf 89' lang='lat' dir='ltr'><strong>in</strong></span> <span class='ocrx_word' id='word_1_523' title='bbox 777 3980 893 4036; x_wconf 93' lang='lat' dir='ltr'><strong>solo</strong></span> <span class='ocrx_word' id='word_1_524' title='bbox 929 3981 1205 4050; x_wconf 72' lang='lat' dir='ltr'><strong>proiectus</strong></span> <span class='ocrx_word' id='word_1_525' title='bbox 1233 3996 1351 4037; x_wconf 87' lang='lat' dir='ltr'><strong>esse</strong></span> <span class='ocrx_word' id='word_1_526' title='bbox 1376 4021 1391 4047; x_wconf 93' lang='lat'><strong>,</strong></span> <span class='ocrx_word' id='word_1_527' title='bbox 1442 3991 1497 4036; x_wconf 92' lang='lat' dir='ltr'><strong>et</strong></span> <span class='ocrx_word' id='word_1_528' title='bbox 1528 3993 1652 4037; x_wconf 87' lang='lat' dir='ltr'><strong>ante</strong></span> <span class='ocrx_word' id='word_1_529' title='bbox 1688 3984 1851 4053; x_wconf 86' lang='lat' dir='ltr'><strong>hujus</strong></span> <span class='ocrx_word' id='word_1_530' title='bbox 1877 3985 2073 4055; x_wconf 88' lang='lat' dir='ltr'><strong>januas</strong></span> 
     </span>
    </p>
   </div>
   <div class='ocr_carea' id='block_1_74' title="bbox 508 4071 2073 4146">
    <p class='ocr_par' dir='ltr' id='par_1_74' title="bbox 508 4071 2073 4146">
     <span class='ocr_line' id='line_1_74' title="bbox 508 4071 2073 4146; baseline 0.005 -21"><span class='ocrx_word' id='word_1_531' title='bbox 508 4071 765 4137; x_wconf 87' lang='lat' dir='ltr'><strong>volutari,</strong></span> <span class='ocrx_word' id='word_1_532' title='bbox 790 4087 951 4142; x_wconf 87' lang='lat' dir='ltr'><strong>quam</strong></span> <span class='ocrx_word' id='word_1_533' title='bbox 976 4072 1029 4125; x_wconf 90' lang='lat' dir='ltr'><strong>in</strong></span> <span class='ocrx_word' id='word_1_534' title='bbox 1052 4073 1269 4127; x_wconf 79' lang='lat' dir='ltr'><strong>eximiis</strong></span> <span class='ocrx_word' id='word_1_535' title='bbox 1291 4073 1702 4145; x_wconf 89' lang='lat' dir='ltr'><strong>illustribusque</strong></span> <span class='ocrx_word' id='word_1_536' title='bbox 1724 4086 2073 4146; x_wconf 89' lang='lat' dir='ltr'><strong>peccatorum</strong></span> 
     </span>
    </p>
   </div>
   <div class='ocr_carea' id='block_1_75' title="bbox 504 4161 2073 4239">
    <p class='ocr_par' dir='ltr' id='par_1_75' title="bbox 504 4161 2073 4239">
     <span class='ocr_line' id='line_1_75' title="bbox 504 4161 2073 4239; baseline 0.004 -23"><span class='ocrx_word' id='word_1_537' title='bbox 504 4161 765 4218; x_wconf 89' lang='lat' dir='ltr'><strong>domibus</strong></span> <span class='ocrx_word' id='word_1_538' title='bbox 786 4165 1141 4219; x_wconf 89' lang='lat' dir='ltr'><strong>commorari.</strong></span> <span class='ocrx_word' id='word_1_539' title='bbox 1176 4164 1375 4219; x_wconf 82' lang='lat' dir='ltr'><strong>Eodem</strong></span> <span class='ocrx_word' id='word_1_540' title='bbox 1408 4166 1572 4222; x_wconf 91' lang='lat' dir='ltr'><strong>modo</strong></span> <span class='ocrx_word' id='word_1_541' title='bbox 1595 4167 1709 4239; x_wconf 67' lang='lat' dir='ltr'><strong>haec</strong></span> <span class='ocrx_word' id='word_1_542' title='bbox 1733 4176 1844 4221; x_wconf 92' lang='lat' dir='ltr'><strong>tum</strong></span> <span class='ocrx_word' id='word_1_543' title='bbox 1868 4169 1957 4235; x_wconf 87' lang='lat' dir='ltr'><strong>iis,</strong></span> <span class='ocrx_word' id='word_1_544' title='bbox 1979 4171 2073 4239; x_wconf 85' lang='lat' dir='ltr'><strong>qui</strong></span> 
     </span>
    </p>
   </div>
   <div class='ocr_carea' id='block_1_76' title="bbox 510 4229 2070 4324">
    <p class='ocr_par' dir='ltr' id='par_1_76' title="bbox 510 4229 2070 4324">
     <span class='ocr_line' id='line_1_76' title="bbox 510 4229 2070 4324; baseline 0.009 -22"><span class='ocrx_word' id='word_1_545' title='bbox 510 4248 785 4321; x_wconf 83' lang='lat' dir='ltr'><strong>Babylone</strong></span> <span class='ocrx_word' id='word_1_546' title='bbox 834 4253 1031 4321; x_wconf 89' lang='lat' dir='ltr'><strong>captivi</strong></span> <span class='ocrx_word' id='word_1_547' title='bbox 1079 4263 1208 4308; x_wconf 91' lang='lat' dir='ltr'><strong>tunc</strong></span> <span class='ocrx_word' id='word_1_548' title='bbox 1247 4264 1439 4321; x_wconf 83' lang='lat' dir='ltr'><strong>erant,</strong></span> <span class='ocrx_word' id='word_1_549' title='bbox 1481 4229 1837 4312; x_wconf 49' lang='lat' dir='ltr'><strong>conducibilia</strong></span> <span class='ocrx_word' id='word_1_550' title='bbox 1880 4229 2070 4324; x_wconf 76' lang='lat' dir='ltr'><strong>erant,</strong></span> 
     </span>
    </p>
   </div>
   <div class='ocr_carea' id='block_1_77' title="bbox 508 4343 2073 4420">
    <p class='ocr_par' dir='ltr' id='par_1_77' title="bbox 508 4343 2073 4420">
     <span class='ocr_line' id='line_1_77' title="bbox 508 4343 2073 4420; baseline 0.007 -25"><span class='ocrx_word' id='word_1_551' title='bbox 508 4350 627 4395; x_wconf 87' lang='lat' dir='ltr'><strong>tum</strong></span> <span class='ocrx_word' id='word_1_552' title='bbox 656 4343 814 4397; x_wconf 89' lang='lat' dir='ltr'><strong>nobis</strong></span> <span class='ocrx_word' id='word_1_553' title='bbox 837 4352 964 4398; x_wconf 87' lang='lat' dir='ltr'><strong>sunt</strong></span> <span class='ocrx_word' id='word_1_554' title='bbox 993 4345 1417 4399; x_wconf 87' lang='lat' dir='ltr'><strong>accommodata.</strong></span> <span class='ocrx_word' id='word_1_555' title='bbox 1448 4345 1658 4402; x_wconf 88' lang='lat' dir='ltr'><strong>Etenim</strong></span> <span class='ocrx_word' id='word_1_556' title='bbox 1692 4349 1813 4405; x_wconf 92' lang='lat' dir='ltr'><strong>illos</strong></span> <span class='ocrx_word' id='word_1_557' title='bbox 1838 4348 2073 4420; x_wconf 90' lang='lat' dir='ltr'><strong>Spiritus</strong></span> 
     </span>
    </p>
   </div>
   <div class='ocr_carea' id='block_1_78' title="bbox 511 4435 2070 4506">
    <p class='ocr_par' dir='ltr' id='par_1_78' title="bbox 511 4435 2070 4506">
     <span class='ocr_line' id='line_1_78' title="bbox 511 4435 2070 4506; baseline 0.006 -17"><span class='ocrx_word' id='word_1_558' title='bbox 511 4435 687 4490; x_wconf 89' lang='lat' dir='ltr'><strong>sancti</strong></span> <span class='ocrx_word' id='word_1_559' title='bbox 716 4437 887 4506; x_wconf 84' lang='lat' dir='ltr'><strong>gratia</strong></span> <span class='ocrx_word' id='word_1_560' title='bbox 916 4436 1167 4500; x_wconf 86' lang='lat' dir='ltr'><strong>docebat,</strong></span> <span class='ocrx_word' id='word_1_561' title='bbox 1197 4452 1267 4491; x_wconf 92' lang='lat' dir='ltr'><strong>ne</strong></span> <span class='ocrx_word' id='word_1_562' title='bbox 1287 4438 1482 4494; x_wconf 67' lang='lat' dir='ltr'><strong>divina:</strong></span> <span class='ocrx_word' id='word_1_563' title='bbox 1503 4440 1699 4496; x_wconf 90' lang='lat' dir='ltr'><strong>domus</strong></span> <span class='ocrx_word' id='word_1_564' title='bbox 1724 4442 2070 4499; x_wconf 89' lang='lat' dir='ltr'><strong>solitudinem</strong></span> 
     </span>
    </p>
   </div>
   <div class='ocr_carea' id='block_1_79' title="bbox 510 4523 2073 4593">
    <p class='ocr_par' dir='ltr' id='par_1_79' title="bbox 510 4523 2073 4593">
     <span class='ocr_line' id='line_1_79' title="bbox 510 4523 2073 4593; baseline 0.006 -16"><span class='ocrx_word' id='word_1_565' title='bbox 510 4523 850 4593; x_wconf 88' lang='lat' dir='ltr'><strong>despicerent</strong></span> <span class='ocrx_word' id='word_1_566' title='bbox 885 4539 897 4574; x_wconf 89' lang='lat'><strong>:</strong></span> <span class='ocrx_word' id='word_1_567' title='bbox 934 4534 987 4579; x_wconf 89' lang='lat' dir='ltr'><strong>et</strong></span> <span class='ocrx_word' id='word_1_568' title='bbox 1017 4540 1120 4580; x_wconf 89' lang='lat' dir='ltr'><strong>nos</strong></span> <span class='ocrx_word' id='word_1_569' title='bbox 1160 4525 1483 4581; x_wconf 89' lang='lat' dir='ltr'><strong>instruimur</strong></span> <span class='ocrx_word' id='word_1_570' title='bbox 1504 4528 1700 4585; x_wconf 89' lang='lat' dir='ltr'><strong>domus</strong></span> <span class='ocrx_word' id='word_1_571' title='bbox 1739 4531 1848 4586; x_wconf 89' lang='lat' dir='ltr'><strong>Deo</strong></span> <span class='ocrx_word' id='word_1_572' title='bbox 1881 4545 2073 4587; x_wconf 90' lang='lat' dir='ltr'><strong>conse-</strong></span> 
     </span>
    </p>
   </div>
   <div class='ocr_carea' id='block_1_80' title="bbox 2174 3440 3712 3515">
    <p class='ocr_par' dir='ltr' id='par_1_80' title="bbox 2174 3440 3712 3515">
     <span class='ocr_line' id='line_1_80' title="bbox 2174 3440 3712 3515; baseline 0.001 -23"><span class='ocrx_word' id='word_1_573' title='bbox 2174 3458 2299 3506; x_wconf 85' lang='grc' dir='ltr'>ποις</span> <span class='ocrx_word' id='word_1_574' title='bbox 2337 3440 2726 3511; x_wconf 72' lang='grc' dir='ltr'>συμϐιοτεύειν</span> <span class='ocrx_word' id='word_1_575' title='bbox 2759 3442 3226 3513; x_wconf 75' lang='grc' dir='ltr'>ἠναγκασμένοις,</span> <span class='ocrx_word' id='word_1_576' title='bbox 3272 3444 3464 3515; x_wconf 80' lang='grc' dir='ltr'>κέρδος</span> <span class='ocrx_word' id='word_1_577' title='bbox 3505 3444 3557 3498; x_wconf 80' lang='grc' dir='ltr'>δὲ</span> <span class='ocrx_word' id='word_1_578' title='bbox 3591 3444 3712 3495; x_wconf 74' lang='grc' dir='ltr'>ἐκεῖ·</span> 
     </span>
    </p>
   </div>
   <div class='ocr_carea' id='block_1_81' title="bbox 2175 3529 3714 3604">
    <p class='ocr_par' dir='ltr' id='par_1_81' title="bbox 2175 3529 3714 3604">
     <span class='ocr_line' id='line_1_81' title="bbox 2175 3529 3714 3604; baseline -0.001 -21"><span class='ocrx_word' id='word_1_579' title='bbox 2175 3530 2267 3584; x_wconf 89' lang='grc' dir='ltr'><strong>θεν</strong></span> <span class='ocrx_word' id='word_1_580' title='bbox 2291 3529 2336 3562; x_wconf 77' lang='grc'><strong>’⁵³</strong></span> <span class='ocrx_word' id='word_1_581' title='bbox 2365 3532 2749 3603; x_wconf 77' lang='grc' dir='ltr'>ποριζομένοις</span> <span class='ocrx_word' id='word_1_582' title='bbox 2784 3533 2957 3598; x_wconf 84' lang='grc' dir='ltr'>οὐδὲν,</span> <span class='ocrx_word' id='word_1_583' title='bbox 2990 3533 3371 3604; x_wconf 79' lang='grc' dir='ltr'>λογιζομένοις</span> <span class='ocrx_word' id='word_1_584' title='bbox 3409 3535 3464 3587; x_wconf 84' lang='grc' dir='ltr'>δὲ</span> <span class='ocrx_word' id='word_1_585' title='bbox 3494 3533 3586 3604; x_wconf 77' lang='grc' dir='ltr'>τὴν</span> <span class='ocrx_word' id='word_1_586' title='bbox 3625 3530 3714 3585; x_wconf 83' lang='grc' dir='ltr'>ἀπὸ</span> 
     </span>
    </p>
   </div>
   <div class='ocr_carea' id='block_1_82' title="bbox 2171 3622 3714 3694">
    <p class='ocr_par' dir='ltr' id='par_1_82' title="bbox 2171 3622 3714 3694">
     <span class='ocr_line' id='line_1_82' title="bbox 2171 3622 3714 3694; baseline 0 -19"><span class='ocrx_word' id='word_1_587' title='bbox 2171 3623 2267 3676; x_wconf 83' lang='grc' dir='ltr'>τοῦ</span> <span class='ocrx_word' id='word_1_588' title='bbox 2300 3623 2446 3676; x_wconf 85' lang='grc' dir='ltr'>θείου</span> <span class='ocrx_word' id='word_1_589' title='bbox 2477 3622 2584 3677; x_wconf 85' lang='grc' dir='ltr'>νεὼ</span> <span class='ocrx_word' id='word_1_590' title='bbox 2620 3623 2858 3678; x_wconf 86' lang='grc' dir='ltr'>παλαιὰν</span> <span class='ocrx_word' id='word_1_591' title='bbox 2903 3625 3172 3694; x_wconf 82' lang='grc' dir='ltr'>ὠφέλειαν</span> <span class='ocrx_word' id='word_1_592' title='bbox 3201 3625 3270 3680; x_wconf 66' lang='grc'><strong>⁸⁸.</strong></span> <span class='ocrx_word' id='word_1_593' title='bbox 3315 3644 3335 3678; x_wconf 79' lang='grc' dir='ltr'><strong>ι</strong></span> <span class='ocrx_word' id='word_1_594' title='bbox 3386 3623 3714 3693; x_wconf 75' lang='grc' dir='ltr'>Ἐξελεξάμην</span> 
     </span>
    </p>
   </div>
   <div class='ocr_carea' id='block_1_83' title="bbox 2172 3713 3713 3787">
    <p class='ocr_par' dir='ltr' id='par_1_83' title="bbox 2172 3713 3713 3787">
     <span class='ocr_line' id='line_1_83' title="bbox 2172 3713 3713 3787; baseline 0 -21"><span class='ocrx_word' id='word_1_595' title='bbox 2172 3713 2679 3786; x_wconf 73' lang='grc' dir='ltr'>παραρῤιπτεῖσθαι</span> <span class='ocrx_word' id='word_1_596' title='bbox 2710 3717 2754 3747; x_wconf 69' lang='grc'><strong><em>⁵⁵</em></strong></span> <span class='ocrx_word' id='word_1_597' title='bbox 2797 3716 2857 3768; x_wconf 82' lang='grc' dir='ltr'>ὲν</span> <span class='ocrx_word' id='word_1_598' title='bbox 2912 3715 2989 3785; x_wconf 82' lang='grc' dir='ltr'>τῷ</span> <span class='ocrx_word' id='word_1_599' title='bbox 3052 3716 3187 3787; x_wconf 71' lang='grc' dir='ltr'>οἴκῳ</span> <span class='ocrx_word' id='word_1_600' title='bbox 3232 3716 3332 3769; x_wconf 80' lang='grc' dir='ltr'>τοῦ</span> <span class='ocrx_word' id='word_1_601' title='bbox 3383 3714 3516 3769; x_wconf 82' lang='grc' dir='ltr'>Θεοῦ</span> <span class='ocrx_word' id='word_1_602' title='bbox 3565 3732 3655 3785; x_wconf 87' lang='grc' dir='ltr'><strong>μου</strong></span> <span class='ocrx_word' id='word_1_603' title='bbox 3676 3715 3713 3744; x_wconf 77' lang='grc'><strong>⁸⁸</strong></span> 
     </span>
    </p>
   </div>
   <div class='ocr_carea' id='block_1_84' title="bbox 2176 3803 3706 3879">
    <p class='ocr_par' dir='ltr' id='par_1_84' title="bbox 2176 3803 3706 3879">
     <span class='ocr_line' id='line_1_84' title="bbox 2176 3803 3706 3879; baseline 0.001 -24"><span class='ocrx_word' id='word_1_604' title='bbox 2176 3803 2400 3874; x_wconf 83' lang='grc' dir='ltr'>μᾶλλον,</span> <span class='ocrx_word' id='word_1_605' title='bbox 2433 3805 2467 3874; x_wconf 80' lang='grc' dir='ltr'>ἢ</span> <span class='ocrx_word' id='word_1_606' title='bbox 2500 3807 2670 3858; x_wconf 80' lang='grc' dir='ltr'>οἰκεῖν</span> <span class='ocrx_word' id='word_1_607' title='bbox 2696 3822 2763 3876; x_wconf 90' lang='grc' dir='ltr'><strong>με</strong></span> <span class='ocrx_word' id='word_1_608' title='bbox 2790 3808 2849 3858; x_wconf 84' lang='grc' dir='ltr'>ὲν</span> <span class='ocrx_word' id='word_1_609' title='bbox 2874 3805 2915 3837; x_wconf 73' lang='grc'><strong>⁵⁷</strong></span> <span class='ocrx_word' id='word_1_610' title='bbox 2944 3805 3303 3877; x_wconf 76' lang='grc' dir='ltr'>σκηνώμασιν</span> <span class='ocrx_word' id='word_1_611' title='bbox 3329 3807 3669 3879; x_wconf 81' lang='grc' dir='ltr'>ἁμαρτωλῶν.</span> <span class='ocrx_word' id='word_1_612' title='bbox 3690 3824 3706 3857; x_wconf 80' lang='lat' dir='ltr'><strong>i</strong></span> 
     </span>
    </p>
   </div>
   <div class='ocr_carea' id='block_1_85' title="bbox 2173 3894 3710 3970">
    <p class='ocr_par' dir='ltr' id='par_1_85' title="bbox 2173 3894 3710 3970">
     <span class='ocr_line' id='line_1_85' title="bbox 2173 3894 3710 3970; baseline -0.002 -21"><span class='ocrx_word' id='word_1_613' title='bbox 2173 3894 2330 3949; x_wconf 77' lang='grc' dir='ltr'>Οὕτω</span> <span class='ocrx_word' id='word_1_614' title='bbox 2355 3895 2411 3949; x_wconf 84' lang='grc' dir='ltr'>δέ</span> <span class='ocrx_word' id='word_1_615' title='bbox 2441 3913 2535 3966; x_wconf 90' lang='grc' dir='ltr'><strong>μοι</strong></span> <span class='ocrx_word' id='word_1_616' title='bbox 2560 3897 2589 3947; x_wconf 86' lang='grc' dir='ltr'>ὁ</span> <span class='ocrx_word' id='word_1_617' title='bbox 2624 3896 2768 3961; x_wconf 86' lang='grc' dir='ltr'>θεῖος</span> <span class='ocrx_word' id='word_1_618' title='bbox 2796 3896 3117 3970; x_wconf 79' lang='grc' dir='ltr'>ἀξιέραστος</span> <span class='ocrx_word' id='word_1_619' title='bbox 3146 3895 3320 3962; x_wconf 78' lang='grc' dir='ltr'>οἰκος,</span> <span class='ocrx_word' id='word_1_620' title='bbox 3352 3901 3427 3961; x_wconf 81' lang='grc' dir='ltr'>ὡς</span> <span class='ocrx_word' id='word_1_621' title='bbox 3472 3896 3710 3968; x_wconf 77' lang='grc' dir='ltr'>αἱρεῖσθαι</span> 
     </span>
    </p>
   </div>
   <div class='ocr_carea' id='block_1_86' title="bbox 2173 3986 3709 4062">
    <p class='ocr_par' dir='ltr' id='par_1_86' title="bbox 2173 3986 3709 4062">
     <span class='ocr_line' id='line_1_86' title="bbox 2173 3986 3709 4062; baseline 0 -23"><span class='ocrx_word' id='word_1_622' title='bbox 2173 3986 2328 4057; x_wconf 83' lang='grc' dir='ltr'><strong>παρά</strong></span> <span class='ocrx_word' id='word_1_623' title='bbox 2353 3986 2539 4041; x_wconf 82' lang='grc' dir='ltr'>τοῦτον</span> <span class='ocrx_word' id='word_1_624' title='bbox 2560 3987 2604 4019; x_wconf 69' lang='grc'><strong>⁸⁸</strong></span> <span class='ocrx_word' id='word_1_625' title='bbox 2643 3988 2732 4042; x_wconf 74' lang='grc' dir='ltr'><strong>ἐπ’</strong></span> <span class='ocrx_word' id='word_1_626' title='bbox 2760 3988 2992 4058; x_wconf 77' lang='grc' dir='ltr'>ἐδάφους</span> <span class='ocrx_word' id='word_1_627' title='bbox 3019 3989 3306 4062; x_wconf 76' lang='grc' dir='ltr'>ὲρρίφθαι,</span> <span class='ocrx_word' id='word_1_628' title='bbox 3343 3990 3437 4043; x_wconf 75' lang='grc' dir='ltr'>καὶ</span> <span class='ocrx_word' id='word_1_629' title='bbox 3485 3988 3583 4059; x_wconf 89' lang='grc' dir='ltr'>πρὸ</span> <span class='ocrx_word' id='word_1_630' title='bbox 3621 3986 3709 4040; x_wconf 80' lang='grc' dir='ltr'><strong>τῶν</strong></span> 
     </span>
    </p>
   </div>
   <div class='ocr_carea' id='block_1_87' title="bbox 2170 4081 3709 4156">
    <p class='ocr_par' dir='ltr' id='par_1_87' title="bbox 2170 4081 3709 4156">
     <span class='ocr_line' id='line_1_87' title="bbox 2170 4081 3709 4156; baseline 0.009 -24"><span class='ocrx_word' id='word_1_631' title='bbox 2170 4081 2366 4134; x_wconf 84' lang='grc' dir='ltr'>τούτου</span> <span class='ocrx_word' id='word_1_632' title='bbox 2403 4082 2774 4138; x_wconf 81' lang='grc' dir='ltr'>καλινδεῖσθαι</span> <span class='ocrx_word' id='word_1_633' title='bbox 2828 4082 3007 4155; x_wconf 83' lang='grc' dir='ltr'>θυρῶν</span> <span class='ocrx_word' id='word_1_634' title='bbox 3027 4084 3092 4147; x_wconf 63' lang='grc' dir='ltr'><strong>δ’.</strong></span> <span class='ocrx_word' id='word_1_635' title='bbox 3136 4085 3168 4155; x_wconf 83' lang='grc' dir='ltr'>ἢ</span> <span class='ocrx_word' id='word_1_636' title='bbox 3219 4087 3279 4139; x_wconf 79' lang='grc' dir='ltr'>ἐν</span> <span class='ocrx_word' id='word_1_637' title='bbox 3303 4087 3423 4149; x_wconf 85' lang='grc' dir='ltr'>ταῖς</span> <span class='ocrx_word' id='word_1_638' title='bbox 3474 4083 3709 4156; x_wconf 81' lang='grc' dir='ltr'>μεγάλαις</span> 
     </span>
    </p>
   </div>
   <div class='ocr_carea' id='block_1_88' title="bbox 2173 4173 3709 4248">
    <p class='ocr_par' dir='ltr' id='par_1_88' title="bbox 2173 4173 3709 4248">
     <span class='ocr_line' id='line_1_88' title="bbox 2173 4173 3709 4248; baseline 0.001 -23"><span class='ocrx_word' id='word_1_639' title='bbox 2173 4174 2271 4225; x_wconf 75' lang='grc' dir='ltr'>καὶ</span> <span class='ocrx_word' id='word_1_640' title='bbox 2320 4173 2603 4246; x_wconf 83' lang='grc' dir='ltr'>λαμπραῖς</span> <span class='ocrx_word' id='word_1_641' title='bbox 2654 4174 2767 4229; x_wconf 83' lang='grc' dir='ltr'><strong>τῶν</strong></span> <span class='ocrx_word' id='word_1_642' title='bbox 2824 4177 3145 4248; x_wconf 76' lang='grc' dir='ltr'>παρανομίᾳ</span> <span class='ocrx_word' id='word_1_643' title='bbox 3200 4177 3489 4242; x_wconf 80' lang='grc' dir='ltr'>σοζώντων</span> <span class='ocrx_word' id='word_1_644' title='bbox 3536 4173 3709 4236; x_wconf 65' lang='grc' dir='ltr'>οἰκίαις</span> 
     </span>
    </p>
   </div>
   <div class='ocr_carea' id='block_1_89' title="bbox 2172 4261 3706 4331">
    <p class='ocr_par' dir='ltr' id='par_1_89' title="bbox 2172 4261 3706 4331">
     <span class='ocr_line' id='line_1_89' title="bbox 2172 4261 3706 4331; baseline 0.001 -17"><span class='ocrx_word' id='word_1_645' title='bbox 2172 4261 2509 4317; x_wconf 80' lang='grc' dir='ltr'>διαιτᾶσθαι.</span> <span class='ocrx_word' id='word_1_646' title='bbox 2549 4263 2824 4329; x_wconf 85' lang='grc' dir='ltr'>Ὡσαύτως</span> <span class='ocrx_word' id='word_1_647' title='bbox 2857 4265 3148 4320; x_wconf 69' lang='grc' dir='ltr'>καὶταῦτα</span> <span class='ocrx_word' id='word_1_648' title='bbox 3186 4266 3282 4320; x_wconf 78' lang='grc' dir='ltr'><strong>καὶ</strong></span> <span class='ocrx_word' id='word_1_649' title='bbox 3320 4270 3433 4331; x_wconf 86' lang='grc' dir='ltr'>τοῖς</span> <span class='ocrx_word' id='word_1_650' title='bbox 3466 4268 3520 4320; x_wconf 75' lang='grc' dir='ltr'>ἐν</span> <span class='ocrx_word' id='word_1_651' title='bbox 3558 4264 3706 4318; x_wconf 76' lang='grc' dir='ltr'>Βαδυο</span> 
     </span>
    </p>
   </div>
   <div class='ocr_carea' id='block_1_90' title="bbox 2173 4352 3703 4429">
    <p class='ocr_par' dir='ltr' id='par_1_90' title="bbox 2173 4352 3703 4429">
     <span class='ocr_line' id='line_1_90' title="bbox 2173 4352 3703 4429; baseline 0 -24"><span class='ocrx_word' id='word_1_652' title='bbox 2173 4352 2305 4405; x_wconf 86' lang='grc' dir='ltr'>λῶνι</span> <span class='ocrx_word' id='word_1_653' title='bbox 2349 4355 2654 4426; x_wconf 73' lang='grc' dir='ltr'>πρόσφορα,</span> <span class='ocrx_word' id='word_1_654' title='bbox 2690 4357 2785 4410; x_wconf 73' lang='grc' dir='ltr'>καὶ</span> <span class='ocrx_word' id='word_1_655' title='bbox 2822 4360 2954 4429; x_wconf 79' lang='grc' dir='ltr'>ἡμῖν</span> <span class='ocrx_word' id='word_1_656' title='bbox 2982 4358 3287 4429; x_wconf 78' lang='grc' dir='ltr'>ἐπιτήδεια.</span> <span class='ocrx_word' id='word_1_657' title='bbox 3322 4359 3430 4411; x_wconf 76' lang='grc' dir='ltr'><strong>Καὶ</strong></span> <span class='ocrx_word' id='word_1_658' title='bbox 3457 4358 3558 4428; x_wconf 83' lang='grc' dir='ltr'><strong>γάρ</strong></span> <span class='ocrx_word' id='word_1_659' title='bbox 3581 4353 3703 4409; x_wconf 75' lang='grc' dir='ltr'>ὲκείο</span> 
     </span>
    </p>
   </div>
   <div class='ocr_carea' id='block_1_91' title="bbox 2172 4442 3701 4518">
    <p class='ocr_par' dir='ltr' id='par_1_91' title="bbox 2172 4442 3701 4518">
     <span class='ocr_line' id='line_1_91' title="bbox 2172 4442 3701 4518; baseline 0.002 -23"><span class='ocrx_word' id='word_1_660' title='bbox 2172 4459 2299 4505; x_wconf 91' lang='grc' dir='ltr'>νους</span> <span class='ocrx_word' id='word_1_661' title='bbox 2326 4442 2608 4497; x_wconf 73' lang='grc' dir='ltr'>ἐδίδασκεν</span> <span class='ocrx_word' id='word_1_662' title='bbox 2648 4447 2680 4516; x_wconf 80' lang='grc' dir='ltr'><strong>ἡ</strong></span> <span class='ocrx_word' id='word_1_663' title='bbox 2716 4448 2877 4518; x_wconf 88' lang='grc' dir='ltr'>χάρις</span> <span class='ocrx_word' id='word_1_664' title='bbox 2915 4446 3009 4500; x_wconf 81' lang='grc' dir='ltr'><strong>τοῦ</strong></span> <span class='ocrx_word' id='word_1_665' title='bbox 3046 4447 3382 4518; x_wconf 89' lang='grc' dir='ltr'>Πνεύματος,</span> <span class='ocrx_word' id='word_1_666' title='bbox 3437 4447 3507 4517; x_wconf 83' lang='grc' dir='ltr'>μὴ</span> <span class='ocrx_word' id='word_1_667' title='bbox 3550 4461 3701 4511; x_wconf 84' lang='grc' dir='ltr'>παρα-</span> 
     </span>
    </p>
   </div>
   <div class='ocr_carea' id='block_1_92' title="bbox 2172 4530 3701 4608">
    <p class='ocr_par' dir='ltr' id='par_1_92' title="bbox 2172 4530 3701 4608">
     <span class='ocr_line' id='line_1_92' title="bbox 2172 4530 3701 4608; baseline 0.008 -26"><span class='ocrx_word' id='word_1_668' title='bbox 2172 4530 2395 4587; x_wconf 80' lang='grc' dir='ltr'>ϐλέπειν</span> <span class='ocrx_word' id='word_1_669' title='bbox 2431 4534 2526 4587; x_wconf 75' lang='grc' dir='ltr'>τοῦ</span> <span class='ocrx_word' id='word_1_670' title='bbox 2585 4535 2732 4590; x_wconf 89' lang='grc' dir='ltr'>θείου</span> <span class='ocrx_word' id='word_1_671' title='bbox 2778 4535 2928 4591; x_wconf 85' lang='grc' dir='ltr'>οἴκου</span> <span class='ocrx_word' id='word_1_672' title='bbox 2979 4536 3078 4608; x_wconf 78' lang='grc' dir='ltr'>τὴν</span> <span class='ocrx_word' id='word_1_673' title='bbox 3126 4537 3387 4608; x_wconf 76' lang='grc' dir='ltr'>ἐρημίαν,</span> <span class='ocrx_word' id='word_1_674' title='bbox 3422 4540 3514 4590; x_wconf 79' lang='grc' dir='ltr'>καὶ</span> <span class='ocrx_word' id='word_1_675' title='bbox 3566 4535 3701 4604; x_wconf 79' lang='grc' dir='ltr'>ἡμεῖς</span> 
     </span>
    </p>
   </div>
   <div class='ocr_carea' id='block_1_93' title="bbox 506 4617 2070 4700">
    <p class='ocr_par' dir='ltr' id='par_1_93' title="bbox 506 4617 2067 4691">
     <span class='ocr_line' id='line_1_93' title="bbox 506 4617 2067 4691; baseline 0.007 -21"><span class='ocrx_word' id='word_1_676' title='bbox 506 4625 690 4671; x_wconf 88' lang='lat' dir='ltr'><strong>cratas</strong></span> <span class='ocrx_word' id='word_1_677' title='bbox 743 4632 956 4686; x_wconf 89' lang='lat' dir='ltr'><strong>semper</strong></span> <span class='ocrx_word' id='word_1_678' title='bbox 1008 4617 1440 4688; x_wconf 89' lang='lat' dir='ltr'><strong>concupiscere,</strong></span> <span class='ocrx_word' id='word_1_679' title='bbox 1499 4618 1652 4691; x_wconf 80' lang='lat' dir='ltr'><strong>[cum</strong></span> <span class='ocrx_word' id='word_1_680' title='bbox 1722 4622 2067 4691; x_wconf 89' lang='lat' dir='ltr'><strong>potissimum</strong></span> 
     </span>
    </p>
   </div>
   <div class='ocr_carea' id='block_1_94' title="bbox 2174 4617 3700 4700">
    <p class='ocr_par' dir='ltr' id='par_1_94' title="bbox 2176 4625 3700 4700">
     <span class='ocr_line' id='line_1_94' title="bbox 2176 4625 3700 4700; baseline 0.006 -23"><span class='ocrx_word' id='word_1_681' title='bbox 2176 4625 2550 4696; x_wconf 87' lang='grc' dir='ltr'>παιδευόμεθα</span> <span class='ocrx_word' id='word_1_682' title='bbox 2601 4628 2697 4682; x_wconf 73' lang='grc' dir='ltr'>καὶ</span> <span class='ocrx_word' id='word_1_683' title='bbox 2755 4630 2882 4694; x_wconf 80' lang='grc' dir='ltr'>τοὺς</span> <span class='ocrx_word' id='word_1_684' title='bbox 2932 4629 3009 4700; x_wconf 80' lang='grc' dir='ltr'>τῷ</span> <span class='ocrx_word' id='word_1_685' title='bbox 3073 4628 3191 4700; x_wconf 82' lang='grc' dir='ltr'>Θεῷ</span> <span class='ocrx_word' id='word_1_686' title='bbox 3214 4630 3261 4661; x_wconf 76' lang='grc' dir='ltr'><strong>⁸ο</strong></span> <span class='ocrx_word' id='word_1_687' title='bbox 3325 4626 3700 4700; x_wconf 73' lang='grc' dir='ltr'>ἀφιερωμένους</span> 
     </span>
    </p>
   </div>
   <div class='ocr_carea' id='block_1_95' title="bbox 584 4813 1442 4881">
    <p class='ocr_par' dir='ltr' id='par_1_95' title="bbox 584 4813 1442 4881">
     <span class='ocr_line' id='line_1_95' title="bbox 584 4813 1442 4881; baseline 0.002 -13"><span class='ocrx_word' id='word_1_688' title='bbox 584 4816 611 4853; x_wconf 74' lang='grc' dir='ltr'><strong>δ</strong></span> <span class='ocrx_word' id='word_1_689' title='bbox 640 4813 659 4868; x_wconf 89' lang='grc' dir='ltr'>Ι</span> <span class='ocrx_word' id='word_1_690' title='bbox 688 4814 810 4869; x_wconf 87' lang='lat' dir='ltr'><strong>Cor.</strong></span> <span class='ocrx_word' id='word_1_691' title='bbox 842 4829 940 4881; x_wconf 81' lang='lat' dir='ltr'><strong>xu,</strong></span> <span class='ocrx_word' id='word_1_692' title='bbox 967 4814 1057 4870; x_wconf 84' lang='lat'><strong>27.</strong></span> <span class='ocrx_word' id='word_1_693' title='bbox 1133 4815 1160 4855; x_wconf 75' lang='grc' dir='ltr'>ιι</span> <span class='ocrx_word' id='word_1_694' title='bbox 1193 4814 1322 4870; x_wconf 89' lang='lat' dir='ltr'><strong>ibid.</strong></span> <span class='ocrx_word' id='word_1_695' title='bbox 1353 4815 1442 4871; x_wconf 79' lang='lat' dir='ltr'><strong>2i.</strong></span> 
     </span>
    </p>
   </div>
   <div class='ocr_carea' id='block_1_96' title="bbox 1591 4995 2638 5061">
    <p class='ocr_par' dir='ltr' id='par_1_96' title="bbox 1591 4995 2638 5061">
     <span class='ocr_line' id='line_1_96' title="bbox 1591 4995 2638 5061; baseline 0.01 -11"><span class='ocrx_word' id='word_1_696' title='bbox 1591 4995 1827 5053; x_wconf 72' lang='lat' dir='ltr'><strong>VARUE</strong></span> <span class='ocrx_word' id='word_1_697' title='bbox 1869 4998 2256 5060; x_wconf 80' lang='lat' dir='ltr'><strong>LECTIONES</strong></span> <span class='ocrx_word' id='word_1_698' title='bbox 2290 5003 2377 5060; x_wconf 83' lang='lat' dir='ltr'><strong>ET</strong></span> <span class='ocrx_word' id='word_1_699' title='bbox 2408 5003 2638 5061; x_wconf 70' lang='lat' dir='ltr'><strong>NOTA&#39;I.</strong></span> 
     </span>
    </p>
   </div>
   <div class='ocr_carea' id='block_1_97' title="bbox 617 5186 2070 5270">
    <p class='ocr_par' dir='ltr' id='par_1_97' title="bbox 617 5186 2070 5270">
     <span class='ocr_line' id='line_1_97' title="bbox 617 5186 2070 5270; baseline 0.016 -32"><span class='ocrx_word' id='word_1_700' title='bbox 617 5187 661 5270; x_wconf 56' lang='lat' dir='ltr'><strong>f3</strong></span> <span class='ocrx_word' id='word_1_701' title='bbox 689 5186 916 5270; x_wconf 41' lang='lat' dir='ltr'><strong>cod..2&#39;</strong></span> <span class='ocrx_word' id='word_1_702' title='bbox 956 5187 1371 5270; x_wconf 56' lang='grc' dir='ltr'>ἐντελεστέρων.</span> <span class='ocrx_word' id='word_1_703' title='bbox 1401 5260 1437 5270; x_wconf 80' lang='lat'><strong>__</strong></span> <span class='ocrx_word' id='word_1_704' title='bbox 1481 5191 1526 5224; x_wconf 72' lang='lat'><strong><em>“</em></strong></span> <span class='ocrx_word' id='word_1_705' title='bbox 1568 5191 2070 5270; x_wconf 62' lang='grc' dir='ltr'>Ἐζανρρωπίσᾳς-</span> 
     </span>
    </p>
   </div>
   <div class='ocr_carea' id='block_1_98' title="bbox 2174 5186 3033 5270">
    <p class='ocr_par' dir='ltr' id='par_1_98' title="bbox 2174 5195 3033 5270">
     <span class='ocr_line' id='line_1_98' title="bbox 2174 5195 3033 5270; baseline 0.008 -23"><span class='ocrx_word' id='word_1_706' title='bbox 2174 5195 2274 5270; x_wconf 73' lang='lat' dir='ltr'><strong>od._</strong></span> <span class='ocrx_word' id='word_1_707' title='bbox 2319 5196 2343 5249; x_wconf 79' lang='grc'><strong>1</strong></span> <span class='ocrx_word' id='word_1_708' title='bbox 2386 5196 2543 5270; x_wconf 78' lang='lat' dir='ltr'><strong>_add.</strong></span> <span class='ocrx_word' id='word_1_709' title='bbox 2598 5198 2662 5250; x_wconf 79' lang='grc' dir='ltr'>ὲκ</span> <span class='ocrx_word' id='word_1_710' title='bbox 2692 5268 2698 5270; x_wconf 16' lang='grc' dir='ltr'><strong>Α</strong></span> <span class='ocrx_word' id='word_1_711' title='bbox 2732 5198 3033 5270; x_wconf 82' lang='grc' dir='ltr'>Παρθένου.</span> 
     </span>
    </p>
   </div>
   <div class='ocr_carea' id='block_1_99' title="bbox 1239 5207 3140 5340">
    <p class='ocr_par' dir='ltr' id='par_1_99' title="bbox 1239 5207 3140 5340">
     <span class='ocr_line' id='line_1_99' title="bbox 1239 5207 3033 5313; baseline 0.007 -71"><span class='ocrx_word' id='word_1_712' title='bbox 1239 5207 1371 5313; x_wconf 74' lang='grc' dir='ltr'>ρων.</span> <span class='ocrx_word' id='word_1_713' title='bbox 1481 5207 1526 5224; x_wconf 85' lang='lat'><strong>&quot;</strong></span> <span class='ocrx_word' id='word_1_714' title='bbox 1576 5207 2075 5275; x_wconf 66' lang='lat' dir='ltr'><strong>&#39;Erarvaawgc.</strong></span> <span class='ocrx_word' id='word_1_715' title='bbox 2130 5207 2253 5248; x_wconf 69' lang='lat' dir='ltr'><strong>00d.</strong></span> <span class='ocrx_word' id='word_1_716' title='bbox 2319 5207 2343 5249; x_wconf 80' lang='grc' dir='ltr'><strong>ι</strong></span> <span class='ocrx_word' id='word_1_717' title='bbox 2416 5207 2543 5251; x_wconf 83' lang='lat' dir='ltr'><strong>add.</strong></span> <span class='ocrx_word' id='word_1_718' title='bbox 2598 5207 2662 5250; x_wconf 78' lang='grc' dir='ltr'><strong>εκ</strong></span> <span class='ocrx_word' id='word_1_719' title='bbox 2732 5207 3033 5270; x_wconf 79' lang='grc' dir='ltr'>Παρθένου.</span> 
     </span>
     <span class='ocr_line' id='line_1_100' title="bbox 1320 5260 3140 5340; baseline 0.007 -27"><span class='ocrx_word' id='word_1_720' title='bbox 1320 5260 1564 5340; x_wconf 54' lang='grc' dir='ltr'>ὲκ-ἀλεσε.</span> <span class='ocrx_word' id='word_1_721' title='bbox 1639 5264 1682 5340; x_wconf 61' lang='grc' dir='ltr'><strong><em>ξτ</em></strong></span> <span class='ocrx_word' id='word_1_722' title='bbox 1750 5266 2030 5340; x_wconf 25' lang='grc' dir='ltr'>Χριμστου.</span> <span class='ocrx_word' id='word_1_723' title='bbox 2067 5265 2206 5340; x_wconf 82' lang='lat' dir='ltr'><strong>_cod.</strong></span> <span class='ocrx_word' id='word_1_724' title='bbox 2256 5266 2461 5340; x_wconf 66' lang='lat' dir='ltr'><strong>l_add2</strong></span> <span class='ocrx_word' id='word_1_725' title='bbox 2502 5267 2599 5319; x_wconf 87' lang='grc' dir='ltr'>Ὃν</span> <span class='ocrx_word' id='word_1_726' title='bbox 2634 5268 2718 5340; x_wconf 4' lang='lat' dir='ltr'><strong>pob</strong></span> <span class='ocrx_word' id='word_1_727' title='bbox 2744 5306 2760 5329; x_wconf 95' lang='lat'><strong>,</strong></span> <span class='ocrx_word' id='word_1_728' title='bbox 2815 5270 2989 5340; x_wconf 80' lang='grc' dir='ltr'>φησὶ,</span> <span class='ocrx_word' id='word_1_729' title='bbox 3051 5272 3140 5325; x_wconf 77' lang='grc' dir='ltr'><strong>διὰ</strong></span> 
     </span>
    </p>
   </div>
   <div class='ocr_carea' id='block_1_100' title="bbox 508 5256 1198 5315">
    <p class='ocr_par' dir='ltr' id='par_1_100' title="bbox 508 5256 1198 5315">
     <span class='ocr_line' id='line_1_101' title="bbox 508 5256 1198 5315; baseline 0.01 -7"><span class='ocrx_word' id='word_1_730' title='bbox 508 5256 565 5309; x_wconf 84' lang='lat' dir='ltr'><strong>h.</strong></span> <span class='ocrx_word' id='word_1_731' title='bbox 622 5257 659 5311; x_wconf 92' lang='grc' dir='ltr'><strong>ι.</strong></span> <span class='ocrx_word' id='word_1_732' title='bbox 715 5268 798 5313; x_wconf 91' lang='lat' dir='ltr'><strong>est</strong></span> <span class='ocrx_word' id='word_1_733' title='bbox 825 5257 938 5313; x_wconf 79' lang='grc' dir='ltr'>ἐπί.</span> <span class='ocrx_word' id='word_1_734' title='bbox 1012 5261 1198 5315; x_wconf 77' lang='lat' dir='ltr'><strong>“cod.</strong></span> 
     </span>
    </p>
   </div>
   <div class='ocr_carea' id='block_1_101' title="bbox 3146 5200 3693 5279">
    <p class='ocr_par' dir='ltr' id='par_1_101' title="bbox 3146 5200 3693 5279">
     <span class='ocr_line' id='line_1_102' title="bbox 3146 5200 3693 5279; baseline -0.004 -24"><span class='ocrx_word' id='word_1_735' title='bbox 3146 5202 3188 5235; x_wconf 80' lang='grc'><strong>³⁸</strong></span> <span class='ocrx_word' id='word_1_736' title='bbox 3214 5203 3336 5279; x_wconf 67' lang='grc' dir='ltr'><strong>ξίς.</strong></span> <span class='ocrx_word' id='word_1_737' title='bbox 3384 5203 3511 5279; x_wconf 50' lang='grc' dir='ltr'>κρυ.</span> <span class='ocrx_word' id='word_1_738' title='bbox 3558 5200 3693 5279; x_wconf 68' lang='lat' dir='ltr'><strong>lectio</strong></span> 
     </span>
    </p>
   </div>
   <div class='ocr_carea' id='block_1_102' title="bbox 510 5272 3692 5412">
    <p class='ocr_par' dir='ltr' id='par_1_102' title="bbox 510 5272 3692 5412">
     <span class='ocr_line' id='line_1_103' title="bbox 510 5272 3691 5341; baseline 0.004 -33"><span class='ocrx_word' id='word_1_739' title='bbox 510 5272 565 5309; x_wconf 86' lang='lat' dir='ltr'><strong>n.</strong></span> <span class='ocrx_word' id='word_1_740' title='bbox 624 5272 659 5311; x_wconf 87' lang='lat' dir='ltr'><strong>I.</strong></span> <span class='ocrx_word' id='word_1_741' title='bbox 715 5272 798 5313; x_wconf 91' lang='lat' dir='ltr'><strong>est</strong></span> <span class='ocrx_word' id='word_1_742' title='bbox 825 5272 938 5313; x_wconf 89' lang='grc' dir='ltr'>επι.</span> <span class='ocrx_word' id='word_1_743' title='bbox 1012 5272 1198 5315; x_wconf 81' lang='lat' dir='ltr'><strong>&quot;con.</strong></span> <span class='ocrx_word' id='word_1_744' title='bbox 1239 5272 1263 5313; x_wconf 81' lang='grc'><strong>1</strong></span> <span class='ocrx_word' id='word_1_745' title='bbox 1320 5272 1564 5341; x_wconf 38' lang='grc' dir='ltr'>εκααλεσε.</span> <span class='ocrx_word' id='word_1_746' title='bbox 1640 5272 1680 5295; x_wconf 81' lang='grc'><strong>³⁷</strong></span> <span class='ocrx_word' id='word_1_747' title='bbox 1750 5272 2030 5331; x_wconf 81' lang='grc' dir='ltr'>Χριστοῦ.</span> <span class='ocrx_word' id='word_1_748' title='bbox 2083 5272 2206 5320; x_wconf 85' lang='lat' dir='ltr'><strong>cod.</strong></span> <span class='ocrx_word' id='word_1_749' title='bbox 2256 5272 2277 5317; x_wconf 81' lang='grc' dir='ltr'><strong>ί</strong></span> <span class='ocrx_word' id='word_1_750' title='bbox 2336 5272 2461 5321; x_wconf 90' lang='lat' dir='ltr'><strong>add.</strong></span> <span class='ocrx_word' id='word_1_751' title='bbox 2502 5272 2599 5319; x_wconf 87' lang='grc' dir='ltr'>Ὃν</span> <span class='ocrx_word' id='word_1_752' title='bbox 2655 5272 2760 5329; x_wconf 83' lang='grc' dir='ltr'>σὺ,</span> <span class='ocrx_word' id='word_1_753' title='bbox 2815 5272 2989 5340; x_wconf 80' lang='grc' dir='ltr'>φησὶ,</span> <span class='ocrx_word' id='word_1_754' title='bbox 3051 5272 3140 5325; x_wconf 77' lang='grc' dir='ltr'><strong>διὰ</strong></span> <span class='ocrx_word' id='word_1_755' title='bbox 3192 5276 3291 5341; x_wconf 80' lang='grc' dir='ltr'>τῆς</span> <span class='ocrx_word' id='word_1_756' title='bbox 3353 5272 3444 5326; x_wconf 81' lang='grc' dir='ltr'>τοῦ</span> <span class='ocrx_word' id='word_1_757' title='bbox 3497 5272 3611 5324; x_wconf 80' lang='grc' dir='ltr'>λουτ</span> <span class='ocrx_word' id='word_1_758' title='bbox 3668 5272 3691 5321; x_wconf 76' lang='grc' dir='ltr'><strong>ὗ</strong></span> 
     </span>
     <span class='ocr_line' id='line_1_104' title="bbox 510 5288 3692 5412; baseline 0.004 -33"><span class='ocrx_word' id='word_1_759' title='bbox 510 5328 933 5412; x_wconf 63' lang='grc' dir='ltr'>παλιγγενεσίας</span> <span class='ocrx_word' id='word_1_760' title='bbox 967 5330 1407 5412; x_wconf 40' lang='grc' dir='ltr'>ἀνέπλασαςητῳ</span> <span class='ocrx_word' id='word_1_761' title='bbox 1430 5330 1558 5412; x_wconf 78' lang='grc' dir='ltr'>θείῳ</span> <span class='ocrx_word' id='word_1_762' title='bbox 1583 5332 1739 5403; x_wconf 84' lang='grc' dir='ltr'>μύρῳ</span> <span class='ocrx_word' id='word_1_763' title='bbox 1769 5334 1964 5403; x_wconf 83' lang='grc' dir='ltr'>χρίσας</span> <span class='ocrx_word' id='word_1_764' title='bbox 1993 5334 2090 5387; x_wconf 80' lang='grc' dir='ltr'>καὶ</span> <span class='ocrx_word' id='word_1_765' title='bbox 2105 5335 2329 5412; x_wconf 38' lang='grc' dir='ltr'>’σεαυτῷ</span> <span class='ocrx_word' id='word_1_766' title='bbox 2371 5334 2597 5412; x_wconf 76' lang='grc' dir='ltr'>ἑνώσας,</span> <span class='ocrx_word' id='word_1_767' title='bbox 2633 5338 2869 5412; x_wconf 76' lang='grc' dir='ltr'>Χριστὸν</span> <span class='ocrx_word' id='word_1_768' title='bbox 2893 5341 3155 5406; x_wconf 81' lang='grc' dir='ltr'>ἐκάλεσας</span> <span class='ocrx_word' id='word_1_769' title='bbox 3200 5342 3289 5395; x_wconf 80' lang='grc' dir='ltr'>διὰ</span> <span class='ocrx_word' id='word_1_770' title='bbox 3322 5344 3413 5396; x_wconf 79' lang='grc' dir='ltr'>τοῦ</span> <span class='ocrx_word' id='word_1_771' title='bbox 3444 5288 3692 5396; x_wconf 48' lang='lat' dir='ltr'><strong>ualebat</strong></span> 
     </span>
    </p>
   </div>
   <div class='ocr_carea' id='block_1_103' title="bbox 510 5388 3692 5476">
    <p class='ocr_par' dir='ltr' id='par_1_103' title="bbox 510 5388 3692 5476">
     <span class='ocr_line' id='line_1_105' title="bbox 510 5388 3692 5476; baseline 0.003 -24"><span class='ocrx_word' id='word_1_772' title='bbox 510 5388 841 5476; x_wconf 72' lang='grc' dir='ltr'>χριπιανόν.</span> <span class='ocrx_word' id='word_1_773' title='bbox 875 5401 1039 5476; x_wconf 55' lang='grc' dir='ltr'>Ολιειιι</span> <span class='ocrx_word' id='word_1_774' title='bbox 1071 5409 1148 5464; x_wconf 83' lang='grc' dir='ltr'>ιιι,</span> <span class='ocrx_word' id='word_1_775' title='bbox 1183 5388 1391 5476; x_wconf 39' lang='lat' dir='ltr'><strong>inquit;</strong></span> <span class='ocrx_word' id='word_1_776' title='bbox 1404 5418 1495 5470; x_wconf 85' lang='lat' dir='ltr'><strong>per</strong></span> <span class='ocrx_word' id='word_1_777' title='bbox 1525 5388 2233 5476; x_wconf 37' lang='grc' dir='ltr'>ίαῦαὲνὶιᾶἦεςεῃεταιίοιιὴ</span> <span class='ocrx_word' id='word_1_778' title='bbox 2264 5388 2417 5476; x_wconf 60' lang='lat' dir='ltr'><strong>quasi</strong></span> <span class='ocrx_word' id='word_1_779' title='bbox 2458 5388 2628 5459; x_wconf 46' lang='lat' dir='ltr'><strong>den&#39;u&#39;o</strong></span> <span class='ocrx_word' id='word_1_780' title='bbox 2660 5388 2924 5475; x_wconf 69' lang='lat' dir='ltr'><strong>formasti,</strong></span> <span class='ocrx_word' id='word_1_781' title='bbox 2948 5388 3152 5466; x_wconf 44' lang='lat' dir='ltr'><strong>sancto,</strong></span> <span class='ocrx_word' id='word_1_782' title='bbox 3174 5413 3284 5466; x_wconf 77' lang='lat' dir='ltr'><strong>oleo</strong></span> <span class='ocrx_word' id='word_1_783' title='bbox 3323 5414 3533 5474; x_wconf 64' lang='lat' dir='ltr'><strong>auxisti,</strong></span> <span class='ocrx_word' id='word_1_784' title='bbox 3560 5421 3604 5463; x_wconf 77' lang='lat' dir='ltr'><strong>et</strong></span> <span class='ocrx_word' id='word_1_785' title='bbox 3628 5420 3692 5462; x_wconf 79' lang='grc' dir='ltr'>ιε-</span> 
     </span>
    </p>
   </div>
   <div class='ocr_carea' id='block_1_104' title="bbox 403 5469 3241 5546">
    <p class='ocr_par' dir='ltr' id='par_1_104' title="bbox 403 5469 3241 5546">
     <span class='ocr_line' id='line_1_106' title="bbox 403 5469 3241 5546; baseline 0.006 -25"><span class='ocrx_word' id='word_1_786' title='bbox 403 5489 408 5492; x_wconf 90' lang='grc'><strong>·</strong></span> <span class='ocrx_word' id='word_1_787' title='bbox 513 5469 631 5522; x_wconf 75' lang='lat' dir='ltr'><strong>cum</strong></span> <span class='ocrx_word' id='word_1_788' title='bbox 654 5471 861 5525; x_wconf 83' lang='lat' dir='ltr'><strong>unitum</strong></span> <span class='ocrx_word' id='word_1_789' title='bbox 896 5469 1165 5546; x_wconf 64' lang='lat' dir='ltr'><strong>Christum</strong></span> <span class='ocrx_word' id='word_1_790' title='bbox 1192 5469 1411 5546; x_wconf 67' lang='lat' dir='ltr'><strong>uocasti,</strong></span> <span class='ocrx_word' id='word_1_791' title='bbox 1439 5469 2232 5546; x_wconf 43' lang='lat' dir='ltr'><strong>propterea_quod&#39;Cltristicnus</strong></span> <span class='ocrx_word' id='word_1_792' title='bbox 2256 5469 2473 5530; x_wconf 73' lang='lat' dir='ltr'><strong>dicitur.</strong></span> <span class='ocrx_word' id='word_1_793' title='bbox 2549 5477 2592 5509; x_wconf 83' lang='grc'><strong>³⁸</strong></span> <span class='ocrx_word' id='word_1_794' title='bbox 2627 5469 2771 5546; x_wconf 57' lang='lat' dir='ltr'><strong>reip.</strong></span> <span class='ocrx_word' id='word_1_795' title='bbox 2805 5469 2972 5535; x_wconf 77' lang='lat' dir='ltr'><strong>Abest</strong></span> <span class='ocrx_word' id='word_1_796' title='bbox 2994 5499 3022 5535; x_wconf 91' lang='lat' dir='ltr'><strong>a</strong></span> <span class='ocrx_word' id='word_1_797' title='bbox 3045 5484 3162 5536; x_wconf 82' lang='lat' dir='ltr'><strong>cod.</strong></span> <span class='ocrx_word' id='word_1_798' title='bbox 3187 5483 3241 5537; x_wconf 96' lang='lat'><strong>2.</strong></span> 
     </span>
    </p>
   </div>
   <div class='ocr_carea' id='block_1_105' title="bbox 3339 5479 3693 5549">
    <p class='ocr_par' dir='ltr' id='par_1_105' title="bbox 3339 5479 3693 5549">
     <span class='ocr_line' id='line_1_107' title="bbox 3339 5479 3693 5549; baseline -0.014 -11"><span class='ocrx_word' id='word_1_799' title='bbox 3339 5486 3383 5515; x_wconf 67' lang='grc' dir='ltr'><strong>δ’</strong></span> <span class='ocrx_word' id='word_1_800' title='bbox 3416 5481 3577 5538; x_wconf 64' lang='grc' dir='ltr'>ουτω</span> <span class='ocrx_word' id='word_1_801' title='bbox 3613 5479 3693 5549; x_wconf 82' lang='grc' dir='ltr'><strong>μέ-</strong></span> 
     </span>
    </p>
   </div>
   <div class='ocr_carea' id='block_1_106' title="bbox 513 5542 2070 5620">
    <p class='ocr_par' dir='ltr' id='par_1_106' title="bbox 513 5542 2050 5620">
     <span class='ocr_line' id='line_1_108' title="bbox 513 5542 2050 5620; baseline 0 -24"><span class='ocrx_word' id='word_1_802' title='bbox 513 5556 661 5620; x_wconf 61' lang='grc' dir='ltr'>ρους.</span> <span class='ocrx_word' id='word_1_803' title='bbox 689 5549 917 5620; x_wconf 46' lang='lat' dir='ltr'><strong>quaeest</strong></span> <span class='ocrx_word' id='word_1_804' title='bbox 946 5542 1311 5620; x_wconf 42' lang='lat' dir='ltr'><strong>rec.nlectio_l.</strong></span> <span class='ocrx_word' id='word_1_805' title='bbox 1348 5558 1398 5597; x_wconf 92' lang='lat' dir='ltr'><strong>c.</strong></span> <span class='ocrx_word' id='word_1_806' title='bbox 1472 5542 1516 5620; x_wconf 64' lang='grc' dir='ltr'><strong>ξιξ</strong></span> <span class='ocrx_word' id='word_1_807' title='bbox 1557 5543 1641 5620; x_wconf 57' lang='grc' dir='ltr'>ξιξ.</span> <span class='ocrx_word' id='word_1_808' title='bbox 1674 5543 1839 5620; x_wconf 49' lang='lat' dir='ltr'><strong>abest</strong></span> <span class='ocrx_word' id='word_1_809' title='bbox 1869 5559 1901 5597; x_wconf 86' lang='lat' dir='ltr'><strong>a</strong></span> <span class='ocrx_word' id='word_1_810' title='bbox 1930 5544 2050 5620; x_wconf 81' lang='lat' dir='ltr'><strong>cod.</strong></span> 
     </span>
    </p>
   </div>
   <div class='ocr_carea' id='block_1_107' title="bbox 2174 5542 3684 5620">
    <p class='ocr_par' dir='ltr' id='par_1_107' title="bbox 2196 5542 3684 5620">
     <span class='ocr_line' id='line_1_109' title="bbox 2196 5542 3684 5620; baseline -0.015 3"><span class='ocrx_word' id='word_1_811' title='bbox 2196 5546 2256 5620; x_wconf 53' lang='grc'><strong>-⁶.¹</strong></span> <span class='ocrx_word' id='word_1_812' title='bbox 2294 5547 2405 5620; x_wconf 75' lang='grc' dir='ltr'><strong>Τίς·</strong></span> <span class='ocrx_word' id='word_1_813' title='bbox 2440 5546 2563 5620; x_wconf 59' lang='grc' dir='ltr'><strong>δυάς</strong></span> <span class='ocrx_word' id='word_1_814' title='bbox 2592 5547 2628 5601; x_wconf 64' lang='grc'>2</span> <span class='ocrx_word' id='word_1_815' title='bbox 2657 5542 2848 5620; x_wconf 55' lang='grc' dir='ltr'>Ριῖιιξιη.</span> <span class='ocrx_word' id='word_1_816' title='bbox 2890 5550 2975 5604; x_wconf 79' lang='grc' dir='ltr'>ἄν.</span> <span class='ocrx_word' id='word_1_817' title='bbox 3070 5553 3114 5583; x_wconf 64' lang='grc' dir='ltr'><strong>δ’</strong></span> <span class='ocrx_word' id='word_1_818' title='bbox 3150 5556 3292 5607; x_wconf 75' lang='grc' dir='ltr'>Οὐκ.</span> <span class='ocrx_word' id='word_1_819' title='bbox 3321 5554 3438 5608; x_wconf 91' lang='lat' dir='ltr'><strong>cod.</strong></span> <span class='ocrx_word' id='word_1_820' title='bbox 3467 5554 3487 5607; x_wconf 77' lang='grc'><strong>1</strong></span> <span class='ocrx_word' id='word_1_821' title='bbox 3526 5542 3684 5619; x_wconf 70' lang='grc' dir='ltr'>ρηέιη.</span> 
     </span>
    </p>
   </div>
   <div class='ocr_carea' id='block_1_108' title="bbox 511 5610 1382 5668">
    <p class='ocr_par' dir='ltr' id='par_1_108' title="bbox 511 5610 1382 5668">
     <span class='ocr_line' id='line_1_110' title="bbox 511 5610 1382 5668; baseline 0.009 -8"><span class='ocrx_word' id='word_1_822' title='bbox 511 5610 719 5665; x_wconf 53' lang='grc' dir='ltr'>ταῦτα(</span> <span class='ocrx_word' id='word_1_823' title='bbox 808 5612 852 5643; x_wconf 71' lang='grc'>⁸³</span> <span class='ocrx_word' id='word_1_824' title='bbox 885 5613 1007 5666; x_wconf 85' lang='lat' dir='ltr'><strong>cod.</strong></span> <span class='ocrx_word' id='word_1_825' title='bbox 1047 5610 1083 5663; x_wconf 87' lang='lat'><strong>2</strong></span> <span class='ocrx_word' id='word_1_826' title='bbox 1116 5610 1382 5668; x_wconf 78' lang='grc' dir='ltr'>ἐντεῦθεν.</span> 
     </span>
    </p>
   </div>
   <div class='ocr_carea' id='block_1_109' title="bbox 1480 5612 3684 5695">
    <p class='ocr_par' dir='ltr' id='par_1_109' title="bbox 1480 5612 3684 5695">
     <span class='ocr_line' id='line_1_111' title="bbox 1480 5612 3684 5695; baseline 0.003 -31"><span class='ocrx_word' id='word_1_827' title='bbox 1480 5612 1891 5695; x_wconf 40' lang='grc' dir='ltr'><strong>δι”ρφέλειαγί</strong></span> <span class='ocrx_word' id='word_1_828' title='bbox 1920 5614 2043 5695; x_wconf 72' lang='lat' dir='ltr'><strong>cod.</strong></span> <span class='ocrx_word' id='word_1_829' title='bbox 2080 5614 2270 5695; x_wconf 42' lang='lat' dir='ltr'><strong>i-add.</strong></span> <span class='ocrx_word' id='word_1_830' title='bbox 2297 5617 2463 5695; x_wconf 54' lang='lat' dir='ltr'><strong>motito</strong></span> <span class='ocrx_word' id='word_1_831' title='bbox 2505 5612 2736 5695; x_wconf 47' lang='lat'><strong>1539615!</strong></span> <span class='ocrx_word' id='word_1_832' title='bbox 2769 5621 2905 5695; x_wconf 36' lang='lat' dir='ltr'><strong>gara</strong></span> <span class='ocrx_word' id='word_1_833' title='bbox 2943 5622 3071 5695; x_wconf 74' lang='grc' dir='ltr'><strong>ὲξῇς</strong></span> <span class='ocrx_word' id='word_1_834' title='bbox 3115 5625 3437 5695; x_wconf 72' lang='grc' dir='ltr'>σαφέστερον</span> <span class='ocrx_word' id='word_1_835' title='bbox 3494 5612 3684 5695; x_wconf 49' lang='lat' dir='ltr'><strong>tenear.</strong></span> 
     </span>
    </p>
   </div>
   <div class='ocr_carea' id='block_1_110' title="bbox 512 5676 3682 5780">
    <p class='ocr_par' dir='ltr' id='par_1_110' title="bbox 512 5676 3682 5780">
     <span class='ocr_line' id='line_1_112' title="bbox 512 5676 3682 5780; baseline 0.004 -46"><span class='ocrx_word' id='word_1_836' title='bbox 512 5676 562 5780; x_wconf 54' lang='grc' dir='ltr'><strong>ἒξ</strong></span> <span class='ocrx_word' id='word_1_837' title='bbox 588 5680 1033 5780; x_wconf 37' lang='lat' dir='ltr'><strong>algeagpﬁl&#39;ebr.</strong></span> <span class='ocrx_word' id='word_1_838' title='bbox 1058 5690 1279 5780; x_wconf 40' lang='lat' dir='ltr'><strong>E11121</strong></span> <span class='ocrx_word' id='word_1_839' title='bbox 1316 5694 1458 5762; x_wconf 61' lang='lat' dir='ltr'><strong>stare</strong></span> <span class='ocrx_word' id='word_1_840' title='bbox 1486 5683 1553 5780; x_wconf 49' lang='lat' dir='ltr'><strong>old</strong></span> <span class='ocrx_word' id='word_1_841' title='bbox 1576 5676 1769 5780; x_wconf 37' lang='lat' dir='ltr'><strong>gina;</strong></span> <span class='ocrx_word' id='word_1_842' title='bbox 1844 5684 1888 5716; x_wconf 75' lang='lat'><strong>“</strong></span> <span class='ocrx_word' id='word_1_843' title='bbox 1907 5685 2268 5780; x_wconf 45' lang='lat' dir='ltr'><strong>Belgv.~AbesAt</strong></span> <span class='ocrx_word' id='word_1_844' title='bbox 2309 5702 2343 5780; x_wconf 60' lang='grc' dir='ltr'><strong>ἒ</strong></span> <span class='ocrx_word' id='word_1_845' title='bbox 2364 5676 2690 5780; x_wconf 50' lang='lat' dir='ltr'><strong>cLod.nYa&#39;tic.</strong></span> <span class='ocrx_word' id='word_1_846' title='bbox 2766 5691 2810 5723; x_wconf 73' lang='grc'><strong>⁸⁷</strong></span> <span class='ocrx_word' id='word_1_847' title='bbox 2844 5676 3125 5751; x_wconf 45' lang='lat' dir='ltr'><strong>Inﬁce.</strong></span> <span class='ocrx_word' id='word_1_848' title='bbox 3152 5676 3311 5752; x_wconf 67' lang='lat' dir='ltr'><strong>lectio</strong></span> <span class='ocrx_word' id='word_1_849' title='bbox 3344 5676 3401 5750; x_wconf 69' lang='lat' dir='ltr'><strong>lt.</strong></span> <span class='ocrx_word' id='word_1_850' title='bbox 3425 5693 3460 5749; x_wconf 93' lang='lat' dir='ltr'><strong>l.</strong></span> <span class='ocrx_word' id='word_1_851' title='bbox 3491 5676 3682 5749; x_wconf 60' lang='grc' dir='ltr'>εέίὲπί.</span> 
     </span>
    </p>
   </div>
   <div class='ocr_carea' id='block_1_111' title="bbox 602 5752 2070 5828">
    <p class='ocr_par' dir='ltr' id='par_1_111' title="bbox 602 5752 2070 5827">
     <span class='ocr_line' id='line_1_113' title="bbox 602 5752 2070 5827; baseline 0.005 -28"><span class='ocrx_word' id='word_1_852' title='bbox 602 5754 721 5805; x_wconf 82' lang='lat' dir='ltr'><strong>rod.</strong></span> <span class='ocrx_word' id='word_1_853' title='bbox 752 5753 789 5804; x_wconf 84' lang='lat'><strong>2</strong></span> <span class='ocrx_word' id='word_1_854' title='bbox 838 5752 1028 5827; x_wconf 72' lang='grc' dir='ltr'>τούτῳ.</span> <span class='ocrx_word' id='word_1_855' title='bbox 1091 5752 1148 5783; x_wconf 72' lang='grc'><strong>’⁸³</strong></span> <span class='ocrx_word' id='word_1_856' title='bbox 1186 5752 1405 5818; x_wconf 69' lang='grc' dir='ltr'>Θυρῶν.</span> <span class='ocrx_word' id='word_1_857' title='bbox 1430 5753 1551 5811; x_wconf 89' lang='lat' dir='ltr'><strong>cod.</strong></span> <span class='ocrx_word' id='word_1_858' title='bbox 1576 5752 1611 5806; x_wconf 80' lang='lat'><strong>2</strong></span> <span class='ocrx_word' id='word_1_859' title='bbox 1637 5752 1830 5810; x_wconf 83' lang='grc' dir='ltr'>ποδῶν.</span> <span class='ocrx_word' id='word_1_860' title='bbox 1907 5756 1950 5787; x_wconf 76' lang='grc' dir='ltr'><strong>⁸ο</strong></span> <span class='ocrx_word' id='word_1_861' title='bbox 1981 5756 2070 5808; x_wconf 78' lang='grc' dir='ltr'><strong>Θει</strong></span> 
     </span>
    </p>
   </div>
   <div class='ocr_carea' id='block_1_112' title="bbox 2174 5752 2585 5828">
    <p class='ocr_par' dir='ltr' id='par_1_112' title="bbox 2174 5756 2585 5828">
     <span class='ocr_line' id='line_1_114' title="bbox 2174 5756 2585 5828; baseline -0.002 -16"><span class='ocrx_word' id='word_1_862' title='bbox 2174 5756 2277 5813; x_wconf 85' lang='lat' dir='ltr'><strong>:od.</strong></span> <span class='ocrx_word' id='word_1_863' title='bbox 2309 5757 2345 5811; x_wconf 89' lang='lat'><strong>2</strong></span> <span class='ocrx_word' id='word_1_864' title='bbox 2375 5757 2585 5828; x_wconf 83' lang='grc' dir='ltr'>ἀγαθῷ.</span> 
     </span>
    </p>
   </div>
  </div>
