3936 6476
516 379 645 444 1551

1501 384 1993 444 THEODORETI
2050 382 2390 441 EPISCOPI
2434 379 2801 442 CYRENSIS

3581 384 3692 451 1552

510 514 637 563 siis,
695 516 820 554 cum
877 502 932 554 bi
978 501 1246 570 justitiam
1306 500 1664 565 obtulissent,
1720 516 1908 571 pacem
1966 500 2062 553 illi:

2180 496 2401 567 εἰρήνην
2439 496 2623 557 αὐτοῖς
2655 493 2985 564 ἐδωρήσατο.
3014 491 3107 544 καὶ
3134 490 3229 554 τὰς
3259 492 3572 562 καταλλαγὰς
3591 499 3693 567 ὲχα-

506 592 750 658 donavit.
782 603 836 647 et
865 594 1363 648 reconciliationem
1392 593 1619 663 largitus
1650 601 1755 657 est,
1790 593 2076 663 pristinas-

501 693 607 747 que
638 678 953 735 inimicitias
982 679 1179 743 ﬁnivit.
1216 690 1270 737 et
1310 687 1510 739 veritas
1539 687 1761 753 iustitiae
1801 689 2063 751 occurrit,

500 779 555 823 et
592 770 810 825 veritati
840 772 1238 829 misericordia.
1290 774 1639 847 [Perpendite
1679 789 1860 833 autem
1893 781 2061 836 illud:

507 879 525 910 ‹
556 861 930 917 Misericordia
958 871 1014 917 et
1041 865 1243 919 veritas
1270 878 1634 922 occurrerunt
1662 871 1869 940 1207
1889 872 2013 926 sibi.
2040 893 2058 924 ι

498 950 809 1007 Misericors
834 954 982 1008 enim
1016 956 1104 1010 ille
1130 957 1225 1025 qui
1263 957 1370 1011 fert
1395 967 1613 1023 cuncta,
1646 970 1894 1030 portatus
1922 975 2006 1020 est
2034 981 2062 1020 a

498 1042 708 1112 virgine
741 1052 796 1099 et
819 1054 1010 1107 matre,
1041 1055 1098 1100 et
1125 1047 1308 1117 justus
1331 1048 1570 1105 Joannes
1585 1051 1892 1107 subsiliitin
1911 1063 2066 1109 utero

496 1130 845 1187 Elisabcthze.
881 1134 974 1188 llla
1006 1133 1189 1204 itaque
1214 1151 1335 1205 qua:
1368 1139 1617 1207 gestabat
1636 1142 1928 1213 justitiam,
1961 1144 2066 1199 hoc

494 1230 579 1276 est
635 1222 922 1287 Joannem,
979 1226 1296 1282 exosculata
1344 1236 1430 1282 est
1472 1244 1592 1284 eam
1644 1246 1766 1301 qua:
1817 1234 2065 1305 gestabat

496 1326 704 1378 pacem.
755 1331 773 1361 ι
805 1313 924 1383 Ipse
961 1316 1135 1381 enim,
1184 1326 1245 1371 ut
1275 1320 1568 1389 Apostolus
1607 1321 1806 1393 inquit,
1840 1334 1924 1380 est
1958 1341 2064 1396 pax

2179 587 2387 656 ρίσατο,
2426 587 2520 640 καὶ
2556 585 2819 640 κατέλυσε
2851 584 2950 651 τὴν
2979 583 3254 654 προτέραν
3283 584 3695 654 δυσμένειαν.Καὶ

2177 680 2579 751 προσέδραμεν,
2624 682 2657 751 ἡ
2715 680 2813 749 μὲν
2858 678 3046 748 εἰρήνη
3098 678 3164 747 τῇ
3213 675 3529 749 δικαιοσύνῃ,
3575 683 3696 750 τῇδὲ

2177 769 2461 841 ἀληθείᾳ¹⁴⁵
2475 773 2503 823 6
2519 771 2685 834 ἔλεος.
2707 769 2775 843 [¹⁵
2792 770 3059 840 Θεωρεῖτε
3082 768 3138 821 δὲ
3164 767 3243 831 τὸ,
3268 788 3285 820 ι
3310 769 3483 833 Ἔλεος
3498 770 3581 823 καὶ
3591 772 3697 843 ἁλή-

2177 861 2298 917 θεια
2314 864 2671 935 συνήντησαν.
2696 883 2714 915 ι
2750 865 2809 916 '0
2830 862 2939 933 γὰρ
2973 862 3221 933 ἐλεήμων
3250 863 3276 914 6
3294 862 3464 931 φέρων
3479 863 3540 915 τὰ
3555 865 3699 918 πάντα

2175 953 2406 1021 ἐφέρετο
2435 954 2540 1007 ὑπὸ
2568 954 2665 1023 τῆς
2688 953 2960 1023 παρθένου
3000 950 3095 1003 καὶ
3126 950 3327 1020 μητρός
3351 965 3364 978 ·
3390 951 3515 1003 καὶὸ
3532 950 3700 1014 δίκαιος

2188 1045 2443 1115 Ἰωάννης
2500 1047 2727 1117 ἐσκίρτα
2769 1049 2824 1100 ὲν
2870 1048 2937 1117 τῇ
2982 1046 3166 1116 μήτρᾳ
3203 1044 3299 1114 τῆς
3342 1043 3613 1096 Ἐλισάσετ.
3642 1044 3701 1096 Ἦ

2175 1134 2228 1202 γ’
2252 1130 2345 1188 οὖν
2377 1136 2616 1207 φέρουσα
2649 1137 2747 1206 τὴν
2774 1133 3145 1204 δικαιοσύνην,
3171 1132 3412 1185 τουτέστι
3439 1131 3524 1184 τὸν
3556 1132 3703 1185 Ἰωάν-

2174 1243 2293 1296 νην,
2352 1228 2632 1297 κατεφίλει
2670 1228 2767 1300 τὴν
2810 1227 3087 1298 φέρουσαν
3129 1224 3227 1294 τὴν
3257 1224 3488 1293 εἰρήνην.
3524 1241 3541 1273 ι
3565 1224 3703 1286 Αὐτὸς

2173 1320 2281 1388 γάρ
2321 1321 2487 1383 ἐστιν,
2514 1320 2589 1384 ὥς
2617 1337 2780 1391 φησιν
2812 1321 2838 1373 ό
2882 1317 3223 1377 Ἀπόστολος,
3252 1318 3285 1386 ή
3313 1316 3492 1386 εἰρήνη
3518 1315 3706 1386 ἡμῶν,ό

2174 1412 2409 1481 ποιήσας
2457 1413 2526 1464 τὰ
2551 1412 2838 1482 ἀμφότερα
2868 1410 2948 1463 ἓν.
2991 1407 3051 1481 ι]
3087 1407 3198 1463 Kal
3227 1406 3383 1459 τοῦτο
3413 1407 3707 1477 σαφέστερον

2172 1500 2261 1553 διὰ
2289 1501 2396 1554 τῶν
2422 1502 2836 1573 ἐπιφερομένων
2867 1500 3125 1571 ἐδήλωσε.

2246 1591 2335 1661 ιβ’.
2376 1612 2393 1643 ι
2440 1593 2693 1663 Ἀλήθεια
2723 1595 2786 1646 ἐκ
2810 1592 2911 1662 τῆς
2962 1592 3068 1663 γῆς
3122 1589 3403 1646 ἁνέτει).ε’
3450 1609 3468 1642 ι
3515 1588 3575 1658 [¹⁶
3618 1590 3708 1643 Kal

494 1413 709 1467 nostra,
763 1413 951 1474 utpote
993 1407 1090 1477 qui
1134 1424 1165 1464 e
1202 1408 1418 1465 duobus
1454 1411 1588 1467 fecit
1622 1429 1793 1469 unum
1825 1417 1884 1470 ν.
1915 1415 1962 1489 ι]
1994 1418 2063 1472 Et

492 1490 597 1546 hoc
640 1493 983 1551 manifestius
1013 1513 1112 1568 per
1141 1514 1206 1554 ea
1234 1516 1356 1573 qua:
1392 1511 1700 1572 sequuntur
1738 1505 2058 1562 declaravit.

568 1595 735 1652 Vens.
769 1596 857 1651 12.
891 1616 909 1649 ι
948 1595 1168 1653 Veritas
1199 1599 1266 1653 de
1298 1607 1441 1652 terra
1471 1606 1591 1651 orta
1630 1609 1735 1653 est.
1769 1615 1788 1649 ι
1824 1595 1927 1669 [Ει
1963 1596 2070 1651 diei

497 1690 719 1759 quidem
762 1704 870 1743 non
907 1698 1089 1760 potest
1141 1705 1307 1760 quam
1342 1704 1474 1761 pura
1505 1688 1668 1744 fuerit
1702 1687 1953 1759 Deipara,
1984 1698 2062 1743 ta-

2175 1682 2432 1752 μυριάκις
2465 1686 2581 1736 ἐστὶ
2611 1685 2825 1756 καθαρὰ
2864 1686 2896 1755 ή
2928 1685 3193 1748 Θεοτόκος
3215 1699 3229 1712 ·
3264 1681 3374 1736 ἀλλ’
3399 1682 3537 1751 ὅμως
3556 1683 3610 1733 ὲκ
3632 1682 3705 1735 τοῦ

496 1795 621 1836 men
655 1796 718 1836 ex
750 1780 984 1847 Adamo,
1017 1796 1083 1845 ex
1125 1779 1463 1845 Abraliamo,
1509 1796 1539 1836 e
1584 1779 1807 1845 Davidc,
1855 1780 1968 1833 imo
2002 1795 2062 1833 ex

2186 1775 2378 1847 Ἀδὰμ,
2415 1778 2479 1829 ὲκ
2514 1776 2607 1830 τοῦ
2642 1777 2913 1848 Ἀϐραὰμ,
2964 1778 3030 1830 ὲκ
3086 1776 3181 1830 τοῦ
3238 1775 3418 1839 Δαὸὶδ,
3465 1774 3519 1839 ἐξ
3568 1775 3707 1844 αὐτῆς

498 1872 637 1942 ipsa,
694 1872 784 1926 illa
839 1873 1059 1926 demum
1115 1881 1232 1925 orta
1278 1883 1362 1927 est
1390 1887 1513 1942 qua:
1545 1887 1674 1927 vere
1710 1881 1795 1926 est
1824 1870 2062 1943 veritas:

2173 1869 2224 1936 γ’
2242 1864 2335 1921 οὖν
2367 1869 2637 1923 ἀνέτειλεν
2666 1872 2699 1940 ή
2724 1846 2892 1934 όντως
2916 1868 3203 1941 ἀλήθεια.]
3238 1888 3259 1920 ι
3298 1868 3405 1923 Καὶ
3433 1868 3705 1937 δικαιοσύνη

501 1984 519 2015 ι
562 1966 629 2020 Ει
654 1964 870 2035 justitia
897 1965 965 2020 de
994 1965 1136 2021 coelo
1168 1964 1470 2035 prospexit.
1513 1983 1532 2016 ›
1573 1962 1818 2037 [Justum
1849 1964 1916 2019 de
1947 1964 2062 2018 uni-

2173 1962 2237 2012 ὲκ
2267 1958 2359 2012 τοῦ
2415 1960 2648 2031 ούρανοῦ
2692 1961 2971 2031 διέκυψεν.
3011 1980 3029 2013 ι
3074 1960 3153 2033 [⁸⁸
3188 1961 3253 2014 Ἦ
3300 1958 3473 2013 δικαία
3517 1959 3601 2011 ἐπὶ
3635 1959 3708 2011 τὸν

495 2057 681 2128 genito
730 2056 873 2111 Filio
916 2056 1097 2112 Patris
1147 2056 1527 2111 testimonium
1580 2056 1747 2111 illud:
1784 2075 1802 2107 ι
1842 2054 1943 2111 Hic
1988 2064 2062 2111 est

2176 2051 2445 2122 μονογενῆ
2483 2052 2609 2106 Υἱὸν
2637 2052 2732 2106 τοῦ
2778 2054 2993 2124 Πατρδς
3041 2052 3317 2125 μαρτυρία
3340 2067 3354 2082 ⁶
3386 2054 3420 2123 ἡ
3442 2052 3705 2121 φάσκουσα,

494 2147 663 2203 Filius
682 2147 1106 2215 meusdilectus,
1126 2147 1178 2201 in
1203 2162 1312 2217 quo
1331 2146 1727 2217 beneplacitum
1746 2145 1922 2202 habeo
1945 2158 2006 2200 ω.
2022 2145 2062 2219 ι]

2178 2137 2402 2219 «Οὗτός
2449 2145 2595 2197 ἐστιν
2646 2146 2674 2197 6
2708 2145 2835 2208 Υἱός
2883 2163 2984 2215 μου
3019 2149 3047 2198 6
3086 2144 3393 2215 ἀγαπητὸς,
3426 2145 3480 2197 ὲν
3522 2136 3561 2210 ᾧ
3588 2144 3702 2196 εὑδό-

492 2238 629 2295 Nam
666 2254 791 2295 cum
822 2239 1075 2294 homines
1108 2241 1397 2295 veritatem
1438 2239 1676 2309 amplexi
1708 2247 1912 2306 essent,
1944 2240 2062 2294 uni-

2171 2250 2337 2303 κησα.
2383 2254 2401 2285 ν
2444 2234 2881 2303 Ἀσπασαμένων
2912 2236 3019 2307 γὰρ
3053 2236 3095 2267 ¹⁷
3118 2235 3217 2308 τὴν
3277 2236 3318 2267 ³⁸
3352 2233 3588 2304 ἀλήθειαν
3620 2233 3707 2285 τῶν

492 2349 782 2391 versorum
837 2334 980 2388 Deus
1015 2331 1217 2400 justam
1268 2346 1458 2386 curam
1514 2331 1737 2386 illorum
1789 2333 1975 2401 gessit,
2017 2340 2062 2386 et

2170 2326 2492 2397 ἀνθρώπων,
2536 2326 2740 2381 τούτων
2774 2328 2992 2381 δικαίαν
3036 2330 3331 2401 ἐποιήσατο
3377 2325 3706 2399 πρόνοιανό¹⁹

493 2424 771 2481 diabolum
834 2421 1122 2493 tyrannide
1182 2420 1363 2490 ejecit,
1426 2417 1516 2491 [et
1564 2419 1757 2475 mortis
1814 2419 2062 2475 stimulos

2170 2417 2275 2471 τῶν
2306 2418 2445 2471 ὅλων
2478 2418 2631 2483 Θεὸς,
2666 2421 2761 2497 καὶ
2788 2420 2880 2473 τὸν
2904 2421 3150 2475 διάϐολον
3180 2422 3284 2490 τῆς
3306 2419 3598 2491 τυραννίδος
3641 2418 3708 2485 ἐξ·

492 2514 781 2585 confregit.
830 2513 946 2567 Hoc
995 2511 1140 2569 enim
1195 2511 1329 2566 dicit
1381 2526 1478 2580 per
1532 2526 1596 2567 ea
1650 2526 1774 2582 quae
1824 2526 2062 2579 sequun-

2170 2510 2381 2574 έδαλεν,
2417 2511 2485 2584 [²⁰
2527 2513 2749 2567 καὶτοῦ
2791 2514 3022 2567 θανάτου
3072 2514 3142 2566 τὰ
3189 2513 3393 2584 κέντρα
3440 2510 3702 2582 συνέτριψε.

492 2606 627 2677 tur.]
2170 2604 2339 2658 Τοῦτο
2363 2605 2472 2677 γάρ
2501 2606 2649 2675 λέγει
2681 2607 2772 2661 διὰ
2802 2608 2912 2661 τῶν
2944 2607 3071 2678 ἑξῆς

568 2697 734 2754 Vens.
788 2698 876 2752 15.
918 2715 937 2748 ι
979 2695 1195 2750 Etenim
1256 2695 1520 2749 Dominus
1567 2694 1715 2750 dabit
1764 2693 2062 2765 benignita-

2240 2701 2329 2763 ιγ’.
2376 2713 2395 2746 ι
2429 2697 2539 2749 Kal
2562 2698 2672 2769 γὰρ
2702 2698 2730 2749 6
2764 2697 2967 2769 Κύριος
2994 2696 3152 2751 δώσει
3172 2696 3515 2768 χρηστότητα
3534 2696 3573 2727 ἰ
3596 2712 3609 2728 ·
3632 2695 3708 2747 καὶ

492 2802 626 2855 tem,
668 2802 722 2845 ct
775 2800 921 2843 terra
957 2796 1148 2842 nostra
1196 2786 1349 2841 dabit
1390 2784 1630 2840 fructum
1676 2800 1859 2841 suum.
1897 2803 1916 2837 ι
1957 2783 2062 2841 Hac

2170 2789 2199 2857 ἡ
2226 2789 2295 2858 γῆ
2313 2787 2469 2858 ήμῶν
2494 2788 2655 2843 δώσει
2688 2790 2781 2844 τὸν
2812 2789 3024 2859 καρπὸν
3049 2791 3253 2860 αὐτῆς.
3271 2809 3289 2841 ι
3316 2788 3395 2859 Τῇ
3420 2788 3549 2858 αὐτῇ
3576 2786 3709 2839 πάλιν

491 2885 679 2941 eadem
714 2898 909 2939 rursus
942 2880 1328 2951 conjunctione
1374 2894 1508 2934 usus
1539 2888 1659 2946 est;
1708 2879 1849 2933 dixit
1897 2879 2062 2944 enim,

2170 2879 2435 2951 ἐχρήσατο
2466 2881 2700 2951 συζυγίᾳ
2731 2895 2743 2910 °
2780 2880 2883 2951 ἔφη
2923 2881 3030 2951 γὰρ
3060 2882 3127 2944 η,
3159 2880 3253 2933 τὸν
3296 2878 3394 2950 μὲν
3422 2878 3546 2931 Θεὸν
3574 2878 3711 2943 οἴκτῳ

492 2977 867 3034 misericordia
898 2984 955 3030 et
981 2974 1317 3045 benignitate
1354 2972 1525 3026 Deum
1555 2986 1711 3025 usum
1742 2986 1884 3037 esse,
1920 2971 2062 3040 ipsos

2170 2973 2264 3024 καὶ
2316 2972 2697 3045 φιλανθρωπίᾳ
2750 2974 3082 3044 χρήσασθαι,
3124 2973 3326 3036 αὐτοὺς
3357 2971 3414 3025 δὲ
3454 2970 3527 3040 τῷ
3555 2969 3655 3038 Θεῴ
3674 2970 3710 3000 ’³

489 3087 621 3129 vero
646 3077 1038 3143 congruentem
1069 3067 1312 3122 fructum
1338 3067 1447 3121 Deo
1474 3066 1755 3121 oblaturos
1781 3080 1922 3121 esse.
1950 3064 2062 3121 Non

2170 3064 2257 3116 τὸν
2310 3066 2567 3135 προσφυᾶ
2597 3067 2911 3137 προσοίσειν
2945 3066 3178 3137 καρπόν.
3211 3066 3292 3118 Οὐ
3327 3066 3435 3137 γὰρ
3463 3064 3711 3134 εὐετηρίαν

492 3167 641 3221 enim
675 3163 892 3235 frugum
930 3161 1321 3217 abundantiam
1369 3174 1465 3228 per
1503 3158 1618 3213 liaac
1651 3157 2062 3225 demonstravit,

2170 3156 2258 3209 διὰ
2312 3156 2516 3210 τούτων
2564 3158 2857 3229 ἐδήλωσεν,
2889 3157 3024 3212 ἀλλὰ
3050 3159 3096 3190 ’⁵
3128 3158 3230 3228 τήν
3262 3156 3611 3227 καρπογονίαν
3632 3154 3712 3223 τῆς

492 3260 588 3316 sed
621 3259 837 3314 virtutis
873 3256 1133 3312 fructum.

2170 3247 2389 3318 ἀρετῆς.

565 3352 781 3422 1208
803 3349 971 3405 Vens.
998 3349 1085 3403 Η.
1118 3367 1136 3399 ι
1161 3346 1382 3403 Justitia
1405 3357 1530 3401 ante
1552 3361 1677 3401 eum
1701 3345 2059 3400 ambulabit.»

493 3442 789 3515 [Nimirum
828 3439 1088 3494 Joannes.
1126 3439 1199 3492 De
1232 3439 1335 3491 hoc
1364 3436 1509 3491 enim
1546 3436 1785 3508 loquitur
1813 3437 2067 3492 Habacuc

492 3533 782 3604 pr0pheta,
809 3532 1001 3586 dicens
1036 3548 1049 3583 :
1086 3550 1102 3581 ι
1133 3530 1351 3585 Faciem
1382 3529 1505 3597 ejus
1526 3530 1795 3598 praecedet
1818 3529 2063 3592 verbum,

489 3636 545 3679 et
572 3624 887 3695 egredietur
926 3622 995 3677 ad
1046 3621 1210 3691 pedes
1256 3621 1410 3691 ejus,
1464 3620 1533 3675 ad
1586 3620 1929 3691 disciplinam
1955 3631 2002 3676 ιι.
2040 3639 2059 3673 ι

490 3717 567 3773 lta
606 3731 826 3788 quoque
859 3715 1155 3770 Zacharias
1204 3714 1269 3770 ad
1310 3713 1482 3769 tilium
1526 3729 1690 3770 suum
1722 3714 1897 3769 dicit:
1935 3731 1954 3765 ι
1996 3713 2065 3769 Ει

488 3820 569 3873 tu,
605 3810 865 3880 puerule,
923 3810 1070 3864 ﬁlius
1108 3807 1382 3863 Altissimi
1426 3808 1754 3864 vocaberis:
1791 3808 2063 3878 praecedes

485 3903 630 3958 enim
654 3914 781 3959 ante
813 3902 1008 3958 faciem
1038 3902 1257 3956 Domini
1289 3902 1407 3956 vias
1434 3917 1636 3971 parans
1659 3903 1734 3956 illi
1762 3910 1808 3956 ο.
1848 3921 1867 3956 ι
1898 3901 2064 3956 Recte

488 3998 671 4064 itaque
729 4011 885 4051 mens
942 3995 1219 4066 propheta:
1278 3995 1380 4064 (de
1429 3994 1637 4052 Joanne
1690 3995 1835 4049 enim
1884 3995 2057 4050 dicit:

490 4108 509 4138 ι
551 4086 773 4142 Justitia
827 4096 953 4142 ante
1001 4102 1127 4142 eum
1186 4086 1511 4153 ambulabit,
1551 4097 1606 4141 et
1660 4098 1820 4153 ponet
1868 4087 1920 4141 in
1972 4087 2060 4140 via

486 4191 713 4245 gressus
745 4192 899 4243 suos,
940 4197 957 4229 ι
998 4193 1095 4246 pro
1123 4192 1189 4232 eo
1227 4180 1373 4246 quod
1404 4177 1629 4245 dicitur,
1677 4179 1941 4235 Dominus
1975 4194 2056 4247 es,

483 4283 575 4338 qui
642 4269 805 4322 homo
859 4267 1038 4323 factus
1088 4285 1184 4336 es,
1248 4269 1386 4325 Dens
1434 4269 1711 4343 Verbum)
1768 4274 2057 4343 utriusque

481 4360 702 4415 exhibet
734 4362 1164 4431 praedictionem.
1206 4361 1435 4418 Joannis
1466 4366 1610 4419 enim
1652 4374 1735 4421 est
1763 4382 1867 4421 vox
1905 4372 2007 4422 ista
2038 4385 2051 4420 :

2170 4382 2185 4433 5
2235 4380 2661 4451 ὲνανθρωπήσας
2690 4360 2835 4448 θεὸς
2878 4386 3096 4459 Λόγος)
3136 4390 3245 4442 τῶν
3286 4360 3603 4461 ἀμφοτέρων
3626 4386 3708 4457 τὴν

485 4470 504 4503 ι
542 4451 645 4518 Qui
675 4464 801 4523 post
832 4470 920 4510 me
950 4458 1118 4522 venit,
1148 4466 1275 4512 ante
1313 4473 1400 4512 me
1440 4457 1561 4526 fuit,
1595 4461 1723 4531 quia
1774 4463 1925 4533 prior
1952 4463 2055 4518 fuit

2170 4469 2482 4542 πρόρρησιν.
2527 4472 2774 4528 Ἰωάννου
2818 4476 2926 4546 γάρ
2967 4451 3089 4533 γὲστί
3142 4481 3298 4551 φωνὴ
3328 4451 3404 4534 ’τό
3453 4451 3516 4534 ’0.
3556 4451 3706 4532 ὀπίσω

481 4560 566 4599 me
597 4554 645 4599 ι).
688 4564 706 4597 ι
746 4545 812 4600 Et
843 4557 901 4601 ut
932 4548 1123 4616 paucis
1152 4548 1328 4604 dicam
1356 4565 1371 4605 :
1409 4567 1427 4600 ι
1457 4548 1560 4615 Εη,
1604 4552 1802 4623 inquit,
1836 4558 2048 4625 Agnum

2170 4577 2262 4629 μου
2304 4562 2599 4633 ἐρχόμενος
2642 4545 2952 4637 ἔμπροσθέν
2985 4587 3085 4640 μου
3125 4545 3372 4640 γέγονεν,
3414 4574 3493 4625 ὅτι
3519 4571 3705 4643 πρῶτός

478 4634 571 4690 Dei
590 4638 683 4706 qui
704 4638 842 4693 tollit
868 4649 1146 4710 peccatum
1173 4642 1357 4697 mundi
1384 4642 1669 4714 Ροίι.»]ιιΕι
1696 4654 1861 4714 ponet
1882 4648 1935 4700 in
1966 4648 2049 4703 via

2170 4671 2261 4720 μου
2288 4649 2376 4725 ἦν.
2416 4674 2434 4706 ι
2475 4657 2585 4709 Καὶ
2614 4657 2701 4712 ἴνα
2743 4660 2978 4714 συνελὼν
3006 4664 3165 4730 εἴπω,
3207 4684 3225 4716 ι
3262 4666 3368 4719 Ἴδε
3396 4669 3424 4719 6
3446 4665 3605 4736 ἀμνὸς
3626 4660 3704 4714 τοῦ

476 4742 698 4795 gressus
728 4747 883 4785 suos-
922 4751 941 4783 ι
979 4730 1179 4787 Psalmi
1216 4732 1561 4802 potissimum
1598 4735 1721 4790 ﬁnis
1754 4738 2045 4794 manifesto

2170 4744 2335 4797 95066
2364 4746 2643 4819 αἴρωντὴν
2665 4753 3045 4822 ἀμαρτίαντοῦ
3078 4758 3399 4827 κόσμου.»]ι
3436 4730 3540 4813 καὶ
3570 4757 3703 4824 θήσει

2242 3362 2324 3417 ιδ’.
2373 3381 2392 3413 ι
2428 3364 2757 3433 Δικαιοσύνη
2812 3366 3044 3419 ἐνώπιον
3076 3368 3122 3399 ’⁸
3156 3365 3329 3420 αὑτοῦ
3379 3362 3712 3437 προπορεύσε·

2167 3472 2308 3508 ται.»
2332 3453 2400 3526 [³⁸
2424 3455 2482 3508 Ὀ
2515 3457 2765 3527 Ἰωάννης
2794 3457 3015 3529 δηλαδή.
3041 3459 3175 3530 Περὶ
3193 3458 3307 3528 γὰρ
3324 3457 3507 3513 τούτου
3540 3457 3713 3528 Ἀμῆα-

2168 3547 2312 3619 κοὺμ
2347 3550 2375 3601 6
2423 3550 2713 3621 προφήτης
2742 3552 2895 3619 φησὶ,
2925 3570 2942 3601 ι
2961 3551 3076 3622 Πρὸ
3113 3553 3411 3623 προσώπου
3440 3552 3614 3617 αὑτοῦ,
3640 3550 3712 3601 λέ-

2166 3656 2298 3707 γων,
2353 3639 2683 3710 πορεύσεται
2726 3643 2906 3710 λόγος,
2942 3644 3037 3696 καὶ
3092 3644 3439 3711 ἐξελεύσεται
3496 3647 3568 3709 εἰς
3608 3661 3713 3698 παι-

2164 3732 2315 3786 δείαν
2364 3733 2506 3787 κατὰ
2551 3734 2717 3799 πόδας
2766 3735 2952 3789 αὐτοῦ.
2992 3755 3011 3788 ι
3060 3736 3297 3808 Ὁμοίως
3336 3740 3431 3792 καὶ
3470 3737 3712 3808 Ζαχαρίας

2165 3822 2301 3892 πρὸς
2330 3824 2421 3877 τὸν
2444 3824 2638 3878 ἑαυτοῦ
2668 3826 2830 3879 παῖδα
2851 3843 2864 3856 '
2895 3846 2912 3877 ι
2946 3828 3054 3880 Καὶ
3080 3829 3164 3892 σὺ,
3198 3829 3437 3893 παιδίον,
3460 3830 3712 3900 προφήτης

2177 3914 2431 3983 Ὑψίστου
2466 3916 2710 3988 κληθήσῃ
2732 3933 2745 3946 ⁸
2769 3920 3118 3991 προπορεύσῃ
3160 3920 3273 3991 γὰρ
3312 3921 3419 3991 πρὸ
3452 3920 3709 3991 προσώπου

2163 4008 2366 4077 Κυρίου
2418 4010 2727 4078 ὲτοιμάζων
2766 4011 2918 4077 ὀδοὺς
2972 4013 3142 4085 αὐτῷ.
3184 4032 3203 4067 ι
3257 4015 3456 4079 Καλῶς
3501 4014 3587 4069 οὖν
3615 4013 3708 4082 ἔχει

2159 4100 2205 4151 6'
2243 4102 2580 4173 προφητικὸς
2633 4102 2759 4167 νοῦς
2816 4106 2964 4176 (περὶ
3016 4107 3110 4160 τοῦ
3149 4106 3399 4163 Ἰωάννου
3442 4109 3561 4179 ἔφη,
3595 4111 3707 4160 «Δι-

2161 4193 2422 4263 καιοσύνη
2493 4194 2729 4250 ἐνώπιον
2780 4199 2946 4252 αὐτοῦ
2992 4203 3431 4273 προπορεύσεται
3463 4204 3553 4257 καὶ
3578 4203 3707 4273 θήσει

2159 4288 2238 4350 εἰς
2268 4287 2385 4340 ὁδὸν
2428 4288 2498 4342 τὰ
2543 4289 2856 4361 διαϐήματα
2883 4293 3070 4359 αὑτοῦ,
3112 4314 3130 4347 ι
3154 4296 3278 4350 ἀντὶ
3308 4297 3425 4364 τοῦ,
3454 4298 3642 4368 Κύριος
3667 4289 3711 4345 εἴ

561 4946 603 4988 1‘
642 4951 840 5020 Ephes.
862 4955 1046 5020 11,”.
1139 4966 1177 4993 τη
1216 4958 1405 5014 Matth.
1449 4978 1541 5029 ιιι,
1592 4963 1673 5018 ΓΙ.
1758 4974 1784 4999 η
1826 4963 2028 5020 llabac.
2073 4983 2154 5031 ιιι,
2194 4968 2247 5021 5.

2325 4979 2349 5005 °
2390 4971 2524 5028 Luc.
2572 4991 2609 5037 ι,
2647 4975 2735 5029 76.
2777 4975 2935 5033 Joan.
2978 4979 3112 5041 ι,15
3185 4990 3266 5030 rs
3309 4981 3442 5036 ibid.

1572 5160 1798 5218 VARle
1832 5165 2216 5225 LECTIONES
2250 5171 2335 5226 ET
2359 5173 2587 5229 ΝΟΤᾹΞ.

545 5340 589 5367 ³⁵
624 5337 709 5391 Ὀ.
763 5338 881 5391 eod.
924 5340 958 5420 ί⁸
1010 5340 1092 5395 τό.
1171 5344 1213 5375 ³⁵
1240 5342 1278 5396 Ε
1306 5344 1424 5396 cod.
1459 5345 1479 5397 l
1521 5346 1585 5399 ad
1615 5348 1771 5417 cujus
1803 5352 2062 5420 marginet

563 5407 697 5445 “N7
752 5407 1029 5445 DnelnI-Inr
1066 5413 1094 5445 Ι.
1149 5414 1160 5445 I
1215 5425 1551 5445 ειη-...υιηιιηη
1584 5419 1660 5445 .m:
1690 5422 1975 5445 .......\....:....
2004 5422 2054 5445 ε..

2170 5358 2794 5445 LEP°EPPE“.“'lS?ts'*.(€
2850 5371 2911 5445 et
2938 5376 3016 5445 κβ-
3050 5363 3125 5417 De
3157 5366 3325 5445 Ρείοεί
3360 5365 3504 5445 cm!!-
3536 5364 3697 5445 ιιαὲεὲ

352 5469 356 5473 ,
469 5407 719 5503 θελοιίῖ.
752 5407 1029 5503 gestemur
1064 5413 1116 5503 lt.
1147 5414 1182 5503 l:
1215 5407 1978 5503 ven"steterit.rgi‘pt'oposit‘ge
2004 5422 2057 5476 in

2170 5407 2274 5503 ira
2290 5407 2821 5503 νμιρινμττῗίξξέεῑατοί).
2852 5407 3029 5487 eam.
3050 5407 3125 5503 3:
3154 5407 3325 5499 an;
3536 5407 3583 5435 ν·

620 5480 789 5575 ίοηςτ
822 5479 975 5575 Γιξρσ
1161 5485 1454 5575 {mein-
1533 5485 1574 5517 ιο
1611 5477 1728 5555 ne
1755 5477 2093 5575 έεούτειηε.
2310 5477 2824 5571 ι-γάφδβώςτῖυτνντεθςι
2867 5477 3126 5573 esset;
3159 5477 3413 5575 sesc:
3448 5477 3523 5537 νίς
3562 5477 3695 5557 76-:

469 5548 630 5612 Θεός.
664 5549 785 5603 cod.
822 5551 845 5602 1
892 5553 925 5602 ό
954 5552 1135 5623 σωτὴρ
1157 5556 1231 5608 ὼ;
1263 5548 1682 5623 φίλάνθρωπος.’
1772 5560 1816 5590 ¹⁰
1839 5558 1880 5612 Ε
1909 5566 2031 5617 cod.
2060 5589 2062 5594 λ

469 5615 577 5657 llr-lin
652 5621 751 5657 nnal
822 5620 857 5657 ἦ
905 5624 1085 5657 pri-Ann»
1184 5626 1228 5656 18
1259 5624 1347 5657 Ἰνιτ.
1383 5626 1503 5657 om:
1559 5630 1710 5657 Λευ.-.
1748 5646 1773 5657 ,ι
1808 5632 1905 5657 ,ιλιι
1958 5635 1978 5657 Α

2170 5548 2453 5657 ,τι
2474 5548 2818 5654 enim:
2843 5548 3408 5657 dTinE'éikso'r'ila'iiii
3483 5577 3527 5657 ιτ

465 5620 873 5715 mmet}.
901 5620 1138 5715 re???)
1171 5620 1715 5715 11⁷’ίῑιθεέῐξκλυεει
1747 5646 1775 5683 ιι
1807 5632 1927 5715 ced-
1957 5635 2008 5687 ί·
2049 5704 2061 5715 .

2170 5620 2464 5715 me;
2493 5620 2978 5715 ἀλοῖεξῆξῖτειοῑίςι
2999 5620 3694 5715 inﬂexaﬂexa:

1288 5697 1578 5782 ’si;‘a61:6v
1620 5702 1985 5782 πιστευόντων
1999 5704 2104 5782 *τὸν
2123 5710 2358 5782 Δκαρπὸν
2423 5686 2978 5782 προεσήμανεῖνὲετὶ
3026 5686 3691 5778 verrit-12m”;-

461 5756 562 5879 sgf]
611 5756 789 5879 garum
867 5763 957 5829 qui
1004 5765 1223 5817 credunt
1281 5756 1510 5834 fructum
1568 5770 1912 5838 prwdictione
1965 5756 2351 5846 sigla/55559."
2395 5756 2822 5837 *°“it'écf."‘ié'c'ﬁo
2867 5756 3695 5841 TK]."'ééi'lﬁvlioi'w""u't;
