3936 6488
246 324 380 392 1553

1524 334 1608 394 ΙΝ
1647 333 1857 393 PSAL.
1908 333 2186 395 LXXXV.

3362 305 3501 397 1551

239 444 317 505 είς
360 439 481 493 ὁδὸν
526 439 596 493 τὰ
633 440 947 512 διαδήματα
993 441 1182 498 αὐτοῦ.
1224 462 1242 496 ι
1283 444 1357 497 Τὸ
1397 444 1548 508 τέλος
1584 442 1857 514 μάλισταγ

1943 458 2025 496 tos
2071 442 2229 496 docet
2269 440 2417 495 hanc
2477 438 2926 495 vaticinationem
2981 454 3328 495 communem
3381 457 3504 495 om-

238 532 329 587 τοῦ
382 531 602 604 ψαλμοῦ
648 533 897 589 διδάσκει
929 537 1077 606 ἡμᾶς
1107 538 1313 607 σαφῶς,
1368 539 1445 601 ὡς
1482 539 1580 609 τὴν
1632 536 1818 605 κοινὴν

240 626 454 678 πάντων
491 624 793 696 ἀνθρώπων
825 627 1080 698 προλέγει
1107 630 1435 701 σωτηρίανή
1473 628 1816 698 προκειμένη

240 717 566 785 προφητεία.
616 719 782 788 Λέγει
834 719 965 793 γὰρ,
1001 721 1086 775 ὅτι
1126 721 1441 793 δικαιοσύνῃ
1476 719 1760 792 χρώμενος
1790 720 1820 772 6

240 808 537 880 Δεσπότης.
572 805 684 863 οἷόν
713 828 797 875 τις
833 811 1062 882 ξεναγὸς
1097 813 1197 883 τῆς
1224 814 1504 885 ἡμετέρας
1533 814 1577 844 ’⁷
1605 814 1822 882 ἡγεῖται

240 900 464 969 πορείας
501 901 568 967 ’⁸,
621 901 827 973 τρίϐων
874 902 975 973 τῆς
1005 904 1209 973 ἀρετῆς
1252 905 1353 973 τὴν
1400 904 1539 965 ὁδὸν,
1586 904 1822 965 καὶτοῖς

206 988 463 1067 ὀἰκείοις
515 990 690 1060 ἴχνεσι
732 991 899 1063 δήλην
942 993 1151 1063 ταύτην
1179 994 1224 1025 ²⁹
1257 995 1389 1064 ἡμῖν
1430 991 1820 1063 ἐργαζόμενος.

244 1081 458 1136 Βεόαιοῖ
480 1081 539 1135 δὲ
574 1083 668 1138 τὸν
687 1082 845 1152 λόγον
869 1085 1031 1148 αὐτὸς
1060 1087 1090 1138 6
1110 1087 1410 1156 Δεσπότης,
1436 1084 1531 1137 νῦν
1564 1083 1665 1155 μὲν
1686 1084 1822 1153 πρὸς

239 1175 325 1226 τὸν
366 1175 623 1243 Ἰωάννην
652 1176 722 1237 ³⁸,
754 1196 773 1228 ι
818 1178 990 1245 Ἄφες
1011 1177 1135 1248 ἄρτι
1158 1195 1171 1208 ·
1205 1177 1349 1230 οὕτω
1378 1177 1486 1246 γὰρ
1514 1178 1555 1208 ³³
1581 1177 1663 1229 δεῖ
1688 1174 1825 1245 πλη-

240 1265 484 1338 ρωθῆναι
528 1268 710 1321 πᾶσαν
742 1268 1090 1341 δικαιοσύνην
1120 1270 1164 1301 ³²
1190 1285 1205 1298 '
1245 1288 1265 1322 ι
1323 1268 1419 1323 νῦν
1450 1270 1507 1323 δὲ
1535 1269 1673 1339 πρὸς
1697 1267 1826 1331 τοὺς

240 1360 473 1425 οἰκείους
528 1360 814 1432 μαθητὰς*
847 1380 868 1415 ι
917 1363 1135 1418 Μάθετε
1187 1363 1283 1416 ἀπ’
1335 1362 1491 1433 ἐμοῦ,
1533 1361 1615 1414 ὅτι
1650 1359 1826 1431 πρᾷός

239 1454 373 1519 εἰμι,
415 1452 513 1506 καὶ
567 1453 825 1518 ταπεινὸς
865 1457 932 1526 τῇ
983 1455 1206 1526 καρδίᾳ,
1260 1454 1356 1507 καὶ
1396 1453 1659 1524 εὑρήσετε
1688 1451 1825 1505 ἀνά-

241 1560 440 1597 παυσιν
501 1546 622 1609 ταῖς
676 1545 878 1616 ψυχαῖς
930 1545 1104 1616 ὑμῶν.
1148 1565 1166 1596 ι
1215 1544 1443 1599 Ἀλλοτε
1489 1544 1535 1575 ³³
1563 1542 1620 1595 δὲ
1666 1540 1826 1610 νίψας

238 1636 418 1689 αὐτῶν
456 1638 585 1701 τοὺς
636 1637 823 1704 πόδας,
892 1638 1013 1708 μεθ’
1061 1638 1224 1707 ἔτερα
1261 1638 1358 1690 καὶ
1399 1634 1573 1689 ταῦτα
1597 1633 1702 1705 ἔφη
1732 1633 1779 1665 ³⁸
1812 1651 1825 1664 ·

244 1748 260 1778 ι
307 1729 455 1795 Ἐγὼ
487 1731 533 1761 ³⁸
580 1730 609 1782 6
638 1730 844 1802 Κύριος
884 1731 984 1785 καὶ
1028 1732 1056 1784 6
1086 1729 1414 1793 διδάσκαλος
1469 1728 1629 1798 ἔνιψα
1674 1726 1828 1798 ὑμῶν

238 1823 362 1883 τοὺς
394 1822 563 1885 πόδας
590 1839 604 1855 ο
642 1822 946 1898 ὑπόδειγμα
976 1823 1020 1855 ⁸⁸
1050 1824 1160 1894 γὰρ
1189 1821 1369 1876 ἔδωκα
1391 1823 1521 1893 ὑμῖν
1541 1861 1556 1884 ,
1582 1821 1670 1875 ἵνα
1699 1819 1831 1874 καθ-

1929 534 2081 587 nium
2114 532 2359 601 gentium
2387 531 2618 586 salutem
2643 531 2960 602 praecinere.
2988 531 3132 589 Dicit
3158 535 3305 588 enim
3357 533 3505 605 quod

1921 626 2189 681 Dominus
2222 625 2439 695 justitia
2488 634 2672 690 utens,
2725 624 2897 680 veluti
2949 624 3170 696 quidam
3225 624 3503 696 hospitum

1920 717 2052 781 dux,
2102 716 2275 771 nostri
2326 715 2541 771 itineris
2579 715 2688 770 dux
2722 715 2816 779 sit,
2860 714 3079 770 virtutis
3128 715 3270 769 viam
3300 723 3502 781 terens,

1923 815 1979 862 et
2001 807 2247 876 vestigiis
2281 807 2399 861 suis
2432 806 2576 861 hanc
2606 815 2852 876 apertam
2882 806 3044 861 nobis
3078 806 3334 862 reddens.
3363 806 3507 862 Con—

1924 899 2104 955 ﬁrmat
2132 909 2316 954 autem
2352 900 2467 970 ipse
2502 898 2770 955 Dominus
2799 898 2948 955 hunc
2973 913 3309 963 sermonem,
3341 899 3507 955 modo

1924 992 2142 1063 quidem
2196 989 2393 1046 Joanni
2449 990 2684 1047 dicens:
2722 1009 2740 1041 ι
2779 990 2908 1046 Sine
2972 991 3171 1057 modo,
3234 991 3318 1047 sic
3362 992 3506 1047 enim

1925 1093 2138 1153 oportet
2170 1082 2387 1153 impleri
2434 1095 2656 1137 omnem
2704 1081 2977 1151 justitiam
3007 1092 3068 1148 r;
3107 1100 3125 1132 ι
3166 1083 3331 1138 modo
3377 1097 3508 1138 vero

1926 1173 2160 1244 propriis
2187 1174 2303 1229 suis
2330 1173 2617 1244 discipulis
2649 1191 2662 1226 :
2698 1189 2717 1224 ι
2759 1173 2961 1229 Discite
2990 1189 3019 1228 a
3053 1189 3141 1229 me
3197 1174 3326 1244 quia
3356 1175 3508 1229 mitis

1926 1280 2072 1328 sum,
2102 1274 2155 1320 et
2192 1265 2419 1319 humilis
2459 1263 2650 1327 corde,
2684 1273 2739 1319 et
2773 1265 3062 1320 invenietis
3110 1266 3352 1335 requiem
3389 1265 3509 1319 ani-

1925 1357 2121 1411 mabus
2151 1356 2345 1411 vestris
2369 1362 2415 1411 '.
2461 1374 2480 1409 ι
2525 1357 2677 1412 Alias
2728 1373 2856 1412 vero
2900 1373 3026 1413 cum
3075 1357 3289 1429 1209
3318 1372 3507 1412 eorum

1926 1449 2092 1519 pedes
2122 1449 2365 1515 lavisset,
2402 1460 2526 1519 post
2556 1450 2663 1505 alia
2692 1459 2747 1505 et
2801 1451 2914 1505 haec
2964 1450 3105 1505 dixit
3137 1468 3152 1505 :
3190 1468 3208 1501 ι
3248 1451 3359 1522 Ego
3397 1449 3507 1503 Do—

1928 1541 2114 1597 minus
2143 1550 2198 1596 et
2238 1542 2501 1613 magister
2534 1543 2643 1597 lavi
2693 1543 2859 1613 pedes
2904 1553 3118 1599 vestros
3149 1561 3162 1597 :
3197 1544 3509 1614 exemplum

1928 1634 2072 1689 enim
2105 1632 2228 1689 dedi
2260 1635 2438 1700 vobis,
2491 1638 2509 1658 ‘
2541 1644 2600 1689 ut
2635 1635 3098 1703 quemadmodum
3151 1636 3315 1701 facio,
3353 1635 3427 1690 ita
3459 1646 3514 1689 ct

1931 1740 2029 1781 vos
2065 1725 2379 1782 faciatis“.
2418 1742 2436 1778 ι
2477 1726 2596 1796 Ipse
2636 1727 2802 1797 igitur
2838 1728 3049 1796 primus
3094 1726 3321 1797 justitize
3365 1728 3507 1780 viam

1932 1819 2218 1890 ingressus
2249 1830 2352 1883 est,
2385 1829 2441 1875 et
2481 1820 2717 1875 mutavit
2758 1820 3036 1890 obliquam
3077 1821 3129 1874 in
3180 1829 3419 1883 rectam,
3461 1830 3515 1871 et

236 1912 309 1975 ὼς
349 1917 497 1967 ποιῶ
527 1915 597 1980 ³⁷,
660 1917 755 1969 καὶ
789 1917 947 1987 ὑμεῖς
975 1916 1189 1987 ποιῆτε.
1224 1935 1244 1969 ι
1280 1915 1453 1979 Αὐτὸς
1483 1914 1664 1969 τοίνυν
1696 1912 1829 1984 πρό-

1943 1926 2185 1981 asperam
2216 1911 2271 1965 in
2304 1911 2424 1965 vias
2456 1911 2671 1980 planas,
2713 1920 2768 1966 et
2796 1910 2973 1965 lactus
2996 1923 3080 1967 est
3106 1912 3268 1966 nobis
3306 1912 3417 1976 via,
3456 1920 3515 1963 ut

237 2023 398 2078 τερος
443 2007 680 2062 ὥδευσεν
715 2009 817 2082 τὴν
844 2010 944 2079 τῆς
980 2008 1331 2080 δικαιοσύνης
1362 2008 1503 2073 ὁδὸν,
1538 2007 1635 2060 καὶ
1696 2023 1828 2075 μετ-

238 2097 405 2151 έϐαλε
450 2099 521 2153 τὰ
570 2100 761 2154 σκολιά
806 2102 888 2164 είς
926 2101 1165 2165 εὐθεῖαν,
1193 2102 1289 2155 καὶ
1337 2100 1436 2171 τὴν
1468 2098 1727 2170 τραχεῖαν
1752 2098 1831 2160 εἰς

1936 2004 2114 2071 inquit
2159 2002 2274 2073 ipse
2318 2002 2618 2066 Dominus,
2666 2020 2686 2055 ι
2726 2002 2839 2073 Ego
2870 2019 2992 2059 sum
3036 2004 3141 2070 via,
3185 2004 3427 2070 veritas,
3462 2014 3518 2057 et

1938 2096 2051 2150 vita
2087 2113 2101 2148 :
2137 2110 2297 2150 nemo
2328 2096 2476 2151 venit
2504 2096 2572 2151 ad
2600 2096 2842 2162 Patrem,
2886 2096 2991 2150 nisi
3027 2106 3122 2166 per
3154 2110 3242 2150 me
3269 2098 3314 2150 ί.
3350 2115 3369 2147 ι

237 2192 392 2255 ὁδοὺς
448 2192 618 2258 λείας,
667 2194 762 2246 καὶ
791 2192 1013 2261 γέγονεν
1057 2194 1191 2263 ἡμῖν
1248 2192 1390 2256 ὁδὸς,
1482 2191 1526 2223 ³⁸
1563 2190 1728 2260 φησὶν
1799 2185 1962 2250 αὐτὸς
1987 2189 2016 2240 6
2048 2188 2327 2259 Δεσπότης
2386 2188 2435 2220 ³⁸
2455 2204 2469 2219 ο
2532 2207 2549 2238 ι
2582 2187 2724 2256 Ἑγώ
2743 2188 2790 2219 ⁵⁸
2814 2188 2928 2257 είμι
2959 2186 3152 2260 ήόδὸς,
3192 2188 3288 2240 καὶ
3318 2190 3351 2259 ἡ
3378 2188 3512 2259 ἁλή-

239 2285 362 2339 θεια
394 2284 490 2339 καὶ
516 2287 549 2355 ἡ
571 2286 683 2356 ζωή
709 2301 723 2313 ⁸
749 2285 925 2348 οὐδεὶς
957 2285 999 2316 ⁶¹
1036 2284 1258 2355 ἔρχεται
1286 2284 1424 2355 πρὸς
1449 2284 1540 2337 τὸν
1560 2282 1804 2353 Πατέρα,
1834 2279 1883 2331 εί
1916 2277 1991 2348 μὴ
2012 2277 2080 2332 δι’
2106 2278 2267 2350 ἐμοῦ.
2306 2298 2326 2332 ι

562 2400 827 2455 ΕΡΜΗΝ.
867 2400 1004 2453 ΤΟΥ
1039 2400 1145 2453 ΠΕ¹
1184 2399 1512 2454 ΨΑΛΜΟΥ.

310 2514 332 2546 ι
365 2495 657 2565 Προσευχὴ
697 2492 774 2564 τῷ
808 2492 994 2547 Δαὸίδ.
1028 2512 1046 2544 ι
1098 2493 1156 2545 Ὁ
1206 2491 1306 2561 μὲν
1340 2491 1609 2561 μακάριος
1643 2488 1831 2552 Δαὸἱὸ,

239 2588 389 2640 κατὰ
404 2585 451 2617 ⁸⁸
473 2584 573 2655 τὴν
594 2584 933 2654 ἐπιγραφὴν,
959 2582 1321 2654 προσενήνοχε
1343 2582 1441 2652 τὴν
1463 2580 1771 2650 προσευχὴν
1786 2579 1833 2610 ⁸³

240 2678 317 2748 τῷ
346 2676 599 2749 Δεσπότη
625 2674 745 2746 Θεῷ
760 2674 827 2739 ⁸⁸,
856 2673 1177 2745 ἐπικουρίας
1207 2674 1351 2737 τινος
1380 2674 1690 2727 ἀπολαῦσαι
1721 2672 1836 2726 δεό-

245 2789 434 2842 μενος.
472 2769 838 2843 Προθεσπίζει
883 2769 940 2821 δὲ
974 2769 1069 2822 καὶ
1107 2768 1207 2838 τὴν
1252 2768 1361 2822 τῶν
1390 2766 1700 2838 Ἀσσυρίων
1735 2766 1834 2835 τὴν

244 2863 396 2917 κατὰ
420 2862 522 2932 τῆς
565 2860 920 2931 Ἰερουσαλὴμ
952 2858 1284 2933 προσϐολὴν,
1331 2859 1425 2912 καὶ
1456 2856 1552 2911 τοῦ
1586 2856 1833 2922 Ἐζεκίου

242 2956 366 3009 δὲ“
412 2956 514 3026 τὴν
547 2954 686 3026 πρὸς
730 2953 823 3008 τὸν
872 2952 1004 3006 Θεὸν
1021 2950 1068 2983 ⁸⁸
1112 2952 1324 3006 ἐλπίδα.
1380 2951 1749 3024 Προαγορεὺει
1779 2950 1835 3004 δὲ

243 3050 340 3101 καὶ
390 3047 500 3102 τῶν
547 3046 717 3100 ὲθνῶν
774 3046 1031 3100 ἁπάντων
1082 3044 1180 3115 τὴν
1237 3045 1464 3114 κλῆσιν,
1515 3046 1610 3098 καὶ
1658 3061 1838 3113 σωτη-

249 3157 377 3211 ριαν

312 3231 391 3287 α’.
437 3251 458 3284 ι
494 3232 712 3297 Κλῖνον,
749 3230 943 3302 Κύριε,
981 3231 1041 3285 τὸ
1064 3225 1158 3295 οὖς
1187 3248 1305 3294 σου,
1344 3231 1440 3285 καὶ
1469 3232 1836 3286 ἑπάκουσόνδπ

249 3342 383 3397 μου,
431 3326 515 3379 ὅτι
564 3325 780 3395 πτωχὸς
825 3324 922 3378 καὶ
956 3324 1127 3393 πένης
1162 3325 1279 3395 εἰμὶ
1309 3324 1439 3393 ἐγώ.
1494 3346 1511 3378 ι
1563 3326 1836 3380 Ταπεινοῦ

246 3416 607 3486 φρονήματος
636 3414 737 3483 τῆς
770 3414 1082 3485 προσευχῆς
1127 3415 1189 3468 τὸ
1225 3416 1531 3487 προοίμιον.
1591 3415 1703 3487 Τῆς
1728 3417 1838 3490 γὰρ

2277 2393 2548 2448 ιΝΤΕιιΡ.
2592 2391 2848 2448 PSALMI
2897 2390 3159 2447 LXXXV.

2010 2504 2028 2536 ι
2064 2484 2252 2540 Oratio
2288 2487 2501 2541 Davidi.
2546 2506 2566 2538 ›
2600 2486 2800 2541 Beatus
2832 2486 3057 2557 quidem
3091 2485 3279 2549 David.
3317 2501 3512 2542 secun-

1934 2577 2065 2633 dum
2112 2580 2561 2651 inscriptionem,
2624 2580 3065 2650 deprecationem
3117 2577 3352 2635 Domino
3407 2579 3519 2635 Deo

1935 2670 2152 2736 obtulit,
2201 2686 2358 2739 opem
2408 2671 2647 2741 aliquam
2698 2670 2958 2739 consequi
3010 2669 3314 2739 postulans.
3372 2669 3519 2724 Prte-

1935 2763 2070 2817 cinit
2114 2772 2296 2818 autem
2335 2771 2388 2817 et
2429 2764 2777 2833 Assyriorum
2833 2762 2886 2816 in
2935 2761 3369 2833 Hierosolymam
3414 2762 3519 2817 im-

1936 2865 2158 2927 petum,
2219 2866 2273 2911 et
2313 2856 2560 2911 Ezechiae
2605 2871 2793 2926 spem,
2839 2871 3003 2926 quam
3055 2855 3107 2909 in
3156 2854 3264 2910 Deo
3312 2856 3515 2926 posuit.

1938 2947 2188 3003 Praedicit
2236 2949 2401 3003 etiam
2451 2948 2698 3003 omnium
2753 2948 2996 3019 gentium
3036 2947 3411 3013 vocationem,
3462 2958 3516 3002 et

1938 3043 2198 3097 salutem.

2010 3223 2178 3279 Vsus.
2212 3224 2263 3278 l.
2299 3241 2318 3274 ι
2362 3222 2596 3288 lnclina,
2635 3223 2885 3287 Domine,
2910 3237 3094 3276 aurem
3134 3230 3278 3275 tuam
3301 3263 3315 3287 ,
3351 3231 3517 3277 ctex-
3588 3260 3605 3265 ρ

1939 3317 2067 3372 audi
2125 3332 2230 3381 me,
2285 3317 2546 3388 quoniam
2612 3316 2769 3385 inops
2816 3323 2868 3369 et
2916 3328 3124 3384 pauper
3171 3329 3291 3368 sum
3335 3327 3455 3383 ego.
3497 3333 3514 3364 ι

1939 3407 2240 3463 Exordium
2292 3406 2714 3478 supplicationis
2785 3415 2869 3460 est
2924 3403 3241 3459 humillima:
3297 3404 3517 3457 mentis.

242 3506 601 3577 δικαιοσύνης
650 3506 820 3575 ἄμφω
866 3505 1198 3576 κεκτημένοι
1244 3508 1336 3561 τὸν
1386 3508 1635 3573 πλοῦτον,
1687 3510 1781 3562 καὶ
1811 3511 1838 3562 6

1944 3500 2077 3555 Nam
2112 3510 2339 3573 uterque
2366 3501 2599 3572 justitiae
2635 3499 2856 3555 divitias
2882 3497 3189 3568 possidens,
3222 3506 3276 3552 et
3299 3494 3520 3551 divinus

247 3598 544 3661 θεσπέσιος
577 3597 761 3663 Δαὸὶδ,
810 3597 906 3651 καὶ
937 3597 965 3650 6
995 3596 1301 3668 θαυμάσιος
1320 3597 1364 3631 ⁸³
1409 3599 1674 3664 Ἐζεκίας,
1714 3599 1840 3652 τοῦ-

246 3709 342 3745 τον
381 3692 480 3761 μὲν
507 3690 609 3761 οὐχ
643 3688 853 3760 ἐώρων,
895 3691 977 3752 είς
1009 3689 1066 3743 δὲ
1114 3689 1211 3760 τὴν
1256 3691 1355 3761 τῆς
1402 3691 1618 3759 φύσεως
1650 3693 1841 3745 πενίαν

249 3782 589 3846 ἀπέϐλεπον,
640 3782 736 3836 καὶ
769 3782 863 3837 τὸν
896 3783 1029 3837 Θεὸν
1054 3782 1368 3853 ἠντιϐόλουν
1401 3784 1665 3853 οίκτεῖραι
1707 3783 1843 3837 ταύ-

249 3892 355 3945 την
416 3874 667 3946 πτωχείᾳ
720 3873 1241 3946 συνεζευγμένηνδθ.
1301 3875 1374 3928 Τὸ
1424 3874 1503 3938 δὲ,
1571 3894 1589 3925 ι
1626 3874 1839 3939 Κλίνον,

253 3965 458 4037 Κύριε,
488 3966 550 4020 τὸ
580 3962 673 4031 οὖς
703 3983 818 4030 σου,
865 3986 883 4018 ι
940 3967 1005 4018 ἐκ
1040 3967 1411 4037 μεταφορᾶςδί
1452 3965 1697 4019 τέθεικεν
1737 3969 1839 4038 ἀρ-

256 4057 471 4130 ρώστου
513 4059 718 4122 τινὸς⁸’
767 4058 858 4110 ὑπ’
908 4058 1259 4121 ἀσθενείας⁶³
1295 4056 1730 4129 γεγωνότερονἰ
1776 4059 1838 4111 οὐ

255 4151 560 4220 δυναμένου
608 4150 819 4213 λαλεῖν,
868 4150 964 4202 καὶ
1009 4149 1101 4202 τὸν
1153 4149 1338 4221 ἰατρὸν
1386 4150 1733 4220 προσκλίνειν
1763 4150 1842 4221 τῷ

259 4241 493 4310 στόματι
521 4239 620 4311 τὴν
648 4239 816 4311 ἀκοὴν
832 4239 876 4270 ⁸⁸
908 4238 1328 4308 ἀναγκάζοντος.

333 4334 400 4401 β’.
448 4352 468 4383 ι
496 4332 735 4398 Φύλαξον
781 4332 880 4403 τὴν
922 4332 1103 4404 ψυχήν
1152 4351 1276 4403 μου,
1328 4336 1411 4388 ὃτι
1455 4334 1602 4398 ὅσιός
1644 4338 1776 4407 εἰμι.
1820 4356 1837 4389 ι

260 4424 378 4478 Οὐκ
410 4424 631 4478 ἐναντία
678 4427 705 4476 6
751 4426 1044 4495 Προφήτης
1090 4425 1407 4495 ἐφθέγξατο,
1459 4428 1675 4500 πτωχὸν
1706 4430 1841 4500 ὁμοῦ

264 4517 360 4570 καὶ
384 4518 532 4570 ὅσιον
561 4515 830 4587 ὀνομάσας
850 4517 917 4550 "-
947 4517 1063 4571 ἀλλ’
1097 4518 1285 4590 ἐπειδὴ
1334 4519 1427 4572 καὶ
1455 4514 1610 4585 οὗτος
1661 4522 1842 4575 κάκεῖ-

358 4731 380 4758 τ
421 4719 611 4773 Matth.
658 4734 758 4783 ιιι,
816 4717 900 4773 15.

1942 3593 2133 3658 David,
2182 3602 2237 3649 et
2276 3593 2614 3649 admirabilis
2670 3592 2955 3656 Ezechias,
3007 3592 3107 3647 has
3152 3589 3373 3661 quidem
3410 3605 3517 3644 non

1941 3686 2386 3753 considerabant,
2428 3688 2493 3741 ad
2525 3696 2732 3741 naturae
2761 3701 2890 3739 vero
2921 3692 3297 3755 paupertatem
3344 3682 3519 3751 respi-

1942 3781 2180 3842 ciebant,
2213 3789 2267 3834 et
2300 3779 2467 3834 Deum
2494 3779 2858 3834 obsecrabant
2917 3786 2977 3831 ut
3007 3776 3170 3847 hujus
3202 3785 3523 3846 paupertate

1943 3869 2155 3924 amictae
2205 3871 2551 3925 misereatur.
2607 3868 2822 3938 1210
2860 3866 3170 3927 Caeterum,
3224 3883 3245 3918 ι
3293 3864 3519 3927 lnclina,

1948 3962 2199 4027 Domine,
2234 3975 2424 4016 aurem
2462 3946 2632 4023 tuam,
2675 3959 2853 4028 »,dixit
2883 3974 2978 4028 per
3009 3957 3385 4027 metaphoram
3426 3956 3523 4010 de-

1949 4064 2220 4124 sumptam
2254 4057 2322 4109 ab
2351 4065 2575 4125 aegroto,
2604 4053 2697 4123 qui
2728 4052 2799 4107 ob
2824 4050 3255 4107 imbecillitatem
3286 4064 3395 4103 non
3427 4063 3522 4118 po-

1951 4154 2055 4199 test
2084 4146 2230 4201 clare
2259 4146 2430 4217 loqui,
2476 4156 2530 4200 et
2579 4145 2846 4200 medicum
2891 4143 3056 4215 cogit,
3112 4153 3171 4198 ut
3207 4158 3395 4198 aurem
3440 4143 3521 4195 ori

1951 4237 2073 4305 ejus
2101 4236 2409 4292 admoveat.

2024 4332 2187 4389 Vsus.
2226 4331 2282 4386 2.
2345 4349 2364 4383 ι
2405 4330 2633 4387 Custodi
2681 4332 2925 4386 animam
2981 4346 3157 4384 meam
3188 4371 3203 4395 ,
3266 4329 3524 4399 quoniam

1952 4437 2176 4485 sanctus
2219 4439 2363 4481 sum.
2401 4443 2421 4476 ι
2469 4423 2585 4478 Νοη
2642 4423 2936 4494 pugnantia
2986 4422 3254 4493 Pr0pheta
3314 4422 3527 4476 locutus

1951 4534 2056 4584 est,
2095 4535 2221 4575 cum
2262 4532 2555 4589 pauperem
2587 4516 2751 4571 simul
2781 4523 2838 4571 et
2869 4524 3119 4571 sanctum
3165 4529 3225 4570 se
3268 4513 3525 4568 nomina—

998 4729 1020 4756 ⁸
1064 4718 1251 4773 Matth.
1299 4736 1383 4781 xl,
1425 4719 1513 4773 29.
1592 4723 1651 4759 θ’
1691 4718 1849 4772 Joan.

1943 4734 2016 4781 ut,
2067 4717 2153 4783 H,
2202 4716 2287 4770 l3.
2376 4716 2394 4749 ί
2450 4713 2608 4771 Ioan.
2652 4731 2764 4780 xw,
2819 4713 2872 4769 6.

1370 4879 1599 4935 VARUS
1636 4877 2021 4935 LEC'I‘IONES
2057 4876 2143 4932 ET
2182 4875 2415 4932 NO'UE.

344 5021 387 5057 "
418 5022 538 5076 cod.
579 5022 615 5076 2
648 5019 952 5091 ξεναγωγὺς
979 5018 1086 5091 τῷν
1128 4982 1428 5091 ἡμετέρων·
1508 5019 1554 5049 ’⁸
1582 5022 1718 5091 Ποργ
1754 5018 1877 5091 cod.
1907 5020 1928 5073 1
1961 5037 2102 5087 σωτη

2148 5019 2253 5081 ίας,
2294 5031 2437 5071 ascr.
2454 5023 2633 5070 tamen
2663 5015 2892 5069 lectione
2920 5014 3110 5068 altera.
3188 5016 3232 5047 ”
3274 5018 3522 5084 Ταύτην.

344 5036 383 5057 ι’
418 5036 538 5076 cou.
579 5036 615 5076 'z
648 5036 952 5091 ξεναγωγος
979 5036 1086 5071 των
1128 5036 1428 5089 ημετερων·
1511 5036 1554 5049 -υ
1582 5036 1700 5086 uop
1754 5036 1852 5073 σου

278 5088 399 5143 Des.
451 5092 503 5145 in
534 5094 658 5148 cod.
697 5095 753 5149 2.
829 5092 873 5124 ³ο
903 5088 1212 5156 Ἰωάννην.
1241 5089 1363 5143 cod.
1392 5097 1619 5159 uterque
1657 5090 1781 5143 add.
1813 5091 1857 5141 λε

1961 5036 2253 5120 σωτηριας,
2294 5036 2437 5071 ascr.
2454 5036 2633 5070 tamen
2663 5036 2892 5069 teetwue
2920 5036 3110 5068 altera.
3191 5036 3232 5047 ὐ
3276 5036 3522 5084 ταυτην.

1943 5108 2007 5144 ›ν.
2088 5091 2108 5121 ³
2169 5087 2314 5155 Γάρ.
2356 5087 2539 5159 Abest
2574 5102 2603 5159 a
2654 5087 2775 5139 cod.
2828 5085 2911 5159 2._
2950 5085 3136 5159 “_A_tgc.
3167 5085 3529 5159 codtloixo-

279 5161 489 5230 νομίαν,
546 5177 689 5219 ascr.
744 5175 930 5217 tamen
972 5155 1203 5215 lectione
1234 5162 1403 5214 altera
1479 5155 1843 5214 ³³’Ἃλλοτε.

1943 5162 1995 5213 d.
2019 5160 2054 5212 2
2084 5174 2286 5230 praem.
2311 5156 2425 5211 καί.
2504 5157 2550 5189 ³⁸
2583 5158 2774 5230 Ἔφη.
2814 5155 2934 5230 cod.
2976 5155 3010 5207 2
3040 5155 3207 5230 λέγει2
3283 5156 3523 5230 ³⁸-ᾜγεύ,

279 5232 395 5304 cod.
454 5240 685 5304 uterque

280 5303 398 5355 cod.
448 5302 484 5355 2

284 5388 465 5441 praem.
502 5375 618 5429 καί.

285 5444 448 5498 Abest
494 5458 525 5498 a
566 5445 689 5500 cod.
731 5445 783 5499 1.

285 5520 361 5565 est
383 5516 728 5570 εἰσάκουσον.

738 5247 926 5302 praem.
977 5232 1047 5286 εί.
1148 5231 1196 5263 ³⁸
1241 5230 1546 5301 Ὑπόδειγμ

708 5300 752 5335 π
804 5303 867 5356 '0
919 5302 1246 5368 Δεσπότης.
1297 5300 1523 5357 Αὒθειίθ
1579 5300 1782 5356 οοό.2.

804 5515 850 5547 δ’
886 5516 1071 5582 Θαυμ.
1110 5514 1231 5585 cod.
1265 5514 1299 5565 2
1330 5514 1618 5585 μακάριος.

1547 5248 1605 5284 a.
1663 5232 1782 5284 cod.
1850 5231 1887 5283 2
1950 5222 2136 5297 prtem.
2192 5222 2307 5282 καί.

1579 5302 1677 5331 ΛΛΑ
1727 5300 1760 5331 Ω
1856 5301 1904 5331 ιο
1946 5299 2087 5331 ’,ΡΑ-..ιλ
2154 5302 2251 5331 (and

717 5304 752 5335 "
804 5303 867 5356 '0
919 5303 1246 5368 Δεσπότης.
1297 5303 1465 5357 Abest
1495 5318 1523 5357 a
1579 5303 1782 5356 cod.‘2.
1856 5320 1857 5325 η

717 5375 761 5406 ⁸²
786 5372 969 5429 Κατὰ.
1007 5373 1128 5427 cod.
1163 5373 1199 5424 2
1227 5374 1339 5429 καί.
1414 5373 1462 5405 ⁵⁸
1500 5372 1622 5439 Τὴν
1644 5385 1857 5439 προσει

731 5445 753 5474 Δ
896 5442 943 5474 δι
979 5444 1093 5474 ΨΑ..
1121 5444 1271 5474 aut“
1322 5444 1418 5474 ηηιι
1483 5444 1504 5474 Ι
1554 5444 1616 5474 ρλ
1646 5441 1786 5474 Aer-..

1946 5303 2106 5369 Ἐγώ.
2154 5303 2276 5352 eod.
2313 5303 2336 5351 1
2376 5314 2561 5367 prtem.
2596 5303 2676 5365 εῐρ

1968 5370 2091 5423 Des.
2131 5370 2185 5422 in
2225 5370 2346 5423 cod.
2385 5371 2438 5423 2.
2541 5371 2588 5405 ⁸⁵
2623 5371 2676 5421 ΘΑ

1972 5445 2165 5474 νινε-ΜΛ
2222 5442 2320 5474 ηΛιΙ
2377 5440 2529 5474 Ias-Ir.
2586 5440 2676 5474 νηΐ

979 5444 1093 5496 Τὸν
1121 5444 1288 5496 Θεόν.
1321 5444 1444 5499 cod.
1483 5444 1506 5497 1
1554 5444 1617 5496 τδ
1646 5441 1806 5495 θεῖον.
1883 5442 1928 5473 ⁸⁷
1963 5445 2185 5507 Σωτηρ.
2222 5442 2342 5494 cod.
2377 5440 2553 5495 iadd.
2586 5440 2677 5491 καί
2708 5455 2861 5505 φησι.
2967 5440 3012 5467 ⁸⁸
3047 5440 3178 5490 Hec.
3215 5440 3372 5491 lectio
3394 5440 3449 5491 h.
3486 5440 3525 5493 1.

979 5530 1071 5580 υμ.
1110 5514 1231 5567 cod.
1265 5514 1299 5565 2
1330 5514 1618 5580 μακάριος.
1694 5513 1741 5544 ⁸⁰
1774 5511 1976 5571 Evr-sf.
2010 5512 2130 5566 cod.
2169 5512 2194 5564 1
2230 5511 2353 5580 add.
2379 5511 2490 5563 Καὶ
2536 5510 2708 5580 ἀρχὴν
2740 5511 2839 5578 τῆς
2869 5507 3137 5580 ἁμαρτίας
3188 5506 3525 5580 δεξαμένην·

2413 5230 2456 5261 ³⁷
2484 5222 2799 5313 Ποιῶξοοά.
2825 5226 3072 5326 2'przem‘.
3086 5222 3262 5326 ($123.,
3340 5227 3383 5258 ³⁸

2008 5299 2106 5369 τώ.
2154 5302 2276 5352 eod.
2313 5299 2336 5351 1
2376 5314 2561 5367 prtem.
2596 5297 2781 5365 εἴρηκε
2808 5294 2937 5365 γάρ.
3016 5295 3058 5326 ⁴¹
3086 5294 3314 5361 Οὐδείς.
3346 5298 3466 5352 cod.
3490 5294 3527 5350 ‘2.

2008 5386 2091 5423 res.
2131 5370 2185 5422 in
2225 5370 2346 5423 cod.
2385 5371 2438 5423 2.
2541 5371 2588 5405 ⁸⁵
2623 5367 2761 5432 Θεῷ
2800 5369 2920 5422 cod.
2951 5366 2983 5417 τὶ
3014 5365 3253 5435 Χριστῷ.
3353 5366 3400 5398 ⁸⁸
3432 5369 3525 5421 Δέ.

2967 5436 3012 5467 ⁸⁸
3047 5438 3178 5490 Hec.
3215 5436 3372 5491 lectio
3394 5438 3449 5491 h.
3486 5436 3525 5493 Ι.

288 5585 389 5657 ἀπὸ
410 5585 520 5657 γὰρ
551 5586 644 5639 τοῦ
682 5584 900 5657 πρώτου
952 5577 1276 5657 ἀνθρῴπουϋ
1302 5577 1605 5655 κέκράτητο
1644 5583 1767 5657 διεδ⁸
1781 5587 1857 5653 τῆ.

1943 5583 2166 5657 πυλείας.
2230 5577 2783 5657 βι-ἱηιρετὶοςρέεεαιὶ
2832 5578 3123 5657 subjecta“:
3154 5593 3280 5657 nunt
3332 5577 3452 5657 inde
3495 5594 3530 5631 α

288 5655 450 5720 primo
492 5655 697 5710 homine
729 5655 951 5710 servire
989 5655 1162 5721 coepit.

289 5726 403 5777 cod.
444 5727 596 5779 161:6
629 5727 909 5788 ἀσθενείας
939 5723 1163 5793 πολλῆς.

292 5795 404 5847 cod.
430 5796 463 5849 2
488 5813 612 5852 vero
635 5813 817 5868 praeut.
855 5796 1065 5849 ἑαυτόν.

1239 5655 1280 5684 ⁸¹
1322 5652 1548 5722 Mazagas
1582 5652 1705 5708 cod.
1741 5653 1776 5705 2
1820 5652 1943 5706 add.
1988 5654 2150 5713 τινός.

1242 5724 1286 5755 ⁵⁵
1315 5721 1530 5794 Γεγων.
1558 5725 1680 5779 cod.
1729 5722 1765 5775 2
1804 5722 2199 5793 γενναιότερον.
2276 5723 2321 5753 ⁸³⁵
2351 5724 2467 5777 cod.
2497 5721 2532 5774 ‘2.
2562 5723 2822 5791 ἁνακοήν.

2228 5652 2273 5683 ⁵³
2304 5647 2489 5716 Tarde.
2520 5652 2733 5703 Ahesta
2762 5652 2883 5703 cod.
2921 5649 2974 5701 2.
3071 5647 3116 5677 ⁵³
3161 5647 3278 5698 Ὑπ’
3313 5648 3525 5701 deder.

2276 5723 2321 5753 ⁸³⁵
2351 5724 2467 5772 cod.
2497 5721 2532 5772 ‘2.
2562 5723 2822 5772 ἀνακοήν.
2898 5720 2941 5750 ⁵⁸
2972 5720 3168 5772 Ὀνοιι.
3196 5716 3357 5772 cod.l
3401 5718 3525 5772 add.

3038 5735 3168 5785 νομ.
3196 5734 3357 5774 coo.l
3401 5734 3529 5773 aou.
