3936 6490
482 305 616 372 1555

1460 320 1947 384 TIIEODORETI
1983 326 2322 388 EPISCOPI
2362 329 2731 391 CYRENSIS

3578 340 3693 408 1556

475 421 555 477 vit
587 439 600 476 :
633 422 726 478 sed
758 426 1019 495 quoniam
1043 436 1099 485 et
1129 429 1240 495 hic,
1274 440 1328 486 et
1358 433 1468 499 ille,
1503 436 1688 492 hostes
1726 439 1964 507 injustos
1991 451 2045 496 et

2158 461 2235 507 θος
2282 445 2577 515 πολεμίους
2607 442 2749 516 εἶχον
2780 447 3000 511 ἀδίκους
3027 448 3122 501 καὶ
3170 451 3531 521 παρανόμους,
3565 460 3698 513 οὐδὲν

476 512 695 582 iniquos
730 514 1021 582 habebant,
1059 519 1151 589 qui
1184 521 1330 576 nulla
1361 523 1559 593 injuria
1596 528 1664 581 ab
1701 529 1836 597 ipsis
1868 530 2044 587 aﬂ‘ecti

477 615 658 671 erant,
690 616 745 662 et
784 609 1044 679 injustam
1089 612 1291 668 cmdem
1321 616 1731 676 desiderabant.
1785 621 2046 679 Sanctum

476 709 659 753 autem
680 708 735 754 et
766 702 1006 771 seipsum
1028 712 1082 760 et
1111 704 1398 761 Ezechiam
1424 710 1747 779 nominavit,
1781 715 2047 783 quoniam

478 791 685 845 nullam
728 792 981 849 hostibus
1010 811 1231 851 causam
1269 800 1633 868 praebuerunt.
1676 802 1832 869 Quod
1864 818 2047 860 autem

477 881 630 943 dicit,
658 882 760 936 hoc
790 895 875 938 est
907 903 921 938 :
958 885 1168 955 Pauper
1195 897 1249 942 et
1278 888 1435 956 inops
1471 905 1617 955 sum,
1650 908 1746 961 per
1775 895 2048 964 meipsum

477 981 775 1039 spectatus,
806 982 860 1027 et
892 974 1097 1029 nullam
1132 975 1350 1030 virtutis
1387 980 1795 1047 possessionem
1830 983 2045 1039 habeo:

477 1078 602 1117 cum
658 1066 908 1123 hostibus
956 1083 1087 1124 vero
1124 1081 1496 1140 comparatus,
1546 1085 1771 1130 sanctus
1803 1078 2044 1133 videbor.

477 1157 543 1210 Hi
572 1159 717 1212 enim
748 1159 900 1229 impii
932 1170 985 1216 et
1015 1162 1186 1232 iniqui
1217 1175 1367 1228 sunt,
1395 1182 1496 1235 ego
1519 1183 1647 1223 vero
1669 1169 1746 1223 tui
1777 1170 2051 1241 cognitio-

477 1265 600 1303 nem
639 1252 812 1306 haheo
841 1272 855 1307 :
891 1263 946 1308 et
982 1255 1036 1308 hi
1068 1255 1287 1323 quidem
1320 1259 1524 1328 injuste
1555 1270 1747 1330 petunt
1780 1279 1901 1328 me,
1950 1280 2051 1334 ego

474 1350 657 1396 autem
701 1343 961 1413 injustum
994 1346 1255 1416 impetum
1290 1352 1528 1420 excipio.
1574 1352 1737 1424 [Hice
1770 1364 1953 1409 autem
1981 1356 2050 1410 ad

475 1433 581 1501 hoc
624 1450 797 1505 usque
858 1446 1076 1508 tempus
1126 1449 1180 1494 et
1235 1456 1330 1510 per
1378 1458 1595 1498 omnem
1644 1446 1809 1521 vitam
1852 1448 2053 1502 dixerit

471 1527 656 1595 jusuts
690 1531 944 1598 quisquis
979 1543 1171 1601 praeter
1199 1537 1659 1603 exspectationem
1693 1538 1761 1592 ab
1804 1539 1911 1592 illis
1956 1542 2050 1610 qui

478 1620 616 1675 alios
657 1622 853 1678 ledere
881 1626 1130 1695 cupiunt,
1167 1628 1535 1698 impugnatus.
1566 1628 1699 1695 Quae
1732 1646 1857 1685 cum
1906 1643 2053 1689 recte

2152 538 2250 606 μὲν
2306 538 2439 609 παρ’
2486 538 2666 592 αὐτῶν
2715 540 3120 610 ἠδικημένους,
3171 544 3355 597 ἀδίκου
3404 546 3461 599 δὲ
3510 554 3698 621 σφαγῆς

2148 627 2489 696 ἐφιεμένους.
2520 628 2705 681 Ὅσιον
2733 629 2789 682 δὲ
2821 632 2917 683 καὶ
2936 631 2980 662 ⁸⁷
3012 632 3204 684 ἑαυτὸν
3236 635 3331 687 κατ¹
3361 634 3451 687 τὸν
3479 636 3699 700 Ἐζεκίαν

2148 718 2452 789 ὠνόμασεν,
2494 720 2754 786 οὐδεμίαν
2794 723 2975 776 αἰτίαν
3012 724 3312 789 δεδωκότας
3332 728 3377 757 ⁸⁸
3412 731 3520 791 τοῖς
3564 732 3698 785 πολε-

2152 812 2313 878 μίοις.
2348 814 2413 866 Ὀ
2443 812 2500 865 δὲ
2528 813 2674 882 λέγει
2707 815 2944 868 τοιοῦτόν
2972 818 3115 869 ἐστι·
3154 818 3373 887 Πτωχὸς
3389 820 3434 851 ¹⁹
3463 822 3572 890 εἰμι
3623 828 3701 878 καὶ

2150 904 2323 972 πένης
2350 906 2470 958 κατ’
2500 906 2737 975 ἐμαυτὸν
2763 908 3106 977 κρινόμενος,
3138 910 3230 962 καὶ
3245 910 3291 941 ⁶⁰
3319 911 3571 982 οὐδεμίαν
3593 915 3700 985 ἀρε-

2150 995 2250 1066 τῆς
2282 996 2391 1067 ἔχω
2426 998 2745 1069 περιουσίαν
2773 1015 2787 1028 ·
2836 1002 2949 1063 τοῖς
2986 1000 3173 1071 μέντοι
3219 1001 3503 1072 πολεμίοις
3547 1024 3702 1076 παρα-

2153 1089 2505 1160 ϐαλλόμενος,
2535 1093 2682 1154 ὅσιος
2712 1094 3193 1163 ἀποφανθήσομαι.
3247 1096 3311 1147 Ol
3347 1095 3445 1164 μὲν
3471 1096 3573 1167 γάρ
3596 1098 3704 1152 δυσ-

2153 1180 2333 1245 σεϐεῖς
2377 1184 2472 1237 καὶ
2520 1183 2858 1254 παράνομοι·
2913 1184 3023 1253 ἐγὼ
3074 1185 3132 1238 δὲ
3166 1185 3267 1256 τὴν
3307 1186 3405 1257 σὴν
3439 1188 3705 1252 ἐπίγνωσιν

2152 1273 2259 1344 ἔχω
2280 1289 2294 1303 ⁰
2326 1275 2423 1328 καὶ
2456 1276 2505 1327 οἱ
2532 1275 2629 1345 μὲν
2664 1275 2865 1339 ἀδίκως
2894 1276 3140 1330 ἐπίασιν·
3190 1278 3301 1347 ἐγὼ
3328 1278 3385 1332 δὲ
3415 1280 3511 1350 τὴν
3543 1281 3705 1336 ἄδικον

2154 1366 2573 1437 προσδέχομαι⁶¹
2606 1369 2932 1440 προσϐολήν.
2975 1368 3045 1442 [⁶²
3062 1370 3248 1425 Ταῦτα
3287 1371 3334 1425 δ’
3362 1371 3429 1425 ἂν
3460 1375 3595 1427 εἴποι
3624 1372 3706 1430 καὶ

2156 1458 2316 1528 μέχρι
2360 1457 2455 1511 τοῦ
2486 1460 2754 1530 παρόντος
2790 1461 2884 1514 καὶ
2914 1463 3114 1525 παντὸς
3163 1464 3285 1533 βίου
3320 1466 3349 1516 ὁ
3376 1467 3524 1533 παρά
3553 1468 3608 1520 τὸ
3632 1468 3705 1521 δο·

2153 1551 2284 1604 κοῦν
2314 1550 2461 1621 αύτῷ
2488 1551 2564 1619 τῷ
2592 1551 2786 1623 δικαίῳ
2816 1552 3220 1623 πολεμούμενος
3254 1556 3361 1609 ὑπὸ
3389 1556 3494 1610 τῶν
3525 1558 3705 1612 ἀδικεῖν

2154 1642 2469 1696 ἐθελόντων.
2509 1644 2706 1707 Καλῶς
2754 1638 2848 1697 οὖν
2891 1644 3029 1714 ἔχων
3059 1644 3147 1698 διά
3190 1646 3302 1697 τῶν
3333 1646 3461 1716 ἑξῆς
3487 1647 3703 1722 έφησε·]

478 1727 537 1766 se
570 1712 821 1781 habeant,
876 1716 1011 1770 dicit
1056 1719 1111 1771 in
1145 1719 1502 1787 sequentibus
1536 1718 1594 1791 :]
1632 1740 1650 1771 ι
1692 1720 1915 1775 Salvum
1968 1723 2051 1779 fac

2160 1755 2177 1787 ι
2210 1736 2392 1789 Σῶσον
2417 1736 2507 1789 τὸν
2532 1736 2718 1789 δοῦλόν
2744 1754 2859 1801 σου,
2890 1712 3065 1799 67-826;
3095 1755 3196 1808 μου
3212 1738 3288 1803 ⁸³,
3319 1712 3703 1804 τὸν-ἐλπίζοντα

477 1819 699 1857 servum
733 1814 909 1872 tuum,
944 1805 1173 1861 Domine
1208 1807 1352 1862 Deus
1383 1807 1478 1873 mi,
1508 1817 1819 1878 sperantem
1852 1811 1905 1865 in
1942 1822 2045 1866 te.»

2158 1829 2251 1880 ἐπὶ
2282 1828 2363 1882 σέ.
2398 1848 2417 1881 ι
2464 1828 2605 1896 Ἐγὼ
2626 1785 2965 1899 ἧλπισάἳσοι,
2996 1785 3288 1896 Δέσιποταί
3302 1832 3477 1885 σῶσον
3501 1849 3513 1861 °
3542 1785 3624 1899 δδς
3648 1839 3703 1905 τῇ

479 1894 590 1965 Ego
624 1911 774 1964 spem
806 1898 861 1952 in
892 1906 943 1952 te
984 1898 1267 1963 collocavi,
1298 1898 1550 1965 Domine,
1581 1901 1791 1955 salvum
1821 1918 1906 1958 me
1929 1903 2015 1959 fac
2036 1943 2053 1969 ,

476 1987 544 2041 da
578 1988 692 2056 spei
722 1987 917 2043 salutis
946 1989 1253 2058 praemium.

554 2083 568 2100 ‘
611 2077 777 2134 Vsus.
810 2080 864 2134 5.
903 2098 921 2131 ι
960 2078 1221 2136 Miserere
1250 2080 1378 2146 mei,
1414 2080 1665 2149 Domine,
1696 2086 1952 2154 quoniam
1982 2088 2054 2144 ad

476 2170 778 2225 teclamavi
796 2179 908 2226 toto
930 2172 1040 2228 die.
1077 2190 1096 2223 ι
1125 2170 1298 2227 Tuam
1340 2172 1758 2244 benignitatem,
1798 2176 2049 2244 Domine,

482 2264 690 2332 1211
726 2263 904 2332 praebe
930 2282 945 2318 :
974 2264 1236 2321 continue
1257 2264 1401 2319 enim
1432 2274 1579 2320 tuam
1614 2267 2054 2327 misericordiam

477 2356 768 2410 annuntio.
801 2354 936 2410 Nam
968 2365 1077 2413 toto
1115 2358 1224 2425 die,
1265 2357 1630 2431 Symmachus
1672 2358 1892 2431 singulis
1945 2360 2058 2416 die-

480 2444 575 2498 bus
610 2450 770 2504 dixit.

552 2540 719 2599 Vens.
751 2543 801 2597 4.
841 2563 859 2596 ‹
916 2542 1153 2600 Lzetiﬁca
1184 2549 1421 2604 animam
1456 2549 1596 2604 servi
1641 2550 1719 2603 tui
1761 2567 1776 2603 :
1834 2566 1853 2601 ι
1887 2547 2054 2620 [Dicit

476 2631 663 2698 etiam,
694 2633 851 2703 cujus
884 2634 1090 2707 causa.]
1116 2636 1413 2703 «Quoniam
1449 2640 1515 2694 ad
1546 2649 1617 2704 te,
1651 2638 1901 2707 Domine,
1933 2638 2053 2694 ani-

478 2747 623 2786 mam
655 2748 828 2787 meam
855 2733 1082 2791 elevavi.
1126 2754 1145 2789 ι
1172 2736 1360 2793 Finem
1390 2739 1608 2809 impone
1674 2740 1896 2793 mmrori
1933 2738 2053 2807 ejus

479 2822 573 2894 qui
605 2837 664 2879 se
689 2832 793 2877 tua:
811 2824 1058 2880 servituti
1088 2826 1316 2894 addixit,
1346 2841 1401 2883 et
1425 2830 1666 2885 laetitiam
1695 2832 1892 2885 anima:
1916 2845 2054 2900 prae-

482 2915 567 2980 be,
597 2930 719 2985 quae
767 2914 821 2969 in
855 2923 907 2971 te
939 2918 1122 2990 vergit
1165 2916 1245 2991 [et
1292 2919 1726 2978 misericordiam
1771 2932 1918 2977 tuam
1955 2937 2054 2977 ex-

482 3006 739 3080 spectat].

2155 1917 2329 1972 ὲλπίδι
2357 1918 2457 1988 τῆς
2484 1919 2759 1990 σωτηρίας
2790 1919 3076 1975 ἀντίδοσιν.

2223 2100 2294 2169 γ’.
2341 2119 2359 2153 ‹
2382 2099 2636 2171 Ἐλέησόν
2670 2116 2759 2170 με,
2788 2100 2983 2171 Κύριε,
3019 2102 3103 2155 ὅτι
3130 2103 3271 2173 πρός
3306 2118 3366 2154 σε
3392 2102 3701 2173 κεκράξομαι

2151 2194 2282 2267 ὅλην
2327 2196 2426 2265 τὴν
2471 2194 2704 2265 ἡμέραν.
2750 2213 2769 2247 s
2822 2195 2934 2267 Τὴν
2966 2197 3065 2266 σήν
3100 2213 3213 2266 μοι,
3247 2194 3514 2261 Δέσποτα,
3541 2198 3702 2264 φιλαν-

2153 2287 2401 2356 θρωπίαν
2450 2286 2777 2359 παράσχουο
2828 2287 3098 2357 διηνεκῶς
3146 2287 3261 2359 γὰρ
3310 2288 3403 2343 τὸν
3447 2288 3537 2341 σὸν
3577 2290 3703 2343 ἔλεον

2157 2372 2477 2440 ὲπαγγέλλω
2500 2375 2565 2426 ⁵⁵.
2588 2373 2659 2425 Τὸ
2679 2372 2787 2443 γὰρ
2808 2372 2965 2442 ὅλην
2986 2376 3100 2443 τὴν
3130 2374 3364 2444 ἡμέραν
3387 2374 3416 2425 ὁ
3438 2375 3697 2442 Σύμμαχος

2162 2466 2290 2520 καθ’
2320 2465 2586 2533 ἑκάστην
2620 2467 2850 2534 ῆμεραν
2878 2467 3101 2537 εἴρηκεν
3132 2468 3197 2520 ⁸⁸.

2222 2560 2286 2614 δ’.
2333 2579 2351 2611 ι
2378 2556 2665 2629 Εὗφρανον
2693 2556 2793 2627 τὴν
2819 2555 2999 2628 ψυχὴν
3028 2554 3122 2609 τοῦ
3150 2554 3348 2610 δούλου
3374 2572 3465 2608 σου
3486 2570 3500 2585 ο
3534 2554 3597 2625 [⁸⁸
3612 2554 3701 2609 Καὶ

2152 2652 2297 2715 τίνος
2329 2651 2518 2704 ἕνεκεν
2562 2648 2761 2721 λέγει.]
2817 2668 2834 2701 ι
2871 2650 2993 2703 Ὀτι
3048 2648 3188 2719 πρὸς
3216 2647 3279 2700 σὲ
3302 2643 3411 2720 ᾖρα
3431 2647 3526 2716 τὴν
3548 2646 3698 2715 ψυχήν

2156 2763 2277 2816 μου.
2292 2763 2311 2797 ι
2328 2743 2503 2798 Λῦσον
2525 2743 2623 2813 τὴν
2644 2741 2882 2813 ἀθυμίαν
2902 2740 2977 2809 τῷ
2994 2740 3091 2809 τὴν
3113 2739 3212 2809 σὴν
3234 2738 3481 2792 δουλείαν
3496 2738 3703 2799 ἀσπαζο-

2156 2835 2436 2906 μένῳ,καὶ
2465 2834 2752 2904 παράσχου
2786 2831 3055 2903 θυμηδίαν
3084 2832 3232 2901 ψυχῇ
3269 2829 3406 2902 πρὸς
3427 2846 3486 2882 σε
3505 2826 3704 2900 νευούσῃ

2155 2928 2277 3001 [καὶ
2309 2928 2400 2981 τὸν
2436 2929 2526 2981 σὸν
2559 2926 2709 2979 ἔλεον
2743 2922 3183 2997 προσμενούσῃ].

556 3099 717 3155 Vsus.
749 3101 800 3155 5.
833 3120 852 3154 ‹
892 3101 1162 3168 Quoniam
1199 3109 1278 3166 tu,
1313 3100 1563 3167 Domine,
1597 3101 1781 3157 suavis
1798 3110 1853 3157 et
1884 3101 2050 3169 mitis,

2228 3118 2289 3163 ε’.
2337 3129 2355 3161 ι
2381 3108 2504 3165 Ὅτι
2534 3110 2620 3175 σὺ,
2655 3108 2854 3178 Κύριε,
2902 3107 3157 3178 χρηστὸς,
3207 3107 3308 3161 καὶ
3342 3104 3599 3175 ἐπιεικὴς,
3624 3104 3704 3157 καὶ

482 3198 538 3243 ct
570 3192 755 3247 multas
794 3192 1187 3249 misericordias
1221 3192 1477 3247 omnibus
1513 3193 1895 3247 invocantibus
1926 3202 1996 3247 te.
2029 3211 2048 3245 ι

482 3284 680 3341 Natura
705 3287 882 3344 bonus
910 3303 991 3354 es,
1022 3296 1079 3343 et
1120 3287 1409 3358 benignus,
1444 3295 1499 3342 et
1552 3287 1787 3343 elIundis
1819 3288 1927 3354 his,
1960 3289 2055 3358 qui

482 3380 744 3449 indigent,
775 3379 952 3437 fontes
982 3390 1089 3436 tua:
1119 3379 1526 3435 misericordiae.
1564 3379 1667 3434 Pro
1692 3382 1842 3435 mitis
1871 3390 2053 3436 autem

482 3478 678 3547 Aquila
708 3486 762 3532 et
815 3476 1117 3532 Theodotio
1160 3475 1441 3544 placabilis
1477 3474 1754 3531 dixerunt.
1806 3475 2057 3533 Mansue-

486 3569 616 3623 tudo
640 3570 806 3639 igitur
834 3569 1147 3638 patientiam
1182 3583 1403 3638 quoque
1431 3567 1628 3621 innuit.

556 3658 723 3713 Vsus.
784 3659 838 3713 6.
902 3677 920 3710 ι
956 3658 1200 3713 Auribus
1282 3655 1519 3726 percipe,
1550 3655 1717 3723 Deus,
1752 3658 2054 3715 orationem

484 3768 683 3813 meum.
734 3761 785 3808 et
820 3752 1035 3808 attende
1071 3752 1140 3807 ad
1167 3766 1353 3806 vocem
1380 3748 1781 3817 deprecationis
1828 3768 1983 3808 meae.
2031 3771 2049 3804 ι

487 3844 605 3900 Tali
636 3846 799 3915 igitur
823 3845 1157 3913 benignitate
1184 3852 1365 3905 utens,
1410 3840 1642 3911 benigne
1687 3858 1838 3898 meas
1868 3860 2057 3914 preces

2159 3202 2446 3265 πολυέλεος
2480 3204 2616 3256 πᾶσι
2636 3204 2750 3267 τοῖς
2772 3201 3224 3270 ἐπικαλουμένοις
3250 3216 3337 3254 σε.
3366 3219 3383 3250 ι
3417 3196 3701 3267 Πέφυκας⁴⁷

2156 3292 2381 3361 ἀγαθὸς,
2432 3295 2528 3347 καὶ
2577 3293 2980 3364 φιλάνθρωπος,
3030 3294 3127 3347 καὶ
3166 3295 3429 3363 χορηγεῖς
3478 3293 3582 3352 τοῖς
3609 3290 3703 3342 δεο-

2160 3384 2341 3455 μένοις
2364 3385 2463 3448 τάς
2489 3386 2581 3439 τοῦ
2606 3386 2756 3439 ἐλέου
2788 3386 2992 3456 πηγάς.
3023 3386 3097 3439 Τὸ
3125 3386 3181 3439 δὲ
3206 3384 3478 3451 ἐπιεικὴς
3500 3382 3703 3444 Ἀκύλας

2157 3478 2250 3529 xal.
2277 3476 2569 3531 Θεοδοτίων
2600 3476 2855 3545 ίλαστὴς
2887 3478 3165 3548 εἰρήκασι.
3238 3478 3354 3530 Καὶ
3396 3478 3431 3546 ἡ
3461 3475 3702 3529 ἐπιείκεια

2155 3566 2335 3621 τοίνυν
2351 3567 2397 3599 ⁸⁸
2425 3567 2523 3638 τὴν
2555 3568 2941 3638 μακροθυμίαν
2972 3569 3273 3622 αἰνίττεται
3287 3570 3354 3623 ⁵⁸.

2229 3658 2318 3724 ς’.-
2361 3677 2381 3711 ‹
2428 3659 2717 3714 Ἐνώτισαι
2768 3661 2797 3713 ὁ
2839 3660 2971 3724 Θεὸς
2990 3663 3036 3694 ⁷⁸
3078 3661 3177 3733 τὴν
3228 3661 3537 3732 προσευχήν
3585 3675 3701 3729 μου⁸

2158 3754 2252 3808 καὶ
2272 3756 2315 3786 ’⁷³
2350 3754 2587 3826 πρόσχες
2616 3757 2680 3825 τῇ
2720 3758 2871 3826 φωνῇ
2901 3756 3001 3825 τῆς
3031 3754 3276 3827 δεήσεώς
3306 3774 3429 3826 μου.
3460 3775 3478 3806 ι
3524 3753 3705 3807 Τοσαύ-

2157 3851 2284 3921 cn"
2318 3850 2501 3903 τοίνυν
2551 3850 2852 3919 ἀγαθότητι
2900 3850 3275 3921 χρώμενος⁷³,
3334 3849 3569 3921 εὐμενῶς
3620 3864 3703 3917 μου

486 3937 725 3991 admitte.
793 3935 990 4008 [Simul
1017 3946 1199 3991 autem
1233 3945 1445 4000 tempus
1480 3931 1770 4002 signiﬁcat,
1806 3936 1935 4008 gquo
1970 3953 2061 3992 ro-

486 4040 577 4100 gat
602 4039 663 4084 ut
690 4041 841 4101 grata
874 4031 946 4085 sit
974 4027 1344 4101 supplicatio].

2156 3942 2305 4008 δέ,ξαι
2348 3942 2449 4012 τὴν
2481 3942 2687 4011 δέησιν.
2739 3941 2811 4013 [⁷⁸
2835 3942 2999 4011 Ὀμοῦ
3043 3942 3099 3995 δὲ
3128 3944 3222 3995 καὶ
3268 3942 3363 3995 τὸν
3391 3942 3571 4011 καιρὸν
3598 3939 3707 4008 ἐσή-

2161 4050 2298 4103 μανε
2330 4032 2419 4086 διὰ
2448 4032 2557 4085 τῶν
2590 4032 2739 4103 ἑξῆς,
2785 4035 2842 4086 ἐν
2880 4026 2924 4100 ᾧ
2950 4032 3219 4103 ηντιὸόλει
3246 4033 3347 4105 τὴν
3384 4032 3604 4086 ἱκετείαν
3630 4030 3703 4081 δε-

2160 4126 2296 4195 κτὴν
2323 4125 2626 4197 γενέσθαι].

558 4206 724 4261 Vens.
754 4207 808 4262 7.
844 4226 863 4259 ι
903 4206 959 4262 1n
1010 4209 1096 4263 die
1140 4212 1507 4269 tribulationis
1554 4229 1688 4269 meae
1720 4213 1950 4268 clamavi
1988 4214 2051 4268 ad

2232 4216 2296 4283 ζ’.
2346 4236 2364 4269 ι
2396 4219 2486 4270 Ἐν
2509 4218 2692 4289 ἡμέρᾳ
2719 4216 2953 4287 θλίψεως
2986 4234 3087 4286 μου
3106 4217 3154 4249 ⁷⁸
3182 4216 3459 4288 ἐκέκραξα
3487 4215 3609 4281 πρὸς
3633 4212 3701 4275 σὲ,

490 4308 566 4364 te,
599 4298 730 4368 quia
758 4299 1027 4354 exaudisti
1057 4304 1370 4359 me.rCum
1401 4314 1549 4360 tuam
1580 4306 1924 4361 clementiam
1954 4306 2051 4361 sim

2160 4310 2242 4363 ὅτι
2292 4310 2669 4380 ὲπήκουσάς¹¹⁶
2720 4328 2843 4380 μου.
2902 4328 2921 4361 ι
2975 4310 3176 4380 Πεϊραν
3223 4309 3427 4380 ἔχωνττ
3476 4308 3572 4375 τῆς
3621 4307 3706 4372 σῆς

489 4398 772 4458 expertus,
805 4405 995 4459 preces
1027 4391 1124 4446 tibi
1164 4393 1353 4450 oﬂero.
1412 4394 1549 4450 Nam
1600 4396 1911 4453 obsecranti
1942 4397 2051 4468 jam

2162 4400 2531 4470 ἡμερότητος,
2555 4400 2851 4473 προσφέρω
2894 4401 2995 4472 τὴν
3042 4400 3309 4454 ἱκετείαν*
3364 4400 3455 4455 καὶ
3495 4398 3587 4471 ήδη
3614 4398 3704 4468 γὰρ

490 4483 625 4538 mihi
656 4484 927 4553 postulata
953 4486 1296 4542 concessisti.

2164 4464 2577 4564 ἀντιϐολήσαντί
2599 4464 2833 4564 ’μοι’τίὴν
2864 4464 3078 4563 αἴτησιν
3105 4492 3311 4556 ἔδωκας
3333 4493 3401 4549 ’⁸.

560 4574 728 4630 Vsus.
754 4576 807 4629 8.
845 4594 864 4626 ‹
892 4573 1006 4629 Non
1036 4584 1119 4630 est
1146 4578 1340 4633 similis
1363 4580 1438 4633 tui
1468 4580 1608 4636 inter
1634 4579 2051 4645 deos,l)omine,

2232 4591 2304 4657 η’.
2330 4606 2348 4638 ι
2378 4586 2491 4640 Οὐκ
2509 4585 2654 4639 ἔστιν
2673 4586 2857 4657 ὅμοιός
2876 4603 2960 4639 σοι
2976 4587 3021 4619 ⁷⁸
3036 4587 3094 4639 ὲν
3111 4586 3274 4651 Θεοῖς,
3295 4585 3485 4658 Κύριε,
3504 4584 3591 4639 καὶ
3621 4582 3705 4635 οὐκ

490 4674 682 4722 etnon
723 4675 807 4722 est
853 4667 1155 4723 secundum
1205 4684 1367 4740 Opera
1403 4682 1515 4729 tua.
1560 4693 1581 4727 ι
1622 4675 1921 4744 Postquam
1956 4675 2051 4728 im-

2158 4675 2275 4730 ἕστι
2296 4675 2438 4730 κατά
2454 4675 2522 4729 τὰ
2538 4678 2673 4749 ἔργα
2696 4695 2810 4732 σου.
2835 4698 2853 4731 ι
2882 4678 3103 4750 Ἐπειδὴ
3130 4679 3413 4751 Ῥαψάκης
3431 4674 3705 4745 ὁδυσσεδὴς

491 4761 616 4829 pius
642 4760 915 4829 liapsaces
944 4759 1101 4815 elatis
1138 4760 1244 4817 illis
1286 4764 1466 4819 verbis
1497 4781 1631 4821 usus
1681 4774 1766 4823 est
1799 4783 1814 4819 :
1861 4794 1881 4819 ς
1916 4765 2051 4820 Num

2158 4772 2270 4831 τοῖς
2291 4768 2635 4834 ἀλαζονικοῖς
2662 4772 2890 4836 ἐκείνοις
2908 4773 3181 4843 ἐχρήσατο
3207 4774 3407 4843 λόγοις
3451 4794 3469 4826 ι
3495 4771 3581 4841 Μὴ
3596 4769 3705 4840 ἡδυ-

491 4860 787 4921 potuerunt
818 4850 891 4906 dii
932 4850 1143 4920 1212
1170 4854 1409 4922 gentium
1445 4856 1677 4913 liberare
1702 4872 1858 4913 suam
1900 4858 2051 4927 quis-

2158 4859 2462 4929 νήθησαν⁸⁰
2488 4862 2539 4914 οἱ
2571 4860 2688 4914 θεοὶ
2738 4862 2849 4915 τῶν
2875 4863 3047 4917 ἐθνῶν
3080 4863 3312 4928 ἕκαστος
3342 4862 3600 4935 ῥύσασθαι
3622 4858 3704 4929 τὴν

1571 5061 1802 5117 VARUE
1840 5063 2224 5119 LECTIONES
2256 5066 2343 5119 ET
2372 5063 2606 5119 NOTAE.

565 5215 770 5297 “ﬁgat.
801 5216 967 5270 Abest
988 5231 1038 5297 a_
1054 5216 1178 5297 cod.
1208 5218 1263 5297 2_.
1309 5288 1319 5297 _
1370 5217 1415 5297 ξδ
1430 5217 1562 5297 ‘cod.
1602 5216 1975 5297 2_655mx6:a_._
1999 5287 2038 5297 _

2158 5221 2405 5297 ΓΙζωχόςΣ
2434 5217 2557 5297 cod.
2655 5215 2781 5297 add.
2826 5216 2950 5297 μένἶ
3008 5216 3258 5297 _"°7.Ka£.
3282 5215 3451 5297 {abest
3465 5230 3493 5268 a
3516 5212 3625 5297 cod.
3644 5210 3692 5297 ε.

494 5290 541 5322 ⁸⁸
575 5287 819 5341 Ἀδικον
844 5286 1057 5371 προσδ.
1081 5287 1202 5341 cod.
1220 5291 1262 5371 '1
1297 5288 1576 5371 ἀκίνδυνον
1609 5286 1854 5371 δέχομαι.
1896 5290 1977 5368 ,θ’
1999 5287 2040 5371 ξ]

2158 5329 2188 5371 η.
2210 5285 2305 5371 13"
2359 5289 2404 5319 ⁸³
2430 5291 2581 5371 ῆμξυ.
2609 5288 2777 5371 Abest
2796 5285 2834 5371 ’τί
2855 5288 2973 5341 cod.
3008 5286 3180 5371 Vatis:
3206 5357 3245 5371 ﬂ
3285 5285 3333 5317 “
3353 5286 3474 5371 cod.
3502 5292 3700 5371 uterque

496 5357 848 5425 ἀπαγγέλλω.
884 5350 898 5354 ⁷
923 5358 968 5388 ⁸⁵
1016 5358 1076 5409 '0
1100 5356 1446 5425 -εἷρηκεν.
1472 5357 1593 5412 cod.
1631 5350 1803 5410 [ἀντὶ
1831 5357 1925 5410 τοῦ
1958 5360 2051 5411 πᾶς

496 5445 713 5488 ςρυκας.
752 5428 873 5480 cod.
908 5427 935 5482 1
977 5428 1103 5482 add.
1134 5429 1263 5488 γάρ.
1339 5429 1385 5458 ⁵⁸
1420 5430 1651 5480 Τοίνυν.
1682 5427 1803 5481 cnd.
1844 5429 1867 5480 1
1902 5428 2051 5488 μέντε

2166 5358 2384 5429 ἡμέραν
2411 5358 2656 5411 τέθεικεν
2683 5359 2712 5409 ὁ
2743 5357 3053 5427 Σύμμαχος.
3128 5357 3174 5388 ⁸⁸
3206 5357 3247 5410 Ε
3267 5357 3387 5410 cmi.
3422 5357 3471 5408 1.
3495 5421 3517 5433 -
3541 5356 3582 5385 "
3606 5350 3698 5404 Πέ-

2158 5430 2269 5483 30d.
2309 5429 2343 5481 2
2387 5429 2509 5488 μέν.
2586 5426 2994 5480 ⁸⁸Αὶνίττεται.
3036 5427 3211 5482 cod.1
3256 5425 3381 5479 add.
3435 5440 3579 5477 τουτο
3608 5420 3698 5488 γὰρ

530 5445 713 5494 ωκας.
752 5428 873 5480 cod.
908 5427 935 5493 1
977 5428 1103 5482 add.
1134 5429 1263 5496 γάρ.
1339 5429 1385 5458 ⁵⁸
1420 5430 1651 5480 Τοίνυν.
1682 5427 1803 5481 end.
1844 5429 1867 5480 1
1902 5428 2051 5497 μέντε

530 5500 664 5565 ἑγει.
738 5498 785 5528 ’⁸
828 5498 891 5550 '0
943 5499 1106 5564 Θεός.
1143 5497 1265 5551 cod.
1304 5506 1532 5565 uterque
1562 5497 1751 5568 Κύριε,
1788 5514 1909 5567 quae
1934 5510 2051 5551 est!

534 5568 652 5613 λλὰ-
728 5569 773 5598 ⁷³
821 5569 1110 5613 Τηίγαύτη-
1157 5567 1277 5613 and-
1333 5567 1353 5613 1
1415 5583 1600 5613 nrzmn.
1629 5568 1774 5613 λέγει
1824 5569 1879 5613 δὲ
1922 5568 2023 5613 ὅτι-

2158 5427 2269 5483 30d.
2309 5429 2343 5481 2
2387 5429 2509 5497 μέν.
2586 5427 2994 5480 ⁸⁸Αὶνίττεται.
3036 5427 3211 5482 cod.1
3256 5427 3381 5479 add.
3435 5427 3579 5477 τοῦτο
3608 5427 3697 5488 γὰρ

2182 5498 2339 5551 lectio
2378 5500 2433 5552 h.
2468 5499 2504 5552 ι.
2581 5498 2625 5528 ⁷¹
2685 5498 2815 5550 Καί.
2847 5498 2967 5551 cod.
3010 5498 3031 5550 1
3088 5512 3274 5566 praem.
3302 5496 3395 5548 καὶ
3425 5495 3485 5547 ού
3541 5492 3695 5561 μόνον.

2183 5567 2513 5613 Xnu'uuwnr-
2560 5568 2679 5613 end-
2735 5569 2756 5613 1
2812 5568 2935 5613 mlil-
2969 5560 3014 5613 ὦ
3047 5567 3310 5613 Δέσποτα-
3348 5565 3465 5613 cod.
3498 5562 3530 5613 2
3562 5561 3697 5613 habet

496 5562 653 5621 ἀλλά.
728 5569 773 5598 ⁷³
821 5562 1110 5636 Τοσαύτῄ.
1157 5567 1277 5622 cod.
1333 5567 1354 5620 1
1415 5562 1600 5633 tinens.
1629 5562 1774 5635 λέγει
1808 5562 1879 5620 ’δὲ
1922 5568 2023 5620 ὅτι.
2100 5570 2148 5600 ⁷³
2178 5567 2513 5635 Χρώμενος.
2560 5568 2680 5623 cod.
2735 5569 2759 5619 1
2812 5568 2935 5620 add.
2969 5562 3014 5619 ὦ
3046 5562 3310 5620 Δέσποτα,
3348 5565 3465 5620 cod.
3498 5562 3530 5616 2
3562 5562 3692 5613 habet

502 5636 879 5725 κεχρημένος.
934 5637 1040 5725 “'E
1078 5638 1200 5725 cod“.
1372 5639 1590 5725 ςδιΜριι.
1623 5640 1748 5725 coll.
1785 5639 1807 5691 1
1842 5638 1967 5725 add.
2000 5637 2193 5725 λέγων.Σ
2227 5709 2236 5725 ι
2270 5640 2476 5725 'z‘liec:
2530 5638 2711 5725 lectis).
2761 5639 2817 5725 l3;
2853 5638 2886 5690 Ι.
2911 5633 3692 5725 εειῇἰσήκουσὶαςᾷ

502 5695 623 5761 end.
656 5695 693 5758 εἱ
726 5695 911 5773 praem.
942 5709 1066 5778 γάρ.
1146 5707 1191 5741 ⁷⁸
1212 5706 1331 5762 cod.
1372 5709 1391 5761 1
1422 5708 1580 5763 habet
1620 5709 1880 5773 δέδωκας,
1907 5717 1959 5763 et
1988 5711 2051 5764 ad

504 5776 625 5830 add.
661 5776 855 5830 λέγων.

2165 5709 2251 5763 διὰ
2288 5709 2353 5779 δὴ
2378 5708 2553 5765 ταῦτα
2578 5708 2693 5778 βοᾷ.
2772 5709 2817 5741 ⁷⁸⁵
2839 5712 2962 5763 cod.
2996 5708 3019 5761 1
3068 5695 3182 5762 σου.
3258 5708 3301 5739 ⁸ο
3323 5695 3522 5761 Ἢδυν.
3544 5695 3686 5756 cudi

504 5778 625 5830 add.
661 5778 855 5843 λέγων.

1902 5428 2102 5497 μέντοι.
2144 5430 2269 5483 cod.
2309 5429 2343 5481 2
2387 5429 2509 5497 μέν.
