3936 6486
201 346 323 409 15ὓί

1465 343 1545 402 ΙΝ
1578 343 1782 402 PSAL.
1825 341 2137 403 LXXXVI.

3289 336 3427 400 1562

194 461 430 526 ζῶντας·
474 458 581 512 τῶν
605 458 705 527 τῆς
734 457 1070 527 ἀγαθότητος
1102 456 1327 528 μετάδος
1350 456 1620 526 ψεκάδων,
1655 456 1750 509 καὶ

1858 455 2166 524 participem
2221 468 2307 507 me
2346 452 2468 516 fac.
2527 454 2903 523 hostibusque
2941 452 3281 522 superiorem
3342 469 3429 509 me

193 552 470 623 κρείττονα
490 548 664 614 δεῖξον
690 550 798 602 τῶν
832 548 1211 619 πολεμούντων
1227 550 1295 603 ³⁸.
1345 567 1363 599 1
1399 549 1497 611 Δὸς
1526 548 1586 600 τὸ
1616 549 1750 617 κρά-

189 661 273 706 τος
297 660 392 695 σου
423 642 501 711 τῷ
529 642 679 695 παιδί
713 658 807 693 σου
838 659 851 672 ο
898 642 993 693 καὶ
1026 640 1200 694 σῶσον
1225 640 1318 693 τὸν
1350 641 1467 693 υίὸν
1494 640 1591 708 τῆς
1624 657 1752 693 παι·

187 734 372 800 δίσκης
402 749 519 786 σου.
559 750 579 783 ›
610 731 806 796 Δοῦλός
832 749 890 785 τε
921 731 1029 803 γάρ
1056 734 1173 800 εἰμι
1205 732 1314 797 σὸς,
1342 733 1434 784 καὶ
1468 733 1566 801 σῆς
1598 731 1752 801 θερα-

190 826 380 889 παίνης
408 825 524 887 υἱός
542 841 557 854 ·
592 825 711 878 ἀντὶ
737 823 854 889 τοῦ,
882 824 1088 878 ἄνωθεν
1118 824 1210 877 καὶ
1241 826 1304 878 ἐκ
1332 826 1613 895 προγόνων
1646 825 1750 877 ὑπὸ

185 916 277 986 τὴν
303 915 403 985 σὴν
433 914 749 969 δεσποτείαν
772 914 913 968 τελῶ
937 929 951 944 ⁸
999 914 1251 985 διόπερ³¹
1280 916 1356 979 ὡς
1386 915 1572 978 δοῦλος
1601 916 1751 987 παρὰ

184 1009 448 1063 Δεσπότου
483 1009 581 1079 τὴν
608 1008 885 1079 σωτηρίαν
913 1007 1069 1062 αἰτῶ.

249 1102 333 1167 ιζ’.
377 1121 394 1152 1
441 1102 673 1171 Ποίησον
718 1103 837 1171 μετ’
869 1100 1006 1171 ἐμοῦ
1054 1103 1275 1170 σημεῖον
1324 1102 1403 1162 εἰς
1445 1101 1674 1167 ἀγαθόν.
1723 1119 1741 1151 1

183 1194 294 1247 Τῶν
331 1194 580 1264 σημείων
625 1194 695 1247 τὰ
731 1193 829 1261 μέν
876 1194 993 1245 ἐστι
1042 1192 1335 1262 τιμωρίας,
1386 1191 1461 1253 ὡς
1513 1193 1604 1243 ἐπὶ
1641 1191 1750 1243 τῶν

184 1284 521 1352 Αἰγυπτίων
554 1283 623 1337 τὰ
648 1283 705 1335 δὲ
734 1283 1027 1352 σωτηρίας,
1076 1283 1152 1345 ὡς
1184 1284 1277 1334 ἐπὶ
1307 1282 1415 1335 τῶν
1455 1281 1746 1349 Ἐϐραίων.

184 1377 358 1428 Διάτοι
382 1373 540 1426 τοῦτο
566 1373 657 1425 καὶ
682 1374 710 1426 6
739 1374 1022 1443 προφήτης
1053 1369 1131 1441 τῷ
1158 1369 1421 1439 διορισμῷ
1453 1372 1751 1440 προσεχρή-

182 1481 327 1528 σατο,
376 1465 471 1517 καὶ
499 1464 597 1533 οὐχ
622 1463 810 1525 ἁπλῶς
837 1465 1086 1532 σημεῖον,
1136 1461 1252 1515 ἀλλ’
1282 1460 1486 1530 ἀγαθὸν
1521 1463 1749 1530 σημεῖον

181 1557 437 1627 ἐξῄτησεν
460 1573 474 1586 ·
509 1557 633 1609 ἀντὶ
659 1555 775 1618 τοῦ,
807 1554 1039 1625 Ποίησον
1066 1556 1289 1623 σημεῖον
1319 1553 1442 1623 ἐμοὶ
1469 1553 1632 1622 φέρον
1653 1553 1749 1621 τὴν

184 1649 473 1719 σωτηρίαν,
500 1650 594 1701 καὶ
621 1650 685 1717 τῇ
716 1646 1128 1717 θαυματουργία
1157 1647 1280 1715 ἐμοὶ
1299 1646 1340 1677 ⁸²
1372 1645 1752 1715 πραγματευό-

185 1756 333 1810 μενον
350 1739 396 1769 ⁸³
426 1738 536 1791 τῶν
567 1736 787 1803 ἀγαθῶν
813 1736 913 1805 τὴν
944 1736 1138 1805 φοράν.
1191 1734 1270 1806 [³⁸
1288 1734 1451 1802 Λέγει
1485 1735 1580 1787 καὶ
1607 1735 1751 1797 τίνος

181 1834 358 1885 ἕνεκεν
389 1829 661 1882 ἀντιϐολεῖ
681 1826 999 1898 δοθήσεσθαι
1019 1824 1167 1895 αὐτῷ
1194 1826 1256 1879 τὸ
1288 1823 1518 1895 σημεῖον
1546 1825 1751 1897 τούτω]
1787 1811 1825 1865 Β

186 1942 203 1974 ι
225 1923 332 1974 Καὶ
354 1920 618 1974 ίδέτωσαν
638 1920 688 1972 oi
716 1918 1001 1989 μισοῦντές
1025 1935 1114 1988 με,
1148 1920 1242 1971 καὶ
1263 1918 1714 1987 αίσχυνθήτωσαν
1733 1934 1745 1946 ·

181 2015 253 2066 ὁτι
275 2014 365 2074 σὺ.
392 2010 589 2082 Κύριε,
617 2009 924 2080 ὲϐοήθησάς
951 2027 1060 2080 μοι,
1090 2010 1187 2062 καὶ
1206 2008 1587 2078 παρεκάλεσάς
1613 2025 1702 2077 με.
1726 2027 1744 2060 1

182 2106 283 2173 Τὴν
308 2104 421 2173 γὰρ
448 2105 529 2166 εἰς
560 2103 657 2173 ἐμὲ
688 2102 943 2171 πρόνοιαν
992 2103 1042 2154 οἱ
1074 2102 1362 2171 δυσμενεῖς
1405 2099 1667 2167 θεώμενοι
1683 2100 1749 2164 ⁸⁵,

183 2196 438 2266 αἰσχύνης
470 2194 1001 2263 ἀναπλησθήσονται,
1050 2192 1146 2245 καὶ
1193 2191 1547 2245 ὲπονείδιστοι
1599 2191 1753 2260 παρὰ

183 2290 307 2341 πᾶσι
334 2288 679 2359 γενήσονται.
716 2285 786 2359 [³⁸
805 2286 1023 2357 Κυρίως
1050 2286 1106 2338 δὲ
1143 2286 1370 2356 σημεῖον
1406 2283 1610 2351 ἀγαθὸν
1639 2287 1755 2345 τοῖς

186 2382 388 2434 ἔθνεσιν
430 2382 460 2434 6
506 2383 569 2432 ὲκ
597 2379 729 2432 Θεοῦ
766 2379 899 2442 Θεὸς
941 2378 1031 2431 τὸν
1062 2378 1295 2445 σταυρὸν
1333 2376 1652 2447 ἐχαρίσατο,
1681 2376 1749 2429 δι’

186 2469 235 2527 οὗ
259 2474 357 2528 τὸν
387 2475 567 2528 κοινὸν
598 2472 790 2543 ἐχθρὸν
817 2470 1165 2542 ἐτροπὼσατο
1194 2470 1290 2523 καὶ
1318 2469 1579 2541 τρόπαιον
1610 2467 1751 2522 κατὰ

184 2567 443 2637 δαιμόνων
472 2566 564 2618 καὶ
598 2562 785 2617 παθῶν
817 2561 1042 2633 ἔπηξεν.
1081 2558 1303 2630 Ἀμήν.]

488 2696 755 2750 EPMHN.
798 2696 934 2749 ΤΟΥ
972 2693 1093 2760 IICf'
1127 2692 1447 2747 ΨΑΛΜΟΥ.

245 2840 316 2890 α’.
364 2851 382 2884 1
411 2833 539 2893 Τοῖς
569 2832 700 2893 υἱοῖς
731 2829 898 2901 Κορὲ,
919 2827 1151 2896 Ψαλμδς
1176 2826 1338 2897 ᾠδῆς.
1371 2845 1388 2877 1
1432 2824 1553 2878 Τῶν
1580 2824 1750 2877 ἐθνῶν

186 2926 267 2977 καὶ
292 2915 450 2986 οὗτος
483 2925 510 2975 6
536 2920 752 2989 ψαλμὸς
785 2916 1149 2990 προαγορεύει
1194 2916 1292 2986 τὴν
1331 2913 1623 2983 σωτηρίαν,
1658 2914 1752 2966 καὶ

186 3018 273 3087 τὴν
301 3014 501 3085 εὐσεϐῆ
534 3012 807 3067 πολιτείαν
844 3010 1121 3080 προλέγει.
1156 3009 1223 3078 ἢν
1252 3008 1281 3060 6
1310 3006 1587 3075 Δεσπότης
1614 3006 1751 3073 Χρι·

188 3108 301 3170 στὸς
318 3106 364 3137 ³⁷
390 3104 815 3174 ὲνανθρωπήσας
840 3100 1075 3167 ἐδίδαξεν
1088 3100 1152 3155 ³⁸.
1190 3117 1209 3150 1
1237 3099 1301 3151 Οἱ
1323 3096 1566 3167 θεμέλιοι
1587 3094 1748 3147 αὑτοῦ

189 3204 238 3254 ἐν
259 3203 374 3263 τοῖς
394 3199 548 3268 ὄρεσι
564 3200 676 3259 τοῖς
699 3196 897 3264 ἁγίοις.
932 3213 953 3247 1
989 3190 1238 3261 Θεμέλια
1254 3191 1297 3222 ³⁹
1318 3189 1418 3257 τῆς
1448 3186 1749 3248 εὐσεϐείαξ,

188 3295 249 3349 τὰ
280 3294 402 3347 θεῖα
432 3289 802 3361 παιδεύματα·
828 3290 967 3356 Ὄρη
996 3285 1050 3338 δὲ
1072 3284 1227 3353 ἅγια,
1248 3283 1331 3351 ἐφ’
1359 3275 1433 3335 ὧν
1461 3279 1635 3333 ταῦτα
1658 3278 1754 3330 πέ-

188 3405 325 3455 πηγε
354 3385 425 3438 τὰ
451 3383 696 3454 θεμέλια,
747 3384 797 3436 οἱ
839 3381 933 3434 τοῦ
976 3377 1229 3449 Σωτῆρος
1259 3374 1415 3445 ἡμῶν
1443 3371 1750 3425 ἀπόστολοι.

190 3481 317 3551 Περὶ
345 3477 554 3533 τούτων
574 3475 682 3545 γὰρ
701 3476 729 3528 6
757 3473 1028 3544 μακάριος
1056 3469 1158 3540 ἔφη
1187 3467 1397 3530 Παῦλος
1416 3481 1431 3497 ο
1468 3486 1485 3517 1
1518 3466 1756 3516 Ἑποικοο

190 3571 511 3643 δομηθέντες
562 3568 655 3621 ἐπὶ
699 3567 777 3637 τῷ
830 3564 1066 3634 θεμελίῳ
1105 3561 1214 3615 τῶν
1244 3558 1556 3614 ἀποστόλων
1596 3556 1687 3643 καὶ
1708 3555 1753 3586 ⁸ο

191 3640 501 3736 προῴητῶν,
553 3661 707 3724 ὄντος
755 3655 1153 3729 ἀκρογωνιαίου
1196 3652 1359 3707 αὐτοῦ
1404 3649 1577 3720 Ἰησοῦ
1621 3640 1755 3719 Χρι-

191 3757 330 3811 στοῦ.
372 3775 393 3808 1
462 3755 572 3808 Καὶ
624 3752 785 3805 πάλιν
813 3766 826 3780 ο
900 3767 920 3800 1
965 3748 1170 3816 Πέτρος
1221 3746 1313 3799 καὶ
1358 3742 1613 3805 Ἰάκωϐος
1663 3740 1755 3793 καὶ

202 3843 472 3910 Ἰωάννης,
495 3840 544 3893 οἱ
567 3840 847 3901 δοκοῦντες
869 3835 1048 3889 στύλοι
1068 3828 1229 3888 εῖναι.
1258 3852 1276 3883 1
1308 3833 1418 3886 Kal
1443 3832 1470 3881 ὁ
1492 3830 1691 3896 Κύριος
1708 3830 1750 3859 δι

192 3934 259 4002 τῷ
290 3934 503 4004 Πέτρῳ,
547 3930 685 4001 μετὰ
698 3932 742 3962 δ’
763 3929 860 4000 τὴν
883 3926 1058 3997 ἁληθῆ
1088 3925 1183 3978 καὶ
1212 3923 1360 3977 θείαν
1390 3922 1605 3989 ἐκείνην
1626 3921 1753 3988 ὁμο-

192 4024 372 4091 λογίαν
397 4042 412 4056 ·
471 4043 507 4075 1~
532 4024 603 4075 Σὺ
630 4017 680 4075 εί
709 4020 932 4089 Πέτρος,
975 4018 1070 4070 καὶ
1088 4016 1133 4048 ⁵³
1162 4016 1255 4069 ἐπὶ
1282 4013 1455 4085 ταύτῃ
1485 4014 1550 4082 τῇ
1580 4010 1757 4081 πέτρᾳ

193 4116 442 4185 οίκοδομή
454 4131 528 4166 σω
555 4130 655 4180 μου
684 4110 782 4182 τὴν
810 4110 1160 4177 Ἐκκλησίαν,
1214 4107 1309 4159 καὶ
1339 4104 1506 4156 πύλαι
1534 4102 1661 4173 ᾅδου
1694 4101 1754 4153 ού

196 4208 605 4274 κατισχύσουσιν
629 4204 815 4272 αὐτῆς.
850 4222 868 4253 1
903 4202 1011 4254 Καὶ
1039 4195 1224 4263 αὖθις·
1268 4216 1287 4249 1
1329 4197 1519 4266 Ὑμεῖς
1545 4198 1668 4247 ἐστε
1696 4192 1757 4245 τὸ

196 4297 303 4364 φῶς
332 4297 428 4349 τοῦ
462 4297 666 4365 κόσμου
688 4312 703 4327 ο
737 4296 797 4347 οὐ
826 4294 1047 4347 δύναται
1080 4292 1233 4351 πόλις
1262 4287 1537 4360 κρυϐῆναι
1570 4285 1755 4339 ἐπάνω

195 4388 343 4457 ὄρους
401 4387 648 4458 κειμένη.
682 4405 700 4437 1
768 4386 890 4439 Ἐπὶ
932 4383 1136 4437 τούτων
1178 4380 1290 4434 τῶν
1338 4379 1509 4447 ἁγίων
1556 4376 1698 4448 ὁρῶν
1729 4378 1757 4429 6

196 4480 463 4549 Δεσπότης
515 4478 749 4549 Χριστὸς
800 4474 1074 4546 κατέπηξε
1117 4473 1187 4527 τὰ
1215 4472 1314 4542 τῆς
1345 4468 1625 4532 εὐσεϐείας
1669 4467 1757 4521 θε-

200 4571 347 4638 μέλια
364 4570 434 4623 ⁵³.

262 4662 323 4731 β’.
362 4681 380 4713 1
403 4661 621 4730 Ἀγαπᾷ
648 4660 851 4730 Κύριος
873 4658 971 4721 τὰς
1000 4656 1173 4721 πύλας
1201 4654 1362 4719 Σιὼν,
1400 4655 1539 4724 ὑπὲρ
1573 4653 1751 4706 πάντα

198 4757 259 4807 τὰ
289 4752 626 4825 σκηνώματα
663 4750 876 4807 Ἰακώϐ.
910 4772 929 4803 1
982 4749 1079 4814 Τίς
1110 4749 1167 4802 δὲ
1208 4748 1346 4818 αὕτη
1392 4746 1488 4817 ἡδδ
1522 4743 1682 4807 Σιὼν,
1726 4747 1755 4797 6

199 4846 477 4909 θεσπέσιος
532 4844 740 4907 Παῦλος
787 4840 1133 4914 ὲρμηνευέτω
1169 4857 1183 4871 ·
1243 4860 1261 4892 1
1312 4835 1756 4910 Προσεληλύθατε

268 5031 291 5059 ⁸
316 5021 452 5093 Eph.
486 5037 546 5086 ιι,
582 5020 673 5075 9.0.
744 5030 769 5058 ι
799 5016 973 5073 Galat.
1007 5032 1068 5084 tt,
1102 5015 1154 5070 9.
1233 5015 1261 5053 δ
1294 5012 1485 5068 Matth.
1519 5026 1630 5075 XVI,
1663 5010 1748 5065 18.

1852 547 2036 601 redde.
2091 564 2108 597 1
2144 544 2217 599 Da
2254 546 2537 615 imperiutn
2591 554 2747 600 tuum
2778 559 2940 600 servo
2988 553 3106 609 tuo,
3136 552 3190 598 et
3215 545 3425 600 salvum

1853 638 1939 693 fac
1975 639 2143 693 lilium
2179 640 2389 694 ancilla:
2423 650 2546 693 tuac.
2586 658 2604 690 1
2644 638 2860 693 Etenim
2896 653 3089 693 servus
3121 645 3248 693 tuus
3281 652 3426 705 sum,

1852 743 2064 801 tuaeque
2092 732 2301 786 ancillae
2325 732 2467 787 filius
2498 750 2513 786 :
2551 734 2655 786 hoc
2681 741 2785 795 est,
2818 750 2849 786 a
2878 731 3152 801 principio
3184 740 3236 784 et
3260 747 3288 783 a
3310 746 3429 784 ma-

1847 823 2029 893 jorum
2060 834 2217 878 aetate
2244 824 2347 879 sub
2389 834 2482 878 tuo
2514 825 2745 894 imperio
2774 825 2942 879 vitam
2991 824 3138 879 duco
3175 840 3188 875 :
3226 822 3427 877 idcirco

1852 917 2015 971 veluti
2046 932 2235 972 servus
2262 932 2291 969 a
2318 914 2548 970 Domino
2579 917 2809 973 salutem
2849 926 2993 986 peto.

1925 1093 2083 1151 Vens.
2119 1096 2206 1149 17.
2240 1093 2352 1149 Fac
2375 1110 2589 1150 mecum
2622 1095 2838 1163 signum
2883 1096 2939 1149 in
2986 1096 3221 1152 bonum.
3282 1115 3301 1147 1
3338 1095 3427 1151 Si—

1850 1202 2080 1255 gnorum
2112 1187 2293 1255 aliqua
2328 1187 2577 1255 supplicii
2609 1196 2758 1250 sunt,
2823 1195 2882 1238 ιιι
2916 1202 3036 1255 ψ]ῑὲ
3071 1188 3213 1256 apud
3254 1186 3429 1258 Egy-

1850 1280 1990 1348 ptios
2025 1296 2039 1331 :
2077 1262 2258 1348 aliqua
2288 1294 2416 1333 vero
2449 1279 2663 1338 salutis.
2704 1287 2763 1333 ut
2789 1279 2932 1348 apud
2970 1277 3249 1335 Hebraeos.
3284 1281 3423 1335 Pro-

1850 1380 2031 1440 pterea
2062 1369 2331 1439 Propheta
2360 1371 2628 1425 divisione
2651 1386 2784 1425 usus
2810 1380 2912 1433 est,
2943 1380 2995 1425 et
3025 1386 3133 1425 non
3159 1371 3425 1440 simplici-

1851 1474 1933 1517 ter
1960 1464 2182 1533 signum
2212 1463 2386 1533 petiit,
2439 1463 2533 1517 sed
2566 1462 2806 1529 bonum;
2843 1463 3001 1532 quasi
3034 1464 3239 1519 diceret
3274 1482 3287 1519 :
3319 1465 3426 1519 Fac

1848 1554 2065 1623 signum
2098 1555 2231 1609 mihi
2265 1555 2511 1624 praebens
2529 1555 2850 1618 salutem,et
2874 1555 3018 1624 quod
3044 1562 3142 1623 per
3176 1556 3423 1611 miraculi

1848 1648 2221 1714 operationem
2282 1648 2549 1702 honorum
2608 1648 2740 1702 mihi
2809 1649 3063 1703 conciliet
3088 1648 3301 1718 1216
3339 1648 3425 1702 af-

1850 1739 2146 1792 fluentiam.
2190 1736 2355 1808 [Dicit
2386 1739 2548 1792 etiam
2585 1754 2683 1792 cur
2730 1749 2903 1807 roget,
2931 1739 3046 1792 dari
3085 1738 3425 1807 sibisignum

1852 1827 2034 1899 illud.]
2072 1846 2090 1879 1
2141 1828 2205 1882 Et
2240 1830 2477 1891 videant,
2529 1828 2622 1897 qui
2673 1830 2909 1883 oderunt
2946 1845 3053 1894 me,
3091 1840 3143 1883 et
3190 1829 3424 1882 confun-

1851 1924 2077 1978 dantur:
2110 1922 2371 1991 quoniam
2402 1931 2479 1989 ιιι,
2517 1923 2770 1987 Domine,
2799 1923 3053 1990 adiuvisti
3087 1939 3192 1986 me,
3217 1932 3271 1978 et
3290 1937 3424 1977 con-

1852 2015 2061 2070 solatus
2083 2030 2142 2069 es
2166 2029 2268 2068 me.
2304 2033 2323 2065 1
2356 2013 2488 2068 Nam
2542 2030 2667 2069 eum
2697 2015 2885 2070 hostes
2910 2030 3119 2079 curam,
3166 2031 3329 2086 quam
3357 2016 3426 2071 de

1852 2123 1937 2161 me
1967 2106 2131 2176 geris,
2161 2106 2413 2168 viderint,
2440 2107 2737 2169 ignominia
2768 2108 2909 2176 pleni
2944 2119 3128 2170 erunt,
3184 2117 3240 2161 et
3267 2107 3409 2161 infa-

1853 2213 1968 2254 mes
2016 2199 2158 2268 apud
2208 2214 2398 2253 omnes
2457 2199 2609 2253 fient.
2664 2198 2918 2269 [Pr0prie
2967 2210 3146 2253 autem
3196 2201 3415 2266 signum

1853 2292 2053 2345 bonum
2079 2290 2370 2361 gentilibus
2415 2290 2564 2343 dedit
2611 2290 2757 2345 Deus
2802 2306 2865 2344 ex
2911 2291 3018 2344 Deo
3059 2306 3296 2354 crucem,
3331 2306 3425 2359 per

1851 2397 2018 2453 quam
2052 2396 2399 2437 communem
2433 2381 2645 2435 hostem
2690 2382 2743 2435 in
2776 2380 2964 2451 fugam
2998 2381 3177 2444 vertit,
3225 2390 3281 2436 et
3311 2391 3424 2435 tro-

1853 2490 2026 2544 pzeum
2058 2480 2251 2527 contra
2290 2472 2567 2527 daemonas
2620 2482 2674 2527 et
2714 2472 2888 2527 malos
2933 2473 3169 2542 impetus
3220 2474 3421 2528 erexit.

1851 2564 2074 2637 Amen.)

2172 2695 2445 2752 INTERP.
2507 2695 2758 2750 PSALMI
2822 2694 3110 2750 LXXXVI.

1919 2834 2087 2889 Vsus.
2114 2833 2166 2886 1.
2198 2850 2216 2883 1
2250 2832 2406 2886 Filiis
2432 2831 2595 2885 Core.
2634 2830 2881 2885 Psalmus
2912 2831 3129 2885 cantici.
3192 2848 3209 2879 1
3245 2828 3306 2882 Et
3336 2828 3424 2883 hic

1850 2925 2092 2993 psalmus
2121 2924 2364 2993 gentium
2395 2937 2614 2991 quoque
2642 2922 2869 2975 salutem
2907 2922 3168 2990 praecinit,
3195 2929 3249 2973 et
3274 2920 3423 2988 pium

1850 3014 2064 3069 vivendi
2093 3023 2293 3069 statum
2328 3012 2594 3081 praedicit,
2629 3027 2791 3080 quem
2834 3010 3097 3065 Dominus
3150 3010 3422 3074 Christus,

1850 3121 1973 3160 cum
2001 3106 2167 3160 homo
2196 3104 2377 3157 factus
2398 3113 2568 3165 esset,
2599 3102 2806 3156 docuit.
2842 3121 2860 3152 1
2904 3100 3280 3156 Fundamenta
3303 3101 3425 3170 ejus

1856 3198 1908 3250 in
1944 3196 2222 3250 montibus
2252 3194 2475 3249 sanctis.
2515 3212 2535 3245 1
2568 3182 2937 3246 Fundamenta
2978 3193 3213 3261 pietatis,
3242 3193 3424 3247 divina

1855 3299 1983 3344 sunt
2027 3297 2315 3358 praecepta.
2365 3291 2380 3309 ‘
2413 3285 2619 3339 Montes
2659 3302 2787 3340 vero
2834 3286 3027 3350 sancti,
3080 3301 3240 3354 supra
3286 3301 3425 3355 quos

1858 3380 1973 3433 hare
2001 3378 2359 3433 fundamenta
2389 3377 2544 3446 jecit,
2573 3376 2877 3431 Salvatoris
2909 3376 3081 3429 nostri
3115 3384 3245 3429 sunt
3292 3390 3426 3444 apo-

1857 3473 2004 3528 stoli.
2034 3471 2107 3524 De
2138 3471 2221 3525 his
2252 3470 2397 3523 enim
2437 3469 2626 3523 beatus
2659 3467 2861 3522 Paulus
2903 3468 3077 3521 dixit:
3114 3487 3133 3517 1
3177 3464 3427 3536 Supera:-

1855 3560 2057 3617 dilicati
2092 3561 2225 3615 estis
2278 3574 2442 3629 supra
2496 3558 2915 3612 fundamentum
2970 3556 3341 3625 apostolorum
3372 3564 3427 3610 et

1857 3653 2271 3723 prophetarum,
2304 3650 2462 3718 cujus
2487 3650 2624 3718 lapis
2645 3649 2925 3719 angularis
2954 3660 3035 3703 est
3059 3648 3307 3702 Christus
3333 3646 3425 3702 Je-

1857 3761 1952 3799 sus
1985 3755 2028 3799 ι.
2069 3743 2177 3811 {Et
2203 3758 2399 3797 rursus
2434 3760 2447 3794 :
2480 3760 2498 3790 1
2545 3741 2734 3795 Petrus
2762 3751 2814 3793 et
2834 3739 3070 3794 Jacobus
3094 3748 3147 3792 et
3166 3738 3424 3803 Joannes,

1856 3838 1948 3905 qni
1979 3836 2302 3889 videbantur
2336 3833 2608 3887 columnae
2636 3846 2760 3886 esse
2792 3842 2841 3884 ιι.
2886 3849 2904 3882 1
2940 3831 3005 3884 Et
3033 3830 3298 3884 Dominus
3322 3828 3425 3884 Pe-

1858 3935 1961 3991 tro,
2008 3934 2127 3994 post
2166 3938 2347 3977 veram
2397 3931 2453 3975 et
2504 3921 2742 3974 divinam
2784 3920 2931 3973 illam
2982 3918 3422 3987 confessionem,

1855 4016 2035 4069 dixit:
2077 4032 2096 4064 1
2136 4011 2218 4067 Tu
2245 4028 2305 4067 es
2349 4010 2566 4074 Petrus,
2602 4018 2655 4063 et
2681 4024 2845 4078 super
2872 4009 3014 4061 hanc
3055 4018 3263 4075 petram
3290 4008 3424 4062 tedi-

1859 4104 2033 4158 lieabo
2062 4101 2364 4157 Ecclesiam
2400 4112 2598 4161 meam,
2630 4106 2683 4150 et
2720 4107 2887 4166 porta:
2916 4094 3113 4149 inferni
3154 4112 3262 4149 non
3297 4112 3426 4165 prae-

1856 4200 2108 4254 valebunt
2136 4198 2398 4251 adversus
2425 4209 2544 4248 eam
2578 4194 2628 4247 δ.
2667 4212 2685 4245 1
2718 4192 2782 4245 Et
2809 4206 3002 4244 rursus
3036 4209 3048 4244 :
3093 4210 3110 4240 1
3152 4190 3263 4246 V’os
3291 4195 3425 4248 estis

1857 4293 1950 4346 lux
1979 4290 2188 4354 tnttndi,
2220 4298 2271 4342 et
2302 4287 2511 4356 1217
2560 4300 2667 4339 non
2720 4294 2900 4354 potest
2947 4284 3139 4338 civitas
3164 4284 3426 4339 abscondi

1856 4400 2019 4454 supra
2056 4394 2288 4435 montem
2319 4380 2493 4449 posita
2526 4388 2572 4430 ο.
2612 4397 2631 4429 1
2674 4377 2851 4446 Supra
2883 4377 2983 4431 hos
3012 4388 3232 4432 sanctos
3266 4392 3419 4431 mon-

1859 4486 1941 4532 tes
1982 4477 2242 4531 Dominus
2278 4474 2532 4529 Christus
2560 4472 2779 4541 pietatis
2811 4469 3171 4525 fundamenta
3195 4470 3348 4538 iecit.

1927 4654 2091 4707 Vens.
2120 4655 2176 4707 2.
2214 4672 2232 4703 1
2264 4653 2442 4722 Diligit
2472 4651 2735 4705 Dominus
2794 4658 2979 4720 portas
3018 4648 3202 4703 Sionis
3260 4660 3425 4714 super

1860 4748 2040 4800 omnia
2082 4746 2424 4800 tabernacula
2456 4742 2666 4799 Jacobi.
2710 4762 2727 4793 1
2757 4743 2887 4808 Quae
2944 4749 3127 4795 autem
3183 4739 3256 4792 sit
3314 4738 3434 4791 haec

1862 4832 2017 4896 Sion,
2048 4834 2262 4889 divinus
2311 4833 2515 4888 Paulus
2568 4832 2844 4900 explicet:
2914 4848 2933 4880 1
2978 4827 3307 4884 Accessistis
3358 4825 3426 4879 ad

1830 5021 1848 5047 ο
1895 5008 2083 5063 Matth.
2124 5007 2293 5073 17,14.

1282 5167 1516 5224 VARUE
1556 5165 1937 5223 LECTlONES
1975 5162 2065 5217 ET
2092 5162 2324 5218 NOTAE.

263 5318 307 5349 ³⁸
332 5321 554 5386 Πολεμ.
575 5315 697 5371 cod.
739 5316 765 5370 1
796 5313 922 5386 add.
974 5312 1132 5366 τοῦτο
1152 5313 1258 5386 γᾴρ
1287 5311 1434 5386 λέγει
1478 5308 1566 5362 διὰ
1602 5307 1735 5386 τῶν-
1760 5306 1905 5386 ὲξῆις.

1356 5376 1539 5449 φέρον.
1615 5379 1658 5411 ³⁸
1696 5376 1887 5449 Epod.
1942 5376 1994 5433 1.

1535 5449 1579 5481 ³⁸
1618 5446 1947 5508 Ἐδίδαξεν.
2002 5443 2123 5498 cod.
2174 5444 2195 5495 1
2251 5441 2374 5495 add.
2410 5437 2567 5491 τοῦτο
2592 5439 2701 5507 γὰρ
2724 5437 2895 5508 λέγει.

1137 5500 1488 5591 ᾖξ’·ῖῑεξὲῖιι)
1523 5500 1751 5573 Τιιθόιιος

1858 5500 2045 5570 omine
2106 5512 2305 5567 attulit.
2373 5510 2428 5591 n“
2459 5509 2572 5591 Keil
2600 5500 2913 5591 ὲ-’ίζτύλυΙι
2946 5500 3321 5591 εἶναιλςιξςεῖ
3373 5502 3427 5556 in

1772 5587 1817 5618 “
1848 5588 2010 5639 Μετὰ
2040 5612 2109 5623 -—
2139 5579 2493 5650 ὁμολογίαν.
2529 5580 2666 5650 Des.
2720 5578 2773 5631 in
2800 5577 2921 5650 cod.
2941 5574 3032 5650 με.

910 5642 957 5697 ῖί
988 5642 1297 5733 “eam;
1330 5660 1457 5717 cod.
1501 5642 1557 5714 Τ
1603 5642 1728 5715 add.

1893 5656 2013 5726 δρα,
2047 5653 2099 5707 τί
2138 5642 2268 5724 φἠσι
2311 5642 2399 5705 δίὰ
2428 5648 2536 5705 τῶν
2591 5648 2735 5721 ἑξῆς.
2813 5644 3042 5714 ⁸⁵Αὔτη
3076 5642 3135 5712 ἡ.
3176 5642 3297 5698 cod.
3336 5642 3360 5695 1
3394 5643 3435 5710 ἠ

203 5388 361 5443 Abest
412 5404 441 5442 a
473 5382 595 5443 cod.
635 5386 690 5440 2.
766 5385 811 5416 ³⁸
839 5388 1063 5453 Πραγμ.
1123 5383 1244 5436 cod.
1282 5382 1305 5434 1

207 5459 245 5490 ³⁷
266 5458 595 5526 Δεσπότης.
632 5455 753 5511 cod.
813 5455 843 5526 1,
886 5450 1085 5526 add—L6
1113 5450 1457 5526 Θεὸςῌᾼργρς.

203 5545 251 5580 τ.
282 5529 331 5582 λ.
369 5522 536 5584 Conf.
556 5522 683 5596 qua:
708 5524 868 5581 Cord.
922 5534 964 5578 t.
992 5522 1079 5596 λιι,

206 5598 321 5653 cod.
350 5599 404 5652 2.
497 5598 542 5629 ⁸⁸
573 5590 804 5667 Κύριος.
838 5595 957 5667 cod.
984 5593 1019 5648 2
1059 5590 1245 5667 prtem.
1280 5590 1668 5667 εὓσπλαγχνος.

206 5667 461 5736 κειμένη.
516 5668 638 5724 Des.
686 5667 814 5723 ibid.

204 5737 446 5810 ἀληθινή.

2002 5305 2043 5336 ³¹
2073 5302 2284 5369 Διόπερ
2317 5332 2385 5341 -—
2414 5299 2577 5354 αἰτῶ.
2613 5298 2736 5353 Des.
2766 5298 2824 5369 in
2863 5299 2987 5351 cod.
3113 5296 3198 5369 __"
3237 5293 3425 5369 Ἐμοί.

2094 5373 2139 5404 ⁸⁵
2169 5361 2289 5426 cod.
2325 5379 2552 5438 uterque
2612 5368 2957 5435 θεασάμενοι.
3036 5366 3081 5395 ³⁸
3113 5361 3154 5413 Ε
3195 5364 3316 5415 cod.
3372 5362 3427 5419 1.

2094 5444 2123 5497 ι.
2174 5444 2195 5495 1
2251 5441 2374 5495 add.
2410 5440 2567 5491 τοῦτο
2592 5439 2701 5501 γὰρ
2724 5437 2895 5501 λέγει.
2986 5434 3053 5501 ί⁸⁹
3087 5430 3340 5501 Θεμέλια
3369 5449 3423 5485 κ.

3140 5571 3186 5603 ⁸³
3212 5570 3323 5624 Καὶ
3360 5602 3431 5611 —-
