3936 6488
159 336 290 401 1565

1424 336 1507 397 IN
1541 335 1747 399 PSAL.
1780 334 2097 396 LXXXVI.

3266 321 3405 388 1566

158 449 227 510 ὡς
278 446 778 518 παρανομυτάτων,
839 448 934 500 καὶ
982 447 1084 518 τῆς
1140 447 1395 513 ἀσεϐείας
1445 451 1720 520 ἀναδησα-

1834 449 1957 513 mis,
1992 440 2208 517 1219
2226 453 2282 501 et
2319 459 2440 517 quae
2468 451 2698 501 caeteras
2732 442 3013 512 impietate
3043 438 3402 511 superabant,

162 539 331 607 μένων
373 537 436 590 τὸ
483 539 702 608 κράτος,
752 538 841 591 ἴνα
885 538 972 592 διὰ
1001 538 1205 592 τούτων
1248 541 1501 604 καὶτοὺς
1534 540 1725 605 ἄλλους

157 628 391 700 δηλώσῃ.
429 627 599 683 Ῥαὰῦ
632 629 785 698 μέν⁶⁸
812 629 920 700 γὰρ
949 631 1042 682 καὶ
1072 631 1356 685 Χαναναία
1381 633 1477 687 καὶ
1513 633 1684 704 πόρνη
1705 649 1721 664 ο

160 718 414 771 Βαϐυλὼν
458 719 537 783 δέ,
586 718 855 789 θηριώδης
904 721 997 773 καὶ
1049 720 1348 792 δυσσεὸής’
1396 724 1448 775 οἱ
1479 723 1536 775 δὲ
1567 723 1725 777 ἁλλό-

159 812 305 877 φυλοι
349 811 386 880 ἦ
440 828 522 863 τοι
573 811 901 865 Φυλιστιαῖοι
934 828 948 843 ⁸
1004 812 1442 884 δεδηλώκαμεν⁶⁸
1478 815 1590 867 δὲ⁸⁶
1622 816 1725 886 ήδη

156 903 293 965 τίνες
326 898 475 956 οὗτοι
498 920 513 935 ο
564 904 659 956 καὶ
688 903 1077 975 δεισιδαίμονες
1109 906 1205 959 καὶ
1237 906 1568 977 παράνομοι.
1613 909 1726 977 Τῆς

156 990 208 1045 δέ
238 991 420 1061 Τύρου
487 994 580 1045 καὶ
622 993 720 1063 τὴν
766 994 1020 1048 ἀσέϐειαν
1063 996 1156 1049 καὶ
1200 995 1299 1067 τὴν
1346 997 1650 1064 ἀσέλγειαν,
1698 1000 1726 1051 ὁ

157 1085 442 1155 προφήτης
477 1086 736 1156 Ἰεζεκιὴλ
760 1087 1107 1159 ἐτραγῴδησε
1125 1106 1139 1119 '
1171 1089 1298 1143 λαὸν
1328 1090 1385 1143 δέ
1418 1091 1527 1144 τῶν
1546 1090 1725 1143 Αἰθιό-

160 1194 291 1240 πων,
343 1178 408 1230 οὗ
454 1178 615 1248 μόνον
650 1179 851 1243 αὐτοὺς
893 1178 1179 1247 Αἰθίοπας,
1215 1174 1290 1235 ὧν
1319 1183 1374 1235 αἱ
1408 1181 1578 1252 ψυχαὶ
1626 1183 1725 1252 τὴν

159 1265 248 1319 τοῦ
297 1266 557 1337 σώματος
600 1271 938 1339 ἐμιμήσαντο
976 1273 1164 1341 χροὰν,
1208 1273 1347 1326 ἀλλὰ
1388 1273 1484 1327 καὶ
1518 1274 1724 1336 πάντας

163 1360 277 1421 τοὺς
304 1360 546 1427 μέλανας
579 1364 644 1433 τῇ
672 1362 818 1432 ψυχῇ
832 1363 901 1430 θ’,
933 1364 960 1416 ὁ
1006 1365 1345 1435 προφητικὸς
1381 1365 1605 1418 ἐκάλεσε
1635 1365 1725 1418 λό-

163 1469 268 1518 γος.
299 1454 412 1507 Καὶ
438 1454 548 1526 γὰρ
576 1458 633 1509 ἐν
662 1456 740 1526 τῷ
769 1456 1009 1527 ’ᾼσματι
1032 1456 1142 1510 τῶν
1174 1458 1434 1528 ᾀσμάτων
1465 1460 1497 1528 ή
1521 1458 1724 1529 Νύμφη

165 1546 355 1617 βοᾷ⁶⁸ο
412 1565 431 1598 ι
474 1546 715 1600 Μέλαινά
744 1549 857 1617 είμι
888 1548 985 1602 καὶ⁵
1018 1549 1179 1618 καλή,
1226 1548 1525 1619 θυγατέρες
1544 1551 1587 1581 ⁸³
1633 1549 1728 1603 Ἱε-

164 1635 458 1705 ρουσαλήμ.
514 1657 535 1690 ι
596 1636 950 1708 [τοΜέλαιγα
1008 1639 1107 1708 μὲν
1170 1638 1598 1709 ἐξηπατημένη,
1659 1640 1725 1708 τῇ

164 1727 316 1798 κνίσῃ
341 1726 455 1780 τῶν
486 1727 693 1795 ἀλόγων
722 1728 1229 1798 κατεσπιλωμένη⁷¹
1253 1746 1267 1760 ·
1305 1727 1463 1795 καλὴ
1490 1728 1546 1781 δὲ
1575 1744 1730 1796 περι-

1826 551 1886 597 ut
1910 557 2005 612 per
2036 544 2133 597 has
2156 548 2211 596 et
2240 541 2376 596 alias
2407 541 2737 610 designaret.
2765 537 2959 593 Rahab
2990 536 3136 591 enim
3161 544 3216 590 et
3259 534 3406 589 Cha-

1825 649 2014 689 nausea
2030 645 2083 689 et
2100 635 2353 689 meretrix
2382 633 2504 687 fuit.
2537 632 2777 703 Bahylon
2801 645 2929 685 vero
2951 628 3115 684 effera
3129 637 3184 683 et
3212 627 3403 697 impia.

1826 725 2095 797 Allophyli
2134 737 2339 789 autem,
2372 740 2465 780 seu
2508 723 2809 777 Philisthaai
2870 718 3236 791 (ostendimus
3266 732 3398 773 vero

1827 818 2049 887 quinam
2093 818 2209 870 sint
2240 816 2372 885 isti),
2400 827 2454 871 et
2482 815 2847 885 superstitiosi
2895 822 2949 868 et
2976 812 3167 882 iniqui.
3198 810 3255 864 in
3297 809 3404 880 Ty-

1826 911 1870 963 ri
1908 924 2068 978 porro
2096 910 2425 979 impietatem
2455 918 2508 962 et
2534 907 2804 961 luxuriam
2840 905 3105 975 pr0pheta
3140 899 3403 956 Ezechiel

1828 1000 2294 1071 tragiceinvectns
2311 1010 2413 1055 est.
2439 1000 2678 1069 Populus
2708 1008 2886 1052 autem
2910 995 3253 1063 Ethiopnm,
3289 1006 3403 1047 non

1825 1093 1987 1145 modo
2020 1091 2166 1160 ipsos
2194 1089 2503 1159 Ethiopas,
2539 1103 2773 1158 quorum
2800 1087 2995 1141 animae
3027 1083 3273 1154 corporis
3310 1096 3403 1137 co.

1826 1178 1994 1231 loretn
2024 1178 2290 1233 aemulata:
2319 1187 2478 1242 sunt,
2505 1193 2692 1231 verum
2731 1177 2897 1229 etiam
2926 1183 3155 1229 cunctos
3183 1172 3402 1226 animas

1826 1270 2008 1338 nigras
2030 1270 2289 1325 habentes
2307 1271 2564 1340 pronheta
2585 1269 2936 1338 nuncupavit.
2958 1267 3163 1321 Etenim
3189 1267 3241 1320 in
3256 1267 3404 1320 Can-

1826 1363 1933 1417 tico
1962 1365 2297 1417 canticorum
2324 1362 2535 1429 Sponsa
2567 1361 2835 1414 exclamat
2860 1379 2871 1412 :
2898 1378 2914 1409 ι
2942 1357 3100 1429 Nigra
3130 1375 3274 1425 sum,
3307 1360 3403 1414 sed

1828 1457 2132 1517 lormosa,o
2152 1454 2271 1507 tiliae
2286 1453 2733 1522 Hierosolymteh.
2750 1471 2766 1501 ι
2794 1450 2991 1522 [Nigra
3009 1450 3250 1520 quidem,
3272 1452 3402 1520 quia

1826 1544 2049 1613 decepta
2083 1553 2139 1599 et
2167 1545 2325 1611 adipe
2361 1544 2642 1597 brutorum
2687 1542 2958 1595 maculata
2997 1556 3152 1606 sum;
3184 1542 3404 1609 pulchra

1827 1645 2028 1697 autem.
2058 1636 2186 1704 quia
2217 1645 2472 1699 exspecto
2491 1643 2562 1700 te,
2582 1634 2756 1704 quiob
2780 1648 2952 1686 meam
2973 1633 3200 1687 salutem
3218 1649 3247 1687 e
3264 1633 3404 1689 caelo

1828 1725 2059 1798 venies.]
2074 1726 2138 1780 Et
2152 1727 2541 1781 demonstravit
2562 1727 2747 1779 eadem
2787 1739 2951 1793 opera
2976 1734 3087 1777 tum
3110 1724 3405 1793 impietatis

165 1793 398 1887 μένοῦσά
424 1835 485 1871 σε
515 1793 608 1871 τὸν
632 1818 690 1883 ἐξ
715 1819 959 1888 οὐρανῶν
986 1793 1187 1888 ἥξοντα
1216 1793 1491 1888 Δεσπότην
1518 1818 1607 1870 διὰ
1633 1793 1729 1887 τὴν

1834 1793 2118 1883 tenebras,
2185 1830 2298 1873 tum
2366 1817 2826 1888 pulchritudinem
2898 1832 2929 1870 a
2996 1816 3402 1887 divina'gratia

162 1909 293 1979 ἐμὴν
328 1908 655 1980 σωτηρίαν.]
696 1911 803 1963 Καὶ
847 1910 1114 1979 δεδήλωκε
1152 1911 1294 1963 κατὰ
1318 1910 1518 1963 ταυτὸν
1543 1909 1641 1979 τῆς
1668 1925 1728 1961 τε

162 2000 481 2063 δυσσεϐείας
514 2000 604 2053 τὸν
636 2001 819 2068 ζόφον,
876 2002 969 2054 καὶ
1011 2002 1111 2071 τὴν
1156 2000 1449 2071 δεδομένην
1489 2000 1594 2053 ὑπὸ
1632 2000 1731 2069 τῆς

162 2092 303 2156 θείας
351 2094 578 2164 χάριτος
624 2092 856 2164 ὦρανη.
907 2093 1093 2146 Ταῦτα
1125 2094 1306 2163 μέντοι
1336 2092 1404 2147 τὰ
1443 2091 1594 2163 ἔθνη,
1639 2093 1731 2144 ἐπὶ

165 2186 252 2254 μὲν
298 2186 416 2239 τῶν
463 2186 759 2248 Ἰουδαίων,
814 2188 895 2248 είς
944 2184 1043 2255 τὴν
1103 2183 1460 2255 Ἰερουσαλὴμ
1498 2185 1559 2236 οὐ
1605 2200 1733 2235 συν-

161 2273 318 2344 ῆλθεν
331 2274 406 2340 ’⁸,
436 2275 559 2328 οὐδὲ
594 2274 694 2343 τὴν
726 2272 957 2345 νομικὴν
986 2273 1262 2326 πολιτείαν
1282 2273 1329 2304 ⁷⁸
1351 2272 1695 2343 ήγάπησεντι
1716 2289 1729 2302 ο

168 2366 290 2435 μετὰ
315 2364 379 2417 δὲ
408 2364 512 2435 τὴν
534 2364 629 2417 τοῦ
660 2365 911 2434 Σωτῆρος
926 2365 973 2395 ⁷⁸
1000 2362 1157 2433 ήμῶν
1179 2361 1338 2416 ἐνανθ
1348 2362 1615 2433 ρὼπησιν,
1639 2361 1734 2415 καὶ

165 2456 359 2524 ταύτην
389 2457 638 2509 κατοικεῖ
667 2454 765 2526 τήν
808 2454 1183 2526 Ἰερουσαλὴμ,
1210 2454 1425 2517 καὶτὰς
1457 2456 1601 2507 κατὰ
1633 2455 1731 2522 τὴν

162 2546 484 2617 οἰκουμένην
505 2545 797 2613 ἐκκλησίας
825 2547 1045 2616 πληροῖ,
1076 2544 1168 2597 καὶ
1198 2545 1279 2606 είς
1306 2544 1406 2615 τήν
1430 2543 1543 2597 ἄνω
1571 2562 1733 2614 μετα-

162 2636 329 2691 ϐαίνει
364 2636 527 2699 Σιὼν,
578 2638 672 2690 καὶ
716 2638 813 2706 τῆς
863 2637 1142 2708 μακαρίας
1186 2636 1403 2706 ἐκείνης
1457 2636 1733 2699 πολιτείας

166 2730 578 2800 μεταλαγχάνει.
637 2728 711 2803 [⁷⁷
742 2729 838 2783 Ἐκ
878 2729 1048 2781 ποίων
1094 2730 1202 2800 γὰρ
1249 2728 1420 2781 ἐθνῶν
1466 2726 1567 2781 οὐκ
1606 2731 1733 2782 ἐπί-

164 2838 391 2874 στευσαν
416 2822 498 2891 τῷ
543 2823 798 2893 Σωτῆρις
850 2821 1007 2884 Τίνες
1034 2822 1091 2875 δὲ
1135 2821 1341 2877 τούτων
1370 2825 1419 2877 oi
1453 2825 1529 2897 μὴ
1563 2842 1734 2879 κατας

162 2911 416 2976 λαϐόντες
448 2914 545 2967 καὶ
574 2913 671 2983 τὴν
689 2913 838 2966 κάτω
852 2912 1207 2984 Ἰερουσαλὴμ
1229 2914 1317 2968 διὰ
1343 2915 1402 2967 τὸ
1422 2917 1734 2988 προσκυνῆ-

162 3023 244 3059 σαι
274 3009 407 3071 τοὺς
436 3008 902 3077 ἐπιφανεστάτους
932 3007 1027 3061 καὶ
1064 3008 1296 3073 σεπτοὺς
1324 3009 1544 3074 τόπους,
1568 3013 1626 3064 ἐν
1652 3006 1735 3075 οἷς

1830 1925 2173 1964 concessam.
2234 1909 2325 1963 Ilze
2372 1910 2533 1979 igitur
2592 1917 2777 1978 gentes
2840 1924 3119 1977 nunquam
3160 1919 3406 1978 tempore

1829 2000 2138 2055 Judazorum
2212 2000 2641 2071 Hierosolymam
2735 2012 3141 2065 convenerunt,
3226 2015 3405 2071 neque

1834 2093 1965 2163 legis
2018 2092 2447 2148 observationem
2527 2092 2885 2146 dilexerunt:
2944 2100 3067 2160 post
3145 2092 3405 2148 incarna-

1834 2188 2033 2240 tionem
2084 2192 2262 2238 autem
2311 2183 2604 2237 Salvatoris
2632 2184 2826 2246 nostri,
2868 2190 2923 2236 et
2954 2184 3094 2237 hanc
3130 2179 3405 2240 inhabita-

1833 2290 1978 2344 rtmt,
2021 2288 2073 2332 et
2096 2278 2386 2347 perorbem
2422 2288 2690 2331 terrarum
2722 2276 2985 2330 ecclesias
3022 2276 3404 2345 impleverunt,

1833 2382 1885 2425 et
1906 2374 1956 2425 in
1986 2372 2263 2426 caelestem
2297 2369 2516 2424 Sionem
2560 2364 2969 2439 transmigrant,
2997 2370 3249 2437 illiusque
3277 2369 3406 2425 bea-

1833 2463 2349 2519 tazconversationis
2384 2472 2665 2531 compotes
2703 2463 2855 2517 ﬁunt.
2892 2461 3047 2534 [Quae
3074 2470 3250 2516 autem
3279 2471 3408 2517 sunt

1833 2566 2038 2623 gentes,
2071 2570 2137 2609 ex
2168 2555 2367 2624 quibus
2396 2568 2502 2607 non
2544 2554 2874 2609 crediderint
2903 2555 3069 2623 aliqui
3110 2554 3321 2624 1220
3347 2553 3405 2608 in

1836 2646 2215 2701 Salvatorem?
2248 2647 2481 2713 Quinam
2515 2659 2693 2702 autem
2730 2658 2857 2702 sunt
2912 2647 3108 2700 horum
3167 2645 3258 2713 qui
3295 2660 3405 2699 non

1834 2741 2221 2810 occupaverint
2257 2742 2421 2796 etiam
2463 2740 2897 2811 Hierosolymam
2956 2738 3292 2803 inferiorem,
3344 2746 3407 2793 ut

1835 2834 2324 2888 colerentillustria
2354 2835 2440 2888 illa
2468 2843 2522 2888 et
2551 2844 2737 2888 sancta
2779 2834 2919 2894 loca,
2951 2832 3005 2885 in
3034 2831 3232 2901 quibus
3260 2830 3407 2886 Deus

1833 2942 1900 2980 ex
1937 2923 2044 2981 Deo
2067 2941 2174 2979 non
2220 2941 2440 2979 carnem
2497 2934 2709 2980 tantum
2772 2924 2967 2989 induit,
3028 2924 3121 2978 sed
3175 2922 3408 2994 pedibus

1835 3032 2054 3088 quoque
2122 3017 2274 3081 suis,
2354 3033 2455 3086 pro
2515 3017 2714 3084 insigni
2770 3016 2824 3069 in
2882 3016 3130 3071 homines
3180 3028 3408 3082 amore,

162 3099 216 3152 οὐ
251 3100 419 3169 μόνον
449 3103 478 3153 ὁ
508 3104 571 3154 ἐκ
599 3100 734 3153 Θεοῦ
764 3102 895 3163 Θεὸς
932 3101 1255 3170 σαρκωθεὶς,
1297 3102 1434 3156 ἀλλὰ
1469 3105 1563 3157 καὶ
1603 3107 1729 3158 ποσὶ

1834 3110 2151 3166 ambulavit.
2201 3111 2298 3167 liis
2355 3112 2539 3181 itaque
2596 3110 2737 3164 bene
2786 3108 2983 3175 dictis,
3031 3108 3226 3164 deinde
3278 3121 3406 3179 per-

162 3192 574 3263 φιλανθρωπίας
623 3193 857 3248 ἐϐάδισε.
914 3193 1110 3257 Καλῶς
1158 3189 1251 3249 οὖν
1302 3195 1441 3267 ἔχων
1488 3196 1578 3251 διὰ
1622 3196 1733 3251 τῶν

161 3285 280 3352 ἑξῆς
307 3285 485 3354 ἔφησε
505 3284 560 3356 ’]

223 3383 282 3431 ε’.
335 3396 356 3429 ι
399 3378 662 3448 Μήτηρ⁷⁸
695 3378 833 3431 Σιὼν
873 3379 987 3448 ἐρεῖ
1017 3378 1323 3448 ἄνθρωπος.
1375 3397 1393 3430 ι
1447 3380 1736 3451 Μητέρα⁷⁹

162 3467 208 3520 δέ
234 3468 475 3533 ἕκαστος
503 3470 600 3540 τὴν
634 3470 770 3523 Σιὼν
799 3471 1135 3540 ὁνομάσειθο,
1175 3472 1269 3523 καὶ
1311 3473 1419 3535 πᾶς
1450 3473 1736 3543 ἄνθρωπος

164 3561 289 3629 ἐρεῖ,
337 3563 422 3614 ὅτι
474 3563 657 3632 μήτηρ
697 3564 730 3631 ή
776 3562 935 3616 Σιών.
990 3560 1057 3633 [⁸⁸
1077 3559 1233 3614 Οὕτω
1273 3565 1367 3615 καὶ
1402 3566 1429 3617 ὀ
1466 3565 1736 3634 μακάριος

164 3653 307 3718 λέγει
348 3650 563 3714 Παῦλος
596 3668 608 3680 ·
670 3671 688 3703 ι
734 3652 795 3703 Ἡ
825 3652 881 3704 δὲ
927 3651 1039 3705 ἄνω
1081 3651 1437 3724 Ἰερουσαλὴμ
1472 3654 1736 3724 ἐλευθέρα

163 3742 325 3802 ἐστὶν,
360 3742 482 3811 ἥτις
510 3742 627 3795 ἐστὶ
665 3743 843 3814 μήτηρ
876 3744 1095 3797 πάντων
1126 3744 1303 3813 ἡμῶν.
1340 3744 1398 3816 ι]
1452 3764 1469 3796 t
1506 3744 1614 3798 Καὶ
1641 3746 1735 3799 ἄν-

165 3833 379 3900 θρωπος
412 3834 645 3904 ἐγενήθη
680 3836 737 3887 ἐν
768 3837 926 3906 αὐτῇ.
956 3855 974 3887 ι
1010 3835 1098 3905 Τῷ
1124 3836 1279 3902 Ἑρεῖ
1301 3838 1608 3904 ἅνθρωπος
1644 3840 1737 3890 καὶ

162 3925 316 3977 τοῦτο
345 3927 637 3995 συνῆπται.
684 3926 741 3979 '0
770 3926 879 3997 γὰρ
904 3925 1001 3994 τὴν
1033 3925 1167 3981 Σιὼν
1189 3927 1467 3998 ὀνομάζων
1500 3928 1733 3998 μητέρα,

162 4013 485 4084 ὁμολογήσει
516 4016 611 4069 καὶ
636 4015 729 4069 τοῦ
762 4018 817 4068 ἐν
848 4016 987 4086 αὐτῇ
1018 4017 1299 4085 τεχθέντος
1327 4016 1613 4085 ἀνθρώπου
1639 4017 1735 4086 τὴν

162 4106 417 4177 γέννησιν
434 4106 478 4138 ⁸²
501 4127 515 4140 ο
559 4108 652 4160 καὶ
685 4109 769 4160 ἴνα
799 4106 874 4178 μή
902 4125 987 4171 τις
1015 4107 1301 4177 ἄνθρωπον
1326 4106 1510 4159 τοῦτον
1527 4108 1574 4139 ⁸³
1601 4109 1736 4161 ὑπο-

162 4198 313 4253 λάϐοι
350 4198 506 4269 ψιλὸν
524 4200 594 4261 ⁸⁵,
641 4201 802 4263 εὐθὺς
850 4201 1129 4268 ἐπήγαγεν
1154 4215 1167 4227 °
1212 4218 1231 4251 ‹
1277 4200 1383 4253 Καὶ
1415 4200 1578 4263 αὐτὸς
1615 4201 1736 4253 ἐθε-

168 4288 432 4357 μελίωσεν
459 4288 630 4361 αὐτὴν
658 4292 686 4343 ὁ
713 4291 994 4360 ”Υψιστος.
1044 4309 1062 4342 ι
1117 4283 1285 4354 Οὗτος
1313 4290 1419 4361 γὰρ
1453 4295 1480 4345 ὀ
1506 4293 1564 4344 ἐν
1598 4293 1734 4363 αὐτῇ

164 4376 377 4446 ταχθεὶς
423 4378 784 4450 ἄνθρωπος⁸⁵,
834 4383 927 4434 καὶ
975 4383 1203 4452 ποιητής
1254 4382 1396 4444 ἐστι,
1446 4384 1539 4436 καὶ
1577 4383 1737 4453 δημι-

164 4470 380 4540 ουργὸς,
412 4471 632 4541 ὕψιστος
646 4472 691 4503 ⁸⁸
715 4472 810 4534 ὢν,
833 4475 926 4527 καὶ
944 4474 1097 4538 Θεός.

320 4640 477 4694 Cant.
520 4655 553 4693 t.
594 4639 648 4693 5.
729 4640 747 4681 ί
791 4637 968 4695 Gaiat.
1012 4655 1084 4707 Iv,
1125 4639 1215 4693 26.

1837 3204 1913 3273 sit
1940 3200 1980 3276 ε]

1908 3370 2073 3427 Vens.
2104 3372 2159 3427 5.
2184 3392 2204 3425 ι
2243 3371 2416 3430 Mater
2446 3372 2577 3428 Sion
2606 3374 2747 3429 dicet
2766 3374 2953 3429 homo.
2982 3393 3000 3426 ι
3035 3373 3214 3429 Porro
3236 3390 3410 3430 unus-

1838 3464 2077 3533 quisque
2135 3463 2357 3519 Sionem
2419 3474 2649 3521 matrem
2718 3468 3077 3536 nuncupabit,
3137 3478 3192 3524 et
3227 3468 3409 3523 omnis

1840 3559 2000 3611 homo
2050 3558 2195 3613 dicet
2228 3568 2456 3613 matrem
2484 3574 2609 3615 esse
2641 3559 2885 3616 Sionem.
2908 3559 3257 3633 [Sicquoque
3280 3562 3410 3615 bea-

1839 3658 1924 3704 tus
1953 3652 2131 3721 inquit
2182 3650 2425 3708 Paulus:
2464 3672 2481 3703 σ
2518 3651 2899 3724 Hierosolyma
2947 3663 3129 3708 autem
3164 3656 3410 3724 superior

1839 3742 2006 3796 libera
2041 3751 2145 3806 est,
2181 3760 2305 3813 quae
2333 3754 2417 3799 est
2467 3754 2643 3799 mater
2708 3754 2960 3799 nostrum
2996 3746 3242 3800 omnium
3286 3747 3327 3801 ί.
3359 3743 3409 3821 ι]

1844 3851 1862 3885 ι
1888 3833 1952 3888 Ει
1976 3836 2136 3891 homo
2156 3845 2317 3893 natus
2341 3847 2423 3891 est
2452 3836 2504 3890 in
2521 3854 2604 3892 ea.
2620 3857 2636 3887 ι
2660 3838 2794 3893 Cum
2815 3839 2920 3893 illis
2935 3839 3133 3902 verbis,
3152 3839 3301 3892 Dicet
3315 3839 3410 3892 Ito-

1838 3943 1944 3990 mo,
1977 3926 2080 3981 ista
2109 3926 2401 3997 conjuncta
2438 3936 2587 3984 sunt.
2625 3928 2727 3993 Qui
2777 3929 2925 3984 enim
2986 3937 3217 3982 matrem
3282 3927 3409 3983 Sio-

1840 4035 1959 4073 nem
1998 4020 2269 4077 nominat.
2296 4020 2647 4075 contitebitur
2687 4020 2853 4075 etiam
2912 4031 3091 4075 ortum
3141 4020 3408 4084 hominis,

1838 4112 1929 4180 qui
1964 4120 2123 4165 natus
2155 4120 2239 4167 est
2269 4112 2323 4165 in
2353 4127 2436 4164 ea.
2469 4109 2536 4165 Et
2571 4126 2636 4165 ne
2672 4114 2797 4180 quis
2824 4113 2969 4168 hunc
3038 4111 3245 4166 nudum
3307 4111 3408 4165 bo-

1841 4204 2040 4257 minem
2071 4218 2195 4258 esse
2218 4204 2552 4272 suspicetur,
2590 4204 2774 4257 statim
2810 4202 3051 4258 subdidit
3086 4221 3101 4257 :
3137 4222 3155 4254 ι
3192 4201 3257 4257 Et
3297 4203 3411 4273 ipse

1840 4293 2091 4348 fundavit
2118 4308 2239 4348 eam
2271 4294 2611 4348 Altissimus.
2646 4312 2664 4344 ι
2706 4291 2839 4347 Nam
2875 4293 2960 4346 hic
2993 4293 3182 4357 homo,
3215 4293 3308 4363 qui
3340 4277 3409 4346 'in

1841 4387 1943 4441 hac
1973 4396 2131 4439 natus
2157 4394 2263 4450 est,
2295 4394 2349 4439 et
2378 4394 2591 4441 creator
2622 4393 2724 4450 est,
2759 4393 2813 4440 et
2844 4383 3047 4454 Opiicx,
3089 4400 3215 4441 cum
3263 4384 3431 4441 altis-.

1766 4492 1810 4547 ο
1836 4478 2009 4534 simus
2039 4477 2131 4543 sit,
2163 4486 2220 4531 et
2242 4476 2407 4532 Deus.

1252 4779 1486 4835 VARle
1525 4779 1908 4835 LECTIONES
1950 4779 2035 4835 ET
2077 4780 2312 4836 ΝΟΤᾸΕ.

238 4896 288 4928 ⁵⁸
325 4896 474 4949 Μέν.
498 4895 667 4949 Abest
690 4912 718 4949 ξι
750 4894 872 4949 Cod.
908 4896 960 4949 1.

1063 4895 1109 4927 “
1138 4895 1349 4962 Δεδηλ.
1378 4898 1502 4951 cod.
1530 4898 1566 4950 ‘2
1600 4912 1787 4963 praem.
1824 4897 1937 4950 καί.

165 4967 285 5021 cod.
400 4966 623 5037 ἔχοντας
653 4966 908 5037 μέλαιναν
942 4963 1063 5037 τὴν
1081 4965 1259 5036 ψυχὴν
1301 4967 1386 5019 διὰ
1437 4968 1535 5037 τῆς
1571 4966 1866 5037 ἁμαρτίας.
1898 4967 2023 5037 coll.
2055 4966 2090 5018 2
2114 4967 2351 5037 μέλανας
2371 4965 2483 5037 ᾃτὴν
2511 4965 2711 5035 ψυχήν.

163 5035 524 5108 ἧτιςῗέστιν-’ή
556 5036 614 5100 ἐξ
642 5035 811 5088 ἐθνῶν
839 5034 1122 5108 ἐκκλησία.
1161 5034 1189 5036 ﬁ
1213 5034 1257 5067 δ’
1285 5038 1406 5089 cod.
1427 5036 1463 5090 2
1489 5034 1775 5108 θυγάτηρ.Δ
1849 5037 1895 5067 ⁷⁰
1927 5034 2124 5108 Edenda
2146 5036 2202 5108 1.
2295 5034 2623 5108 “Aitt'ntarg‘i

164 5106 407 5176 (τωμένη,
434 5106 606 5157 cinere
630 5121 925 5177 conspersa.
973 5106 1049 5177 A"
1072 5106 1277 5173 Ὥραν.
1300 5110 1421 5177 coll.
1456 5108 1479 5159 1
1510 5106 1879 5177 ρνιιρηιζαύτῇ.

2041 4896 2086 4927 ⁸⁸
2119 4895 2209 4950 Δέ.
2238 4896 2404 4950 Abest
2425 4910 2463 4966 7a
2498 4894 2620 4949 cod.
2659 4894 2714 4947 2.
2828 4893 2872 4966 ff
2905 4892 3072 4966 Μέλ.
3108 4892 3184 4961 τῆ
3212 4895 3405 4966 ψυχῇ.

2823 4963 2867 4994 ’⁸
2892 4962 3035 5030 Βοᾷ.
3064 4966 3187 5019 cod.
3220 4962 3240 5019 1
3273 4962 3397 5024 add.

1849 5037 1895 5067 ⁷⁰
1927 5036 1965 5088 E
1992 5033 2125 5089 cod.
2146 5036 2198 5089 1.
2295 5036 2339 5067 τί
2370 5033 2699 5104 Ιηίιιανείὴθ
2740 5033 2941 5087 codicis
2963 5050 3107 5089 ascr.
3135 5052 3405 5090 κατεσπο-

1954 5106 1998 5137 ⁷²
2029 5106 2147 5176 cmi:
2175 5106 2211 5157 2
2239 5105 2521 5175 συνῆλθον.
2591 5104 2641 5176 ντξ
2676 5106 2878 5176 Πολιτ.
2908 5105 3031 5176 φα.
3068 5106 3090 5158 1
3127 5105 3403 5176 λατρείαν,

166 5173 404 5244 ascripta
441 5186 620 5229 tamen
663 5176 893 5229 lectione
937 5174 1127 5248 altera.
1202 5177 1245 5207 ⁷⁸
1273 5176 1391 5229 eod.
1441 5177 1476 5228 2
1512 5173 1730 5248 ήγάπησ

1834 5173 1856 5177 ’⁷
1904 5176 1951 5207 τε
1983 5173 2278 5242 Σωτῆρος.
2312 5173 2438 5229 cod.
2474 5176 2497 5228 1
2536 5173 2661 5229 add.
2689 5175 2783 5226 καὶ
2815 5173 2973 5227 Θεοῦ.
3049 5176 3093 5207 ⁷⁷
3125 5174 3165 5227 Ε
3199 5173 3319 5229 cod.
3352 5177 3400 5231 1.

168 5260 189 5290 '
211 5242 596 5344 Mﬁrnpﬁégst’.
617 5256 958 5344 ideitt'.'li‘.‘.tsz
1306 5256 1451 5344 Signi
1477 5242 1703 5344 giretur}

1846 5275 2061 5344 quoque
2090 5259 2284 5344 Aquila
2319 5269 2372 5313 et
2400 5257 2760 5344 Theodotion.
2785 5256 3210 5344 Syrtimautem
3234 5262 3401 5344 habet

169 5326 303 5396 περί
326 5346 386 5381 τε
424 5329 581 5398 Σιὼν.
614 5328 859 5382 Genuina
892 5326 1008 5398 τῶν1
1034 5330 1089 5379 0'
1126 5331 1283 5382 lectio
1317 5329 1443 5382 olim
1476 5329 1575 5382 fuit
1616 5331 1697 5383 vel
1728 5381 1730 5395 Α

1836 5346 1889 5380 τι
1928 5326 2083 5390 Σιὼν,
2111 5338 2166 5382 nt
2232 5330 2486 5383 observat
2518 5327 2741 5381 Hieron.
2784 5326 3142 5398 inllireviario
3181 5333 3245 5383 ad
3273 5333 3326 5383 h-.
3360 5332 3395 5385 I.

167 5395 250 5453 vel
281 5399 357 5469 μὴ
380 5402 446 5468 τῇ
476 5397 638 5469 Σιὼν,
666 5398 901 5466 nunquid
931 5395 1439 5459 Sioni,sc.dicetur.
1464 5395 1825 5469 Posteriorem
1858 5400 2140 5452 let-tionem
2160 5400 2371 5452 exhibet
2404 5399 2643 5469 scholiou
2672 5398 2814 5469 quod
2856 5396 3047 5452 Montf.
3090 5400 3143 5452 in
3172 5400 3395 5467 Ilexapl.

168 5470 231 5522 ad
278 5466 397 5521 h.'l.
422 5466 451 5522 e
480 5468 603 5521 cod.
633 5469 795 5522 Coisl.
858 5469 1059 5528 attulit,
1082 5483 1205 5521 cum
1236 5484 1341 5537 quo
1391 5468 1779 5522 conferendum
1806 5480 1889 5523 est
1928 5469 2059 5521 illud
2100 5469 2244 5535 quod
2280 5468 2331 5521 in
2367 5468 2497 5521 edit.
2534 5466 2834 5537 110mg:th
2864 5470 2920 5520 0'
2945 5471 3011 5522 ad
3047 5472 3097 5523 h.
3137 5470 3171 5521 Ι.
3197 5466 3392 5524 exstat;

168 5538 211 5569 "
240 5539 629 5607 Mmépa.cod.
662 5539 697 5591 ‘2
724 5538 973 5608 Σωτῆρα,
1006 5539 1238 5608 ascripta
1274 5547 1451 5591 tamen
1486 5539 1651 5591 altera
1685 5540 1928 5592 lectione.

168 5625 331 5675 τενν.
362 5606 484 5663 cod.
532 5611 553 5662 1
591 5608 724 5660 θεοῦ
754 5607 849 5677 τὴν
868 5606 1303 5675 ίὲνανθρώπησιν.
1342 5609 1461 5661 cod.
1487 5610 1520 5660 ‘2
1547 5608 1645 5677 τὴν
1674 5610 1923 5677 δύναμιν.

1075 5693 1278 5750 pneut._
1465 5678 1587 5750 cod.
1669 5680 1688 5731 1
1743 5678 2096 5750 Osos/\oyog,
2151 5678 2541 5750 σαρκωθεὶςδὲ
2568 5678 2632 5750 ἐκ
2659 5678 2938 5750 παρθένου
2974 5679 3092 5733 κατ’
3124 5679 3401 5750 ἀλήθειαν.

172 5678 367 5731 κοινόν.
475 5680 519 5709 ⁸⁸
571 5680 761 5745 Ἀνθρ.
810 5680 930 5732 eod.
990 5678 1027 5729 2

2007 5540 2050 5568 ⁸⁰
2078 5540 2197 5593 Cod.
2221 5539 2255 5590 2
2282 5537 2553 5606 ὀνομάζει.
2630 5536 2672 5566 ⁸⁸
2699 5536 2739 5588 Ε
2770 5538 2949 5591 cod.1.
3026 5539 3071 5569 ⁸²
3108 5540 3265 5592 Ἀνθ.
3291 5541 3405 5605 τὴν

2021 5608 2065 5639 ⁸³
2134 5606 2374 5661 Τοῦτον.
2406 5608 2527 5661 cod.
2562 5607 2597 5659 2
2626 5606 2806 5660 αὐτόν.
2884 5608 2934 5640 ⁸⁵
2977 5609 3186 5662 Ψιλόν.
3222 5611 3343 5664 ςοιί.
3375 5611 3400 5664 1

172 5747 218 5779 ⁸⁸
246 5750 536 5817 Tyrtath
563 5779 631 5789 —
663 5751 824 5815 Θεός.
856 5748 1020 5805 Abest
1048 5762 1079 5801 a
1110 5748 1228 5803 cod.
1251 5748 1306 5802 2.
1334 5747 1461 5804 Post
1485 5748 1615 5811 Θεὸς
1644 5749 1697 5804 in
1729 5783 1730 5788 η

1836 5786 1851 5801 .
1888 5748 1906 5801 1
1947 5765 2060 5813 seu.
2086 5746 2245 5801 τοῦτο
2271 5748 2377 5817 γὰρ
2421 5748 2567 5816 λέγει
2598 5747 2684 5802 διὰ
2708 5748 2814 5802 τῶν
2847 5749 2993 5821 ἑξῆς.
