3936 6486
174 345 295 410 1573

1440 347 1518 407 ΙΝ
1556 348 1765 408 PSAL.
1798 347 2183 410 LXXXVIII.

3280 344 3374 409 157

170 456 452 525 Σύμμαχος
482 454 655 518 οὕτως
678 473 691 486 υ
726 456 900 524 Ἐμοῦ
944 456 1015 509 δὲ
1044 456 1194 525 πρὸς
1226 457 1325 519 σὲ,
1351 458 1556 525 Κύριε,
1592 460 1630 525 ἠ
1660 460 1742 511 οὶ-

1858 459 2063 528 [226
2099 458 2171 511 ita
2209 456 2371 511 habet
2401 475 2414 511 :
2458 455 2608 511 Meus
2639 470 2759 509 vero
2788 454 3009 525 gemitus
3041 454 3109 507 ad
3142 464 3210 519 te,
3242 471 3271 509 ο
3310 455 3419 508 Do—

165 546 339 619 μωγὴ,
366 548 463 601 καί
492 550 619 600 κατ’
643 547 857 614 ὄρθρον
881 549 1247 618 ἡπροσευχή
1262 566 1380 617 μου
1406 550 1739 618 προφθάσει

170 641 288 711 08.]
336 640 655 709 Ἐπιθυμῶν
700 641 809 710 γὰρ
852 643 910 694 ὲν
957 644 1023 713 τῇ
1068 641 1181 712 ζωῇ
1223 642 1331 695 τῶν
1374 641 1739 711 ἐπικειμένων

168 732 536 803 ἀπαλλαγῆναι
568 733 755 786 κακῶν
777 734 844 797 ⁵⁸,
902 734 1240 805 ὀδυνώμενος
1288 732 1609 804 ποτνιῶμαι,
1645 732 1741 787 καὶ

169 827 345 897 φθάνω
382 830 449 897 τῇ
476 826 659 896 δεήσει
683 826 772 878 τὸν
802 827 1021 897 ὄρθρον.

235 923 314 970 ιε’.
356 936 376 969 ι
445 918 628 981 ’1νατί,
667 919 859 987 Κύριε,
909 917 1151 980 ἁπωθεῖς
1180 917 1279 987 τὴν
1327 916 1564 987 ψυχήν⁸⁷
1613 933 1736 987 μου,

167 1008 524 1079 ἀποστρέφεις
549 1008 611 1060 τὸ
632 1006 924 1079 πρόσωπόν
960 1024 1053 1060 σου
1081 1007 1174 1060 ἁπ¹
1201 1007 1373 1077 eum“);
1409 1026 1427 1059 ι
1456 1007 1521 1059 Τί
1542 1006 1739 1078 δήποτε

168 1100 337 1153 τοίνυν
352 1100 701 1171 ἁποπέμπεις
728 1101 774 1134 ⁵⁸
808 1117 898 1171 με,
929 1100 1173 1153 Δέσποτα
1191 1116 1205 1131 ο
1228 1101 1323 1154 καὶ
1334 1101 1433 1171 τῆς
1459 1100 1741 1170 εὐμενείας

169 1194 224 1245 οὺ
254 1193 554 1259 μεταδίδως
591 1192 689 1262 τῆς
726 1191 861 1261 σῆς;

233 1293 328 1350 ις’.
366 1305 384 1337 ι
412 1286 639 1356 Πτωχός
654 1286 768 1355 εἰμι
800 1283 930 1353 ἐγὼ,
962 1284 1058 1339 καὶ
1087 1285 1144 1337 ὲν
1173 1284 1417 1348 κόποις³⁹
1453 1284 1519 1338 ὲκ
1548 1284 1739 1354 νεότη-

170 1379 248 1441 τός
288 1394 416 1447 μου.
466 1396 486 1429 ι
519 1377 745 1443 Νεότης
763 1376 858 1429 τοῦ
890 1379 991 1445 μὲν
1033 1374 1272 1446 Ἰσραὴλ,
1305 1377 1337 1446 ὴ
1371 1375 1430 1440 ἐξ
1462 1374 1739 1443 Αἰγύπτου

169 1469 340 1536 ἔξοδος
364 1486 379 1500 ο
412 1470 637 1523 πάντων
664 1470 721 1522 δὲ
753 1467 1060 1538 ἀνθρώπων
1172 1468 1313 1539 μετὰ
1337 1468 1435 1538 τὴν
1482 1468 1739 1538 παράϐα-

172 1578 248 1613 σιν
270 1561 370 1631 τῆς
402 1560 626 1629 ἐντολῆς
648 1559 753 1625 ἔξω
775 1559 869 1613 τοῦ
904 1559 1237 1629 παραδείσου
1269 1559 1406 1631 ζωή.
1452 1560 1562 1613 Καὶ
1593 1555 1741 1613 οὗτοι

170 1654 223 1708 δὲ
244 1656 489 1707 κάκεῖνοι
523 1654 700 1709 πάντα
729 1653 822 1707 τὸν
844 1655 902 1706 ὲν
934 1652 1085 1723 μέσῳ
1122 1654 1317 1723 χρόνον
1361 1653 1742 1725 ταλαιπωρού-

174 1762 319 1815 μενοι
376 1744 709 1798 διετέλεσαν.
764 1762 783 1795 ι
859 1742 1127 1812 ’Υψωθεὶς
1148 1743 1193 1775 ⁸⁸
1223 1743 1281 1797 δὲ
1345 1742 1738 1813 ὲταπεινώθην,

1844 550 1982 603 mine
2022 550 2282 619 (directus
2316 547 2439 619 est).
2476 558 2526 603 et
2569 564 2723 601 mane
2748 563 2923 616 preces
2955 562 3081 600 mea:
3110 548 3422 615 prwvenicnt

1845 641 1939 713 te.]
1962 639 2097 695 Nam
2125 641 2177 694 in
2210 641 2318 695 vita
2349 641 2667 695 desiderans
2694 640 2763 693 ab
2786 638 3229 693 incumbentibus
3262 640 3421 693 malis

1842 733 2085 798 liberari,
2119 749 2357 789 maerens
2386 742 2439 788 te
2469 748 2721 801 veneror,
2759 743 2811 787 et
2835 730 3138 786 diluculum
3165 731 3422 801 depreca-

1845 828 1993 882 tione
2022 828 2317 897 prmvenio.

1917 916 2081 973 Vens.
2121 918 2210 972 15.
2257 935 2276 968 ι
2315 917 2450 983 Cur,
2476 931 2509 971 o
2558 914 2813 981 Domine,
2844 912 3064 984 repellis
3117 911 3421 967 orationem

1843 1024 2045 1076 meam,
2096 1009 2298 1064 avertis
2356 1007 2550 1063 faciem
2586 1017 2735 1060 tuam
2783 1024 2811 1060 a
2860 1006 2986 1060 me?
3027 1024 3047 1056 ι
3086 1004 3197 1060 Cur
3235 1005 3418 1075 igitur,

1844 1099 2099 1167 Domine,
2130 1100 2316 1171 rejieis
2366 1116 2476 1166 me,
2531 1109 2788 1169 tuamque
2828 1097 3258 1153 benevolentiam
3312 1114 3423 1154 non

1842 1192 1916 1247 im
1926 1192 2094 1263 pertis
2116 1193 2140 1246 ?

1918 1283 2081 1339 Vens.
2130 1284 2282 1339 16.'¢
2330 1285 2543 1354 Pauper
2576 1298 2698 1338 sum
2730 1298 2851 1353 ego,
2892 1291 2947 1337 et
2992 1283 3046 1337 in
3080 1284 3360 1339 laboribus
3390 1300 3421 1339 a

1838 1377 2128 1446 iuventute
2158 1393 2303 1433 mea.
2345 1396 2364 1429 ›
2403 1376 2661 1431 Juvenlus
2703 1375 2922 1431 lsraelis
2968 1378 3211 1446 quidem,
3243 1378 3422 1432 exitus

1843 1476 2017 1523 estex
2049 1466 2283 1539 Egypto
2310 1484 2322 1520 :
2347 1466 2595 1521 omnium
2619 1475 2802 1520 autem
2833 1467 3117 1521 hominum
3144 1469 3245 1522 vita
3269 1478 3423 1523 extra

1844 1560 2163 1631 paradisum
2196 1558 2577 1630 postmandati
2605 1560 3124 1629 transgressionem.
3155 1560 3221 1615 Et
3246 1562 3297 1616 hi
3334 1580 3424 1617 au-

1846 1662 1975 1719 tem,
2019 1662 2074 1706 et.
2107 1651 2186 1705 illi
2221 1666 2318 1721 per
2346 1665 2507 1704 omne
2533 1658 2747 1719 tempus
2790 1650 3171 1705 intermedium
3199 1653 3421 1707 calami-

1845 1754 2021 1798 tosam
2054 1742 2223 1797 vitam
2255 1722 2504 1813 egerunt.
2539 1759 2557 1792 ι
2587 1742 2874 1796 Exaltatus
2898 1752 3080 1797 autem
3103 1744 3424 1799 humiliatus

106 1908 113 1919 .
171 1814 255 1892 καὶ
280 1837 657 1909 ὲξηπορήθην.
712 1856 732 1889 ι
793 1836 858 1891 Οἵ
893 1854 955 1889 τε
1009 1836 1119 1907 γὰρ
1163 1836 1408 1889 Ἰουδαῖοι
1467 1837 1606 1905 μετὰ
1644 1834 1742 1906 τὴν

1858 1852 1986 1901 sum,
2007 1844 2059 1890 et
2081 1835 2497 1890 conturbatus.»
2520 1833 2656 1888 Nam
2678 1844 2732 1888 et
2752 1833 2923 1889 Judaai
2947 1837 3422 1906 postsplendorcm

172 1930 530 2002 περιφάνειαν
551 1930 881 2003 περιέπεσον
902 1931 968 2001 τῇ
993 1929 1209 2000 δουλείᾳ
1226 1945 1241 1960 ⁶
1270 1931 1366 1983 καὶ
1394 1929 1503 1983 τῶν
1533 1928 1628 1982 ἀνθ
1639 1928 1743 1999 ρώ-

175 2041 287 2076 πων
316 2025 353 2093 ἡ
386 2022 573 2092 φύσις,
597 2022 718 2076 κατ’
746 2022 933 2076 είκόνα
979 2021 1130 2075 θείαν
1151 2021 1196 2054 ⁸⁸
1245 2022 1584 2093 γεγενημένη
1609 2061 1624 2084 ,
1649 2021 1745 2074 καὶ

170 2115 259 2184 τῆς
290 2116 354 2166 ὲν
390 2115 706 2185 παραδείσῳ
740 2114 887 2184 ζωῆς
909 2115 955 2146 ⁸³
990 2112 1291 2185 ῆξιωμὲνη,
1328 2113 1592 2184 μειζόνων
1620 2114 1743 2165 ἐπι-

172 2207 489 2279 θυμήσασα,
518 2208 612 2261 καὶ
647 2207 757 2260 τῶν
784 2207 1174 2278 δεδωρημένων
1208 2206 1491 2272 ἐξέπεσεν.

236 2301 327 2364 ιζ’.
390 2306 483 2368 ιη’.
547 2299 663 2352 Ἐπ’
704 2299 805 2370 ἐμὲ
854 2298 1071 2369 διῆλθον
1127 2299 1184 2352 αί
1231 2297 1391 2368 ὀργαί
1455 2315 1572 2364 σου,
1631 2299 1745 2352 οἱ⁶⁸

175 2390 507 2461 φοὸερισμοί
540 2409 634 2445 σου
696 2389 1027 2462 ἐξετάραξάν
1098 2408 1185 2462 με.
1265 2390 1613 2444 Ἑκύκλωσάν
1676 2409 1743 2461 με

174 2479 370 2532 ὡσεὶῦ
396 2479 564 2551 ὕδωρ.
598 2500 616 2532 ι
653 2481 861 2545 Πᾶσαν,
900 2480 1087 2550 φησὶν,
1143 2480 1403 2551 ὲκίνησας
1451 2480 1568 2533 κατ’
1610 2480 1744 2550 ἐμοῦ

173 2571 263 2643 τὴν
327 2571 522 2643 ὀργὴν,
572 2575 666 2625 καὶ
713 2575 828 2634 ταῖς
865 2573 1273 2641 φοϐερωτάταις
1309 2590 1377 2643 με
1422 2574 1747 2645 διετάραξας

174 2664 489 2735 τιμωρίαις,
508 2665 552 2696 ⁸⁸
576 2665 671 2718 καὶ
700 2663 927 2727 ταύταις
960 2664 1210 2735 καθάπερ
1231 2663 1417 2717 ὕδασιν
1435 2666 1479 2696 ⁸⁸
1512 2664 1749 2736 ὑποὸρύ-

176 2756 282 2825 χιόν
316 2774 389 2828 με
414 2756 738 2826 πεποίηκας.
796 2776 814 2809 ι
852 2757 1023 2828 Ὅλην
1065 2756 1163 2829 τὴν
1216 2758 1429 2830 ἡμέραν
1462 2763 1749 2829 περιέσχον

179 2863 239 2917 με
267 2848 412 2918 ἃμα.
459 2867 478 2899 ι
524 2847 712 2901 Tne"
738 2850 944 2906 τούτων
988 2853 1110 2907 καθ’
1155 2855 1393 2926 ἑκάστην
1427 2855 1750 2927 περικλύζο-

180 2956 270 3009 μαι
303 2940 409 3009 τὴν
436 2939 540 3010 ημέ
549 2957 665 3011 ραν.

243 3031 337 3088 ,δι’
382 3051 402 3084 ε
451 3034 794 3105 Ἐμάκρυνας
827 3036 921 3090 ἀπ’
955 3037 1089 3107 ἐμοῦ
1117 3038 1272 3106 φίλον
1314 3039 1408 3093 καὶ
1439 3038 1663 3109 πλησίον
1682 3039 1747 3104 ⁸⁸.

1843 1930 1896 1984 in
1944 1930 2261 1985 servitutem
2305 1929 2638 1994 inciderunt,
2683 1939 2735 1983 et
2765 1929 3053 1983 hominum
3084 1940 3300 1996 natura,
3333 1947 3423 1985 se-

1844 2021 2083 2075 cundum
2115 2020 2363 2074 divinam
2398 2020 2817 2075 similitudinem
2850 2021 3016 2085 facta,
3053 2031 3107 2076 et
3138 2025 3245 2076 vita
3268 2038 3424 2092 para-

1843 2112 1945 2166 disi
1980 2112 2144 2183 digna
2174 2111 2382 2175 habita,
2406 2127 2529 2166 cum
2560 2112 2768 2182 majora
2800 2116 3228 2184 concupivisset,
3257 2116 3421 2170 etiam

1846 2201 2008 2257 bonis
2040 2217 2163 2272 quae
2191 2201 2338 2256 dono
2364 2211 2675 2270 acceperat,
2712 2204 2939 2259 excidit.

1914 2293 2082 2349 Vens.
2125 2294 2215 2361 17,
2255 2295 2344 2349 18.
2393 2314 2411 2346 ι
2448 2297 2509 2349 in
2543 2311 2630 2349 me
2672 2296 3011 2351 transierunt
3052 2296 3147 2351 ira:
3197 2305 3324 2363 tuae,
3370 2306 3425 2352 et

1842 2394 2084 2441 terrores
2129 2386 2206 2440 tui
2259 2386 2729 2442 conturbaverunt
2774 2403 2879 2441 me.
2931 2389 3425 2444 Circumdederunt

1848 2494 1935 2534 me
1970 2480 2117 2534 sicut
2146 2494 2308 2549 aqua.
2348 2497 2367 2530 ι
2401 2478 2653 2544 Omnem,
2686 2479 2885 2549 inquit,
2917 2480 3054 2534 iram
3087 2482 3139 2534 in
3167 2497 3251 2534 me
3278 2481 3425 2535 exci-

1847 2573 1994 2636 tasti,
2025 2582 2079 2628 et
2111 2574 2348 2628 maxime
2382 2573 2669 2627 horrendis
2690 2573 2975 2642 suppliciis
3008 2588 3093 2627 me
3127 2574 3424 2643 perterrui-

1847 2664 1940 2731 sti,
1971 2674 2026 2719 et
2052 2665 2104 2718 in
2136 2664 2223 2719 his
2254 2663 2401 2718 velut
2429 2663 2589 2733 aquis
2620 2679 2707 2717 me
2729 2663 3097 2718 submersisti.
3130 2682 3148 2713 ι
3178 2663 3318 2717 Toto
3337 2664 3426 2718 die

1850 2756 2331 2812 circumdederunt
2374 2771 2461 2810 me
2504 2756 2689 2810 simul.
2732 2773 2751 2807 ›
2803 2755 2886 2810 Ab
2927 2755 3013 2809 his
3056 2755 3300 2825 quotidie
3344 2754 3427 2809 in-

1848 2846 2046 2902 undor.

1930 3042 2093 3098 Vens.
2135 3043 2221 3098 19.
2271 3060 2289 3094 ι
2336 3041 2521 3112 Longe
2562 3042 2845 3097 removisti
2888 3058 2917 3097 a
2954 3057 3042 3097 me
3070 3042 3331 3109 amicum,
3373 3051 3430 3098 et

178 3126 266 3179 καὶ
294 3126 343 3157 ⁶⁹
374 3126 500 3187 τοὺς
521 3126 795 3193 γνωστούς
822 3144 925 3196 μου
945 3129 1054 3182 ἀπὸ
1073 3128 1468 3200 ταλαιπωρίας.
1501 3149 1519 3180 ι
1547 3128 1747 3181 Τοσαύ-

1859 3138 2074 3207 1227
2106 3137 2458 3207 proximum,
2517 3145 2571 3190 et
2616 3145 2778 3190 notos
2827 3151 2980 3192 meos
3036 3151 3064 3189 a
3116 3136 3357 3192 miseria.
3400 3156 3425 3190 ι

178 3235 293 3279 ταις
325 3216 385 3268 δὲ
418 3220 721 3289 συμφοραῖς
755 3219 1149 3289 προσπαλαίων
1192 3220 1313 3273 οὐδὲ
1353 3220 1452 3290 τὴν
1489 3220 1597 3274 ἀπὸ
1643 3220 1747 3274 τῶν

1858 3234 1993 3285 Cum
2026 3231 2191 3284 tantis
2220 3240 2403 3284 autem
2435 3228 2841 3285 calamitatibus
2864 3229 3190 3293 colluctans,
3223 3229 3427 3285 nullan:

180 3307 427 3378 συνήθων
461 3308 568 3379 ἔχω
618 3308 967 3381 παραψυχὴν,
1001 3310 1205 3381 ἔρημος
1250 3310 1349 3382 τῆς
1373 3310 1579 3365 τούτων
1631 3328 1757 3365 συν-

178 3402 373 3464 ουσίας
433 3400 522 3454 διὰ
570 3401 667 3472 τῆς
712 3402 955 3467 δουλείας
1008 3404 1382 3475 ταλαιπωρίαν
1416 3403 1749 3474 γενόμενος·

177 3494 356 3548 ταῦτα
382 3495 439 3548 δὲ
467 3496 527 3548 οὐ
555 3496 712 3567 μόνον
758 3496 1036 3558 Ἰουδαίοις
1064 3498 1304 3568 ἥρμοττε
1317 3498 1361 3529 "°
1400 3497 1599 3567 λέγειν,
1631 3496 1755 3550 οὐδὲ

178 3591 351 3643 πᾶσιν
378 3587 684 3659 ἀνθρώποις
707 3591 813 3662 πρὸ
839 3591 939 3662 τῆς
954 3591 1048 3644 τοῦ
1074 3592 1385 3662 Σωτῆρος⁷¹
1410 3593 1752 3661 ἐπιφανείας,

178 3683 317 3737 ἀλλὰ
351 3683 449 3737 καὶ
492 3681 587 3736 νῦν
624 3686 737 3747 τοῖς
788 3684 859 3738 τὰ
915 3686 1089 3756 ὅμοια
1144 3685 1444 3755 πάσχουσιν
1480 3688 1513 3757 ἡ
1548 3687 1755 3739 ἱκετεία

180 3775 470 3846 προσφυὴς
508 3776 601 3829 καὶ
633 3776 969 3847 κατάλληλος
990 3794 1005 3809 ο
1046 3797 1064 3830 ι
1101 3778 1242 3833 Ὅσα
1271 3778 1381 3850 γὰρ
1406 3779 1751 3850 προεγράφη,

178 3870 323 3923 κατὰ
356 3868 453 3921 τὸν
479 3867 620 3922 θεῖον
660 3870 999 3936 ’Δπόστολον,
1054 3874 1134 3935 είς
1177 3872 1275 3943 τὴν
1297 3872 1570 3943 ἡμετέραν
1614 3871 1756 3926 διδα-

182 3957 414 4012 σκαλίαν
470 3960 820 4032 προεγράφη,
867 3961 953 4014 ῐνα
1004 3961 1095 4014 διὰ
1149 3960 1249 4032 τῆς
1298 3962 1606 4033 ὑπομονῆς,
1664 3963 1755 4015 καὶ

176 4054 276 4121 τῆς
356 4052 754 4123 παρακλήσεως
850 4054 958 4108 τῶν
1050 4056 1315 4127 Γραφῶν,
1388 4055 1486 4128 τὴν
1565 4055 1755 4110 ἐλπίδα

180 4144 417 4215 ἔχωμεν.
450 4163 470 4198 ι

509 4282 773 4341 ΕΡΜΗΝ.
803 4284 940 4339 ΤυΥ
968 4284 1078 4339 IIH'
1106 4287 1424 4343 ΨΑΛΜΟΥ.

249 4428 322 4475 α’.
354 4441 373 4476 ι
410 4422 689 4488 Συνέσεως
730 4423 912 4495 Αίθὰμ
927 4425 971 4455 ⁷³
1000 4423 1077 4495 τῷ
1127 4425 1510 4498 Ἰσραηλίτῃ⁷³,
1546 4447 1565 4481 ι
1627 4427 1684 4481 Ὀ
1709 4430 1753 4461 ⁷⁵

1852 3322 1939 3377 vel
1978 3336 2008 3375 a
2040 3321 2403 3376 familiaribus
2436 3320 2875 3375 consolationem
2915 3320 3111 3385 habeo,
3157 3321 3227 3375 ob
3257 3320 3432 3376 servi-

1854 3416 1984 3471 tutis
2028 3414 2282 3470 miserias
2320 3415 2516 3468 horum
2552 3414 2947 3469 consuetudine
2998 3415 3265 3485 privatus.
3303 3414 3427 3469 Cae-

1854 3515 2033 3561 terum
2064 3507 2180 3560 hzec
2225 3522 2334 3560 non
2380 3505 2547 3559 modo
2584 3503 2790 3560 Judaeis
2822 3506 3004 3560 dicere
3046 3506 3428 3572 conveniebat,

1853 3601 2219 3670 omnibusque
2246 3598 2563 3654 hominibus
2605 3609 2730 3653 ante
2761 3598 3062 3655 Salvatoris
3096 3600 3384 3655 adventum
3412 3618 3427 3655 :

1853 3694 1953 3749 sed
1980 3710 2133 3751 nunc
2182 3693 2346 3747 etiam
2391 3692 2459 3749 iis
2499 3693 2593 3763 qui
2625 3693 2825 3748 similia
2862 3694 3164 3762 patiuntur,
3204 3696 3319 3749 haec
3344 3696 3431 3749 de-

1854 3786 2098 3856 precatio
2123 3785 2541 3839 accommodata
2570 3794 2625 3838 et
2659 3800 2971 3855 congruens
3020 3794 3103 3839 est
3133 3803 3145 3838 :
3187 3787 3431 3850 quando-

1853 3878 2073 3949 quidem
2114 3877 2274 3945 juxta
2319 3877 2565 3930 di‘vinum
2608 3876 2973 3945 Apostolum:
3015 3894 3031 3926 ι
3069 3874 3262 3930 Omnia
3310 3892 3431 3945 qua:

1855 3979 1981 4023 ante
2012 3970 2212 4038 scripta
2240 3976 2392 4032 sunt,
2426 3967 2492 4021 ad
2528 3980 2770 4022 nostram
2806 3968 3110 4022 doctrinam
3139 3978 3264 4024 ante
3294 3970 3431 4024 scri-

1856 4070 1946 4131 pta
2009 4071 2163 4122 sunt,
2228 4070 2286 4114 ut
2344 4075 2440 4129 per
2498 4060 2841 4130 patientiam,
2888 4068 2943 4115 et
2994 4061 3431 4118 consolationem

1853 4154 2275 4224 scripturarum,
2310 4167 2462 4222 spem
2493 4152 2873 4207 habeamus”.
2914 4172 2932 4204 ι

2173 4287 2446 4345 INTERP.
2491 4285 2744 4342 PSALMI
2783 4285 3121 4342 LXXXVIII.

1924 4425 2100 4482 Vens.
2144 4428 2193 4482 l.
2241 4446 2259 4478 ι
2300 4424 2618 4481 Intellectus
2657 4426 2877 4481 )Elham
2918 4424 3198 4480 Israelita}.
3238 4444 3256 4477 ι
3296 4426 3429 4480 Bea-

188 4516 465 4586 μακάριος
495 4514 663 4569 Δαόὶδ
703 4519 891 4587 σηκοῖς
912 4517 956 4550 ⁷⁸
1006 4518 1405 4589 τετιμημένους
1442 4521 1582 4590 ὁρῶν
1638 4522 1747 4585 τοὺς

1869 4530 1957 4578 tus
1994 4521 2159 4577 David
2208 4518 2379 4575 falsos
2430 4518 2563 4574 deos
2611 4520 2827 4590 templis
2873 4520 3172 4576 honoratos
3216 4518 3426 4584 videns,

254 4721 297 4746 -
323 4711 485 4767 Rom.
522 4728 609 4781 xv,
640 4714 698 4769 ι.

1271 4891 1508 4949 VARUE
1549 4892 1929 4950 LECTIONES
1970 4894 2057 4950 ΕΤ
2094 4894 2325 4953 NOTAE.

266 5105 313 5181 If
346 5100 579 5181 Κᾳκῷν.
613 5101 738 5156 cod.
761 5100 796 5154 2
822 5098 1035 5181 δεινῶνέ
1107 5101 1152 5181 ’ξ
1185 5100 1575 5181 ιιξυχήνηηιερ
1610 5112 1694 5158 est
1710 5103 1747 5181 _l_

1858 5119 1889 5181 ο
1920 5103 2043 5181 cod.
2075 5104 2230 5181 Alex.
2256 5083 2379 5181 quia;
2408 5105 2697 5181 respondet
2723 5102 2887 5181 textui
2926 5100 3211 5181 Hebraico.
3245 5102 3425 5161 Codex

192 5175 368 5229 Vatic.
410 5174 572 5243 habet
603 5172 929 5242 προσευχήν.
986 5172 1035 5243 ’ξ
1053 5171 1174 5225 cod.
1204 5171 1238 5224 2
1268 5173 1592 5243 ἀποπέμπῃ.

194 5248 319 5299 Vm:
355 5242 597 5323 periculo
623 5239 973 5325 constitutus.
1003 5239 1211 5325 Syram.
1242 5243 1337 5325 καὶ
1367 5239 1653 5325 ἐκλείπων.

201 5387 248 5417 ⁸³
273 5388 357 5438 Ol.
393 5386 451 5437 in
493 5393 641 5437 textu
671 5382 781 5435 τῶν
813 5382 866 5435 0'

900 5398 1084 5452 praem.
1119 5382 1234 5435 καί.
1308 5381 1498 5437 “Rec.
1532 5384 1692 5439 lectio
1726 5389 1778 5438 ιι.
1810 5385 1848 5439 l.
1882 5396 1968 5439 est
1988 5387 2081 5449 ὡς.

205 5458 325 5509 cod.
356 5454 393 5506 2
427 5456 713 5524 ριίεηιὲν.
777 5452 819 5483 ⁸⁷
846 5453 975 5524 cod.
1001 5452 1037 5505 2
1064 5452 1192 5524 ἀπό.
1264 5453 1309 5484 ⁸⁸
1339 5454 1444 5507 Kal
1472 5457 1665 5522 πλησ.
1693 5458 1747 5509 Al

1858 5472 1913 5509 ia
1942 5456 2064 5510 cod.
2106 5457 2278 5510 Valic.

1707 5174 1752 5206 ⁸⁸
1785 5175 1892 5245 Kal
1924 5175 1993 5227 ἐν
2018 5177 2247 5240 κόποις.
2286 5176 2449 5230 Hebr.
2482 5174 2593 5240 νήει-ς
2624 5186 2670 5230 et
2706 5176 3006 5245 exspirans,
3047 5189 3094 5227 s.
3131 5174 3183 5227 in
3215 5191 3430 5232 summo

1747 5244 1791 5276 ⁶⁰
1834 5244 2212 5312 Ὑψωθείς-
2241 5247 2644 5316 ἑξηπορήθην.
2706 5244 2869 5316 Hebr.
2926 5245 3156 5298 sustineo
3210 5257 3428 5302 terrores

200 5330 336 5376 tuos,
355 5310 427 5368 ἐι
455 5314 647 5366 anxius
679 5328 817 5383 sum.
842 5310 1058 5383 Symln.
1078 5311 1341 5383 ἀνέλαϐον
1367 5313 1458 5383 τὸν
1482 5314 1646 5381 φόϐον
1676 5332 1792 5367 σου.

1889 5316 1931 5347 ⁸⁸
1968 5319 2162 5370 Θείαν.
2190 5320 2309 5371 cod.
2378 5322 2395 5372 l
2433 5315 2598 5371 Θεοῦ.
2678 5318 2720 5349 ⁶¹
2752 5315 2939 5382 Ζωῆς.
2976 5316 3098 5370 cod.
3134 5317 3155 5368 l
3200 5316 3426 5387 διαίτης.

1889 5396 1968 5439 est
1988 5387 2081 5439 ὡς.
2160 5388 2203 5417 ⁸⁸
2231 5389 2575 5439 ’I‘Iuwo.c0d.
2609 5388 2643 5439 2
2673 5388 3013 5439 τρικυμίαις.
3084 5386 3128 5417 ⁶⁶
3161 5384 3426 5439 Ὕδασιν.

2231 5392 2575 5456 Τιμωρ.ςοι1.
2609 5392 2643 5439 2
2673 5392 3013 5456 τρικυμίαις.
3084 5392 3128 5417 ⁵⁸
3161 5392 3427 5443 ’Υδασιγκ

2231 5472 2278 5510 c.
2358 5460 2401 5489 °°
2421 5456 2528 5510 Kal
2550 5463 2872 5511 -ταλαιπ.
2906 5456 3072 5509 Hebr.
3109 5453 3431 5511 Familiares

209 5526 307 5578 uici
328 5510 471 5587 sunt,
505 5525 657 5591 quasi
697 5522 809 5575 loca
840 5510 1060 5595 tenebris
1089 5522 1364 5595 plenots.
1398 5524 1468 5595 in
1504 5510 1741 5581 tenebris
1793 5542 1937 5579 nunc
1969 5527 2158 5588 latent,
2185 5527 2278 5595 qui
2309 5528 2435 5580 olim
2479 5539 2630 5581 erant
2666 5529 2962 5581 familiares
2986 5526 3157 5595 mei:
3189 5527 3233 5556 7°
3252 5528 3371 5580 cod.
3404 5510 3428 5582 l

211 5596 499 5666 ἁρμόττει.
521 5595 572 5666 "_
597 5596 739 5666 Σωτ.
761 5593 896 5666 cod.
982 5592 1117 5666 Θεοῦ
1146 5594 1241 5645 καὶ
1271 5593 1520 5666 Σωτῆρος
1542 5595 1719 5666 ήμῷν.
1773 5597 1831 5666 1³
1855 5596 1976 5649 rod.
2003 5597 2038 5649 ‘2
2058 5592 2257 5666 Λίμάν.

394 5682 446 5734 p.
480 5664 641 5724 19:21.
668 5662 841 5718 η.10.
879 5663 965 5699 ’⁷⁸
1006 5661 1060 5715 '0
1088 5661 1527 5730 -ταύταςίήδὲ
1564 5661 1716 5729 τάς.
1770 5665 1811 5719 H

210 5664 352 5719 cent.
394 5682 446 5734 p.
480 5664 641 5724 19:21.
668 5679 722 5716 n.
755 5664 841 5718 10.
879 5682 895 5699 ο
918 5664 965 5694 ⁷⁸
1006 5664 1060 5715 '0
1088 5664 1394 5730 -ταύτας
1459 5664 1527 5716 δὲ
1588 5683 1599 5717 1

208 5734 412 5797 Graeca.
442 5751 496 5806 p.
532 5734 638 5789 279
660 5748 691 5788 e
720 5734 845 5787 eod.
892 5734 1281 5806 quodamsaec.
1318 5749 1350 5787 ι
1372 5803 1381 5806 Α
1402 5733 1599 5806 attulit.

2336 5598 2379 5627 ’³
2409 5596 2496 5663 Τῷ
2528 5599 2674 5665 Ἰσρ.
2700 5598 2864 5652 Hebr.
2885 5606 3092 5656 ’m‘mn
3114 5594 3430 5656 Eraschitw.

1817 5682 1893 5720 aee
1937 5664 2143 5734 parum
2168 5666 2425 5723 differunt
2478 5670 2546 5722 ab
2576 5664 2684 5723 illis
2709 5686 2832 5736 qua:
2857 5666 3047 5737 Monlf.
3085 5666 3137 5719 in
3166 5664 3432 5737 Palwogr.

1698 5737 1744 5767 ⁷⁵
1776 5737 1990 5805 Σηκοῖς
2014 5766 2086 5780 --
2131 5737 2394 5807 ψευδων.
2455 5740 2573 5795 cod.
2621 5740 2645 5794 1
2704 5735 2983 5809 Πανταχοῦ
3016 5737 3261 5810 προορῶν
3294 5735 3434 5794 κατὰ

211 5803 458 5877 καιρούς
478 5821 630 5869 τινας
665 5807 850 5874 σηκοῖς
882 5803 1277 5878 τετιμημένους
1302 5803 1430 5869 τοὺς
1454 5803 1855 5877 ψευδωνύμους.
