3936 6488
430 342 583 423 1533

517 453 681 506 Vens.
717 448 802 504 14.
864 465 883 497 ι
930 445 1105 500 Tuum
1154 439 1443 497 brachium
1496 452 1620 495 cum
1677 442 2024 507 potestatem
2058 439 2105 494 Α

448 545 731 611 Proprium
780 538 875 592 tibi
932 546 1015 590 est
1068 543 1318 602 potenter
1370 531 1556 584 omnia
1610 529 1841 582 eﬂicere.
1900 523 2036 577 Nam

448 634 717 688 brachium
766 645 863 700 pro
894 626 1233 689 eﬁlcacitate,
1268 624 1574 693 potestatem
1608 635 1738 673 vero
1816 633 1913 687 pro
1938 631 2032 684 p0-

447 726 614 783 tentia
646 722 890 791 accepit;
924 734 1046 773 nam
1086 728 1139 771 et
1174 716 1373 785 Aquila
1405 729 1503 783 pro
1529 720 1811 782 potestate,
1849 719 2031 775 poten-

450 820 578 872 tiam
611 814 817 885 posuit.
873 831 891 864 ι
947 810 1221 864 Firmetur
1276 821 1472 860 manus
1509 812 1621 865 tua,
1666 812 1722 856 et
1764 802 2034 855 exaltetur

449 910 667 964 dextera
713 915 824 960 tua.
858 922 875 955 ι
914 901 1278 972 Symmachus
1307 904 1488 951 autem
1522 895 1603 950 sic
1639 911 1653 945 :
1694 892 2032 960 Inexpugna-

452 999 571 1053 bilis
599 1014 787 1051 manus
813 1006 923 1058 tua,
944 991 1187 1045 sublimis
1204 990 1422 1041 dextera
1447 995 1558 1038 tua.
1588 982 1797 1052 Saepius
1821 980 2032 1050 1235

452 1090 711 1148 diximus.
731 1100 823 1156 per
853 1082 1125 1136 brachium
1153 1076 1445 1131 eﬂicaciam
1475 1073 1764 1145 declarari,
1786 1087 1882 1141 per
1907 1071 2035 1123 dea:-

455 1191 620 1234 teram
661 1193 790 1231 vero
834 1175 1033 1227 bonam
1069 1168 1393 1223 efﬁcaciam.
1430 1163 1670 1233 Duplicis
1721 1163 1886 1232 igitur
1915 1159 2036 1215 effi-

454 1273 621 1329 cacia:
677 1268 1003 1337 indigentes,
1055 1262 1343 1329 utriusque
1374 1259 1719 1312 mentionem
1767 1252 2033 1307 fecerunt.

456 1364 667 1419 Etenim
692 1361 878 1414 hostes
902 1354 1222 1427 proﬂigatos
1249 1365 1474 1407 cernere
1495 1347 1826 1409 desiderant,
1855 1354 1911 1399 et
1934 1344 2035 1413 ipsi

455 1456 682 1512 salutem
727 1448 989 1518 consequi
1021 1444 1340 1516 emagitant.
1388 1441 1597 1497 Idcirco
1641 1437 2041 1507 inexpugnabi-

457 1548 561 1601 lem
614 1556 859 1605 manum,
920 1538 1209 1593 sublimem
1265 1550 1394 1589 vero
1447 1532 1723 1587 dexteram
1784 1538 2034 1583 vocant:

457 1637 658 1706 quippe
688 1646 809 1701 qua!
839 1629 962 1683 illos
990 1625 1277 1696 suppliciis
1300 1622 1520 1678 afﬁcere
1549 1626 1749 1689 potest,
1783 1616 2041 1684 ipsosque

457 1729 710 1781 liberare.
759 1721 873 1776 Hoc
910 1728 1089 1775 autem
1133 1725 1188 1771 et
1234 1731 1327 1787 per
1372 1730 1435 1768 ea
1482 1727 1604 1783 quae
1652 1708 2038 1778 subjiciuntur,

460 1821 754 1876 declarant.

1438 321 1933 391 THEODORETI
1968 319 2311 381 EPISCOPI
2350 317 2721 380 CYRENSIS

3562 314 3686 382 1584

2206 430 2286 483 ιδ’.
2337 446 2353 479 ι
2400 428 2499 490 Σὸς
2533 429 2561 479 ὀ
2611 426 2848 495 βραχίων
2900 421 3038 495 μετά
3081 422 3422 486 δυναστείας.
3475 439 3493 474 ο
3542 425 3689 479 Ἰδιόν

2135 539 2229 574 σου
2252 520 2314 573 τὸ
2343 517 2584 582 δυνατῶς
2607 519 2821 572 ἅπαντα
2850 518 2934 569 ἐνε
2945 516 3115 585 ργεῖν.
3153 512 3253 566 Τὸν
3277 513 3388 583 γὰρ
3422 512 3691 582 Βραχίονα

2136 614 2229 665 ἐπὶ
2261 614 2362 683 τῆς
2393 611 2696 681 ἐνεργείας,
2730 608 2829 680 τὴν
2847 607 2905 660 δέ
2936 604 3301 660 δυναστείαν
3318 604 3412 657 ἐπὶ
3427 604 3523 672 τῆς
3549 605 3692 660 δυνα-

2132 723 2277 773 μεως
2297 704 2457 759 ἔλαϐε
2477 720 2491 734 '
2509 702 2605 756 καὶ
2620 703 2666 735 ⁸⁸
2681 702 2788 774 γὰρ
2811 705 2839 755 ὁ
2856 700 3085 763 Ἀκύλας
3108 699 3229 753 ἀντὶ
3257 697 3614 765 δυναστείας
3630 700 3691 763 ⁸⁷,

2131 797 2391 865 δύναμιν
2422 795 2687 849 τέθεικεν.
2730 814 2747 845 ι
2778 791 3190 863 Κραταιωθήτω
3213 792 3247 862 ἡ
3269 791 3394 861 χείρ
3409 807 3502 843 σου
3523 808 3535 819 ·
3560 792 3691 861 ὑψω-

2137 889 2286 959 θὴτω
2319 889 2353 957 ἡ
2389 886 2541 950 δεξιά
2565 902 2683 939 σου.
2716 903 2736 937 ι
2776 884 2833 937 Ὀ
2862 885 2906 915 ⁸⁸
2921 883 2977 937 δέ
2995 882 3288 953 Σύμμαχος
3307 880 3514 945 οὕτως’
3545 882 3696 951 ’Ᾱήτ-

2139 998 2320 1048 τητος
2352 981 2390 1047 ὴ
2424 979 2548 1047 χείρ
2579 993 2718 1043 σου,
2762 975 2977 1044 ὑψηλὴ
3002 976 3039 1043 ἡ
3064 973 3232 1038 δεξιά
3267 987 3410 1028 σου.
3452 974 3698 1037 Πολλάκις

2133 1075 2459 1147 εἰρήκαμεν,
2488 1072 2563 1134 ὡς
2593 1070 2681 1124 διὰ
2707 1070 2807 1139 τῆς
2833 1068 2877 1099 θ’
2892 1066 3089 1137 χειρὸς
3111 1065 3209 1135 τὴν
3226 1064 3511 1134 ἐνέργειαν
3531 1065 3669 1134 δηλοῖ
3684 1080 3697 1093 ³

2134 1165 2224 1217 διὰ
2238 1164 2295 1216 δὲ
2317 1162 2417 1232 τῆς
2433 1158 2656 1226 δεξιᾶς,
2675 1160 2774 1228 τὴν
2812 1155 3024 1228 ἀγαθὴν
3056 1156 3338 1224 ἐνέργειαν
3357 1169 3370 1184 ·
3390 1152 3578 1223 διπλῆς
3604 1155 3701 1207 τοί-

2136 1275 2231 1310 νυν
2279 1254 2557 1325 ἐνεργείας
2589 1251 2859 1321 δεόμενοι,
2894 1248 3222 1320 ἀμφοτέρων
3252 1245 3605 1317 ἐμνήσθησαν
3642 1248 3698 1301 ⁷⁸.

2138 1342 2250 1397 Καὶ
2288 1343 2396 1412 γὰρ
2444 1342 2571 1403 τοὺς
2604 1338 2898 1409 πολεμίους
2928 1336 3331 1398 καταλυθέντας
3363 1334 3703 1403 ἐπιθυμοῦσιν

2142 1430 2290 1496 ἰδεῖν,
2306 1436 2399 1484 καὶ
2414 1430 2569 1483 αὑτοὶ
2584 1430 2684 1501 τῆς
2701 1429 2973 1500 σωτηρίας
2997 1426 3222 1480 ποθοῦσι
3234 1428 3447 1496 τυχεῖν.
3462 1422 3533 1480 Ob
3549 1426 3609 1497 δὴ
3624 1427 3705 1495 χὰ-

2143 1537 2226 1590 ριν
2262 1520 2532 1590 ἀήττητον
2564 1519 2664 1589 μὲν
2691 1518 2789 1589 τὴν
2820 1521 3001 1589 χεῖρα,
3039 1518 3251 1588 ὑψηλὴν
3279 1517 3337 1571 δὲ
3376 1516 3595 1570 καλοῦσι
3617 1518 3703 1588 τὴν

2139 1609 2344 1674 δεξιὰν,
2398 1609 2474 1671 ὡς
2523 1608 2829 1678 δυναμένην
2877 1607 3165 1670 κάκείνους
3209 1606 3466 1670 κολάσαι,
3499 1608 3588 1660 καὶ
3620 1609 3705 1659 αὑρ

2142 1702 2268 1762 τοὺς
2296 1700 2339 1732 ⁷¹
2371 1700 2758 1773 ἐλευθερῶσαι.
2792 1699 2964 1753 Τοῦτο
2995 1700 3052 1754 δὲ
3079 1702 3173 1753 καὶ
3202 1700 3292 1752 διὰ
3334 1700 3445 1753 τῶν
3474 1702 3705 1771 ἐπιφερο-

2148 1790 2322 1860 μένων
2352 1788 2590 1859 δηλοῦσι.

534 1912 697 1967 Vens.
731 1910 815 1964 15,
854 1926 872 1958 ι
904 1904 1125 1961 Justitia
1150 1909 1204 1957 et
1226 1899 1493 1970 judicium
1534 1895 1859 1967 praeparatio
1891 1894 2036 1948 sedis

2209 1889 2291 1935 ιε’.
2338 1901 2357 1934 ι
2403 1882 2729 1952 Δικαιοσύνη
2762 1882 2856 1935 καὶ
2886 1884 3060 1954 κρῖμα
3086 1880 3376 1950 ἑτοιμασία
3402 1881 3446 1913 ⁷¹
3482 1880 3571 1935 τοῦ
3595 1882 3704 1953 θρό-

462 2018 569 2061 tuze
618 2021 631 2057 :
685 1995 1061 2054 misericordia
1120 2004 1174 2047 et
1238 1992 1441 2045 veritas
1493 1987 1798 2059 praecedent
1844 1986 2034 2040 faciem

464 2107 637 2149 tuam.
668 2112 686 2145 ι
722 2090 1105 2160 Supplicantes
1142 2084 1311 2147 enim,
1346 2092 1403 2137 ut
1438 2083 1588 2151 ipsos
1631 2090 1685 2134 et
1714 2079 2039 2149 Babylonios

459 2180 686 2251 judicet,
728 2182 1021 2246 precantur
1055 2181 1111 2226 ut
1143 2171 1195 2224 in
1225 2170 1346 2224 illos
1379 2170 1597 2239 quidem
1622 2168 1825 2237 justam
1857 2164 2039 2236 proie-

465 2279 550 2325 rat
579 2268 924 2325 sententiam.
966 2264 1100 2334 ipsis
1139 2278 1267 2316 vero
1313 2261 1748 2316 misericordiam
1779 2258 2038 2329 praebeat,

465 2372 518 2417 et
544 2357 930 2431 promissionis
957 2355 1237 2409 veritatem
1268 2352 1539 2407 ostendat.
1570 2350 1863 2419 Propterea
1886 2349 2041 2404 dixe-

469 2461 597 2508 runt
629 2450 888 2521 iudiciale
933 2446 1053 2516 ejus
1083 2445 1279 2499 solium
1323 2444 1533 2512 justitia
1556 2452 1608 2495 et
1640 2441 1846 2512 judicio
1878 2454 2044 2494 orna-

470 2557 582 2599 tum
609 2557 756 2606 esse,
783 2544 800 2563 ‘
828 2536 1257 2593 misericordiam
1284 2543 1463 2588 autem
1489 2543 1543 2587 et
1567 2533 1846 2586 veritatem
1872 2531 2042 2585 Deum

470 2636 682 2706 praeire,
732 2631 858 2702 quia
907 2629 1093 2683 multis
1145 2634 1271 2680 ante
1312 2625 1529 2680 saeculis
1576 2623 1870 2694 promissio
1904 2622 2042 2677 facta

470 2735 570 2779 cst.

540 2815 707 2870 Vens.
743 2812 830 2867 16.
890 2829 908 2861 ‹
948 2808 1150 2863 Beatus
1182 2807 1436 2878 populus,
1482 2806 1576 2876 qui
1623 2804 1722 2859 scit
1768 2802 2048 2874 jubilatio-

473 2924 617 2962 nem.
651 2924 669 2957 ›
696 2903 981 2967 Jubilatio,
1014 2911 1073 2954 ut
1095 2900 1295 2968 saepius
1323 2898 1582 2960 diximus,
1607 2906 1716 2950 'vox
1740 2905 1824 2950 est
1854 2910 2046 2949 eorum

473 2999 565 3068 qui
612 2997 883 3051 vicerunt.
927 2990 1194 3058 Quoniam
1255 2989 1419 3057 igitur
1462 2988 1588 3042 victi
1628 2988 1682 3040 in
1730 2986 2046 3042 Servitutem

474 3091 695 3146 abducti
731 3088 973 3150 luerunt,
1010 3084 1197 3138 beatos
1226 3096 1345 3135 esse
1378 3079 1569 3134 dicunt
1602 3094 1720 3140 eos,
1748 3078 1840 3147 qui
1875 3078 2046 3131 victo-

474 3183 613 3237 riam
642 3176 918 3235 consecuti
969 3181 1117 3228 sunt.
1150 3169 1405 3224 Praedieit
1434 3176 1615 3222 autem
1656 3182 1836 3221 sermo
1864 3174 1919 3219 et
1954 3181 2046 3235 po.

2139 1992 2230 2028 νου
2284 1988 2413 2028 σου’
2472 1974 2619 2039 ἔλεος
2668 1976 2763 2028 καὶ
2813 1975 3043 2046 ἀλήθεια
3097 1972 3570 2044 προπορεύσονται
3612 1974 3708 2043 πρὸ

2140 2067 2435 2140 προσώπου
2466 2087 2586 2123 σου.
2628 2089 2646 2120 ι
2684 2070 2879 2131 Αὑτοῖς
2906 2069 3016 2138 γὰρ
3043 2070 3140 2123 καὶ
3172 2068 3538 2132 Βαϐυλωνίοις
3574 2069 3705 2125 δικὰ-

2143 2175 2234 2211 σαι
2263 2158 2353 2213 τὸν
2394 2159 2527 2213 Θεὸν
2565 2159 2921 2225 ἱκετεύοντες,
2955 2158 3296 2212 ἁντιϐολοῦσι
3341 2158 3468 2212 κατ’
3507 2160 3705 2213 ἐκείνων

2146 2250 2246 2320 μὲν
2282 2250 2502 2303 δικαίαν
2551 2250 2652 2320 τὴν
2694 2250 2874 2321 ψῆφον
2918 2250 3248 2319 ἐξενεγκεῖν,
3308 2250 3495 2313 αὐτοῖς
3534 2250 3588 2305 δὲ
3630 2252 3707 2304 τὸν

2143 2335 2291 2390 ἔλεον
2333 2341 2660 2408 παρασχεῖν,
2692 2340 2790 2391 καὶ
2817 2338 2917 2409 τῆς
2959 2339 3312 2409 ὑποσχέσεως
3344 2338 3444 2408 τὴν
3472 2339 3706 2409 ἀλήθειαν

2144 2427 2336 2494 δεῖξαι.
2371 2429 2471 2481 Διά
2496 2446 2576 2482 τοι
2604 2429 2769 2483 τοῦτο
2800 2431 2865 2499 τῇ
2900 2430 2999 2499 μὲν
3027 2429 3351 2501 δικαιοσύνῃ
3384 2432 3479 2483 καὶ
3505 2430 3577 2497 τῷ
3602 2431 3705 2501 κρί-

2149 2536 2280 2589 ματι
2308 2520 2401 2573 τὸν
2426 2520 2742 2575 δικαστικὸν
2789 2519 2997 2589 ἔφασαν
3026 2520 3071 2551 ⁷³
3100 2520 3481 2589 κεκοσμῆσθαι
3518 2520 3701 2589 θρόνον,

2146 2611 2293 2664 ἔλεον
2338 2611 2394 2663 δὲ
2427 2611 2521 2663 καὶ
2564 2609 2825 2680 ἀλήθειαν
2848 2608 2942 2661 τοῦ
2976 2608 3113 2661 Θεοῦ
3145 2609 3487 2679 προοδεύειν,
3512 2608 3583 2672 ὡς
3619 2611 3706 2678 πρδ

2148 2700 2358 2753 πολλῶν
2387 2701 2589 2769 γενεῶν
2619 2702 2719 2771 τῆς
2745 2700 3095 2771 ὑποσχέσεως
3123 2702 3447 2771 γενομένης.

2222 2798 2316 2857 ις’.
2365 2812 2381 2843 ι
2432 2794 2716 2863 Μακάριος
2745 2796 2772 2845 ὁ
2801 2793 2929 2856 λαὸς
2958 2794 2985 2845 ὁ
3019 2792 3311 2860 γινώσκων
3341 2792 3658 2863 ἀλαλαγμὸν.
3686 2812 3703 2844 ›

2161 2884 2547 2953 Ἀλαλαγμὸς,
2580 2884 2655 2947 ὡς
2693 2885 2955 2948 πολλάκις
2992 2886 3324 2956 εἰρήκαμεν,
3373 2886 3708 2954 νενικηκότων

2150 2974 2267 3026 ἐστὶ
2302 2975 2475 3043 φωνή.
2542 2974 2761 3046 Ἐπειδὴ
2804 2973 2987 3026 τοίνυν
3036 2973 3367 3043 ἡττηθέντες
3415 2975 3709 3044 ἠνδραποδί-

2152 3065 2380 3135 σθησαν,
2424 3064 2792 3135 μακαρίζουσι
2824 3066 2951 3129 τοὺς
2980 3067 3346 3134 νικήσαντας·
3384 3065 3709 3136 προθεσπίζει

2151 3156 2208 3211 δὲ
2234 3158 2262 3208 ο
2292 3155 2449 3224 λόγος
2483 3157 2574 3209 καὶ
2606 3156 2697 3208 τὸν
2742 3156 2895 3220 Λαὸν,
2942 3155 3034 3208 τὸν
3080 3156 3140 3209 ἐν
3190 3157 3343 3228 πάσῃ
3392 3160 3464 3229 γῇ
3498 3158 3586 3210 καὶ
3626 3158 3710 3210 θα-

476 3275 697 3344 pulnm,
729 3269 1017 3341 mysticam
1052 3262 1477 3319 exsultationem
1528 3261 1582 3313 in
1630 3260 1779 3313 omni
1821 3268 1963 3313 terra
1997 3268 2044 3312 et

2151 3248 2322 3320 λάττῃ
2344 3248 2434 3300 τὸν
2458 3248 2717 3318 μυστικὸν
2738 3247 3053 3317 ἀλαλαγμὸν
3081 3228 3471 3318 προσφέροντα
3489 3247 3563 3317 τῷ
3587 3248 3708 3315 Θεῷ,

477 3365 613 3419 mari
662 3362 774 3415 Deo
830 3355 1181 3417 oﬂerentem,
1238 3351 1735 3420 triumphalemque
1787 3350 2047 3421 hymnum

477 3460 785 3507 canentem.
814 3447 952 3501 Huic
986 3454 1164 3500 autem
1197 3442 1482 3498 sententiae
1510 3456 1568 3496 ea
1598 3456 1719 3510 quae
1748 3448 2051 3510 sequuntur

478 3543 827 3600 conveniunt.

554 3655 571 3687 ι
629 3634 878 3697 Domine,
935 3630 991 3683 in
1035 3627 1239 3682 lumine
1300 3611 1482 3679 vultus
1541 3625 1619 3678 tui
1675 3621 2047 3677 ambulabunt.

476 3726 673 3793 (Vens.
708 3723 821 3794 17.]
850 3720 915 3775 Et
947 3722 999 3774 in
1033 3720 1254 3774 nomine
1284 3727 1378 3771 tuo
1406 3714 1762 3770 exsultabunt
1801 3724 1915 3768 ιοιο
1940 3714 2047 3780 die,

480 3831 532 3874 et
563 3820 617 3873 in
643 3817 858 3888 justitia
896 3824 983 3867 tua
1027 3811 1433 3867 exaltabuntur.
1474 3827 1493 3859 ι
1529 3806 1817 3862 Exsultant
1845 3815 2049 3869 autem,

479 3921 533 3967 et
555 3924 744 3982 paeana
771 3915 995 3967 canunt,
1021 3904 1090 3957 ob
1120 3902 1403 3957 victoriam
1430 3908 1621 3953 contra
1647 3897 1901 3951 inimicos
1924 3912 2050 3965 par-

482 4014 613 4067 tam,
641 4009 695 4056 et
747 3998 843 4052 tibi
880 3995 1094 4065 1236
1123 3992 1365 4047 victoria).
1406 3989 1616 4044 auctori
1666 3988 2051 4056 triumphalem

483 4095 744 4162 hymnum
778 4088 1044 4151 otl‘erunt,
1093 4095 1185 4138 tuo
1219 4084 1453 4138 adventu
1501 4080 1775 4143 illustrati,
1822 4088 1877 4133 et
1923 4094 1954 4132 a
2004 4090 2054 4132 te

483 4178 829 4248 splendorem
876 4173 998 4246 [per
1043 4173 1321 4226 lavacrum
1363 4166 1817 4239 regenerationis]
1862 4182 2054 4221 conse-

484 4270 617 4333 cuti,
669 4275 724 4320 et
768 4262 994 4337 perenni
1026 4261 1224 4331 gaudio
1274 4259 1634 4329 perfruentes,
1676 4258 2055 4327 justitiamque

486 4360 783 4416 secundum
810 4356 983 4425 legem
1012 4360 1393 4421 exsequentes,
1427 4361 1479 4403 et
1518 4350 1649 4404 hinc
1688 4349 1948 4404 sublimes
1973 4357 2055 4402 at-

486 4469 591 4524 que
620 4451 858 4506 illustres
884 4443 1103 4500 redditi.

558 4622 722 4676 Vens.
754 4621 840 4675 l8.
896 4638 912 4668 ι
949 4616 1220 4682 Quoniam
1271 4613 1443 4684 gloria
1501 4611 1720 4667 virtutis
1764 4628 1952 4668 eorum
1999 4621 2050 4664 tu

2152 3340 2247 3393 καὶ
2274 3340 2363 3391 τὸν
2392 3340 2665 3393 ἐπινίκιον
2695 3339 2865 3409 ὕμνον
2895 3338 3110 3409 ᾅδοντα.
3149 3338 3339 3409 Ταύτῃ
3368 3338 3427 3392 δὲ
3462 3338 3655 3409 διανοίᾳ
3672 3340 3712 3369 ’⁸

2152 3432 2244 3484 καὶ
2276 3432 2594 3501 ἐπαγόμενα
2622 3434 2668 3465 ⁷⁸
2702 3432 3007 3502 συμφωνεῖ.

2229 3628 2246 3661 ι
2294 3608 2487 3678 Κύριε,
2520 3609 2578 3662 ἐν
2608 3608 2685 3677 τῷ
2712 3609 2853 3677 φωτὶ
2883 3608 2975 3662 τοῦ
3006 3606 3298 3680 προσώπου
3320 3626 3417 3663 σου
3446 3609 3711 3680 πορεύσον-

2152 3720 2266 3758 ται.
2284 3701 2425 3775 [ιζ’
2460 3704 2571 3757 Καὶ
2593 3704 2652 3755 ἐν
2674 3702 2753 3771 τῷ
2781 3702 3007 3772 ὀνόματί
3035 3719 3127 3754 σου
3159 3702 3577 3770 ἀγαλλιάσονται
3602 3702 3711 3769 ὃλην

2151 3798 2251 3864 τὴν
2296 3796 2542 3866 ἡμέραν·
2577 3795 2671 3848 καὶ
2716 3797 2772 3847 ἐν
2808 3797 2872 3864 τῇ
2920 3793 3240 3867 δικαιοσύνῃ
3275 3811 3375 3847 σου
3422 3795 3712 3866 ὑψωθήσον-

2153 3904 2260 3939 ται.
2304 3906 2321 3938 ι
2370 3886 2720 3949 ’Λλαλάξουσι
2750 3885 2830 3948 δὲ,
2863 3886 2957 3937 καὶ
3003 3884 3144 3938 κατὰ
3184 3885 3295 3938 τῶν
3329 3887 3540 3956 ἐχθρῶν
3568 3902 3710 3937 ποια·

2155 3975 2380 4040 νίζουσι,
2431 3977 2524 4030 καὶ
2568 3977 2655 4028 σοὶ
2684 3976 2763 4046 τῷ
2812 3975 3072 4046 νικοποιῷ
3119 3977 3211 4029 τὸν
3258 3977 3525 4029 ἐπινίκιον
3567 3974 3710 4045 ὕμνον

2155 4066 2526 4137 προσφέρουσι
2561 4067 2627 4130 ’⁸,
2673 4068 2738 4136 τῇ
2789 4069 2856 4137 σῇ
2904 4068 3198 4138 ἐπιφανείᾳ
3241 4065 3709 4135 καταυγαζόμενοι,

2156 4159 2252 4211 καὶ
2285 4158 2346 4211 τὸ
2384 4158 2535 4226 παρὰ
2572 4158 2665 4211 σοῦ
2691 4158 2973 4228 δεχόμενοι
3000 4158 3115 4227 φῶς
3147 4158 3213 4230 [⁷⁷
3246 4158 3336 4211 διὰ
3367 4158 3467 4227 τῆς
3492 4156 3581 4209 τοῦ
3607 4155 3712 4208 λου-

2155 4249 2286 4321 τροῦ
2336 4249 2806 4321 παλιγγενεσίας,]
2858 4250 2956 4303 καὶ
2995 4250 3262 4321 διηνεκῶς
3294 4250 3344 4281 ⁷⁸
3375 4248 3712 4306 ἀπολαύοντες

2158 4338 2445 4410 θυμηδίας,
2499 4339 2593 4391 καὶ
2635 4340 2733 4409 τὴν
2781 4338 3289 4409 νενομοθετημένην
3343 4337 3710 4407 κατορθοῦντες

2157 4430 2523 4501 δικαιοσύνην,
2573 4432 2670 4484 καὶ
2720 4430 2915 4501 ὑψηλοὶ
2969 4431 3064 4484 καὶ
3112 4434 3438 4502 περιφανεῖς
3486 4426 3713 4482 ἐντεῦθεν

2161 4521 2453 4593 γινόμενοι.

2234 4612 2325 4682 ιη’.
2375 4629 2393 4662 ι
2444 4612 2568 4665 Ὅτι
2594 4612 2855 4682 καύχημα
2877 4612 2973 4681 τῆς
3004 4610 3285 4679 δυνάμεως
3313 4607 3496 4661 αὑτῶν
3523 4608 3582 4660 σὺ
3602 4600 3661 4657 εἴ.
3690 4622 3705 4650 ι

486 4731 566 4769 es.
607 4732 624 4764 ι
663 4710 744 4766 Ob
773 4721 920 4764 tuam
968 4706 1288 4778 potentiam,
1322 4704 1520 4774 inquit,
1545 4702 1840 4759 eﬂerentur
1882 4719 1896 4753 :
1937 4718 1967 4756 a
2009 4713 2044 4758 lt

2162 4705 2342 4772 Μέγα,
2364 4703 2550 4774 φησὶν,
2574 4705 2667 4756 ἐπὶ
2698 4706 2765 4775 τῇ
2797 4705 2862 4774 σῇ
2910 4702 3137 4772 δυνάμει
3183 4700 3439 4770 φρονοῦσι
3472 4700 3515 4728 ⁷⁹
3537 4713 3549 4728 ο
3580 4695 3711 4763 rupi

488 4805 631 4859 enim
681 4805 821 4857 hanc
877 4800 1046 4869 ipsam
1082 4806 1426 4866 acceperunt.
1476 4815 1495 4847 ι
1528 4797 1595 4850 Ει
1639 4795 1694 4849 in
1725 4794 1938 4864 justitia
1965 4803 2059 4871 tua

487 4896 818 4951 exaltabitur
860 4908 1029 4946 cornu
1084 4898 1353 4945 nostrum.
1417 4908 1436 4940 ι
1477 4888 1648 4943 Porro
1692 4903 1813 4951 nos,
1863 4887 2059 4956 inquit,

490 4990 631 5044 hanc
664 5002 812 5057 spem
846 4985 1131 5046 habemus,
1160 4990 1423 5053 tuamque
1450 4997 1610 5052 opem
1642 4981 2019 5051 prmstolarnur

2165 4795 2257 4848 σοῦ
2299 4796 2409 4869 γὰρ
2436 4796 2644 4866 ταύτην
2668 4794 2938 4860 ἐδέξαντο.
2973 4811 2993 4844 ι
3034 4793 3143 4846 Καὶ
3172 4794 3229 4842 ἐν
3255 4795 3321 4862 τῇ
3362 4786 3711 4860 δικαιοσύνῃ’⁶

2166 4905 2259 4939 σου
2287 4887 2635 4957 ὑψωθήσεται
2663 4888 2725 4939 τὸ
2752 4888 2922 4957 κέρας
2968 4885 3125 4955 ἡμῶν
3151 4884 3219 4937 ⁸⁸.
3264 4903 3281 4935 ι
3322 4885 3432 4935 Καὶ
3454 4882 3606 4950 ἡμεῖς
3639 4876 3706 4939 δὲ,

2168 4979 2546 5049 φησὶ,ταύτην
2564 4979 2760 5049 ἔχομεν
2785 4979 2885 5049 τὴν
2912 4977 3124 5043 ἐλπίδα,
3149 4977 3243 5027 καὶ
3267 4975 3365 5045 τὴν
3396 4973 3492 5044 σὴν
3513 4976 3708 5025 ἐπικου-

1619 5140 1855 5196 ἾΑΒΙΛΕ
1886 5139 2276 5197 LECTIONES
2316 5139 2406 5197 ET
2444 5139 2679 5196 NOTIE.

556 5322 600 5352 “
627 5313 1085 5374 Καί-τέθεικεν.
1111 5308 1235 5363 Des.
1257 5307 1310 5361 in
1332 5306 1453 5378 cod.
1472 5306 1547 5378 1.,
1583 5306 1655 5378 λ⁶⁷
1684 5308 1943 5378 Δυνναστ.
1967 5322 2044 5363 θυι

2151 5321 2154 5360 ι
2177 5324 2365 5378 praem.
2395 5309 2517 5378 τῆς.

489 5395 534 5425 ⁶⁹
727 5384 887 5441 cod.l
913 5396 1097 5457 prtem.
1122 5378 1271 5457 nev.“
1292 5377 1354 5457 D"
1387 5375 1556 5457 cadi?
1578 5375 1950 5457 Epyqiogmv,

2151 5373 2326 5445 iioz'rq.
2348 5373 2508 5457 cudi!
2529 5377 2773 5457 τούτουςέ
2849 5378 3120 5457 “illam.
3146 5373 3310 5457 Hebr:

2596 5308 2642 5340 ⁸⁸
2684 5306 2999 5370 ὀ-δεξιά
3054 5320 3190 5359 σου.
3235 5304 3359 5359 Des.
3420 5301 3474 5354 in
3503 5297 3637 5370 cod.
3665 5293 3709 5345 9..

3407 5382 3457 5430 :3
3484 5367 3710 5436 fulcrum.

416 5500 419 5503 .
486 5432 1418 5561 ﬁqm'i'l‘a-E‘é‘paotta.Synlmtnﬂéc’tq.
1472 5445 1539 5547 7?
1573 5432 1765 5501 οὸά.’2
1954 5518 1980 5529 η
2007 5448 2044 5479 ⁷⁴

550 5527 715 5573 rndl
756 5520 1175 5573 προσφέροντες.
1269 5515 1438 5570 ecod.
1534 5517 1656 5571 cod.
1678 5517 1712 5569 2
1733 5517 2035 5573 διηνεκους.

2151 5432 2253 5504 ar.
2284 5432 2411 5504 cod.
2435 5432 2470 5502 2
2494 5432 2681 5517 praem.
2707 5432 2797 5517 τῇ.
2874 5449 2917 5478 ⁷⁸
2953 5432 3158 5513 Ἐπῖι-γκ
3204 5432 3396 5498 οοά.’2
3426 5432 3602 5516 praem:
3634 5432 3710 5484 τά.

2151 5523 2157 5548 ’
2184 5523 2358 5573 Φοον.
2390 5521 2513 5573 cod.
2538 5520 2562 5572 l
2592 5519 2881 5573 θαόὸοὺσι.
2905 5532 3052 5570 σεεμ.
3077 5526 3254 5568 tamen
3288 5514 3451 5565 altera
3482 5509 3709 5573 lectione,

489 5532 533 5561 "
550 5520 671 5585 cod.
693 5527 718 5580 1
756 5520 1175 5593 προσφέροντες.
1197 5520 1239 5547 ⁷⁷
1269 5532 1300 5569 e
1316 5520 1438 5570 cod.
1473 5520 1518 5547 ⁷⁸
1534 5520 1656 5571 cod.
1678 5520 1712 5569 2
1733 5520 2035 5586 διηνεκοῦς.

489 5600 536 5631 ⁸ο
565 5602 827 5652 Δικαιοσ.
860 5591 981 5645 cod.
1010 5599 1238 5656 uterque
1262 5586 1632 5655 s660xiqt,quae
1657 5599 1741 5642 est
1764 5603 1875 5641 rec.
1907 5590 2044 5642 lectit

2151 5523 2157 5548 '
2184 5523 2358 5588 Φρον.
2390 5521 2513 5573 cod.
2538 5520 2562 5572 1
2592 5520 2881 5590 θαρροῦσι.
2905 5532 3052 5570 σεεμ.
3077 5526 3254 5568 tamen
3288 5520 3451 5565 altera
3482 5520 3709 5561 lectione.

2180 5591 2218 5644 l.
2244 5588 2407 5644 Hebr.
2447 5599 2633 5671 ’βπ-ιε
2670 5587 3145 5671 beneplacitotuo.
3226 5583 3269 5614 ’ί
3308 5576 3512 5671 Ἠρῶια

494 5680 607 5736 Hoc
636 5679 757 5734 ἀντὶ
792 5676 909 5737 τοῦ,
929 5674 1015 5727 Ἐν
1035 5675 1099 5742 τῇ
1122 5655 1531 5742 ἐνανθρωπήσει
1556 5686 1648 5723 σου
1679 5671 2042 5742 ἀναστήσεται
2073 5675 2132 5726 τὸ
2153 5673 2315 5726 ὅπλον
2331 5674 2393 5726 τὸ
2418 5655 2692 5742 ἡμέτερον
2717 5690 2729 5702 ·
2763 5670 2934 5740 κέρας
2964 5670 3072 5740 γὰρ
3089 5670 3180 5723 τὸν
3204 5664 3433 5736 σταυρὸν
3456 5655 3706 5730 MM“

489 5753 613 5804 add.
654 5758 752 5813 est,
786 5763 903 5801 cum
942 5740 1097 5796 home
1119 5747 1291 5811 [actus
1322 5740 1508 5807 fueris,
1531 5741 1763 5808 erigetur
1791 5740 1995 5796 scutum
2019 5752 2277 5800 nostrum.
2305 5740 2484 5798 Cornu
2506 5740 2643 5795 enim
2671 5750 2816 5795 vocat
2843 5756 3069 5795 crucem.
