  <div class='ocr_page' id='page_1' title='image "/cluster/home/n/w/nwhite01/storage/ocr_20150623/80/hvd.32044009825613/826.png"; bbox 0 0 3924 6486; ppageno 0'>
   <div class='ocr_carea' id='block_1_1' title="bbox 218 357 332 428">
    <p class='ocr_par' dir='ltr' id='par_1_1' title="bbox 218 357 332 428">
     <span class='ocr_line' id='line_1_1' title="bbox 218 357 332 428; baseline 0 0"><span class='ocrx_word' id='word_1_1' title='bbox 218 357 332 428; x_wconf 72' lang='lat'><strong>161?</strong></span> 
     </span>
    </p>
   </div>
   <div class='ocr_carea' id='block_1_2' title="bbox 1547 364 2096 428">
    <p class='ocr_par' dir='ltr' id='par_1_2' title="bbox 1547 364 2096 428">
     <span class='ocr_line' id='line_1_2' title="bbox 1547 364 2096 428; baseline 0.004 -2"><span class='ocrx_word' id='word_1_2' title='bbox 1547 368 1630 428; x_wconf 89' lang='lat' dir='ltr'><strong>IN</strong></span> <span class='ocrx_word' id='word_1_3' title='bbox 1671 368 1872 428; x_wconf 87' lang='lat' dir='ltr'><strong>PSAL.</strong></span> <span class='ocrx_word' id='word_1_4' title='bbox 1913 368 2064 428; x_wconf 86' lang='lat' dir='ltr'><strong>XCI.</strong></span> <span class='ocrx_word' id='word_1_5' title='bbox 2090 364 2096 377; x_wconf 79' lang='grc'><em>“</em></span> 
     </span>
    </p>
   </div>
   <div class='ocr_carea' id='block_1_3' title="bbox 3316 361 3450 428">
    <p class='ocr_par' dir='ltr' id='par_1_3' title="bbox 3316 361 3450 428">
     <span class='ocr_line' id='line_1_3' title="bbox 3316 361 3450 428; baseline -0.015 -2"><span class='ocrx_word' id='word_1_6' title='bbox 3316 361 3450 428; x_wconf 78' lang='grc'>1618</span> 
     </span>
    </p>
   </div>
   <div class='ocr_carea' id='block_1_4' title="bbox 213 456 1780 544">
    <p class='ocr_par' dir='ltr' id='par_1_4' title="bbox 213 456 1774 543">
     <span class='ocr_line' id='line_1_4' title="bbox 213 456 1774 543; baseline -0.003 -15"><span class='ocrx_word' id='word_1_7' title='bbox 213 472 282 542; x_wconf 77' lang='grc' dir='ltr'><strong>τῷ</strong></span> <span class='ocrx_word' id='word_1_8' title='bbox 307 469 420 542; x_wconf 79' lang='grc' dir='ltr'><strong>λαῷ</strong></span> <span class='ocrx_word' id='word_1_9' title='bbox 457 471 556 525; x_wconf 80' lang='grc' dir='ltr'>τοῦ</span> <span class='ocrx_word' id='word_1_10' title='bbox 603 456 762 526; x_wconf 79' lang='grc' dir='ltr'>Θὲοὖ.</span> <span class='ocrx_word' id='word_1_11' title='bbox 812 489 832 522; x_wconf 76' lang='grc' dir='ltr'><strong>ι</strong></span> <span class='ocrx_word' id='word_1_12' title='bbox 879 471 1165 542; x_wconf 78' lang='grc' dir='ltr'>Ἐπειδὴ⁹⁹</span> <span class='ocrx_word' id='word_1_13' title='bbox 1213 471 1396 526; x_wconf 78' lang='grc' dir='ltr'><strong>τοίνυν</strong></span> <span class='ocrx_word' id='word_1_14' title='bbox 1435 472 1463 524; x_wconf 82' lang='grc' dir='ltr'><strong>ὁ</strong></span> <span class='ocrx_word' id='word_1_15' title='bbox 1496 473 1774 543; x_wconf 53' lang='lat' dir='ltr'><strong>eam,&quot;</strong></span> 
     </span>
    </p>
   </div>
   <div class='ocr_carea' id='block_1_5' title="bbox 1892 456 3452 544">
    <p class='ocr_par' dir='ltr' id='par_1_5' title="bbox 1892 472 3452 544">
     <span class='ocr_line' id='line_1_5' title="bbox 1892 472 3452 544; baseline 0.003 -19"><span class='ocrx_word' id='word_1_16' title='bbox 1892 473 1968 526; x_wconf 91' lang='lat' dir='ltr'><strong>lla</strong></span> <span class='ocrx_word' id='word_1_17' title='bbox 2009 473 2192 544; x_wconf 89' lang='lat' dir='ltr'><strong>quiete</strong></span> <span class='ocrx_word' id='word_1_18' title='bbox 2229 473 2344 528; x_wconf 68' lang='lat' dir='ltr'><strong>haec</strong></span> <span class='ocrx_word' id='word_1_19' title='bbox 2384 474 2536 540; x_wconf 88' lang='lat' dir='ltr'><strong>ﬁent,</strong></span> <span class='ocrx_word' id='word_1_20' title='bbox 2583 472 2779 528; x_wconf 90' lang='lat' dir='ltr'><strong>merito</strong></span> <span class='ocrx_word' id='word_1_21' title='bbox 2815 473 2955 527; x_wconf 84' lang='lat' dir='ltr'><strong>hanc</strong></span> <span class='ocrx_word' id='word_1_22' title='bbox 3001 472 3213 542; x_wconf 69' lang='lat' dir='ltr'><strong>accepit</strong></span> <span class='ocrx_word' id='word_1_23' title='bbox 3257 475 3452 532; x_wconf 84' lang='lat' dir='ltr'><strong>inscri-</strong></span> 
     </span>
    </p>
   </div>
   <div class='ocr_carea' id='block_1_6' title="bbox 212 550 1770 634">
    <p class='ocr_par' dir='ltr' id='par_1_6' title="bbox 212 550 1770 634">
     <span class='ocr_line' id='line_1_6' title="bbox 212 550 1770 634; baseline 0.003 -21"><span class='ocrx_word' id='word_1_24' title='bbox 212 557 310 613; x_wconf 83' lang='grc' dir='ltr'><strong>τῶν</strong></span> <span class='ocrx_word' id='word_1_25' title='bbox 343 557 571 613; x_wconf 85' lang='grc' dir='ltr'>δικαίων</span> <span class='ocrx_word' id='word_1_26' title='bbox 600 559 698 630; x_wconf 81' lang='grc' dir='ltr'>τὴν</span> <span class='ocrx_word' id='word_1_27' title='bbox 746 559 934 631; x_wconf 85' lang='grc' dir='ltr'>τιμὴν,</span> <span class='ocrx_word' id='word_1_28' title='bbox 980 563 1078 615; x_wconf 80' lang='grc' dir='ltr'>καὶ</span> <span class='ocrx_word' id='word_1_29' title='bbox 1121 561 1228 616; x_wconf 87' lang='grc' dir='ltr'><strong>τῶν</strong></span> <span class='ocrx_word' id='word_1_30' title='bbox 1261 562 1465 616; x_wconf 88' lang='grc' dir='ltr'>ἀδίκων</span> <span class='ocrx_word' id='word_1_31' title='bbox 1511 550 1770 634; x_wconf 85' lang='grc' dir='ltr'>προλέγὲι</span> 
     </span>
    </p>
   </div>
   <div class='ocr_carea' id='block_1_7' title="bbox 1879 565 2144 634">
    <p class='ocr_par' dir='ltr' id='par_1_7' title="bbox 1879 565 2144 634">
     <span class='ocr_line' id='line_1_7' title="bbox 1879 565 2144 634; baseline 0.011 -16"><span class='ocrx_word' id='word_1_32' title='bbox 1879 565 2144 634; x_wconf 88' lang='lat' dir='ltr'><strong>ptionem.</strong></span> 
     </span>
    </p>
   </div>
   <div class='ocr_carea' id='block_1_8' title="bbox 213 649 3452 730">
    <p class='ocr_par' dir='ltr' id='par_1_8' title="bbox 213 649 3452 730">
     <span class='ocr_line' id='line_1_8' title="bbox 213 649 3452 730; baseline 0.002 -26"><span class='ocrx_word' id='word_1_33' title='bbox 213 649 301 722; x_wconf 75' lang='grc' dir='ltr'>τὴν</span> <span class='ocrx_word' id='word_1_34' title='bbox 329 651 617 721; x_wconf 81' lang='grc' dir='ltr'>τιμωρίαν,</span> <span class='ocrx_word' id='word_1_35' title='bbox 639 652 699 705; x_wconf 83' lang='grc' dir='ltr'><strong>ἐν</strong></span> <span class='ocrx_word' id='word_1_36' title='bbox 731 651 916 725; x_wconf 79' lang='grc' dir='ltr'>ἐκείνῃ</span> <span class='ocrx_word' id='word_1_37' title='bbox 961 653 1018 706; x_wconf 83' lang='grc' dir='ltr'>δὲ</span> <span class='ocrx_word' id='word_1_38' title='bbox 1060 656 1126 725; x_wconf 78' lang='grc' dir='ltr'>τῇ</span> <span class='ocrx_word' id='word_1_39' title='bbox 1158 654 1502 709; x_wconf 70' lang='grc' dir='ltr'><strong>καταπαύσει</strong></span> <span class='ocrx_word' id='word_1_40' title='bbox 1530 654 1770 711; x_wconf 70' lang='grc' dir='ltr'>ταῦταθδ</span> <span class='ocrx_word' id='word_1_41' title='bbox 1809 657 2134 730; x_wconf 82' lang='grc' dir='ltr'>γενήσεται,</span> <span class='ocrx_word' id='word_1_42' title='bbox 2195 657 2418 722; x_wconf 81' lang='grc' dir='ltr'><strong>εἰκότως</strong></span> <span class='ocrx_word' id='word_1_43' title='bbox 2451 655 2659 729; x_wconf 87' lang='grc' dir='ltr'>ταύτην</span> <span class='ocrx_word' id='word_1_44' title='bbox 2699 657 2914 721; x_wconf 81' lang='grc' dir='ltr'><strong>ἐδέξατο</strong></span> <span class='ocrx_word' id='word_1_45' title='bbox 2968 657 3066 728; x_wconf 81' lang='grc' dir='ltr'>τὴν</span> <span class='ocrx_word' id='word_1_46' title='bbox 3113 657 3452 728; x_wconf 79' lang='grc' dir='ltr'>ἐπιγραφήν.</span> 
     </span>
    </p>
   </div>
   <div class='ocr_carea' id='block_1_9' title="bbox 273 739 1774 819">
    <p class='ocr_par' dir='ltr' id='par_1_9' title="bbox 273 739 1774 819">
     <span class='ocr_line' id='line_1_9' title="bbox 273 739 1774 819; baseline 0.017 -32"><span class='ocrx_word' id='word_1_47' title='bbox 273 739 340 812; x_wconf 77' lang='grc' dir='ltr'><strong>β’,</strong></span> <span class='ocrx_word' id='word_1_48' title='bbox 370 747 439 810; x_wconf 78' lang='grc' dir='ltr'>γ’.</span> <span class='ocrx_word' id='word_1_49' title='bbox 469 759 487 794; x_wconf 77' lang='grc' dir='ltr'><strong>ι</strong></span> <span class='ocrx_word' id='word_1_50' title='bbox 510 742 742 811; x_wconf 78' lang='grc' dir='ltr'><strong>Ἀγαθὸν</strong></span> <span class='ocrx_word' id='word_1_51' title='bbox 781 741 1284 812; x_wconf 74' lang='grc' dir='ltr'><strong>ἐξομολογεῖσθαι”⁵</strong></span> <span class='ocrx_word' id='word_1_52' title='bbox 1318 745 1395 818; x_wconf 82' lang='grc' dir='ltr'>τῷ</span> <span class='ocrx_word' id='word_1_53' title='bbox 1425 747 1638 819; x_wconf 81' lang='grc' dir='ltr'>Κυρίῳ.</span> <span class='ocrx_word' id='word_1_54' title='bbox 1679 749 1774 802; x_wconf 72' lang='grc' dir='ltr'>καὶ</span> 
     </span>
    </p>
   </div>
   <div class='ocr_carea' id='block_1_10' title="bbox 212 833 1773 910">
    <p class='ocr_par' dir='ltr' id='par_1_10' title="bbox 212 833 1773 910">
     <span class='ocr_line' id='line_1_10' title="bbox 212 833 1773 910; baseline 0.003 -19"><span class='ocrx_word' id='word_1_55' title='bbox 212 833 418 906; x_wconf 74' lang='grc' dir='ltr'>ψάλλειν</span> <span class='ocrx_word' id='word_1_56' title='bbox 447 835 527 907; x_wconf 80' lang='grc' dir='ltr'><strong>τῷ</strong></span> <span class='ocrx_word' id='word_1_57' title='bbox 551 836 774 908; x_wconf 81' lang='grc' dir='ltr'>ὀνόματί</span> <span class='ocrx_word' id='word_1_58' title='bbox 805 838 1180 908; x_wconf 77' lang='grc' dir='ltr'>σου,”Υψιστε.</span> <span class='ocrx_word' id='word_1_59' title='bbox 1203 838 1309 892; x_wconf 81' lang='grc' dir='ltr'>Τοῦ</span> <span class='ocrx_word' id='word_1_60' title='bbox 1334 841 1686 910; x_wconf 85' lang='grc' dir='ltr'>άναγγέλλειν</span> <span class='ocrx_word' id='word_1_61' title='bbox 1711 844 1773 898; x_wconf 84' lang='grc' dir='ltr'>τὸ</span> 
     </span>
    </p>
   </div>
   <div class='ocr_carea' id='block_1_11' title="bbox 215 927 1764 1003">
    <p class='ocr_par' dir='ltr' id='par_1_11' title="bbox 215 927 1764 1003">
     <span class='ocr_line' id='line_1_11' title="bbox 215 927 1764 1003; baseline 0.003 -20"><span class='ocrx_word' id='word_1_62' title='bbox 215 927 344 999; x_wconf 74' lang='grc' dir='ltr'>πρωῒ</span> <span class='ocrx_word' id='word_1_63' title='bbox 362 927 422 982; x_wconf 82' lang='grc' dir='ltr'><strong>τὺ</strong></span> <span class='ocrx_word' id='word_1_64' title='bbox 445 929 595 994; x_wconf 75' lang='grc' dir='ltr'>ἔλεός</span> <span class='ocrx_word' id='word_1_65' title='bbox 619 947 737 993; x_wconf 87' lang='grc' dir='ltr'>σου,</span> <span class='ocrx_word' id='word_1_66' title='bbox 758 932 852 984; x_wconf 74' lang='grc' dir='ltr'><strong>καὶ</strong></span> <span class='ocrx_word' id='word_1_67' title='bbox 868 930 967 1002; x_wconf 78' lang='grc' dir='ltr'>τὴν</span> <span class='ocrx_word' id='word_1_68' title='bbox 985 931 1246 1003; x_wconf 82' lang='grc' dir='ltr'>ἀλήθειάν</span> <span class='ocrx_word' id='word_1_69' title='bbox 1265 949 1359 986; x_wconf 83' lang='grc' dir='ltr'><strong>σου</strong></span> <span class='ocrx_word' id='word_1_70' title='bbox 1377 933 1513 987; x_wconf 84' lang='grc' dir='ltr'>κατὰ</span> <span class='ocrx_word' id='word_1_71' title='bbox 1531 933 1721 989; x_wconf 86' lang='grc' dir='ltr'>νύκτα.</span> <span class='ocrx_word' id='word_1_72' title='bbox 1744 954 1764 988; x_wconf 71' lang='grc' dir='ltr'><strong>ι</strong></span> 
     </span>
    </p>
   </div>
   <div class='ocr_carea' id='block_1_12' title="bbox 224 1021 1774 1098">
    <p class='ocr_par' dir='ltr' id='par_1_12' title="bbox 224 1021 1774 1098">
     <span class='ocr_line' id='line_1_12' title="bbox 224 1021 1774 1098; baseline 0.005 -23"><span class='ocrx_word' id='word_1_73' title='bbox 224 1021 524 1092; x_wconf 81' lang='grc' dir='ltr'>Ἐπωφελές</span> <span class='ocrx_word' id='word_1_74' title='bbox 540 1021 610 1088; x_wconf 80' lang='grc'><strong>⁸⁸,</strong></span> <span class='ocrx_word' id='word_1_75' title='bbox 652 1024 784 1092; x_wconf 82' lang='grc' dir='ltr'>φησὶ</span> <span class='ocrx_word' id='word_1_76' title='bbox 801 1024 871 1089; x_wconf 79' lang='grc'><strong>’⁷,</strong></span> <span class='ocrx_word' id='word_1_77' title='bbox 907 1025 1002 1077; x_wconf 78' lang='grc' dir='ltr'>καὶ</span> <span class='ocrx_word' id='word_1_78' title='bbox 1027 1025 1318 1096; x_wconf 84' lang='grc' dir='ltr'><strong>κερδαλέον</strong></span> <span class='ocrx_word' id='word_1_79' title='bbox 1341 1025 1404 1080; x_wconf 78' lang='grc' dir='ltr'><strong>τὸ</strong></span> <span class='ocrx_word' id='word_1_80' title='bbox 1427 1027 1646 1098; x_wconf 77' lang='grc' dir='ltr'><strong>νύκτωρ</strong></span> <span class='ocrx_word' id='word_1_81' title='bbox 1679 1029 1774 1082; x_wconf 79' lang='grc' dir='ltr'>καὶ</span> 
     </span>
    </p>
   </div>
   <div class='ocr_carea' id='block_1_13' title="bbox 218 1115 1774 1190">
    <p class='ocr_par' dir='ltr' id='par_1_13' title="bbox 218 1115 1774 1190">
     <span class='ocr_line' id='line_1_13' title="bbox 218 1115 1774 1190; baseline 0.004 -21"><span class='ocrx_word' id='word_1_82' title='bbox 218 1115 323 1188; x_wconf 79' lang='grc' dir='ltr'>μεθ’</span> <span class='ocrx_word' id='word_1_83' title='bbox 347 1116 566 1188; x_wconf 60' lang='grc' dir='ltr'><strong>⁴ἡμέραν</strong></span> <span class='ocrx_word' id='word_1_84' title='bbox 600 1117 659 1170; x_wconf 83' lang='grc' dir='ltr'>σὲ</span> <span class='ocrx_word' id='word_1_85' title='bbox 690 1116 784 1170; x_wconf 85' lang='grc' dir='ltr'>τὸν</span> <span class='ocrx_word' id='word_1_86' title='bbox 829 1117 1127 1190; x_wconf 79' lang='grc' dir='ltr'><strong>εὐεργέτην</strong></span> <span class='ocrx_word' id='word_1_87' title='bbox 1175 1119 1384 1189; x_wconf 81' lang='grc' dir='ltr'>ὑμνεῖν,</span> <span class='ocrx_word' id='word_1_88' title='bbox 1418 1120 1636 1184; x_wconf 76' lang='grc' dir='ltr'>καὶτὰς</span> <span class='ocrx_word' id='word_1_89' title='bbox 1675 1122 1774 1186; x_wconf 83' lang='grc' dir='ltr'><strong>σάς</strong></span> 
     </span>
    </p>
   </div>
   <div class='ocr_carea' id='block_1_14' title="bbox 216 1208 1772 1286">
    <p class='ocr_par' dir='ltr' id='par_1_14' title="bbox 216 1208 1772 1286">
     <span class='ocr_line' id='line_1_14' title="bbox 216 1208 1772 1286; baseline 0.005 -25"><span class='ocrx_word' id='word_1_90' title='bbox 216 1208 522 1279; x_wconf 80' lang='grc' dir='ltr'><strong>εὐεργεσίας</strong></span> <span class='ocrx_word' id='word_1_91' title='bbox 567 1208 862 1274; x_wconf 80' lang='grc' dir='ltr'><strong>διεξιέναι,</strong></span> <span class='ocrx_word' id='word_1_92' title='bbox 897 1210 998 1282; x_wconf 80' lang='grc' dir='ltr'>τὴν</span> <span class='ocrx_word' id='word_1_93' title='bbox 1041 1212 1173 1284; x_wconf 70' lang='grc' dir='ltr'>περὶ</span> <span class='ocrx_word' id='word_1_94' title='bbox 1205 1213 1414 1283; x_wconf 81' lang='grc' dir='ltr'><strong>ήμᾶς⁹⁸</strong></span> <span class='ocrx_word' id='word_1_95' title='bbox 1466 1214 1772 1286; x_wconf 85' lang='grc' dir='ltr'>φιλανθρω-</span> 
     </span>
    </p>
   </div>
   <div class='ocr_carea' id='block_1_15' title="bbox 217 1299 1774 1376">
    <p class='ocr_par' dir='ltr' id='par_1_15' title="bbox 217 1299 1774 1376">
     <span class='ocr_line' id='line_1_15' title="bbox 217 1299 1774 1376; baseline 0.006 -24"><span class='ocrx_word' id='word_1_96' title='bbox 217 1299 353 1362; x_wconf 82' lang='grc' dir='ltr'>πίαν,</span> <span class='ocrx_word' id='word_1_97' title='bbox 384 1300 487 1371; x_wconf 70' lang='grc' dir='ltr'>τὴν</span> <span class='ocrx_word' id='word_1_98' title='bbox 520 1301 665 1354; x_wconf 82' lang='grc' dir='ltr'>κατὰ</span> <span class='ocrx_word' id='word_1_99' title='bbox 696 1301 807 1355; x_wconf 85' lang='grc' dir='ltr'><strong>τῶν</strong></span> <span class='ocrx_word' id='word_1_100' title='bbox 835 1302 1166 1357; x_wconf 79' lang='grc' dir='ltr'><strong>ἀδικούντων</strong></span> <span class='ocrx_word' id='word_1_101' title='bbox 1203 1304 1483 1376; x_wconf 87' lang='grc' dir='ltr'>ἀλήθειαν.</span> <span class='ocrx_word' id='word_1_102' title='bbox 1502 1305 1774 1371; x_wconf 86' lang='grc' dir='ltr'>Ἐκείνους</span> 
     </span>
    </p>
   </div>
   <div class='ocr_carea' id='block_1_16' title="bbox 219 1395 1776 1472">
    <p class='ocr_par' dir='ltr' id='par_1_16' title="bbox 219 1395 1776 1472">
     <span class='ocr_line' id='line_1_16' title="bbox 219 1395 1776 1472; baseline 0.004 -24"><span class='ocrx_word' id='word_1_103' title='bbox 219 1395 305 1467; x_wconf 81' lang='grc' dir='ltr'>μὲν</span> <span class='ocrx_word' id='word_1_104' title='bbox 328 1395 438 1467; x_wconf 74' lang='grc' dir='ltr'>γὰρ</span> <span class='ocrx_word' id='word_1_105' title='bbox 472 1395 704 1467; x_wconf 70' lang='grc' dir='ltr'>ἀληθείᾳ</span> <span class='ocrx_word' id='word_1_106' title='bbox 732 1395 1015 1469; x_wconf 85' lang='grc' dir='ltr'>χρώμενος</span> <span class='ocrx_word' id='word_1_107' title='bbox 1052 1399 1303 1464; x_wconf 80' lang='grc' dir='ltr'>κολάζεις</span> <span class='ocrx_word' id='word_1_108' title='bbox 1336 1399 1590 1464; x_wconf 86' lang='grc' dir='ltr'>ἐνδίκως,</span> <span class='ocrx_word' id='word_1_109' title='bbox 1628 1401 1776 1472; x_wconf 79' lang='grc' dir='ltr'>ἡμᾶς</span> 
     </span>
    </p>
   </div>
   <div class='ocr_carea' id='block_1_17' title="bbox 216 1487 1686 1565">
    <p class='ocr_par' dir='ltr' id='par_1_17' title="bbox 216 1487 1686 1565">
     <span class='ocr_line' id='line_1_17' title="bbox 216 1487 1686 1565; baseline 0.003 -22"><span class='ocrx_word' id='word_1_110' title='bbox 216 1489 266 1543; x_wconf 78' lang='grc' dir='ltr'>δὲ</span> <span class='ocrx_word' id='word_1_111' title='bbox 287 1487 384 1560; x_wconf 78' lang='grc' dir='ltr'>τὴν</span> <span class='ocrx_word' id='word_1_112' title='bbox 417 1489 520 1560; x_wconf 81' lang='grc' dir='ltr'>σὴν</span> <span class='ocrx_word' id='word_1_113' title='bbox 543 1489 842 1558; x_wconf 75' lang='grc' dir='ltr'>ἐπίγνωσιν</span> <span class='ocrx_word' id='word_1_114' title='bbox 871 1490 1096 1562; x_wconf 75' lang='grc' dir='ltr'>ἔχοντας</span> <span class='ocrx_word' id='word_1_115' title='bbox 1127 1492 1469 1565; x_wconf 78' lang='grc' dir='ltr'><strong>προμηθείας</strong></span> <span class='ocrx_word' id='word_1_116' title='bbox 1497 1494 1686 1560; x_wconf 79' lang='grc' dir='ltr'>ἀξιοῖς.</span> 
     </span>
    </p>
   </div>
   <div class='ocr_carea' id='block_1_18' title="bbox 272 1671 1778 1747">
    <p class='ocr_par' dir='ltr' id='par_1_18' title="bbox 272 1671 1778 1747">
     <span class='ocr_line' id='line_1_18' title="bbox 272 1671 1778 1747; baseline 0.003 -22"><span class='ocrx_word' id='word_1_117' title='bbox 272 1671 337 1727; x_wconf 76' lang='grc' dir='ltr'>δ’.</span> <span class='ocrx_word' id='word_1_118' title='bbox 383 1689 405 1724; x_wconf 72' lang='grc' dir='ltr'><strong>ι</strong></span> <span class='ocrx_word' id='word_1_119' title='bbox 448 1671 540 1727; x_wconf 89' lang='grc' dir='ltr'>Ἐν</span> <span class='ocrx_word' id='word_1_120' title='bbox 583 1671 894 1745; x_wconf 83' lang='grc' dir='ltr'>δεκαχόρδῳ</span> <span class='ocrx_word' id='word_1_121' title='bbox 923 1673 1213 1746; x_wconf 76' lang='grc' dir='ltr'>ψαλτηρίῳ</span> <span class='ocrx_word' id='word_1_122' title='bbox 1263 1676 1383 1747; x_wconf 87' lang='grc' dir='ltr'>μετ’</span> <span class='ocrx_word' id='word_1_123' title='bbox 1411 1675 1556 1747; x_wconf 81' lang='grc' dir='ltr'>ᾠδῆς</span> <span class='ocrx_word' id='word_1_124' title='bbox 1593 1677 1652 1730; x_wconf 89' lang='grc' dir='ltr'><strong>ἐν</strong></span> <span class='ocrx_word' id='word_1_125' title='bbox 1690 1694 1778 1730; x_wconf 86' lang='grc' dir='ltr'>κι-</span> 
     </span>
    </p>
   </div>
   <div class='ocr_carea' id='block_1_19' title="bbox 217 1763 1776 1838">
    <p class='ocr_par' dir='ltr' id='par_1_19' title="bbox 217 1763 1776 1838">
     <span class='ocr_line' id='line_1_19' title="bbox 217 1763 1776 1838; baseline 0.003 -20"><span class='ocrx_word' id='word_1_126' title='bbox 217 1763 365 1836; x_wconf 76' lang='grc' dir='ltr'>θάρᾳ.</span> <span class='ocrx_word' id='word_1_127' title='bbox 401 1782 422 1815; x_wconf 73' lang='grc' dir='ltr'><strong>ι</strong></span> <span class='ocrx_word' id='word_1_128' title='bbox 470 1763 750 1829; x_wconf 86' lang='grc' dir='ltr'>Τοιούτοις</span> <span class='ocrx_word' id='word_1_129' title='bbox 796 1767 1051 1838; x_wconf 83' lang='grc' dir='ltr'>ὀργάνοις</span> <span class='ocrx_word' id='word_1_130' title='bbox 1091 1767 1314 1823; x_wconf 76' lang='grc' dir='ltr'>εἰώθασι</span> <span class='ocrx_word' id='word_1_131' title='bbox 1366 1769 1460 1822; x_wconf 75' lang='grc' dir='ltr'><strong>τὸν</strong></span> <span class='ocrx_word' id='word_1_132' title='bbox 1513 1769 1645 1823; x_wconf 85' lang='grc' dir='ltr'>Θεδν</span> <span class='ocrx_word' id='word_1_133' title='bbox 1683 1771 1776 1824; x_wconf 86' lang='grc' dir='ltr'>ἀν-</span> 
     </span>
    </p>
   </div>
   <div class='ocr_carea' id='block_1_20' title="bbox 216 1856 1775 1932">
    <p class='ocr_par' dir='ltr' id='par_1_20' title="bbox 216 1856 1775 1932">
     <span class='ocr_line' id='line_1_20' title="bbox 216 1856 1775 1932; baseline 0.004 -22"><span class='ocrx_word' id='word_1_134' title='bbox 216 1858 394 1927; x_wconf 81' lang='grc' dir='ltr'>υμνεῖν</span> <span class='ocrx_word' id='word_1_135' title='bbox 413 1873 428 1888; x_wconf 79' lang='grc' dir='ltr'><strong>ο</strong></span> <span class='ocrx_word' id='word_1_136' title='bbox 457 1856 608 1926; x_wconf 81' lang='grc' dir='ltr'>λέγει</span> <span class='ocrx_word' id='word_1_137' title='bbox 640 1857 821 1912; x_wconf 78' lang='grc' dir='ltr'>τοίνυν</span> <span class='ocrx_word' id='word_1_138' title='bbox 848 1861 952 1927; x_wconf 83' lang='grc' dir='ltr'>ὅτι,</span> <span class='ocrx_word' id='word_1_139' title='bbox 990 1858 1101 1914; x_wconf 75' lang='grc' dir='ltr'><strong>Καὶ</strong></span> <span class='ocrx_word' id='word_1_140' title='bbox 1125 1860 1184 1913; x_wconf 89' lang='grc' dir='ltr'><strong>ἐν</strong></span> <span class='ocrx_word' id='word_1_141' title='bbox 1215 1863 1330 1925; x_wconf 78' lang='grc' dir='ltr'>τοῖς</span> <span class='ocrx_word' id='word_1_142' title='bbox 1363 1862 1775 1932; x_wconf 81' lang='grc' dir='ltr'>νενομισμένοις</span> 
     </span>
    </p>
   </div>
   <div class='ocr_carea' id='block_1_21' title="bbox 214 1950 1773 2026">
    <p class='ocr_par' dir='ltr' id='par_1_21' title="bbox 214 1950 1773 2026">
     <span class='ocr_line' id='line_1_21' title="bbox 214 1950 1773 2026; baseline 0.004 -24"><span class='ocrx_word' id='word_1_143' title='bbox 214 1950 681 2020; x_wconf 83' lang='grc' dir='ltr'>ἀνακρουομένους</span> <span class='ocrx_word' id='word_1_144' title='bbox 715 1950 969 2022; x_wconf 82' lang='grc' dir='ltr'>ὀργάνοις</span> <span class='ocrx_word' id='word_1_145' title='bbox 991 1995 1008 2016; x_wconf 86' lang='grc'><strong>,</strong></span> <span class='ocrx_word' id='word_1_146' title='bbox 1043 1954 1138 2006; x_wconf 80' lang='grc' dir='ltr'><strong>καὶ</strong></span> <span class='ocrx_word' id='word_1_147' title='bbox 1170 1955 1238 2024; x_wconf 77' lang='grc' dir='ltr'>τῇ</span> <span class='ocrx_word' id='word_1_148' title='bbox 1267 1954 1368 2025; x_wconf 84' lang='grc' dir='ltr'>τῆς</span> <span class='ocrx_word' id='word_1_149' title='bbox 1397 1954 1646 2025; x_wconf 81' lang='grc' dir='ltr'><strong>γλώττης</strong></span> <span class='ocrx_word' id='word_1_150' title='bbox 1683 1973 1773 2026; x_wconf 87' lang='grc' dir='ltr'>με-</span> 
     </span>
    </p>
   </div>
   <div class='ocr_carea' id='block_1_22' title="bbox 215 2041 1774 2117">
    <p class='ocr_par' dir='ltr' id='par_1_22' title="bbox 215 2041 1774 2117">
     <span class='ocr_line' id='line_1_22' title="bbox 215 2041 1774 2117; baseline 0.004 -24"><span class='ocrx_word' id='word_1_151' title='bbox 215 2041 367 2110; x_wconf 82' lang='grc' dir='ltr'>λῳδία</span> <span class='ocrx_word' id='word_1_152' title='bbox 405 2042 728 2113; x_wconf 84' lang='grc' dir='ltr'>χρωμένους</span> <span class='ocrx_word' id='word_1_153' title='bbox 743 2043 810 2107; x_wconf 77' lang='grc'><strong>⁸⁸³,</strong></span> <span class='ocrx_word' id='word_1_154' title='bbox 863 2042 1071 2098; x_wconf 77' lang='grc' dir='ltr'>δίκαιόν</span> <span class='ocrx_word' id='word_1_155' title='bbox 1106 2045 1222 2097; x_wconf 74' lang='grc' dir='ltr'>σοιί</span> <span class='ocrx_word' id='word_1_156' title='bbox 1271 2045 1609 2117; x_wconf 81' lang='grc' dir='ltr'>προσφέρειν</span> <span class='ocrx_word' id='word_1_157' title='bbox 1647 2047 1774 2100; x_wconf 65' lang='lat' dir='ltr'><strong>«cva</strong></span> 
     </span>
    </p>
   </div>
   <div class='ocr_carea' id='block_1_23' title="bbox 213 2133 779 2205">
    <p class='ocr_par' dir='ltr' id='par_1_23' title="bbox 213 2133 779 2205">
     <span class='ocr_line' id='line_1_23' title="bbox 213 2133 779 2205; baseline 0.005 -17"><span class='ocrx_word' id='word_1_158' title='bbox 213 2136 560 2205; x_wconf 80' lang='grc' dir='ltr'>χαριστήριον</span> <span class='ocrx_word' id='word_1_159' title='bbox 589 2133 779 2205; x_wconf 79' lang='grc' dir='ltr'>ὕμνον.</span> 
     </span>
    </p>
   </div>
   <div class='ocr_carea' id='block_1_24' title="bbox 269 2226 1776 2302">
    <p class='ocr_par' dir='ltr' id='par_1_24' title="bbox 269 2226 1776 2302">
     <span class='ocr_line' id='line_1_24' title="bbox 269 2226 1776 2302; baseline 0.003 -24"><span class='ocrx_word' id='word_1_160' title='bbox 269 2232 332 2280; x_wconf 89' lang='grc' dir='ltr'>ε’.</span> <span class='ocrx_word' id='word_1_161' title='bbox 379 2245 398 2278; x_wconf 79' lang='grc' dir='ltr'><strong>ι</strong></span> <span class='ocrx_word' id='word_1_162' title='bbox 424 2227 550 2282; x_wconf 80' lang='grc' dir='ltr'>Ὅτι</span> <span class='ocrx_word' id='word_1_163' title='bbox 585 2226 903 2299; x_wconf 78' lang='grc' dir='ltr'>ηὗφρανάς³</span> <span class='ocrx_word' id='word_1_164' title='bbox 947 2247 1039 2300; x_wconf 85' lang='grc' dir='ltr'><strong>με,</strong></span> <span class='ocrx_word' id='word_1_165' title='bbox 1078 2231 1276 2302; x_wconf 84' lang='grc' dir='ltr'>Κύριε,</span> <span class='ocrx_word' id='word_1_166' title='bbox 1301 2232 1360 2284; x_wconf 92' lang='grc' dir='ltr'><strong>ἐν</strong></span> <span class='ocrx_word' id='word_1_167' title='bbox 1402 2229 1478 2302; x_wconf 83' lang='grc' dir='ltr'><strong>τῷ</strong></span> <span class='ocrx_word' id='word_1_168' title='bbox 1508 2229 1776 2302; x_wconf 84' lang='grc' dir='ltr'>ποιήματί</span> 
     </span>
    </p>
   </div>
   <div class='ocr_carea' id='block_1_25' title="bbox 171 2319 1778 2394">
    <p class='ocr_par' dir='ltr' id='par_1_25' title="bbox 171 2319 1778 2394">
     <span class='ocr_line' id='line_1_25' title="bbox 171 2319 1778 2394; baseline 0.004 -22"><span class='ocrx_word' id='word_1_169' title='bbox 171 2367 174 2370; x_wconf 79' lang='lat'><strong>.</strong></span> <span class='ocrx_word' id='word_1_170' title='bbox 214 2336 318 2384; x_wconf 86' lang='grc' dir='ltr'>σου,</span> <span class='ocrx_word' id='word_1_171' title='bbox 359 2319 456 2374; x_wconf 81' lang='grc' dir='ltr'>καὶ</span> <span class='ocrx_word' id='word_1_172' title='bbox 489 2321 548 2374; x_wconf 85' lang='grc' dir='ltr'><strong>ἐν</strong></span> <span class='ocrx_word' id='word_1_173' title='bbox 575 2324 688 2385; x_wconf 86' lang='grc' dir='ltr'>τοῖς</span> <span class='ocrx_word' id='word_1_174' title='bbox 717 2321 900 2393; x_wconf 78' lang='grc' dir='ltr'>ἔργοις</span> <span class='ocrx_word' id='word_1_175' title='bbox 937 2321 1046 2375; x_wconf 85' lang='grc' dir='ltr'><strong>τῶν</strong></span> <span class='ocrx_word' id='word_1_176' title='bbox 1076 2321 1280 2394; x_wconf 84' lang='grc' dir='ltr'>χειρῶν</span> <span class='ocrx_word' id='word_1_177' title='bbox 1325 2340 1416 2377; x_wconf 92' lang='grc' dir='ltr'><strong>σου</strong></span> <span class='ocrx_word' id='word_1_178' title='bbox 1451 2323 1778 2393; x_wconf 85' lang='grc' dir='ltr'>ἀγαλλιάσο-</span> 
     </span>
    </p>
   </div>
   <div class='ocr_carea' id='block_1_26' title="bbox 215 2413 1778 2488">
    <p class='ocr_par' dir='ltr' id='par_1_26' title="bbox 215 2413 1778 2488">
     <span class='ocr_line' id='line_1_26' title="bbox 215 2413 1778 2488; baseline 0.004 -22"><span class='ocrx_word' id='word_1_179' title='bbox 215 2431 322 2484; x_wconf 88' lang='grc' dir='ltr'>μαι.</span> <span class='ocrx_word' id='word_1_180' title='bbox 364 2433 383 2465; x_wconf 75' lang='grc' dir='ltr'><strong>ι</strong></span> <span class='ocrx_word' id='word_1_181' title='bbox 430 2413 606 2484; x_wconf 82' lang='grc' dir='ltr'>Ὀρῶν</span> <span class='ocrx_word' id='word_1_182' title='bbox 647 2415 757 2487; x_wconf 88' lang='grc' dir='ltr'><strong>γάρ</strong></span> <span class='ocrx_word' id='word_1_183' title='bbox 807 2433 900 2469; x_wconf 93' lang='grc' dir='ltr'><strong>σου</strong></span> <span class='ocrx_word' id='word_1_184' title='bbox 947 2417 1046 2480; x_wconf 78' lang='grc' dir='ltr'><strong>τὰς</strong></span> <span class='ocrx_word' id='word_1_185' title='bbox 1090 2416 1492 2488; x_wconf 84' lang='grc' dir='ltr'>δημιουργίας,</span> <span class='ocrx_word' id='word_1_186' title='bbox 1541 2419 1635 2471; x_wconf 78' lang='grc' dir='ltr'><strong>καὶ</strong></span> <span class='ocrx_word' id='word_1_187' title='bbox 1677 2419 1778 2480; x_wconf 81' lang='grc' dir='ltr'><strong>τὰς</strong></span> 
     </span>
    </p>
   </div>
   <div class='ocr_carea' id='block_1_27' title="bbox 213 2505 1775 2578">
    <p class='ocr_par' dir='ltr' id='par_1_27' title="bbox 213 2505 1775 2578">
     <span class='ocr_line' id='line_1_27' title="bbox 213 2505 1775 2578; baseline 0.001 -20"><span class='ocrx_word' id='word_1_188' title='bbox 213 2505 480 2576; x_wconf 76' lang='grc' dir='ltr'>ἀρρήτους</span> <span class='ocrx_word' id='word_1_189' title='bbox 521 2505 836 2576; x_wconf 74' lang='grc' dir='ltr'>οἰκονομίας</span> <span class='ocrx_word' id='word_1_190' title='bbox 859 2545 874 2570; x_wconf 94' lang='grc'><strong>,</strong></span> <span class='ocrx_word' id='word_1_191' title='bbox 914 2506 1221 2578; x_wconf 84' lang='grc' dir='ltr'>ἀγάλλομαί</span> <span class='ocrx_word' id='word_1_192' title='bbox 1247 2523 1306 2560; x_wconf 88' lang='grc' dir='ltr'><strong>τε</strong></span> <span class='ocrx_word' id='word_1_193' title='bbox 1345 2508 1441 2561; x_wconf 67' lang='grc' dir='ltr'><strong>καὶ</strong></span> <span class='ocrx_word' id='word_1_194' title='bbox 1479 2507 1775 2578; x_wconf 87' lang='grc' dir='ltr'>γάννυμαι,</span> 
     </span>
    </p>
   </div>
   <div class='ocr_carea' id='block_1_28' title="bbox 213 2597 1778 2671">
    <p class='ocr_par' dir='ltr' id='par_1_28' title="bbox 213 2597 1778 2671">
     <span class='ocr_line' id='line_1_28' title="bbox 213 2597 1778 2671; baseline 0.003 -21"><span class='ocrx_word' id='word_1_195' title='bbox 213 2597 294 2650; x_wconf 82' lang='grc' dir='ltr'><strong>καί</strong></span> <span class='ocrx_word' id='word_1_196' title='bbox 332 2599 397 2668; x_wconf 79' lang='grc' dir='ltr'><strong>τῇ</strong></span> <span class='ocrx_word' id='word_1_197' title='bbox 421 2599 524 2668; x_wconf 83' lang='grc' dir='ltr'>τῆς</span> <span class='ocrx_word' id='word_1_198' title='bbox 553 2597 734 2669; x_wconf 76' lang='grc' dir='ltr'>ψυχῆς</span> <span class='ocrx_word' id='word_1_199' title='bbox 767 2597 929 2669; x_wconf 76' lang='grc' dir='ltr'>ἡδονῇ</span> <span class='ocrx_word' id='word_1_200' title='bbox 971 2598 1072 2670; x_wconf 74' lang='grc' dir='ltr'><strong>την</strong></span> <span class='ocrx_word' id='word_1_201' title='bbox 1101 2598 1349 2667; x_wconf 86' lang='grc' dir='ltr'>γλῶτταν</span> <span class='ocrx_word' id='word_1_202' title='bbox 1390 2600 1470 2662; x_wconf 84' lang='grc' dir='ltr'><strong>είς</strong></span> <span class='ocrx_word' id='word_1_203' title='bbox 1503 2599 1778 2671; x_wconf 81' lang='grc' dir='ltr'>ὑμνῳδίαν</span> 
     </span>
    </p>
   </div>
   <div class='ocr_carea' id='block_1_29' title="bbox 215 2704 359 2740">
    <p class='ocr_par' dir='ltr' id='par_1_29' title="bbox 215 2704 359 2740">
     <span class='ocr_line' id='line_1_29' title="bbox 215 2704 359 2740; baseline 0.007 -1"><span class='ocrx_word' id='word_1_204' title='bbox 215 2704 359 2740; x_wconf 89' lang='grc' dir='ltr'>κινω.</span> 
     </span>
    </p>
   </div>
   <div class='ocr_carea' id='block_1_30' title="bbox 276 2779 1779 2852">
    <p class='ocr_par' dir='ltr' id='par_1_30' title="bbox 276 2779 1779 2852">
     <span class='ocr_line' id='line_1_30' title="bbox 276 2779 1779 2852; baseline 0.003 -20"><span class='ocrx_word' id='word_1_205' title='bbox 276 2785 349 2845; x_wconf 82' lang='grc' dir='ltr'>ς’.</span> <span class='ocrx_word' id='word_1_206' title='bbox 393 2798 413 2832; x_wconf 83' lang='grc' dir='ltr'><strong>ι</strong></span> <span class='ocrx_word' id='word_1_207' title='bbox 435 2779 524 2846; x_wconf 83' lang='grc' dir='ltr'>Ὠς</span> <span class='ocrx_word' id='word_1_208' title='bbox 553 2779 896 2851; x_wconf 83' lang='grc' dir='ltr'>ἐμεγαλύνθη</span> <span class='ocrx_word' id='word_1_209' title='bbox 928 2779 996 2834; x_wconf 91' lang='grc' dir='ltr'><strong>τά</strong></span> <span class='ocrx_word' id='word_1_210' title='bbox 1029 2779 1163 2852; x_wconf 80' lang='grc' dir='ltr'>ἔργα</span> <span class='ocrx_word' id='word_1_211' title='bbox 1188 2798 1303 2846; x_wconf 90' lang='grc' dir='ltr'>σου,</span> <span class='ocrx_word' id='word_1_212' title='bbox 1335 2781 1540 2850; x_wconf 76' lang='grc' dir='ltr'>Κύριεί</span> <span class='ocrx_word' id='word_1_213' title='bbox 1575 2782 1779 2852; x_wconf 79' lang='grc' dir='ltr'>σφόδρα</span> 
     </span>
    </p>
   </div>
   <div class='ocr_carea' id='block_1_31' title="bbox 215 2870 1779 2946">
    <p class='ocr_par' dir='ltr' id='par_1_31' title="bbox 215 2870 1779 2946">
     <span class='ocr_line' id='line_1_31' title="bbox 215 2870 1779 2946; baseline 0.003 -22"><span class='ocrx_word' id='word_1_214' title='bbox 215 2870 584 2943; x_wconf 78' lang='grc' dir='ltr'>ἐὸαθύνθησαν</span> <span class='ocrx_word' id='word_1_215' title='bbox 625 2874 673 2926; x_wconf 80' lang='grc' dir='ltr'>οἱ</span> <span class='ocrx_word' id='word_1_216' title='bbox 716 2872 1008 2944; x_wconf 75' lang='grc' dir='ltr'>λογισμοί⁸</span> <span class='ocrx_word' id='word_1_217' title='bbox 1040 2891 1158 2930; x_wconf 92' lang='grc' dir='ltr'>σου.</span> <span class='ocrx_word' id='word_1_218' title='bbox 1197 2893 1215 2925; x_wconf 74' lang='grc' dir='ltr'><strong>ι</strong></span> <span class='ocrx_word' id='word_1_219' title='bbox 1259 2875 1354 2928; x_wconf 82' lang='grc'><strong>’0⁸</strong></span> <span class='ocrx_word' id='word_1_220' title='bbox 1393 2875 1448 2929; x_wconf 83' lang='grc' dir='ltr'><strong>δέ</strong></span> <span class='ocrx_word' id='word_1_221' title='bbox 1479 2874 1779 2946; x_wconf 81' lang='grc' dir='ltr'>Σύμμαχος</span> 
     </span>
    </p>
   </div>
   <div class='ocr_carea' id='block_1_32' title="bbox 215 2963 1780 3038">
    <p class='ocr_par' dir='ltr' id='par_1_32' title="bbox 215 2963 1780 3038">
     <span class='ocr_line' id='line_1_32' title="bbox 215 2963 1780 3038; baseline 0.003 -21"><span class='ocrx_word' id='word_1_222' title='bbox 215 2963 448 3027; x_wconf 64' lang='lat' dir='ltr'><strong>oin-tog&quot;</strong></span> <span class='ocrx_word' id='word_1_223' title='bbox 475 2965 713 3035; x_wconf 71' lang='grc' dir='ltr'>Σφόδρα</span> <span class='ocrx_word' id='word_1_224' title='bbox 738 2965 956 3032; x_wconf 83' lang='grc' dir='ltr'>,ϐαθεῖς</span> <span class='ocrx_word' id='word_1_225' title='bbox 979 2970 1034 3021; x_wconf 81' lang='lat' dir='ltr'><strong>oi</strong></span> <span class='ocrx_word' id='word_1_226' title='bbox 1064 2967 1445 3038; x_wconf 71' lang='grc' dir='ltr'>διαλογισμοί</span> <span class='ocrx_word' id='word_1_227' title='bbox 1462 2983 1598 3022; x_wconf 87' lang='grc' dir='ltr'>σου·</span> <span class='ocrx_word' id='word_1_228' title='bbox 1619 2969 1780 3022; x_wconf 83' lang='grc' dir='ltr'>Ἀκύ-</span> 
     </span>
    </p>
   </div>
   <div class='ocr_carea' id='block_1_33' title="bbox 215 3057 1850 3156">
    <p class='ocr_par' dir='ltr' id='par_1_33' title="bbox 215 3057 1850 3156">
     <span class='ocr_line' id='line_1_33' title="bbox 215 3057 1850 3156; baseline 0.004 -45"><span class='ocrx_word' id='word_1_229' title='bbox 215 3057 306 3156; x_wconf 75' lang='grc' dir='ltr'><strong>λας</strong></span> <span class='ocrx_word' id='word_1_230' title='bbox 341 3057 398 3111; x_wconf 84' lang='grc' dir='ltr'><strong>δέ</strong></span> <span class='ocrx_word' id='word_1_231' title='bbox 437 3058 534 3112; x_wconf 73' lang='grc' dir='ltr'><strong>καὶ</strong></span> <span class='ocrx_word' id='word_1_232' title='bbox 561 3058 1381 3156; x_wconf 25' lang='grc' dir='ltr'>Θεοδοτίωνξλςεόαρύνθησαν.</span> <span class='ocrx_word' id='word_1_233' title='bbox 1409 3061 1492 3116; x_wconf 89' lang='grc' dir='ltr'><strong>Τά</strong></span> <span class='ocrx_word' id='word_1_234' title='bbox 1531 3063 1634 3133; x_wconf 81' lang='grc' dir='ltr'>μὲν</span> <span class='ocrx_word' id='word_1_235' title='bbox 1670 3062 1779 3136; x_wconf 88' lang='grc' dir='ltr'><strong>γάρ</strong></span> <span class='ocrx_word' id='word_1_236' title='bbox 1807 3096 1850 3156; x_wconf 73' lang='lat' dir='ltr'><strong><em>C</em></strong></span> 
     </span>
    </p>
   </div>
   <div class='ocr_carea' id='block_1_34' title="bbox 217 3151 1780 3226">
    <p class='ocr_par' dir='ltr' id='par_1_34' title="bbox 217 3151 1780 3226">
     <span class='ocr_line' id='line_1_34' title="bbox 217 3151 1780 3226; baseline 0.004 -23"><span class='ocrx_word' id='word_1_237' title='bbox 217 3151 348 3220; x_wconf 72' lang='grc' dir='ltr'>ἔργα</span> <span class='ocrx_word' id='word_1_238' title='bbox 378 3168 496 3214; x_wconf 92' lang='grc' dir='ltr'>σου,</span> <span class='ocrx_word' id='word_1_239' title='bbox 527 3154 696 3221; x_wconf 79' lang='grc' dir='ltr'>φησὶ,</span> <span class='ocrx_word' id='word_1_240' title='bbox 737 3152 949 3223; x_wconf 83' lang='grc' dir='ltr'>μεγάλα</span> <span class='ocrx_word' id='word_1_241' title='bbox 977 3153 1072 3207; x_wconf 73' lang='grc' dir='ltr'>καὶ</span> <span class='ocrx_word' id='word_1_242' title='bbox 1101 3153 1420 3224; x_wconf 88' lang='grc' dir='ltr'>θαυμαστά·</span> <span class='ocrx_word' id='word_1_243' title='bbox 1466 3154 1526 3208; x_wconf 86' lang='grc' dir='ltr'>τὸ</span> <span class='ocrx_word' id='word_1_244' title='bbox 1554 3155 1663 3226; x_wconf 87' lang='grc' dir='ltr'><strong>γὰρ</strong></span> <span class='ocrx_word' id='word_1_245' title='bbox 1699 3156 1780 3222; x_wconf 86' lang='grc' dir='ltr'>ὠς</span> 
     </span>
    </p>
   </div>
   <div class='ocr_carea' id='block_1_35' title="bbox 217 3241 1781 3316">
    <p class='ocr_par' dir='ltr' id='par_1_35' title="bbox 217 3241 1781 3316">
     <span class='ocr_line' id='line_1_35' title="bbox 217 3241 1781 3316; baseline 0.004 -23"><span class='ocrx_word' id='word_1_246' title='bbox 217 3241 544 3306; x_wconf 82' lang='grc' dir='ltr'>ἐπιτατικῶς</span> <span class='ocrx_word' id='word_1_247' title='bbox 566 3241 807 3296; x_wconf 81' lang='grc' dir='ltr'>τέθεικεν</span> <span class='ocrx_word' id='word_1_248' title='bbox 826 3258 840 3272; x_wconf 74' lang='grc' dir='ltr'><strong>ο</strong></span> <span class='ocrx_word' id='word_1_249' title='bbox 883 3243 916 3313; x_wconf 81' lang='grc' dir='ltr'><strong>ἡ</strong></span> <span class='ocrx_word' id='word_1_250' title='bbox 945 3243 1002 3296; x_wconf 85' lang='grc' dir='ltr'><strong>δέ</strong></span> <span class='ocrx_word' id='word_1_251' title='bbox 1029 3243 1194 3312; x_wconf 83' lang='grc' dir='ltr'>σοφία</span> <span class='ocrx_word' id='word_1_252' title='bbox 1219 3261 1314 3298; x_wconf 88' lang='grc' dir='ltr'><strong>σου</strong></span> <span class='ocrx_word' id='word_1_253' title='bbox 1349 3245 1640 3314; x_wconf 83' lang='grc' dir='ltr'>ἀνέφικτον</span> <span class='ocrx_word' id='word_1_254' title='bbox 1671 3246 1781 3316; x_wconf 75' lang='grc' dir='ltr'>ἔχει</span> 
     </span>
    </p>
   </div>
   <div class='ocr_carea' id='block_1_36' title="bbox 217 3331 1784 3406">
    <p class='ocr_par' dir='ltr' id='par_1_36' title="bbox 217 3331 1784 3406">
     <span class='ocr_line' id='line_1_36' title="bbox 217 3331 1784 3406; baseline 0.003 -22"><span class='ocrx_word' id='word_1_255' title='bbox 217 3332 272 3384; x_wconf 75' lang='grc' dir='ltr'>τὸ</span> <span class='ocrx_word' id='word_1_256' title='bbox 304 3331 486 3401; x_wconf 81' lang='grc' dir='ltr'>βάθος.</span> <span class='ocrx_word' id='word_1_257' title='bbox 522 3333 681 3396; x_wconf 78' lang='lat' dir='ltr'><strong>ﬂcio;</strong></span> <span class='ocrx_word' id='word_1_258' title='bbox 707 3333 815 3400; x_wconf 80' lang='grc' dir='ltr'><strong>γὰρ</strong></span> <span class='ocrx_word' id='word_1_259' title='bbox 838 3333 963 3395; x_wconf 81' lang='grc' dir='ltr'>νοῦς</span> <span class='ocrx_word' id='word_1_260' title='bbox 1001 3333 1223 3397; x_wconf 72' lang='grc' dir='ltr'><strong>ἱκανὸς·1</strong></span> <span class='ocrx_word' id='word_1_261' title='bbox 1253 3333 1511 3400; x_wconf 79' lang='grc' dir='ltr'>ἐξετάσαι</span> <span class='ocrx_word' id='word_1_262' title='bbox 1547 3335 1647 3405; x_wconf 82' lang='grc' dir='ltr'>τῆς</span> <span class='ocrx_word' id='word_1_263' title='bbox 1686 3336 1784 3406; x_wconf 83' lang='grc' dir='ltr'>σῆς</span> 
     </span>
    </p>
   </div>
   <div class='ocr_carea' id='block_1_37' title="bbox 220 3425 1784 3498">
    <p class='ocr_par' dir='ltr' id='par_1_37' title="bbox 220 3425 1784 3498">
     <span class='ocr_line' id='line_1_37' title="bbox 220 3425 1784 3498; baseline 0.003 -21"><span class='ocrx_word' id='word_1_264' title='bbox 220 3425 472 3493; x_wconf 82' lang='grc' dir='ltr'>προνοίας</span> <span class='ocrx_word' id='word_1_265' title='bbox 521 3426 650 3488; x_wconf 83' lang='grc' dir='ltr'>τοὺς</span> <span class='ocrx_word' id='word_1_266' title='bbox 696 3425 921 3495; x_wconf 82' lang='grc' dir='ltr'>λόγους;</span> <span class='ocrx_word' id='word_1_267' title='bbox 962 3425 1104 3479; x_wconf 82' lang='grc' dir='ltr'>Ἀλλ’</span> <span class='ocrx_word' id='word_1_268' title='bbox 1147 3427 1309 3497; x_wconf 81' lang='grc' dir='ltr'>ἡμεῖς</span> <span class='ocrx_word' id='word_1_269' title='bbox 1354 3427 1452 3498; x_wconf 83' lang='grc' dir='ltr'>μὲν</span> <span class='ocrx_word' id='word_1_270' title='bbox 1495 3427 1654 3482; x_wconf 80' lang='grc' dir='ltr'>τοῦτο</span> <span class='ocrx_word' id='word_1_271' title='bbox 1690 3429 1784 3483; x_wconf 76' lang='grc' dir='ltr'>καὶ</span> 
     </span>
    </p>
   </div>
   <div class='ocr_carea' id='block_1_38' title="bbox 218 3519 1785 3593">
    <p class='ocr_par' dir='ltr' id='par_1_38' title="bbox 218 3519 1785 3593">
     <span class='ocr_line' id='line_1_38' title="bbox 218 3519 1785 3593; baseline 0.003 -22"><span class='ocrx_word' id='word_1_272' title='bbox 218 3519 372 3582; x_wconf 66' lang='grc' dir='ltr'><strong>τοὺς⁸</strong></span> <span class='ocrx_word' id='word_1_273' title='bbox 399 3519 730 3588; x_wconf 83' lang='grc' dir='ltr'>ἀγνοοῦντας</span> <span class='ocrx_word' id='word_1_274' title='bbox 757 3520 1102 3589; x_wconf 87' lang='grc' dir='ltr'>διδάσκομεν.</span> <span class='ocrx_word' id='word_1_275' title='bbox 1135 3521 1198 3574; x_wconf 79' lang='lat' dir='ltr'><strong>Oi</strong></span> <span class='ocrx_word' id='word_1_276' title='bbox 1228 3520 1284 3574; x_wconf 87' lang='grc' dir='ltr'><strong>δέ</strong></span> <span class='ocrx_word' id='word_1_277' title='bbox 1317 3521 1534 3593; x_wconf 84' lang='grc' dir='ltr'>φρενῶν</span> <span class='ocrx_word' id='word_1_278' title='bbox 1558 3523 1785 3593; x_wconf 84' lang='grc' dir='ltr'>ἐστερη-</span> 
     </span>
    </p>
   </div>
   <div class='ocr_carea' id='block_1_39' title="bbox 219 3612 1786 3682">
    <p class='ocr_par' dir='ltr' id='par_1_39' title="bbox 219 3612 1786 3682">
     <span class='ocr_line' id='line_1_39' title="bbox 219 3612 1786 3682; baseline 0.005 -20"><span class='ocrx_word' id='word_1_279' title='bbox 219 3612 402 3680; x_wconf 87' lang='grc' dir='ltr'>μένοι,</span> <span class='ocrx_word' id='word_1_280' title='bbox 434 3613 532 3666; x_wconf 73' lang='grc' dir='ltr'><strong>καὶ</strong></span> <span class='ocrx_word' id='word_1_281' title='bbox 579 3613 640 3666; x_wconf 82' lang='grc' dir='ltr'>τὸ</span> <span class='ocrx_word' id='word_1_282' title='bbox 686 3613 903 3682; x_wconf 80' lang='grc' dir='ltr'>λογικὸν</span> <span class='ocrx_word' id='word_1_283' title='bbox 940 3612 1309 3680; x_wconf 83' lang='grc' dir='ltr'>ἀπολέσαντες</span> <span class='ocrx_word' id='word_1_284' title='bbox 1332 3655 1347 3679; x_wconf 93' lang='grc'><strong>,</strong></span> <span class='ocrx_word' id='word_1_285' title='bbox 1383 3613 1509 3668; x_wconf 78' lang='grc' dir='ltr'>οὗτε</span> <span class='ocrx_word' id='word_1_286' title='bbox 1553 3615 1786 3671; x_wconf 87' lang='grc' dir='ltr'>συνιδεῖν</span> 
     </span>
    </p>
   </div>
   <div class='ocr_carea' id='block_1_40' title="bbox 219 3703 1785 3779">
    <p class='ocr_par' dir='ltr' id='par_1_40' title="bbox 219 3703 1785 3779">
     <span class='ocr_line' id='line_1_40' title="bbox 219 3703 1785 3779; baseline 0.005 -24"><span class='ocrx_word' id='word_1_287' title='bbox 219 3703 509 3768; x_wconf 82' lang='grc' dir='ltr'>ἐθέλουσιν,</span> <span class='ocrx_word' id='word_1_288' title='bbox 528 3703 652 3758; x_wconf 72' lang='grc' dir='ltr'>οὔτε</span> <span class='ocrx_word' id='word_1_289' title='bbox 680 3705 871 3776; x_wconf 88' lang='grc' dir='ltr'>μαθεῖν</span> <span class='ocrx_word' id='word_1_290' title='bbox 900 3706 1030 3777; x_wconf 87' lang='grc' dir='ltr'>παρ’</span> <span class='ocrx_word' id='word_1_291' title='bbox 1051 3705 1253 3778; x_wconf 89' lang='grc' dir='ltr'>ἐτέρων</span> <span class='ocrx_word' id='word_1_292' title='bbox 1271 3706 1579 3779; x_wconf 82' lang='grc' dir='ltr'>ἀνέχονται.</span> <span class='ocrx_word' id='word_1_293' title='bbox 1599 3708 1785 3762; x_wconf 81' lang='grc' dir='ltr'>Ταῦτα</span> 
     </span>
    </p>
   </div>
   <div class='ocr_carea' id='block_1_41' title="bbox 219 3797 629 3870">
    <p class='ocr_par' dir='ltr' id='par_1_41' title="bbox 219 3797 629 3870">
     <span class='ocr_line' id='line_1_41' title="bbox 219 3797 629 3870; baseline 0.007 -20"><span class='ocrx_word' id='word_1_294' title='bbox 219 3797 322 3868; x_wconf 77' lang='grc' dir='ltr'><strong>γὰρ</strong></span> <span class='ocrx_word' id='word_1_295' title='bbox 349 3799 629 3870; x_wconf 85' lang='grc' dir='ltr'>ἐπιφέρει.</span> 
     </span>
    </p>
   </div>
   <div class='ocr_carea' id='block_1_42' title="bbox 286 3975 1786 4047">
    <p class='ocr_par' dir='ltr' id='par_1_42' title="bbox 286 3975 1786 4047">
     <span class='ocr_line' id='line_1_42' title="bbox 286 3975 1786 4047; baseline 0.003 -18"><span class='ocrx_word' id='word_1_296' title='bbox 286 3975 350 4038; x_wconf 80' lang='grc' dir='ltr'>ζ’.</span> <span class='ocrx_word' id='word_1_297' title='bbox 395 3994 415 4027; x_wconf 81' lang='grc' dir='ltr'><strong>ι</strong></span> <span class='ocrx_word' id='word_1_298' title='bbox 439 3975 605 4046; x_wconf 73' lang='grc' dir='ltr'>Ἀνὴρ</span> <span class='ocrx_word' id='word_1_299' title='bbox 642 3977 832 4047; x_wconf 77' lang='grc' dir='ltr'>ἄφρων</span> <span class='ocrx_word' id='word_1_300' title='bbox 862 3978 923 4032; x_wconf 82' lang='grc' dir='ltr'>οὐ</span> <span class='ocrx_word' id='word_1_301' title='bbox 963 3977 1255 4047; x_wconf 83' lang='grc' dir='ltr'>γνώσεται,</span> <span class='ocrx_word' id='word_1_302' title='bbox 1276 3980 1372 4034; x_wconf 80' lang='grc' dir='ltr'>καὶ</span> <span class='ocrx_word' id='word_1_303' title='bbox 1402 3979 1662 4045; x_wconf 71' lang='grc' dir='ltr'>ἀσύνετος</span> <span class='ocrx_word' id='word_1_304' title='bbox 1684 3981 1786 4034; x_wconf 78' lang='grc' dir='ltr'>ού⁹</span> 
     </span>
    </p>
   </div>
   <div class='ocr_carea' id='block_1_43' title="bbox 226 4067 1786 4144">
    <p class='ocr_par' dir='ltr' id='par_1_43' title="bbox 226 4067 1786 4144">
     <span class='ocr_line' id='line_1_43' title="bbox 226 4067 1786 4144; baseline 0.005 -24"><span class='ocrx_word' id='word_1_305' title='bbox 226 4069 439 4140; x_wconf 81' lang='grc' dir='ltr'>συνήσει</span> <span class='ocrx_word' id='word_1_306' title='bbox 467 4067 662 4123; x_wconf 82' lang='grc' dir='ltr'>ταῦτα.</span> <span class='ocrx_word' id='word_1_307' title='bbox 701 4089 718 4121; x_wconf 73' lang='grc' dir='ltr'><strong>ι</strong></span> <span class='ocrx_word' id='word_1_308' title='bbox 759 4071 1042 4142; x_wconf 83' lang='grc' dir='ltr'>Διαφὸρως</span> <span class='ocrx_word' id='word_1_309' title='bbox 1071 4070 1247 4126; x_wconf 82' lang='grc' dir='ltr'>ταῦτα</span> <span class='ocrx_word' id='word_1_310' title='bbox 1287 4073 1597 4144; x_wconf 80' lang='grc' dir='ltr'>εῐρηκεν¹⁰’</span> <span class='ocrx_word' id='word_1_311' title='bbox 1637 4073 1718 4126; x_wconf 84' lang='grc' dir='ltr'>ὅτι</span> <span class='ocrx_word' id='word_1_312' title='bbox 1757 4075 1786 4128; x_wconf 84' lang='grc' dir='ltr'><em>ὁ</em></span> 
     </span>
    </p>
   </div>
   <div class='ocr_carea' id='block_1_44' title="bbox 225 4160 1787 4236">
    <p class='ocr_par' dir='ltr' id='par_1_44' title="bbox 225 4160 1787 4236">
     <span class='ocr_line' id='line_1_44' title="bbox 225 4160 1787 4236; baseline 0.005 -24"><span class='ocrx_word' id='word_1_313' title='bbox 225 4160 312 4224; x_wconf 82' lang='grc' dir='ltr'><strong>τάς</strong></span> <span class='ocrx_word' id='word_1_314' title='bbox 361 4160 568 4230; x_wconf 87' lang='grc' dir='ltr'>φρένας</span> <span class='ocrx_word' id='word_1_315' title='bbox 601 4162 794 4225; x_wconf 86' lang='grc' dir='ltr'>νοσῶν,</span> <span class='ocrx_word' id='word_1_316' title='bbox 840 4165 994 4217; x_wconf 62' lang='lat' dir='ltr'><strong>xui.“</strong></span> <span class='ocrx_word' id='word_1_317' title='bbox 1050 4166 1318 4228; x_wconf 90' lang='grc' dir='ltr'>συνέσεως</span> <span class='ocrx_word' id='word_1_318' title='bbox 1364 4165 1608 4236; x_wconf 74' lang='grc' dir='ltr'>ἔρημος,</span> <span class='ocrx_word' id='word_1_319' title='bbox 1659 4165 1787 4220; x_wconf 85' lang='grc' dir='ltr'>τού-</span> 
     </span>
    </p>
   </div>
   <div class='ocr_carea' id='block_1_45' title="bbox 223 4252 1786 4328">
    <p class='ocr_par' dir='ltr' id='par_1_45' title="bbox 223 4252 1786 4328">
     <span class='ocr_line' id='line_1_45' title="bbox 223 4252 1786 4328; baseline 0.006 -25"><span class='ocrx_word' id='word_1_320' title='bbox 223 4253 380 4304; x_wconf 73' lang='grc' dir='ltr'>τωνη</span> <span class='ocrx_word' id='word_1_321' title='bbox 403 4252 558 4305; x_wconf 77' lang='grc' dir='ltr'>οὐδὲν</span> <span class='ocrx_word' id='word_1_322' title='bbox 591 4253 876 4321; x_wconf 85' lang='grc' dir='ltr'>γινώσκει,</span> <span class='ocrx_word' id='word_1_323' title='bbox 904 4255 1028 4309; x_wconf 77' lang='grc' dir='ltr'>οὗτε</span> <span class='ocrx_word' id='word_1_324' title='bbox 1066 4256 1174 4328; x_wconf 83' lang='grc' dir='ltr'>μὴν</span> <span class='ocrx_word' id='word_1_325' title='bbox 1192 4255 1425 4311; x_wconf 81' lang='grc' dir='ltr'>ἀκοῦσαι</span> <span class='ocrx_word' id='word_1_326' title='bbox 1453 4256 1704 4328; x_wconf 84' lang='grc' dir='ltr'>βούλεταί</span> <span class='ocrx_word' id='word_1_327' title='bbox 1735 4276 1786 4313; x_wconf 87' lang='grc' dir='ltr'><strong>τι</strong></span> 
     </span>
    </p>
   </div>
   <div class='ocr_carea' id='block_1_46' title="bbox 224 4343 678 4416">
    <p class='ocr_par' dir='ltr' id='par_1_46' title="bbox 224 4343 678 4416">
     <span class='ocr_line' id='line_1_46' title="bbox 224 4343 678 4416; baseline 0.011 -22"><span class='ocrx_word' id='word_1_328' title='bbox 224 4343 345 4416; x_wconf 75' lang='grc' dir='ltr'>περὶ</span> <span class='ocrx_word' id='word_1_329' title='bbox 382 4343 594 4398; x_wconf 89' lang='grc' dir='ltr'>τούτων</span> <span class='ocrx_word' id='word_1_330' title='bbox 612 4345 678 4399; x_wconf 77' lang='grc'><strong>⁸³.</strong></span> 
     </span>
    </p>
   </div>
   <div class='ocr_carea' id='block_1_47' title="bbox 1955 747 3454 814">
    <p class='ocr_par' dir='ltr' id='par_1_47' title="bbox 1955 747 3454 814">
     <span class='ocr_line' id='line_1_47' title="bbox 1955 747 3454 814; baseline 0.005 -14"><span class='ocrx_word' id='word_1_331' title='bbox 1955 748 2115 804; x_wconf 82' lang='lat' dir='ltr'><strong>Vens.</strong></span> <span class='ocrx_word' id='word_1_332' title='bbox 2156 748 2219 813; x_wconf 72' lang='lat'><strong>2,</strong></span> <span class='ocrx_word' id='word_1_333' title='bbox 2252 749 2304 803; x_wconf 77' lang='lat'><strong>3.</strong></span> <span class='ocrx_word' id='word_1_334' title='bbox 2350 767 2368 800; x_wconf 81' lang='grc' dir='ltr'><strong>ι</strong></span> <span class='ocrx_word' id='word_1_335' title='bbox 2411 747 2621 802; x_wconf 89' lang='lat' dir='ltr'><strong>Bonum</strong></span> <span class='ocrx_word' id='word_1_336' title='bbox 2660 757 2743 803; x_wconf 85' lang='lat' dir='ltr'><strong>est</strong></span> <span class='ocrx_word' id='word_1_337' title='bbox 2789 749 3033 804; x_wconf 88' lang='lat' dir='ltr'><strong>conﬁteri</strong></span> <span class='ocrx_word' id='word_1_338' title='bbox 3085 749 3353 814; x_wconf 89' lang='lat' dir='ltr'><strong>Domino,</strong></span> <span class='ocrx_word' id='word_1_339' title='bbox 3399 766 3454 807; x_wconf 85' lang='lat' dir='ltr'><strong>et</strong></span> 
     </span>
    </p>
   </div>
   <div class='ocr_carea' id='block_1_48' title="bbox 1880 839 3449 912">
    <p class='ocr_par' dir='ltr' id='par_1_48' title="bbox 1880 839 3449 912">
     <span class='ocr_line' id='line_1_48' title="bbox 1880 839 3449 912; baseline 0.001 -18"><span class='ocrx_word' id='word_1_340' title='bbox 1880 841 2116 912; x_wconf 84' lang='lat' dir='ltr'><strong>psallere</strong></span> <span class='ocrx_word' id='word_1_341' title='bbox 2161 839 2368 895; x_wconf 86' lang='lat' dir='ltr'><strong>nomini</strong></span> <span class='ocrx_word' id='word_1_342' title='bbox 2403 850 2518 906; x_wconf 89' lang='lat' dir='ltr'><strong>tuo,</strong></span> <span class='ocrx_word' id='word_1_343' title='bbox 2551 839 2850 895; x_wconf 81' lang='lat' dir='ltr'><strong>Allissime.</strong></span> <span class='ocrx_word' id='word_1_344' title='bbox 2889 841 2970 895; x_wconf 82' lang='lat' dir='ltr'><strong>Ad</strong></span> <span class='ocrx_word' id='word_1_345' title='bbox 3010 842 3449 905; x_wconf 83' lang='lat' dir='ltr'><strong>annuntiandnm</strong></span> 
     </span>
    </p>
   </div>
   <div class='ocr_carea' id='block_1_49' title="bbox 1879 931 3451 995">
    <p class='ocr_par' dir='ltr' id='par_1_49' title="bbox 1879 931 3451 995">
     <span class='ocr_line' id='line_1_49' title="bbox 1879 931 3451 995; baseline 0.001 -9"><span class='ocrx_word' id='word_1_346' title='bbox 1879 948 2041 986; x_wconf 90' lang='lat' dir='ltr'><strong>mane</strong></span> <span class='ocrx_word' id='word_1_347' title='bbox 2075 931 2509 986; x_wconf 86' lang='lat' dir='ltr'><strong>misericordiam</strong></span> <span class='ocrx_word' id='word_1_348' title='bbox 2554 943 2724 995; x_wconf 89' lang='lat' dir='ltr'><strong>tuam,</strong></span> <span class='ocrx_word' id='word_1_349' title='bbox 2763 942 2818 986; x_wconf 89' lang='lat' dir='ltr'><strong>et</strong></span> <span class='ocrx_word' id='word_1_350' title='bbox 2843 933 3124 988; x_wconf 85' lang='lat' dir='ltr'><strong>veritatem</strong></span> <span class='ocrx_word' id='word_1_351' title='bbox 3167 943 3315 989; x_wconf 89' lang='lat' dir='ltr'><strong>tuam</strong></span> <span class='ocrx_word' id='word_1_352' title='bbox 3351 949 3451 987; x_wconf 91' lang='lat' dir='ltr'><strong>no-</strong></span> 
     </span>
    </p>
   </div>
   <div class='ocr_carea' id='block_1_50' title="bbox 1879 1025 3462 1096">
    <p class='ocr_par' dir='ltr' id='par_1_50' title="bbox 1879 1025 3462 1096">
     <span class='ocr_line' id='line_1_50' title="bbox 1879 1025 3462 1096; baseline 0 -16"><span class='ocrx_word' id='word_1_353' title='bbox 1879 1035 1996 1080; x_wconf 92' lang='lat' dir='ltr'><strong>ctu.</strong></span> <span class='ocrx_word' id='word_1_354' title='bbox 2039 1045 2058 1077; x_wconf 73' lang='grc' dir='ltr'><strong>ι</strong></span> <span class='ocrx_word' id='word_1_355' title='bbox 2094 1025 2255 1090; x_wconf 89' lang='lat' dir='ltr'><strong>Utile,</strong></span> <span class='ocrx_word' id='word_1_356' title='bbox 2311 1025 2408 1089; x_wconf 85' lang='lat' dir='ltr'><strong>ait,</strong></span> <span class='ocrx_word' id='word_1_357' title='bbox 2448 1034 2502 1079; x_wconf 86' lang='lat' dir='ltr'><strong>et</strong></span> <span class='ocrx_word' id='word_1_358' title='bbox 2532 1035 2908 1096; x_wconf 74' lang='lat' dir='ltr'><strong>quaestuosum</strong></span> <span class='ocrx_word' id='word_1_359' title='bbox 2957 1033 3059 1090; x_wconf 84' lang='lat' dir='ltr'><strong>est,</strong></span> <span class='ocrx_word' id='word_1_360' title='bbox 3102 1025 3169 1080; x_wconf 90' lang='lat' dir='ltr'><strong>de</strong></span> <span class='ocrx_word' id='word_1_361' title='bbox 3207 1035 3366 1081; x_wconf 86' lang='lat' dir='ltr'><strong>nocte</strong></span> <span class='ocrx_word' id='word_1_362' title='bbox 3400 1036 3462 1080; x_wconf 47' lang='lat' dir='ltr'><strong>ct.</strong></span> 
     </span>
    </p>
   </div>
   <div class='ocr_carea' id='block_1_51' title="bbox 1881 1117 3453 1188">
    <p class='ocr_par' dir='ltr' id='par_1_51' title="bbox 1881 1117 3453 1188">
     <span class='ocr_line' id='line_1_51' title="bbox 1881 1117 3453 1188; baseline -0.001 -16"><span class='ocrx_word' id='word_1_363' title='bbox 1881 1117 2116 1172; x_wconf 86' lang='lat' dir='ltr'><strong>interdiu</strong></span> <span class='ocrx_word' id='word_1_364' title='bbox 2157 1127 2209 1172; x_wconf 89' lang='lat' dir='ltr'><strong>te</strong></span> <span class='ocrx_word' id='word_1_365' title='bbox 2263 1119 2566 1173; x_wconf 87' lang='lat' dir='ltr'><strong>beneﬁcum</strong></span> <span class='ocrx_word' id='word_1_366' title='bbox 2619 1117 2874 1172; x_wconf 85' lang='lat' dir='ltr'><strong>laudibus</strong></span> <span class='ocrx_word' id='word_1_367' title='bbox 2925 1118 3206 1188; x_wconf 88' lang='lat' dir='ltr'><strong>prosequi,</strong></span> <span class='ocrx_word' id='word_1_368' title='bbox 3251 1127 3453 1188; x_wconf 85' lang='lat' dir='ltr'><strong>tuaque</strong></span> 
     </span>
    </p>
   </div>
   <div class='ocr_carea' id='block_1_52' title="bbox 1879 1209 3458 1280">
    <p class='ocr_par' dir='ltr' id='par_1_52' title="bbox 1879 1209 3458 1280">
     <span class='ocr_line' id='line_1_52' title="bbox 1879 1209 3458 1280; baseline 0 -16"><span class='ocrx_word' id='word_1_369' title='bbox 1879 1211 2141 1266; x_wconf 87' lang='lat' dir='ltr'><strong>beneﬁcia</strong></span> <span class='ocrx_word' id='word_1_370' title='bbox 2188 1226 2436 1276; x_wconf 88' lang='lat' dir='ltr'><strong>narrare,</strong></span> <span class='ocrx_word' id='word_1_371' title='bbox 2479 1220 2532 1265; x_wconf 78' lang='lat' dir='ltr'><strong>et</strong></span> <span class='ocrx_word' id='word_1_372' title='bbox 2565 1220 2713 1265; x_wconf 91' lang='lat' dir='ltr'><strong>tuam</strong></span> <span class='ocrx_word' id='word_1_373' title='bbox 2747 1226 2874 1278; x_wconf 83' lang='lat' dir='ltr'><strong>erga</strong></span> <span class='ocrx_word' id='word_1_374' title='bbox 2910 1225 3010 1265; x_wconf 91' lang='lat' dir='ltr'><strong>nos</strong></span> <span class='ocrx_word' id='word_1_375' title='bbox 3046 1209 3458 1280; x_wconf 74' lang='lat' dir='ltr'><strong>benignitatem,</strong></span> 
     </span>
    </p>
   </div>
   <div class='ocr_carea' id='block_1_53' title="bbox 1878 1300 3452 1372">
    <p class='ocr_par' dir='ltr' id='par_1_53' title="bbox 1878 1300 3452 1372">
     <span class='ocr_line' id='line_1_53' title="bbox 1878 1300 3452 1372; baseline -0.002 -16"><span class='ocrx_word' id='word_1_376' title='bbox 1878 1312 1931 1357; x_wconf 89' lang='lat' dir='ltr'><strong>et</strong></span> <span class='ocrx_word' id='word_1_377' title='bbox 1957 1312 2146 1358; x_wconf 89' lang='lat' dir='ltr'><strong>contra</strong></span> <span class='ocrx_word' id='word_1_378' title='bbox 2184 1304 2389 1372; x_wconf 88' lang='lat' dir='ltr'><strong>impios</strong></span> <span class='ocrx_word' id='word_1_379' title='bbox 2420 1302 2675 1357; x_wconf 88' lang='lat' dir='ltr'><strong>homines</strong></span> <span class='ocrx_word' id='word_1_380' title='bbox 2720 1303 3026 1357; x_wconf 83' lang='lat' dir='ltr'><strong>veritatem.</strong></span> <span class='ocrx_word' id='word_1_381' title='bbox 3075 1300 3209 1355; x_wconf 87' lang='lat' dir='ltr'><strong>Nam</strong></span> <span class='ocrx_word' id='word_1_382' title='bbox 3244 1303 3296 1355; x_wconf 89' lang='lat' dir='ltr'><strong>in</strong></span> <span class='ocrx_word' id='word_1_383' title='bbox 3332 1301 3452 1355; x_wconf 86' lang='lat' dir='ltr'><strong>illos</strong></span> 
     </span>
    </p>
   </div>
   <div class='ocr_carea' id='block_1_54' title="bbox 1875 1396 3452 1467">
    <p class='ocr_par' dir='ltr' id='par_1_54' title="bbox 1875 1396 3452 1467">
     <span class='ocr_line' id='line_1_54' title="bbox 1875 1396 3452 1467; baseline -0.002 -17"><span class='ocrx_word' id='word_1_384' title='bbox 1875 1397 2101 1467; x_wconf 86' lang='lat' dir='ltr'><strong>quidem</strong></span> <span class='ocrx_word' id='word_1_385' title='bbox 2157 1397 2392 1452; x_wconf 82' lang='lat' dir='ltr'><strong>veritate</strong></span> <span class='ocrx_word' id='word_1_386' title='bbox 2440 1407 2598 1452; x_wconf 87' lang='lat' dir='ltr'><strong>utens</strong></span> <span class='ocrx_word' id='word_1_387' title='bbox 2650 1397 2799 1466; x_wconf 87' lang='lat' dir='ltr'><strong>juste</strong></span> <span class='ocrx_word' id='word_1_388' title='bbox 2849 1396 3242 1451; x_wconf 85' lang='lat' dir='ltr'><strong>animadvertis</strong></span> <span class='ocrx_word' id='word_1_389' title='bbox 3285 1417 3298 1451; x_wconf 86' lang='lat'><strong>:</strong></span> <span class='ocrx_word' id='word_1_390' title='bbox 3352 1413 3452 1449; x_wconf 82' lang='lat' dir='ltr'><strong>nos</strong></span> 
     </span>
    </p>
   </div>
   <div class='ocr_carea' id='block_1_55' title="bbox 1874 1488 3453 1560">
    <p class='ocr_par' dir='ltr' id='par_1_55' title="bbox 1874 1488 3453 1560">
     <span class='ocr_line' id='line_1_55' title="bbox 1874 1488 3453 1560; baseline 0.001 -18"><span class='ocrx_word' id='word_1_391' title='bbox 1874 1505 2004 1544; x_wconf 85' lang='lat' dir='ltr'><strong>vero</strong></span> <span class='ocrx_word' id='word_1_392' title='bbox 2055 1499 2202 1544; x_wconf 90' lang='lat' dir='ltr'><strong>tuam</strong></span> <span class='ocrx_word' id='word_1_393' title='bbox 2239 1490 2600 1560; x_wconf 79' lang='lat' dir='ltr'><strong>cognitionem</strong></span> <span class='ocrx_word' id='word_1_394' title='bbox 2633 1489 2915 1556; x_wconf 84' lang='lat' dir='ltr'><strong>habentes,</strong></span> <span class='ocrx_word' id='word_1_395' title='bbox 2956 1488 3167 1560; x_wconf 79' lang='lat'><strong>1265</strong></span> <span class='ocrx_word' id='word_1_396' title='bbox 3200 1499 3288 1543; x_wconf 88' lang='lat' dir='ltr'><strong>tua</strong></span> <span class='ocrx_word' id='word_1_397' title='bbox 3327 1505 3453 1558; x_wconf 88' lang='lat' dir='ltr'><strong>pro-</strong></span> 
     </span>
    </p>
   </div>
   <div class='ocr_carea' id='block_1_56' title="bbox 1875 1579 2408 1650">
    <p class='ocr_par' dir='ltr' id='par_1_56' title="bbox 1875 1579 2408 1650">
     <span class='ocr_line' id='line_1_56' title="bbox 1875 1579 2408 1650; baseline 0 -18"><span class='ocrx_word' id='word_1_398' title='bbox 1875 1580 2111 1636; x_wconf 83' lang='lat' dir='ltr'><strong>videntia</strong></span> <span class='ocrx_word' id='word_1_399' title='bbox 2141 1579 2408 1650; x_wconf 79' lang='lat' dir='ltr'><strong>dignaris.</strong></span> 
     </span>
    </p>
   </div>
   <div class='ocr_carea' id='block_1_57' title="bbox 1948 1668 3453 1739">
    <p class='ocr_par' dir='ltr' id='par_1_57' title="bbox 1948 1668 3453 1739">
     <span class='ocr_line' id='line_1_57' title="bbox 1948 1668 3453 1739; baseline -0.004 -13"><span class='ocrx_word' id='word_1_400' title='bbox 1948 1671 2118 1726; x_wconf 86' lang='lat' dir='ltr'><strong>Vens.</strong></span> <span class='ocrx_word' id='word_1_401' title='bbox 2159 1672 2212 1726; x_wconf 75' lang='grc'>4.</span> <span class='ocrx_word' id='word_1_402' title='bbox 2266 1690 2285 1722; x_wconf 75' lang='grc' dir='ltr'><strong>ι</strong></span> <span class='ocrx_word' id='word_1_403' title='bbox 2331 1671 2466 1726; x_wconf 88' lang='lat' dir='ltr'><strong>Cum</strong></span> <span class='ocrx_word' id='word_1_404' title='bbox 2502 1668 2846 1724; x_wconf 86' lang='lat' dir='ltr'><strong>decachordo</strong></span> <span class='ocrx_word' id='word_1_405' title='bbox 2876 1668 3134 1739; x_wconf 88' lang='lat' dir='ltr'><strong>psalterio</strong></span> <span class='ocrx_word' id='word_1_406' title='bbox 3158 1684 3281 1722; x_wconf 90' lang='lat' dir='ltr'><strong>eum</strong></span> <span class='ocrx_word' id='word_1_407' title='bbox 3319 1683 3453 1721; x_wconf 89' lang='lat' dir='ltr'><strong>can-</strong></span> 
     </span>
    </p>
   </div>
   <div class='ocr_carea' id='block_1_58' title="bbox 1881 1757 3454 1830">
    <p class='ocr_par' dir='ltr' id='par_1_58' title="bbox 1881 1757 3454 1830">
     <span class='ocr_line' id='line_1_58' title="bbox 1881 1757 3454 1830; baseline -0.003 -15"><span class='ocrx_word' id='word_1_408' title='bbox 1881 1762 1990 1815; x_wconf 89' lang='lat' dir='ltr'><strong>tico</strong></span> <span class='ocrx_word' id='word_1_409' title='bbox 2025 1762 2076 1814; x_wconf 92' lang='lat' dir='ltr'><strong>in</strong></span> <span class='ocrx_word' id='word_1_410' title='bbox 2115 1761 2348 1816; x_wconf 88' lang='lat' dir='ltr'><strong>cithara.</strong></span> <span class='ocrx_word' id='word_1_411' title='bbox 2390 1779 2410 1812; x_wconf 71' lang='grc' dir='ltr'><strong>ο</strong></span> <span class='ocrx_word' id='word_1_412' title='bbox 2454 1757 2778 1830; x_wconf 84' lang='lat' dir='ltr'><strong>Hujusmodi</strong></span> <span class='ocrx_word' id='word_1_413' title='bbox 2810 1759 3218 1829; x_wconf 78' lang='lat' dir='ltr'><strong>symphoniacis</strong></span> <span class='ocrx_word' id='word_1_414' title='bbox 3247 1759 3454 1812; x_wconf 89' lang='lat' dir='ltr'><strong>instru-</strong></span> 
     </span>
    </p>
   </div>
   <div class='ocr_carea' id='block_1_59' title="bbox 1879 1846 3456 1918">
    <p class='ocr_par' dir='ltr' id='par_1_59' title="bbox 1879 1846 3456 1918">
     <span class='ocr_line' id='line_1_59' title="bbox 1879 1846 3456 1918; baseline -0.004 -10"><span class='ocrx_word' id='word_1_415' title='bbox 1879 1853 2080 1908; x_wconf 90' lang='lat' dir='ltr'><strong>mentis</strong></span> <span class='ocrx_word' id='word_1_416' title='bbox 2129 1851 2300 1907; x_wconf 90' lang='lat' dir='ltr'><strong>Deum</strong></span> <span class='ocrx_word' id='word_1_417' title='bbox 2338 1851 2564 1906; x_wconf 84' lang='lat' dir='ltr'><strong>laudare</strong></span> <span class='ocrx_word' id='word_1_418' title='bbox 2611 1850 2884 1906; x_wconf 88' lang='lat' dir='ltr'><strong>solebant.</strong></span> <span class='ocrx_word' id='word_1_419' title='bbox 2932 1847 3072 1903; x_wconf 90' lang='lat' dir='ltr'><strong>Dicit</strong></span> <span class='ocrx_word' id='word_1_420' title='bbox 3120 1849 3325 1918; x_wconf 79' lang='lat' dir='ltr'><strong>igitur:</strong></span> <span class='ocrx_word' id='word_1_421' title='bbox 3361 1846 3456 1902; x_wconf 83' lang='lat' dir='ltr'><strong>Ju-</strong></span> 
     </span>
    </p>
   </div>
   <div class='ocr_carea' id='block_1_60' title="bbox 1879 1941 3453 2012">
    <p class='ocr_par' dir='ltr' id='par_1_60' title="bbox 1879 1941 3453 2012">
     <span class='ocr_line' id='line_1_60' title="bbox 1879 1941 3453 2012; baseline -0.005 -11"><span class='ocrx_word' id='word_1_422' title='bbox 1879 1956 2023 2002; x_wconf 88' lang='lat' dir='ltr'><strong>stum</strong></span> <span class='ocrx_word' id='word_1_423' title='bbox 2056 1955 2139 2000; x_wconf 91' lang='lat' dir='ltr'><strong>est</strong></span> <span class='ocrx_word' id='word_1_424' title='bbox 2173 1959 2277 2000; x_wconf 92' lang='lat' dir='ltr'><strong>nos</strong></span> <span class='ocrx_word' id='word_1_425' title='bbox 2319 1953 2375 1999; x_wconf 91' lang='lat' dir='ltr'><strong>et</strong></span> <span class='ocrx_word' id='word_1_426' title='bbox 2405 1943 2617 1998; x_wconf 87' lang='lat' dir='ltr'><strong>musica</strong></span> <span class='ocrx_word' id='word_1_427' title='bbox 2657 1943 3020 1996; x_wconf 89' lang='lat' dir='ltr'><strong>instrumenta</strong></span> <span class='ocrx_word' id='word_1_428' title='bbox 3057 1941 3172 2012; x_wconf 85' lang='lat' dir='ltr'><strong>lege</strong></span> <span class='ocrx_word' id='word_1_429' title='bbox 3201 1942 3453 2012; x_wconf 53' lang='lat' dir='ltr'><strong>praescri-</strong></span> 
     </span>
    </p>
   </div>
   <div class='ocr_carea' id='block_1_61' title="bbox 1877 2032 3453 2110">
    <p class='ocr_par' dir='ltr' id='par_1_61' title="bbox 1877 2032 3453 2110">
     <span class='ocr_line' id='line_1_61' title="bbox 1877 2032 3453 2110; baseline -0.004 -16"><span class='ocrx_word' id='word_1_430' title='bbox 1877 2048 1967 2110; x_wconf 90' lang='lat' dir='ltr'><strong>pta</strong></span> <span class='ocrx_word' id='word_1_431' title='bbox 2014 2038 2306 2108; x_wconf 88' lang='lat' dir='ltr'><strong>pulsando,</strong></span> <span class='ocrx_word' id='word_1_432' title='bbox 2354 2046 2409 2092; x_wconf 90' lang='lat' dir='ltr'><strong>et</strong></span> <span class='ocrx_word' id='word_1_433' title='bbox 2461 2045 2624 2092; x_wconf 85' lang='lat' dir='ltr'><strong>cantu</strong></span> <span class='ocrx_word' id='word_1_434' title='bbox 2679 2036 2831 2091; x_wconf 84' lang='lat' dir='ltr'><strong>vocis</strong></span> <span class='ocrx_word' id='word_1_435' title='bbox 2879 2032 3104 2099; x_wconf 90' lang='lat' dir='ltr'><strong>utendo,</strong></span> <span class='ocrx_word' id='word_1_436' title='bbox 3156 2035 3453 2104; x_wconf 78' lang='lat' dir='ltr'><strong>gratiarum</strong></span> 
     </span>
    </p>
   </div>
   <div class='ocr_carea' id='block_1_62' title="bbox 1878 2127 3128 2200">
    <p class='ocr_par' dir='ltr' id='par_1_62' title="bbox 1878 2127 3128 2200">
     <span class='ocr_line' id='line_1_62' title="bbox 1878 2127 3128 2200; baseline -0.004 -15"><span class='ocrx_word' id='word_1_437' title='bbox 1878 2130 2114 2185; x_wconf 84' lang='lat' dir='ltr'><strong>actionis</strong></span> <span class='ocrx_word' id='word_1_438' title='bbox 2151 2131 2410 2200; x_wconf 83' lang='lat' dir='ltr'><strong>hymnum</strong></span> <span class='ocrx_word' id='word_1_439' title='bbox 2447 2127 2544 2182; x_wconf 89' lang='lat' dir='ltr'><strong>tibi</strong></span> <span class='ocrx_word' id='word_1_440' title='bbox 2576 2127 2791 2184; x_wconf 72' lang='lat' dir='ltr'><strong>oﬁerre.</strong></span> <span class='ocrx_word' id='word_1_441' title='bbox 3124 2133 3128 2137; x_wconf 82' lang='grc'><strong>’</strong></span> 
     </span>
    </p>
   </div>
   <div class='ocr_carea' id='block_1_63' title="bbox 1949 2214 3456 2285">
    <p class='ocr_par' dir='ltr' id='par_1_63' title="bbox 1949 2214 3456 2285">
     <span class='ocr_line' id='line_1_63' title="bbox 1949 2214 3456 2285; baseline -0.003 -12"><span class='ocrx_word' id='word_1_442' title='bbox 1949 2217 2114 2275; x_wconf 81' lang='lat' dir='ltr'><strong>Vens.</strong></span> <span class='ocrx_word' id='word_1_443' title='bbox 2148 2219 2201 2273; x_wconf 88' lang='lat'><strong>5.</strong></span> <span class='ocrx_word' id='word_1_444' title='bbox 2247 2237 2266 2270; x_wconf 75' lang='grc' dir='ltr'><strong>ι</strong></span> <span class='ocrx_word' id='word_1_445' title='bbox 2310 2217 2450 2285; x_wconf 83' lang='lat' dir='ltr'><strong>Quia</strong></span> <span class='ocrx_word' id='word_1_446' title='bbox 2498 2217 2786 2272; x_wconf 85' lang='lat' dir='ltr'><strong>oblectasti</strong></span> <span class='ocrx_word' id='word_1_447' title='bbox 2836 2233 2943 2282; x_wconf 85' lang='lat' dir='ltr'><strong>tne,</strong></span> <span class='ocrx_word' id='word_1_448' title='bbox 2997 2214 3248 2278; x_wconf 87' lang='lat' dir='ltr'><strong>Domine,</strong></span> <span class='ocrx_word' id='word_1_449' title='bbox 3293 2214 3456 2269; x_wconf 77' lang='lat' dir='ltr'><strong>factis</strong></span> 
     </span>
    </p>
   </div>
   <div class='ocr_carea' id='block_1_64' title="bbox 1879 2307 3452 2380">
    <p class='ocr_par' dir='ltr' id='par_1_64' title="bbox 1879 2307 3452 2380">
     <span class='ocr_line' id='line_1_64' title="bbox 1879 2307 3452 2380; baseline -0.003 -16"><span class='ocrx_word' id='word_1_450' title='bbox 1879 2311 2009 2378; x_wconf 88' lang='lat' dir='ltr'><strong>tuis,</strong></span> <span class='ocrx_word' id='word_1_451' title='bbox 2047 2319 2100 2366; x_wconf 90' lang='lat' dir='ltr'><strong>et</strong></span> <span class='ocrx_word' id='word_1_452' title='bbox 2151 2310 2203 2364; x_wconf 92' lang='lat' dir='ltr'><strong>in</strong></span> <span class='ocrx_word' id='word_1_453' title='bbox 2233 2309 2493 2380; x_wconf 84' lang='lat' dir='ltr'><strong>operibus</strong></span> <span class='ocrx_word' id='word_1_454' title='bbox 2537 2324 2800 2363; x_wconf 86' lang='lat' dir='ltr'><strong>manuum</strong></span> <span class='ocrx_word' id='word_1_455' title='bbox 2831 2318 3045 2362; x_wconf 85' lang='lat' dir='ltr'><strong>tuarum</strong></span> <span class='ocrx_word' id='word_1_456' title='bbox 3079 2307 3387 2362; x_wconf 86' lang='lat' dir='ltr'><strong>exsultaho.</strong></span> <span class='ocrx_word' id='word_1_457' title='bbox 3433 2326 3452 2359; x_wconf 74' lang='grc' dir='ltr'><strong>ι</strong></span> 
     </span>
    </p>
   </div>
   <div class='ocr_carea' id='block_1_65' title="bbox 1879 2397 3459 2469">
    <p class='ocr_par' dir='ltr' id='par_1_65' title="bbox 1879 2397 3459 2469">
     <span class='ocr_line' id='line_1_65' title="bbox 1879 2397 3459 2469; baseline -0.003 -13"><span class='ocrx_word' id='word_1_458' title='bbox 1879 2401 2222 2466; x_wconf 89' lang='lat' dir='ltr'><strong>Perspiciens</strong></span> <span class='ocrx_word' id='word_1_459' title='bbox 2263 2401 2409 2455; x_wconf 91' lang='lat' dir='ltr'><strong>enim</strong></span> <span class='ocrx_word' id='word_1_460' title='bbox 2446 2414 2609 2468; x_wconf 87' lang='lat' dir='ltr'><strong>opera</strong></span> <span class='ocrx_word' id='word_1_461' title='bbox 2640 2409 2731 2454; x_wconf 87' lang='lat' dir='ltr'><strong>tua</strong></span> <span class='ocrx_word' id='word_1_462' title='bbox 2773 2413 2894 2469; x_wconf 66' lang='lat' dir='ltr'><strong>quae</strong></span> <span class='ocrx_word' id='word_1_463' title='bbox 2942 2397 3165 2465; x_wconf 83' lang='lat' dir='ltr'><strong>creasti,</strong></span> <span class='ocrx_word' id='word_1_464' title='bbox 3221 2406 3459 2467; x_wconf 86' lang='lat' dir='ltr'><strong>tuasque</strong></span> 
     </span>
    </p>
   </div>
   <div class='ocr_carea' id='block_1_66' title="bbox 1880 2488 3454 2562">
    <p class='ocr_par' dir='ltr' id='par_1_66' title="bbox 1880 2488 3454 2562">
     <span class='ocr_line' id='line_1_66' title="bbox 1880 2488 3454 2562; baseline -0.004 -15"><span class='ocrx_word' id='word_1_465' title='bbox 1880 2490 2287 2562; x_wconf 80' lang='lat' dir='ltr'><strong>inexplicabiles</strong></span> <span class='ocrx_word' id='word_1_466' title='bbox 2320 2488 2746 2560; x_wconf 75' lang='lat' dir='ltr'><strong>gubernationes</strong></span> <span class='ocrx_word' id='word_1_467' title='bbox 2771 2528 2784 2548; x_wconf 85' lang='lat'><strong>,</strong></span> <span class='ocrx_word' id='word_1_468' title='bbox 2848 2488 3060 2559; x_wconf 82' lang='lat' dir='ltr'><strong>gaudeo</strong></span> <span class='ocrx_word' id='word_1_469' title='bbox 3097 2498 3151 2543; x_wconf 91' lang='lat' dir='ltr'><strong>ct</strong></span> <span class='ocrx_word' id='word_1_470' title='bbox 3195 2491 3414 2543; x_wconf 74' lang='lat' dir='ltr'><strong>cxsulto</strong></span> <span class='ocrx_word' id='word_1_471' title='bbox 3438 2527 3454 2552; x_wconf 91' lang='lat'><strong>,</strong></span> 
     </span>
    </p>
   </div>
   <div class='ocr_carea' id='block_1_67' title="bbox 1880 2583 3458 2656">
    <p class='ocr_par' dir='ltr' id='par_1_67' title="bbox 1880 2583 3458 2656">
     <span class='ocr_line' id='line_1_67' title="bbox 1880 2583 3458 2656; baseline -0.003 -17"><span class='ocrx_word' id='word_1_472' title='bbox 1880 2585 2160 2656; x_wconf 85' lang='lat' dir='ltr'><strong>animique</strong></span> <span class='ocrx_word' id='word_1_473' title='bbox 2201 2585 2476 2655; x_wconf 89' lang='lat' dir='ltr'><strong>voluptate</strong></span> <span class='ocrx_word' id='word_1_474' title='bbox 2501 2583 2744 2655; x_wconf 82' lang='lat' dir='ltr'><strong>linguam</strong></span> <span class='ocrx_word' id='word_1_475' title='bbox 2773 2585 2826 2637; x_wconf 91' lang='lat' dir='ltr'><strong>in</strong></span> <span class='ocrx_word' id='word_1_476' title='bbox 2863 2586 3193 2656; x_wconf 79' lang='lat' dir='ltr'><strong>hymnorum</strong></span> <span class='ocrx_word' id='word_1_477' title='bbox 3234 2592 3458 2638; x_wconf 89' lang='lat' dir='ltr'><strong>cantum</strong></span> 
     </span>
    </p>
   </div>
   <div class='ocr_carea' id='block_1_68' title="bbox 1880 2681 2125 2752">
    <p class='ocr_par' dir='ltr' id='par_1_68' title="bbox 1880 2681 2125 2752">
     <span class='ocr_line' id='line_1_68' title="bbox 1880 2681 2125 2752; baseline 0.004 -16"><span class='ocrx_word' id='word_1_478' title='bbox 1880 2681 2125 2752; x_wconf 90' lang='lat' dir='ltr'><strong>impello.</strong></span> 
     </span>
    </p>
   </div>
   <div class='ocr_carea' id='block_1_69' title="bbox 1955 2773 3460 2847">
    <p class='ocr_par' dir='ltr' id='par_1_69' title="bbox 1955 2773 3460 2847">
     <span class='ocr_line' id='line_1_69' title="bbox 1955 2773 3460 2847; baseline -0.001 -16"><span class='ocrx_word' id='word_1_479' title='bbox 1955 2776 2119 2834; x_wconf 82' lang='lat' dir='ltr'><strong>Vens.</strong></span> <span class='ocrx_word' id='word_1_480' title='bbox 2163 2777 2216 2832; x_wconf 87' lang='lat'><strong>6.</strong></span> <span class='ocrx_word' id='word_1_481' title='bbox 2264 2797 2282 2829; x_wconf 85' lang='grc'><strong><em>‹</em></strong></span> <span class='ocrx_word' id='word_1_482' title='bbox 2325 2777 2501 2844; x_wconf 85' lang='lat' dir='ltr'><strong>Quam</strong></span> <span class='ocrx_word' id='word_1_483' title='bbox 2531 2777 2816 2847; x_wconf 88' lang='lat' dir='ltr'><strong>magniﬁca</strong></span> <span class='ocrx_word' id='word_1_484' title='bbox 2846 2786 2977 2832; x_wconf 88' lang='lat' dir='ltr'><strong>sunt</strong></span> <span class='ocrx_word' id='word_1_485' title='bbox 3009 2791 3174 2847; x_wconf 90' lang='lat' dir='ltr'><strong>opera</strong></span> <span class='ocrx_word' id='word_1_486' title='bbox 3211 2783 3327 2840; x_wconf 90' lang='lat' dir='ltr'><strong>tua,</strong></span> <span class='ocrx_word' id='word_1_487' title='bbox 3362 2773 3460 2829; x_wconf 90' lang='lat' dir='ltr'><strong>Do-</strong></span> 
     </span>
    </p>
   </div>
   <div class='ocr_carea' id='block_1_70' title="bbox 1883 2867 3460 2938">
    <p class='ocr_par' dir='ltr' id='par_1_70' title="bbox 1883 2867 3460 2938">
     <span class='ocr_line' id='line_1_70' title="bbox 1883 2867 3460 2938; baseline -0.003 -14"><span class='ocrx_word' id='word_1_488' title='bbox 1883 2869 2062 2924; x_wconf 88' lang='lat' dir='ltr'><strong>mine!</strong></span> <span class='ocrx_word' id='word_1_489' title='bbox 2131 2869 2300 2924; x_wconf 92' lang='lat' dir='ltr'><strong>nimis</strong></span> <span class='ocrx_word' id='word_1_490' title='bbox 2359 2868 2642 2938; x_wconf 65' lang='lat' dir='ltr'><strong>profunda:</strong></span> <span class='ocrx_word' id='word_1_491' title='bbox 2704 2868 2860 2924; x_wconf 71' lang='lat' dir='ltr'><strong>facta:</strong></span> <span class='ocrx_word' id='word_1_492' title='bbox 2919 2878 3048 2923; x_wconf 88' lang='lat' dir='ltr'><strong>sunt</strong></span> <span class='ocrx_word' id='word_1_493' title='bbox 3102 2867 3460 2938; x_wconf 83' lang='lat' dir='ltr'><strong>cogitationes</strong></span> 
     </span>
    </p>
   </div>
   <div class='ocr_carea' id='block_1_71' title="bbox 1881 2957 3459 3030">
    <p class='ocr_par' dir='ltr' id='par_1_71' title="bbox 1881 2957 3459 3030">
     <span class='ocr_line' id='line_1_71' title="bbox 1881 2957 3459 3030; baseline -0.004 -16"><span class='ocrx_word' id='word_1_494' title='bbox 1881 2968 2009 3014; x_wconf 54' lang='lat' dir='ltr'><strong>tuan</strong></span> <span class='ocrx_word' id='word_1_495' title='bbox 2037 2979 2054 3010; x_wconf 73' lang='grc' dir='ltr'><strong>ι</strong></span> <span class='ocrx_word' id='word_1_496' title='bbox 2083 2967 2099 2983; x_wconf 89' lang='grc'><strong>·</strong></span> <span class='ocrx_word' id='word_1_497' title='bbox 2132 2958 2492 3030; x_wconf 84' lang='lat' dir='ltr'><strong>Symmachus</strong></span> <span class='ocrx_word' id='word_1_498' title='bbox 2519 2973 2647 3013; x_wconf 91' lang='lat' dir='ltr'><strong>vero</strong></span> <span class='ocrx_word' id='word_1_499' title='bbox 2673 2958 2755 3013; x_wconf 88' lang='lat' dir='ltr'><strong>sic</strong></span> <span class='ocrx_word' id='word_1_500' title='bbox 2789 2977 2803 3014; x_wconf 92' lang='lat'><strong>:</strong></span> <span class='ocrx_word' id='word_1_501' title='bbox 2845 2957 3006 3012; x_wconf 80' lang='lat' dir='ltr'><strong>Valde</strong></span> <span class='ocrx_word' id='word_1_502' title='bbox 3033 2957 3314 3028; x_wconf 78' lang='lat' dir='ltr'><strong>profunda:</strong></span> <span class='ocrx_word' id='word_1_503' title='bbox 3335 2965 3459 3009; x_wconf 87' lang='lat' dir='ltr'><strong>sunt</strong></span> 
     </span>
    </p>
   </div>
   <div class='ocr_carea' id='block_1_72' title="bbox 1885 3045 3465 3121">
    <p class='ocr_par' dir='ltr' id='par_1_72' title="bbox 1885 3045 3465 3121">
     <span class='ocr_line' id='line_1_72' title="bbox 1885 3045 3465 3121; baseline -0.003 -17"><span class='ocrx_word' id='word_1_504' title='bbox 1885 3052 2230 3121; x_wconf 80' lang='lat' dir='ltr'><strong>cogitationes</strong></span> <span class='ocrx_word' id='word_1_505' title='bbox 2262 3061 2388 3104; x_wconf 72' lang='lat' dir='ltr'><strong>tum.</strong></span> <span class='ocrx_word' id='word_1_506' title='bbox 2421 3050 2621 3119; x_wconf 85' lang='lat' dir='ltr'><strong>Aquila</strong></span> <span class='ocrx_word' id='word_1_507' title='bbox 2654 3065 2781 3104; x_wconf 87' lang='lat' dir='ltr'><strong>vero</strong></span> <span class='ocrx_word' id='word_1_508' title='bbox 2845 3059 2899 3104; x_wconf 89' lang='lat' dir='ltr'><strong>et</strong></span> <span class='ocrx_word' id='word_1_509' title='bbox 2929 3049 3235 3104; x_wconf 81' lang='lat' dir='ltr'><strong>Tlreodotio</strong></span> <span class='ocrx_word' id='word_1_510' title='bbox 3265 3067 3278 3102; x_wconf 87' lang='lat'><strong>:</strong></span> <span class='ocrx_word' id='word_1_511' title='bbox 3325 3045 3465 3100; x_wconf 85' lang='lat' dir='ltr'><strong>Pro-</strong></span> 
     </span>
    </p>
   </div>
   <div class='ocr_carea' id='block_1_73' title="bbox 1886 3141 3460 3215">
    <p class='ocr_par' dir='ltr' id='par_1_73' title="bbox 1886 3141 3460 3215">
     <span class='ocr_line' id='line_1_73' title="bbox 1886 3141 3460 3215; baseline -0.005 -16"><span class='ocrx_word' id='word_1_512' title='bbox 1886 3144 2066 3215; x_wconf 60' lang='lat' dir='ltr'><strong>[undat</strong></span> <span class='ocrx_word' id='word_1_513' title='bbox 2101 3145 2264 3214; x_wconf 73' lang='lat' dir='ltr'><strong>facite</strong></span> <span class='ocrx_word' id='word_1_514' title='bbox 2287 3152 2431 3198; x_wconf 88' lang='lat' dir='ltr'><strong>sunt.</strong></span> <span class='ocrx_word' id='word_1_515' title='bbox 2466 3141 2583 3196; x_wconf 85' lang='lat' dir='ltr'><strong>Tua</strong></span> <span class='ocrx_word' id='word_1_516' title='bbox 2620 3144 2766 3196; x_wconf 89' lang='lat' dir='ltr'><strong>enim</strong></span> <span class='ocrx_word' id='word_1_517' title='bbox 2810 3156 2998 3211; x_wconf 88' lang='lat' dir='ltr'><strong>opera,</strong></span> <span class='ocrx_word' id='word_1_518' title='bbox 3035 3141 3231 3210; x_wconf 89' lang='lat' dir='ltr'><strong>inquit,</strong></span> <span class='ocrx_word' id='word_1_519' title='bbox 3265 3154 3460 3209; x_wconf 80' lang='lat' dir='ltr'><strong>magna</strong></span> 
     </span>
    </p>
   </div>
   <div class='ocr_carea' id='block_1_74' title="bbox 1884 3230 3462 3304">
    <p class='ocr_par' dir='ltr' id='par_1_74' title="bbox 1884 3230 3462 3304">
     <span class='ocr_line' id='line_1_74' title="bbox 1884 3230 3462 3304; baseline -0.005 -13"><span class='ocrx_word' id='word_1_520' title='bbox 1884 3244 1939 3292; x_wconf 89' lang='lat' dir='ltr'><strong>et</strong></span> <span class='ocrx_word' id='word_1_521' title='bbox 1963 3235 2307 3291; x_wconf 85' lang='lat' dir='ltr'><strong>admirabilia</strong></span> <span class='ocrx_word' id='word_1_522' title='bbox 2340 3245 2468 3291; x_wconf 90' lang='lat' dir='ltr'><strong>sunt</strong></span> <span class='ocrx_word' id='word_1_523' title='bbox 2521 3235 2670 3301; x_wconf 87' lang='lat' dir='ltr'><strong>(nam</strong></span> <span class='ocrx_word' id='word_1_524' title='bbox 2707 3234 2843 3288; x_wconf 91' lang='lat' dir='ltr'><strong>illud</strong></span> <span class='ocrx_word' id='word_1_525' title='bbox 2869 3249 3050 3304; x_wconf 85' lang='lat' dir='ltr'><strong>quam,</strong></span> <span class='ocrx_word' id='word_1_526' title='bbox 3083 3230 3462 3302; x_wconf 76' lang='lat' dir='ltr'><strong>ampliﬁcatio-</strong></span> 
     </span>
    </p>
   </div>
   <div class='ocr_carea' id='block_1_75' title="bbox 1884 3326 3462 3402">
    <p class='ocr_par' dir='ltr' id='par_1_75' title="bbox 1884 3326 3462 3402">
     <span class='ocr_line' id='line_1_75' title="bbox 1884 3326 3462 3402; baseline -0.006 -16"><span class='ocrx_word' id='word_1_527' title='bbox 1884 3345 2010 3386; x_wconf 88' lang='lat' dir='ltr'><strong>nem</strong></span> <span class='ocrx_word' id='word_1_528' title='bbox 2053 3330 2368 3402; x_wconf 84' lang='lat' dir='ltr'><strong>signiﬁcat),</strong></span> <span class='ocrx_word' id='word_1_529' title='bbox 2413 3329 2684 3400; x_wconf 89' lang='lat' dir='ltr'><strong>sapientia</strong></span> <span class='ocrx_word' id='word_1_530' title='bbox 2745 3339 2925 3382; x_wconf 87' lang='lat' dir='ltr'><strong>autem</strong></span> <span class='ocrx_word' id='word_1_531' title='bbox 2970 3334 3061 3380; x_wconf 91' lang='lat' dir='ltr'><strong>tua</strong></span> <span class='ocrx_word' id='word_1_532' title='bbox 3128 3326 3462 3379; x_wconf 87' lang='lat' dir='ltr'><strong>inaccessam</strong></span> 
     </span>
    </p>
   </div>
   <div class='ocr_carea' id='block_1_76' title="bbox 1886 3421 3468 3495">
    <p class='ocr_par' dir='ltr' id='par_1_76' title="bbox 1886 3421 3468 3495">
     <span class='ocr_line' id='line_1_76' title="bbox 1886 3421 3468 3495; baseline -0.004 -17"><span class='ocrx_word' id='word_1_533' title='bbox 1886 3423 2314 3495; x_wconf 81' lang='lat' dir='ltr'><strong>profunditatem</strong></span> <span class='ocrx_word' id='word_1_534' title='bbox 2343 3424 2529 3478; x_wconf 87' lang='lat' dir='ltr'><strong>habet.</strong></span> <span class='ocrx_word' id='word_1_535' title='bbox 2556 3421 2818 3489; x_wconf 64' lang='lat' dir='ltr'><strong>Quaenam</strong></span> <span class='ocrx_word' id='word_1_536' title='bbox 2846 3421 2990 3476; x_wconf 87' lang='lat' dir='ltr'><strong>enim</strong></span> <span class='ocrx_word' id='word_1_537' title='bbox 3021 3435 3175 3474; x_wconf 87' lang='lat' dir='ltr'><strong>mens</strong></span> <span class='ocrx_word' id='word_1_538' title='bbox 3211 3429 3314 3472; x_wconf 80' lang='lat' dir='ltr'><strong>tua:</strong></span> <span class='ocrx_word' id='word_1_539' title='bbox 3341 3434 3468 3488; x_wconf 84' lang='lat' dir='ltr'><strong>pro-</strong></span> 
     </span>
    </p>
   </div>
   <div class='ocr_carea' id='block_1_77' title="bbox 1885 3506 3468 3582">
    <p class='ocr_par' dir='ltr' id='par_1_77' title="bbox 1885 3506 3468 3582">
     <span class='ocr_line' id='line_1_77' title="bbox 1885 3506 3468 3582; baseline -0.005 -14"><span class='ocrx_word' id='word_1_540' title='bbox 1885 3513 2143 3570; x_wconf 63' lang='lat' dir='ltr'><strong>videmiae</strong></span> <span class='ocrx_word' id='word_1_541' title='bbox 2183 3515 2425 3570; x_wconf 90' lang='lat' dir='ltr'><strong>rationes</strong></span> <span class='ocrx_word' id='word_1_542' title='bbox 2458 3514 2732 3568; x_wconf 63' lang='lat' dir='ltr'><strong>aestimare</strong></span> <span class='ocrx_word' id='word_1_543' title='bbox 2777 3511 3000 3582; x_wconf 86' lang='lat' dir='ltr'><strong>potest?</strong></span> <span class='ocrx_word' id='word_1_544' title='bbox 3051 3509 3156 3564; x_wconf 90' lang='lat' dir='ltr'><strong>Sed</strong></span> <span class='ocrx_word' id='word_1_545' title='bbox 3206 3524 3310 3563; x_wconf 90' lang='lat' dir='ltr'><strong>nos</strong></span> <span class='ocrx_word' id='word_1_546' title='bbox 3363 3506 3468 3560; x_wconf 85' lang='lat' dir='ltr'><strong>hoc</strong></span> 
     </span>
    </p>
   </div>
   <div class='ocr_carea' id='block_1_78' title="bbox 1886 3602 3468 3679">
    <p class='ocr_par' dir='ltr' id='par_1_78' title="bbox 1886 3602 3468 3679">
     <span class='ocr_line' id='line_1_78' title="bbox 1886 3602 3468 3679; baseline -0.006 -16"><span class='ocrx_word' id='word_1_547' title='bbox 1886 3608 2130 3679; x_wconf 87' lang='lat' dir='ltr'><strong>quidem,</strong></span> <span class='ocrx_word' id='word_1_548' title='bbox 2175 3618 2228 3664; x_wconf 92' lang='lat' dir='ltr'><strong>et</strong></span> <span class='ocrx_word' id='word_1_549' title='bbox 2271 3607 2494 3677; x_wconf 82' lang='lat' dir='ltr'><strong>ignaros</strong></span> <span class='ocrx_word' id='word_1_550' title='bbox 2524 3606 2808 3661; x_wconf 89' lang='lat' dir='ltr'><strong>docemus.</strong></span> <span class='ocrx_word' id='word_1_551' title='bbox 2855 3604 3122 3660; x_wconf 67' lang='lat' dir='ltr'><strong>Caeterum</strong></span> <span class='ocrx_word' id='word_1_552' title='bbox 3163 3602 3254 3672; x_wconf 91' lang='lat' dir='ltr'><strong>qui</strong></span> <span class='ocrx_word' id='word_1_553' title='bbox 3286 3609 3468 3654; x_wconf 87' lang='lat' dir='ltr'><strong>mente</strong></span> 
     </span>
    </p>
   </div>
   <div class='ocr_carea' id='block_1_79' title="bbox 1887 3693 3464 3770">
    <p class='ocr_par' dir='ltr' id='par_1_79' title="bbox 1887 3693 3464 3770">
     <span class='ocr_line' id='line_1_79' title="bbox 1887 3693 3464 3770; baseline -0.008 -13"><span class='ocrx_word' id='word_1_554' title='bbox 1887 3702 2068 3757; x_wconf 89' lang='lat' dir='ltr'><strong>orbati</strong></span> <span class='ocrx_word' id='word_1_555' title='bbox 2117 3700 2461 3770; x_wconf 89' lang='lat' dir='ltr'><strong>rationisque</strong></span> <span class='ocrx_word' id='word_1_556' title='bbox 2490 3708 2739 3770; x_wconf 80' lang='lat' dir='ltr'><strong>expertes</strong></span> <span class='ocrx_word' id='word_1_557' title='bbox 2772 3706 2928 3762; x_wconf 70' lang='lat' dir='ltr'><strong>sunt,</strong></span> <span class='ocrx_word' id='word_1_558' title='bbox 2955 3711 3056 3752; x_wconf 90' lang='lat' dir='ltr'><strong>nec</strong></span> <span class='ocrx_word' id='word_1_559' title='bbox 3082 3695 3222 3750; x_wconf 87' lang='lat' dir='ltr'><strong>scire</strong></span> <span class='ocrx_word' id='word_1_560' title='bbox 3254 3693 3464 3756; x_wconf 88' lang='lat' dir='ltr'><strong>volunt,</strong></span> 
     </span>
    </p>
   </div>
   <div class='ocr_carea' id='block_1_80' title="bbox 1885 3787 3467 3865">
    <p class='ocr_par' dir='ltr' id='par_1_80' title="bbox 1885 3787 3467 3865">
     <span class='ocr_line' id='line_1_80' title="bbox 1885 3787 3467 3865; baseline -0.009 -12"><span class='ocrx_word' id='word_1_561' title='bbox 1885 3812 1991 3853; x_wconf 90' lang='lat' dir='ltr'><strong>nec</strong></span> <span class='ocrx_word' id='word_1_562' title='bbox 2042 3797 2256 3853; x_wconf 87' lang='lat' dir='ltr'><strong>discere</strong></span> <span class='ocrx_word' id='word_1_563' title='bbox 2304 3793 2374 3849; x_wconf 88' lang='lat' dir='ltr'><strong>ab</strong></span> <span class='ocrx_word' id='word_1_564' title='bbox 2432 3794 2557 3850; x_wconf 89' lang='lat' dir='ltr'><strong>aliis</strong></span> <span class='ocrx_word' id='word_1_565' title='bbox 2618 3793 2935 3865; x_wconf 84' lang='lat' dir='ltr'><strong>dignantur.</strong></span> <span class='ocrx_word' id='word_1_566' title='bbox 2996 3790 3123 3846; x_wconf 67' lang='lat' dir='ltr'><strong>Haec</strong></span> <span class='ocrx_word' id='word_1_567' title='bbox 3179 3788 3322 3844; x_wconf 90' lang='lat' dir='ltr'><strong>enim</strong></span> <span class='ocrx_word' id='word_1_568' title='bbox 3381 3787 3467 3841; x_wconf 91' lang='lat' dir='ltr'><strong>in-</strong></span> 
     </span>
    </p>
   </div>
   <div class='ocr_carea' id='block_1_81' title="bbox 1886 3889 2013 3945">
    <p class='ocr_par' dir='ltr' id='par_1_81' title="bbox 1886 3889 2013 3945">
     <span class='ocr_line' id='line_1_81' title="bbox 1886 3889 2013 3945; baseline -0.008 0"><span class='ocrx_word' id='word_1_569' title='bbox 1886 3889 2013 3945; x_wconf 78' lang='lat' dir='ltr'><strong>fert.</strong></span> 
     </span>
    </p>
   </div>
   <div class='ocr_carea' id='block_1_82' title="bbox 1957 3973 3472 4048">
    <p class='ocr_par' dir='ltr' id='par_1_82' title="bbox 1957 3973 3472 4048">
     <span class='ocr_line' id='line_1_82' title="bbox 1957 3973 3472 4048; baseline -0.004 -16"><span class='ocrx_word' id='word_1_570' title='bbox 1957 3980 2124 4037; x_wconf 79' lang='lat' dir='ltr'><strong>Vens.</strong></span> <span class='ocrx_word' id='word_1_571' title='bbox 2157 3981 2213 4035; x_wconf 91' lang='lat'><strong>7.</strong></span> <span class='ocrx_word' id='word_1_572' title='bbox 2260 4001 2279 4034; x_wconf 78' lang='grc' dir='ltr'><strong>ι</strong></span> <span class='ocrx_word' id='word_1_573' title='bbox 2309 3979 2404 4034; x_wconf 93' lang='lat' dir='ltr'><strong>Vir</strong></span> <span class='ocrx_word' id='word_1_574' title='bbox 2432 3978 2692 4048; x_wconf 90' lang='lat' dir='ltr'><strong>insipiens</strong></span> <span class='ocrx_word' id='word_1_575' title='bbox 2717 3993 2824 4032; x_wconf 89' lang='lat' dir='ltr'><strong>non</strong></span> <span class='ocrx_word' id='word_1_576' title='bbox 2852 3984 3162 4048; x_wconf 85' lang='lat' dir='ltr'><strong>cognoscet,</strong></span> <span class='ocrx_word' id='word_1_577' title='bbox 3189 3986 3242 4030; x_wconf 90' lang='lat' dir='ltr'><strong>et</strong></span> <span class='ocrx_word' id='word_1_578' title='bbox 3269 3973 3472 4029; x_wconf 90' lang='lat' dir='ltr'><strong>stultus</strong></span> 
     </span>
    </p>
   </div>
   <div class='ocr_carea' id='block_1_83' title="bbox 1889 4066 3460 4145">
    <p class='ocr_par' dir='ltr' id='par_1_83' title="bbox 1889 4066 3460 4145">
     <span class='ocr_line' id='line_1_83' title="bbox 1889 4066 3460 4145; baseline -0.007 -15"><span class='ocrx_word' id='word_1_579' title='bbox 1889 4091 2000 4130; x_wconf 91' lang='lat' dir='ltr'><strong>non</strong></span> <span class='ocrx_word' id='word_1_580' title='bbox 2050 4073 2318 4145; x_wconf 88' lang='lat' dir='ltr'><strong>intelliget</strong></span> <span class='ocrx_word' id='word_1_581' title='bbox 2363 4073 2500 4127; x_wconf 65' lang='lat' dir='ltr'><strong>haec.</strong></span> <span class='ocrx_word' id='word_1_582' title='bbox 2540 4091 2560 4123; x_wconf 72' lang='grc' dir='ltr'><strong>ι</strong></span> <span class='ocrx_word' id='word_1_583' title='bbox 2613 4071 2854 4125; x_wconf 85' lang='lat' dir='ltr'><strong>Diversis</strong></span> <span class='ocrx_word' id='word_1_584' title='bbox 2905 4069 3084 4125; x_wconf 89' lang='lat' dir='ltr'><strong>modis</strong></span> <span class='ocrx_word' id='word_1_585' title='bbox 3136 4069 3249 4123; x_wconf 68' lang='lat' dir='ltr'><strong>haec</strong></span> <span class='ocrx_word' id='word_1_586' title='bbox 3278 4066 3460 4122; x_wconf 80' lang='lat' dir='ltr'><strong>dixit:</strong></span> 
     </span>
    </p>
   </div>
   <div class='ocr_carea' id='block_1_84' title="bbox 1888 4160 3468 4238">
    <p class='ocr_par' dir='ltr' id='par_1_84' title="bbox 1888 4160 3468 4238">
     <span class='ocr_line' id='line_1_84' title="bbox 1888 4160 3468 4238; baseline -0.008 -14"><span class='ocrx_word' id='word_1_587' title='bbox 1888 4168 2032 4238; x_wconf 87' lang='lat' dir='ltr'><strong>quod</strong></span> <span class='ocrx_word' id='word_1_588' title='bbox 2076 4167 2124 4223; x_wconf 92' lang='lat' dir='ltr'><strong>is</strong></span> <span class='ocrx_word' id='word_1_589' title='bbox 2170 4166 2266 4237; x_wconf 89' lang='lat' dir='ltr'><strong>qui</strong></span> <span class='ocrx_word' id='word_1_590' title='bbox 2311 4175 2494 4220; x_wconf 89' lang='lat' dir='ltr'><strong>mente</strong></span> <span class='ocrx_word' id='word_1_591' title='bbox 2529 4164 2758 4227; x_wconf 86' lang='lat' dir='ltr'><strong>laborat,</strong></span> <span class='ocrx_word' id='word_1_592' title='bbox 2802 4172 2856 4218; x_wconf 89' lang='lat' dir='ltr'><strong>et</strong></span> <span class='ocrx_word' id='word_1_593' title='bbox 2891 4163 3176 4234; x_wconf 87' lang='lat' dir='ltr'><strong>prudentia</strong></span> <span class='ocrx_word' id='word_1_594' title='bbox 3220 4160 3468 4230; x_wconf 84' lang='lat' dir='ltr'><strong>privatus</strong></span> 
     </span>
    </p>
   </div>
   <div class='ocr_carea' id='block_1_85' title="bbox 1895 4251 3468 4330">
    <p class='ocr_par' dir='ltr' id='par_1_85' title="bbox 1895 4251 3468 4330">
     <span class='ocr_line' id='line_1_85' title="bbox 1895 4251 3468 4330; baseline -0.007 -16"><span class='ocrx_word' id='word_1_595' title='bbox 1895 4259 2114 4330; x_wconf 73' lang='lat'><strong>1266</strong></span> <span class='ocrx_word' id='word_1_596' title='bbox 2141 4265 2245 4323; x_wconf 91' lang='lat' dir='ltr'><strong>est,</strong></span> <span class='ocrx_word' id='word_1_597' title='bbox 2299 4258 2436 4312; x_wconf 90' lang='lat' dir='ltr'><strong>nihil</strong></span> <span class='ocrx_word' id='word_1_598' title='bbox 2479 4257 2676 4311; x_wconf 89' lang='lat' dir='ltr'><strong>borum</strong></span> <span class='ocrx_word' id='word_1_599' title='bbox 2717 4254 3025 4326; x_wconf 84' lang='lat' dir='ltr'><strong>cognoscit,</strong></span> <span class='ocrx_word' id='word_1_600' title='bbox 3079 4269 3256 4323; x_wconf 86' lang='lat' dir='ltr'><strong>neque</strong></span> <span class='ocrx_word' id='word_1_601' title='bbox 3285 4252 3352 4306; x_wconf 90' lang='lat' dir='ltr'><strong>de</strong></span> <span class='ocrx_word' id='word_1_602' title='bbox 3385 4251 3468 4304; x_wconf 90' lang='lat' dir='ltr'><strong>his</strong></span> 
     </span>
    </p>
   </div>
   <div class='ocr_carea' id='block_1_86' title="bbox 1891 4348 2584 4422">
    <p class='ocr_par' dir='ltr' id='par_1_86' title="bbox 1891 4348 2584 4422">
     <span class='ocr_line' id='line_1_86' title="bbox 1891 4348 2584 4422; baseline -0.006 -16"><span class='ocrx_word' id='word_1_603' title='bbox 1891 4353 2192 4422; x_wconf 87' lang='lat' dir='ltr'><strong>quidquam</strong></span> <span class='ocrx_word' id='word_1_604' title='bbox 2223 4350 2416 4404; x_wconf 90' lang='lat' dir='ltr'><strong>audire</strong></span> <span class='ocrx_word' id='word_1_605' title='bbox 2448 4348 2584 4403; x_wconf 91' lang='lat' dir='ltr'><strong>vult.</strong></span> 
     </span>
    </p>
   </div>
   <div class='ocr_carea' id='block_1_87' title="bbox 286 4434 1780 4513">
    <p class='ocr_par' dir='ltr' id='par_1_87' title="bbox 286 4434 1780 4513">
     <span class='ocr_line' id='line_1_87' title="bbox 286 4434 1780 4513; baseline 0.006 -26"><span class='ocrx_word' id='word_1_606' title='bbox 286 4434 356 4506; x_wconf 84' lang='grc' dir='ltr'>η’.</span> <span class='ocrx_word' id='word_1_607' title='bbox 387 4453 407 4485; x_wconf 73' lang='grc' dir='ltr'><strong>ι</strong></span> <span class='ocrx_word' id='word_1_608' title='bbox 445 4436 536 4488; x_wconf 85' lang='grc' dir='ltr'>Ἐν</span> <span class='ocrx_word' id='word_1_609' title='bbox 564 4434 642 4507; x_wconf 83' lang='grc' dir='ltr'>τῷ</span> <span class='ocrx_word' id='word_1_610' title='bbox 685 4437 963 4491; x_wconf 78' lang='grc' dir='ltr'>ἀνατεῖλαι</span> <span class='ocrx_word' id='word_1_611' title='bbox 1005 4439 1365 4511; x_wconf 78' lang='grc' dir='ltr'>ἁμαρτωλοὺς</span> <span class='ocrx_word' id='word_1_612' title='bbox 1402 4439 1536 4494; x_wconf 76' lang='grc' dir='ltr'>ὡσεὶ</span> <span class='ocrx_word' id='word_1_613' title='bbox 1571 4440 1780 4513; x_wconf 79' lang='grc' dir='ltr'>χόρτον,</span> 
     </span>
    </p>
   </div>
   <div class='ocr_carea' id='block_1_88' title="bbox 1892 4434 3470 4513">
    <p class='ocr_par' dir='ltr' id='par_1_88' title="bbox 1964 4437 3470 4510">
     <span class='ocr_line' id='line_1_88' title="bbox 1964 4437 3470 4510; baseline -0.006 -12"><span class='ocrx_word' id='word_1_614' title='bbox 1964 4443 2135 4500; x_wconf 86' lang='lat' dir='ltr'><strong>Vens.</strong></span> <span class='ocrx_word' id='word_1_615' title='bbox 2177 4443 2231 4498; x_wconf 93' lang='lat'><strong>8.</strong></span> <span class='ocrx_word' id='word_1_616' title='bbox 2285 4461 2302 4494; x_wconf 82' lang='grc' dir='ltr'><strong>ι</strong></span> <span class='ocrx_word' id='word_1_617' title='bbox 2345 4441 2482 4496; x_wconf 84' lang='lat' dir='ltr'><strong>Cum</strong></span> <span class='ocrx_word' id='word_1_618' title='bbox 2525 4441 2702 4496; x_wconf 78' lang='lat' dir='ltr'><strong>exorti</strong></span> <span class='ocrx_word' id='word_1_619' title='bbox 2748 4439 2955 4495; x_wconf 80' lang='lat' dir='ltr'><strong>fuerint</strong></span> <span class='ocrx_word' id='word_1_620' title='bbox 2987 4448 3300 4510; x_wconf 86' lang='lat' dir='ltr'><strong>peccatores</strong></span> <span class='ocrx_word' id='word_1_621' title='bbox 3329 4437 3470 4492; x_wconf 82' lang='lat' dir='ltr'><strong>sicut</strong></span> 
     </span>
    </p>
   </div>
   <div class='ocr_carea' id='block_1_89' title="bbox 222 4527 1785 4602">
    <p class='ocr_par' dir='ltr' id='par_1_89' title="bbox 222 4527 1785 4602">
     <span class='ocr_line' id='line_1_89' title="bbox 222 4527 1785 4602; baseline 0.006 -24"><span class='ocrx_word' id='word_1_622' title='bbox 222 4528 310 4583; x_wconf 74' lang='grc' dir='ltr'><strong>καὶ</strong></span> <span class='ocrx_word' id='word_1_623' title='bbox 329 4527 593 4599; x_wconf 76' lang='grc' dir='ltr'>διέκυψαν</span> <span class='ocrx_word' id='word_1_624' title='bbox 609 4529 654 4560; x_wconf 66' lang='grc' dir='ltr'><strong>ιδ</strong></span> <span class='ocrx_word' id='word_1_625' title='bbox 670 4530 868 4594; x_wconf 80' lang='grc' dir='ltr'>πάντες</span> <span class='ocrx_word' id='word_1_626' title='bbox 895 4531 944 4585; x_wconf 75' lang='grc' dir='ltr'>οἱ</span> <span class='ocrx_word' id='word_1_627' title='bbox 969 4529 1325 4602; x_wconf 80' lang='grc' dir='ltr'>ἐργαζόμενοι</span> <span class='ocrx_word' id='word_1_628' title='bbox 1345 4531 1444 4602; x_wconf 79' lang='grc' dir='ltr'>τὴν</span> <span class='ocrx_word' id='word_1_629' title='bbox 1466 4532 1699 4602; x_wconf 88' lang='grc' dir='ltr'>ἀνομίαν</span> <span class='ocrx_word' id='word_1_630' title='bbox 1718 4533 1785 4600; x_wconf 82' lang='grc'><strong>¹⁸,</strong></span> 
     </span>
    </p>
   </div>
   <div class='ocr_carea' id='block_1_90' title="bbox 1897 4529 3468 4608">
    <p class='ocr_par' dir='ltr' id='par_1_90' title="bbox 1897 4529 3468 4608">
     <span class='ocr_line' id='line_1_90' title="bbox 1897 4529 3468 4608; baseline -0.006 -15"><span class='ocrx_word' id='word_1_631' title='bbox 1897 4539 2100 4606; x_wconf 79' lang='lat' dir='ltr'><strong>fenum,</strong></span> <span class='ocrx_word' id='word_1_632' title='bbox 2131 4548 2187 4593; x_wconf 91' lang='lat' dir='ltr'><strong>et</strong></span> <span class='ocrx_word' id='word_1_633' title='bbox 2224 4536 2575 4608; x_wconf 86' lang='lat' dir='ltr'><strong>apparuerint</strong></span> <span class='ocrx_word' id='word_1_634' title='bbox 2594 4551 2783 4590; x_wconf 88' lang='lat' dir='ltr'><strong>omnes</strong></span> <span class='ocrx_word' id='word_1_635' title='bbox 2811 4536 2902 4606; x_wconf 89' lang='lat' dir='ltr'><strong>qui</strong></span> <span class='ocrx_word' id='word_1_636' title='bbox 2941 4542 3238 4604; x_wconf 85' lang='lat' dir='ltr'><strong>operantur</strong></span> <span class='ocrx_word' id='word_1_637' title='bbox 3265 4529 3468 4600; x_wconf 85' lang='lat' dir='ltr'><strong>iniqui-</strong></span> 
     </span>
    </p>
   </div>
   <div class='ocr_carea' id='block_1_91' title="bbox 219 4621 1780 4696">
    <p class='ocr_par' dir='ltr' id='par_1_91' title="bbox 219 4621 1780 4693">
     <span class='ocr_line' id='line_1_91' title="bbox 219 4621 1780 4693; baseline 0.005 -20"><span class='ocrx_word' id='word_1_638' title='bbox 219 4621 362 4684; x_wconf 82' lang='grc' dir='ltr'>ὅπως</span> <span class='ocrx_word' id='word_1_639' title='bbox 386 4621 455 4675; x_wconf 81' lang='grc' dir='ltr'>ἂν</span> <span class='ocrx_word' id='word_1_640' title='bbox 487 4621 941 4693; x_wconf 80' lang='grc' dir='ltr'>ἐξολοθρευθῶσιν</span> <span class='ocrx_word' id='word_1_641' title='bbox 969 4626 1049 4688; x_wconf 83' lang='grc' dir='ltr'><strong>είς</strong></span> <span class='ocrx_word' id='word_1_642' title='bbox 1068 4624 1162 4677; x_wconf 82' lang='grc' dir='ltr'>τὸν</span> <span class='ocrx_word' id='word_1_643' title='bbox 1194 4623 1366 4679; x_wconf 75' lang='grc' dir='ltr'>αἰῶνα</span> <span class='ocrx_word' id='word_1_644' title='bbox 1393 4624 1490 4678; x_wconf 81' lang='grc' dir='ltr'><strong>τοῦ</strong></span> <span class='ocrx_word' id='word_1_645' title='bbox 1521 4626 1736 4690; x_wconf 76' lang='grc' dir='ltr'>αἰῶνος.</span> <span class='ocrx_word' id='word_1_646' title='bbox 1763 4648 1780 4681; x_wconf 80' lang='grc' dir='ltr'><strong>ι</strong></span> 
     </span>
    </p>
   </div>
   <div class='ocr_carea' id='block_1_92' title="bbox 1892 4621 3469 4696">
    <p class='ocr_par' dir='ltr' id='par_1_92' title="bbox 1897 4626 3469 4696">
     <span class='ocr_line' id='line_1_92' title="bbox 1897 4626 3469 4696; baseline -0.007 -11"><span class='ocrx_word' id='word_1_647' title='bbox 1897 4639 2088 4696; x_wconf 86' lang='lat' dir='ltr'><strong>tatem,</strong></span> <span class='ocrx_word' id='word_1_648' title='bbox 2125 4641 2183 4684; x_wconf 91' lang='lat' dir='ltr'><strong>ut</strong></span> <span class='ocrx_word' id='word_1_649' title='bbox 2223 4630 2494 4684; x_wconf 89' lang='lat' dir='ltr'><strong>intereant</strong></span> <span class='ocrx_word' id='word_1_650' title='bbox 2525 4629 2577 4682; x_wconf 92' lang='lat' dir='ltr'><strong>in</strong></span> <span class='ocrx_word' id='word_1_651' title='bbox 2617 4631 2876 4682; x_wconf 63' lang='lat' dir='ltr'><strong>smeulum</strong></span> <span class='ocrx_word' id='word_1_652' title='bbox 2901 4626 3106 4682; x_wconf 62' lang='lat' dir='ltr'><strong>saculi.</strong></span> <span class='ocrx_word' id='word_1_653' title='bbox 3143 4645 3161 4677; x_wconf 75' lang='grc' dir='ltr'><strong>ι</strong></span> <span class='ocrx_word' id='word_1_654' title='bbox 3198 4627 3469 4693; x_wconf 79' lang='lat' dir='ltr'><strong>Apparue-</strong></span> 
     </span>
    </p>
   </div>
   <div class='ocr_carea' id='block_1_93' title="bbox 221 4709 1780 4792">
    <p class='ocr_par' dir='ltr' id='par_1_93' title="bbox 221 4709 1780 4788">
     <span class='ocr_line' id='line_1_93' title="bbox 221 4709 1780 4788; baseline 0.006 -25"><span class='ocrx_word' id='word_1_655' title='bbox 221 4709 294 4765; x_wconf 82' lang='grc' dir='ltr'>Τδ</span> <span class='ocrx_word' id='word_1_656' title='bbox 321 4712 704 4782; x_wconf 49' lang='lat' dir='ltr'><strong>metvit-ar“,</strong></span> <span class='ocrx_word' id='word_1_657' title='bbox 729 4713 1008 4784; x_wconf 78' lang='grc' dir='ltr'>ἤνθησαν</span> <span class='ocrx_word' id='word_1_658' title='bbox 1036 4717 1065 4770; x_wconf 84' lang='grc' dir='ltr'><strong>ὁ</strong></span> <span class='ocrx_word' id='word_1_659' title='bbox 1088 4715 1322 4781; x_wconf 83' lang='grc' dir='ltr'>Ἀκύλας</span> <span class='ocrx_word' id='word_1_660' title='bbox 1351 4715 1574 4788; x_wconf 69' lang='grc' dir='ltr'>εἴρηκεν</span> <span class='ocrx_word' id='word_1_661' title='bbox 1591 4735 1604 4748; x_wconf 88' lang='grc'><strong>·</strong></span> <span class='ocrx_word' id='word_1_662' title='bbox 1645 4718 1780 4773; x_wconf 77' lang='grc' dir='ltr'>οὕτω</span> 
     </span>
    </p>
   </div>
   <div class='ocr_carea' id='block_1_94' title="bbox 1892 4709 3468 4792">
    <p class='ocr_par' dir='ltr' id='par_1_94' title="bbox 1894 4712 3468 4792">
     <span class='ocr_line' id='line_1_94' title="bbox 1894 4712 3468 4792; baseline -0.007 -18"><span class='ocrx_word' id='word_1_663' title='bbox 1894 4723 2024 4787; x_wconf 87' lang='lat' dir='ltr'><strong>rint,</strong></span> <span class='ocrx_word' id='word_1_664' title='bbox 2057 4721 2254 4792; x_wconf 86' lang='lat' dir='ltr'><strong>Aquila</strong></span> <span class='ocrx_word' id='word_1_665' title='bbox 2283 4720 2564 4789; x_wconf 81' lang='lat' dir='ltr'><strong>ﬂoruerint</strong></span> <span class='ocrx_word' id='word_1_666' title='bbox 2593 4717 2752 4783; x_wconf 88' lang='lat' dir='ltr'><strong>dixit,</strong></span> <span class='ocrx_word' id='word_1_667' title='bbox 2783 4719 3088 4787; x_wconf 90' lang='lat' dir='ltr'><strong>eodemque</strong></span> <span class='ocrx_word' id='word_1_668' title='bbox 3116 4715 3278 4770; x_wconf 91' lang='lat' dir='ltr'><strong>modo</strong></span> <span class='ocrx_word' id='word_1_669' title='bbox 3309 4712 3468 4783; x_wconf 77' lang='lat' dir='ltr'><strong>Sym-</strong></span> 
     </span>
    </p>
   </div>
   <div class='ocr_carea' id='block_1_95' title="bbox 1377 4881 2415 4941">
    <p class='ocr_par' dir='ltr' id='par_1_95' title="bbox 1377 4881 2415 4941">
     <span class='ocr_line' id='line_1_95' title="bbox 1377 4881 2415 4941; baseline 0.002 -5"><span class='ocrx_word' id='word_1_670' title='bbox 1377 4881 1614 4939; x_wconf 64' lang='lat' dir='ltr'><strong>VARIIE</strong></span> <span class='ocrx_word' id='word_1_671' title='bbox 1650 4882 2034 4941; x_wconf 82' lang='lat' dir='ltr'><strong>LECTIONES</strong></span> <span class='ocrx_word' id='word_1_672' title='bbox 2067 4885 2152 4940; x_wconf 86' lang='lat' dir='ltr'><strong>ET</strong></span> <span class='ocrx_word' id='word_1_673' title='bbox 2182 4883 2415 4940; x_wconf 67' lang='grc' dir='ltr'><strong>ΝΟΤᾹΞ.</strong></span> 
     </span>
    </p>
   </div>
   <div class='ocr_carea' id='block_1_96' title="bbox 288 5012 1780 5090">
    <p class='ocr_par' dir='ltr' id='par_1_96' title="bbox 288 5014 1780 5090">
     <span class='ocr_line' id='line_1_96' title="bbox 288 5014 1780 5090; baseline 0.001 -20"><span class='ocrx_word' id='word_1_674' title='bbox 288 5016 335 5050; x_wconf 75' lang='grc'><strong><em>⁸⁸</em></strong></span> <span class='ocrx_word' id='word_1_675' title='bbox 373 5014 500 5070; x_wconf 88' lang='lat' dir='ltr'><strong>cod.</strong></span> <span class='ocrx_word' id='word_1_676' title='bbox 533 5015 558 5070; x_wconf 96' lang='grc'><strong>1</strong></span> <span class='ocrx_word' id='word_1_677' title='bbox 591 5014 746 5090; x_wconf 67' lang='grc' dir='ltr'><strong>ἐπεί.Δ</strong></span> <span class='ocrx_word' id='word_1_678' title='bbox 843 5016 1360 5090; x_wconf 66' lang='lat' dir='ltr'><strong>”_‘Pa.1pdc._cod.</strong></span> <span class='ocrx_word' id='word_1_679' title='bbox 1396 5018 1421 5072; x_wconf 91' lang='grc'>1</span> <span class='ocrx_word' id='word_1_680' title='bbox 1458 5034 1642 5090; x_wconf 69' lang='lat' dir='ltr'><strong>praem.</strong></span> <span class='ocrx_word' id='word_1_681' title='bbox 1689 5036 1780 5090; x_wconf 67' lang='grc' dir='ltr'>παι</span> 
     </span>
    </p>
   </div>
   <div class='ocr_carea' id='block_1_97' title="bbox 1892 5012 3468 5090">
    <p class='ocr_par' dir='ltr' id='par_1_97' title="bbox 1892 5012 3468 5090">
     <span class='ocr_line' id='line_1_97' title="bbox 1892 5012 3468 5090; baseline -0.005 -18"><span class='ocrx_word' id='word_1_682' title='bbox 1892 5060 1900 5072; x_wconf 92' lang='grc'><strong>.</strong></span> <span class='ocrx_word' id='word_1_683' title='bbox 2007 5018 2052 5052; x_wconf 63' lang='grc'><strong>⁸³</strong></span> <span class='ocrx_word' id='word_1_684' title='bbox 2085 5017 2295 5090; x_wconf 77' lang='grc' dir='ltr'>Ταῦτα.</span> <span class='ocrx_word' id='word_1_685' title='bbox 2348 5018 2471 5090; x_wconf 81' lang='lat' dir='ltr'><strong>cod.</strong></span> <span class='ocrx_word' id='word_1_686' title='bbox 2509 5017 2544 5072; x_wconf 65' lang='grc' dir='ltr'>ἓ</span> <span class='ocrx_word' id='word_1_687' title='bbox 2578 5018 2822 5090; x_wconf 28' lang='grc' dir='ltr'>πάντα.-</span> <span class='ocrx_word' id='word_1_688' title='bbox 2900 5013 3261 5090; x_wconf 54' lang='grc' dir='ltr'>ῗδ-Ἐξομολ.</span> <span class='ocrx_word' id='word_1_689' title='bbox 3296 5012 3468 5065; x_wconf 70' lang='lat' dir='ltr'><strong>codex</strong></span> 
     </span>
    </p>
   </div>
   <div class='ocr_carea' id='block_1_98' title="bbox 219 5083 1780 5159">
    <p class='ocr_par' dir='ltr' id='par_1_98' title="bbox 219 5083 1780 5159">
     <span class='ocr_line' id='line_1_98' title="bbox 219 5083 1780 5159; baseline 0 -16"><span class='ocrx_word' id='word_1_690' title='bbox 219 5097 452 5159; x_wconf 80' lang='lat' dir='ltr'><strong>uterque</strong></span> <span class='ocrx_word' id='word_1_691' title='bbox 487 5102 673 5159; x_wconf 66' lang='lat' dir='ltr'><strong>praem.</strong></span> <span class='ocrx_word' id='word_1_692' title='bbox 702 5087 784 5152; x_wconf 87' lang='grc' dir='ltr'>τὸ,</span> <span class='ocrx_word' id='word_1_693' title='bbox 808 5096 869 5159; x_wconf 87' lang='lat' dir='ltr'><strong>ut</strong></span> <span class='ocrx_word' id='word_1_694' title='bbox 894 5088 946 5159; x_wconf 89' lang='lat' dir='ltr'><strong>in</strong></span> <span class='ocrx_word' id='word_1_695' title='bbox 981 5083 1128 5159; x_wconf 53' lang='lat' dir='ltr'><strong>textu</strong></span> <span class='ocrx_word' id='word_1_696' title='bbox 1160 5087 1278 5159; x_wconf 84' lang='grc' dir='ltr'><strong>τῶν</strong></span> <span class='ocrx_word' id='word_1_697' title='bbox 1299 5087 1377 5144; x_wconf 91' lang='lat'><strong>0&#39;.</strong></span> <span class='ocrx_word' id='word_1_698' title='bbox 1454 5083 1500 5121; x_wconf 69' lang='grc'><strong>⁶⁶</strong></span> <span class='ocrx_word' id='word_1_699' title='bbox 1523 5083 1780 5158; x_wconf 60' lang='grc' dir='ltr'>Ἐπωφεὲ</span> 
     </span>
    </p>
   </div>
   <div class='ocr_carea' id='block_1_99' title="bbox 1892 5083 3468 5159">
    <p class='ocr_par' dir='ltr' id='par_1_99' title="bbox 1927 5083 3468 5159">
     <span class='ocr_line' id='line_1_99' title="bbox 1927 5083 3468 5159; baseline -0.005 -16"><span class='ocrx_word' id='word_1_700' title='bbox 1927 5091 2051 5143; x_wconf 90' lang='lat' dir='ltr'><strong>cod.</strong></span> <span class='ocrx_word' id='word_1_701' title='bbox 2091 5089 2115 5141; x_wconf 88' lang='grc'><strong>1</strong></span> <span class='ocrx_word' id='word_1_702' title='bbox 2154 5103 2343 5156; x_wconf 70' lang='lat' dir='ltr'><strong>prtem.</strong></span> <span class='ocrx_word' id='word_1_703' title='bbox 2384 5088 2549 5159; x_wconf 83' lang='grc' dir='ltr'>Ὀρᾷς</span> <span class='ocrx_word' id='word_1_704' title='bbox 2571 5089 2654 5142; x_wconf 86' lang='grc' dir='ltr'>ὃτι</span> <span class='ocrx_word' id='word_1_705' title='bbox 2687 5088 2879 5159; x_wconf 7' lang='grc' dir='ltr'>κοινὴν,</span> <span class='ocrx_word' id='word_1_706' title='bbox 2907 5083 3296 5159; x_wconf 72' lang='grc' dir='ltr'>ἐξομολόγησιν</span> <span class='ocrx_word' id='word_1_707' title='bbox 3331 5098 3468 5159; x_wconf 64' lang='grc' dir='ltr'>προς</span> 
     </span>
    </p>
   </div>
   <div class='ocr_carea' id='block_1_100' title="bbox 218 5153 1780 5230">
    <p class='ocr_par' dir='ltr' id='par_1_100' title="bbox 218 5153 1780 5230">
     <span class='ocr_line' id='line_1_100' title="bbox 218 5153 1780 5230; baseline 0.002 -21"><span class='ocrx_word' id='word_1_708' title='bbox 218 5153 406 5226; x_wconf 79' lang='grc' dir='ltr'>τίθησι</span> <span class='ocrx_word' id='word_1_709' title='bbox 456 5153 806 5230; x_wconf 14' lang='grc' dir='ltr'>ταύτηνᾲτὴν</span> <span class='ocrx_word' id='word_1_710' title='bbox 839 5158 1012 5230; x_wconf 29' lang='grc' dir='ltr'>ᾠδήν..</span> <span class='ocrx_word' id='word_1_711' title='bbox 1061 5157 1210 5230; x_wconf 83' lang='lat' dir='ltr'><strong>Vides</strong></span> <span class='ocrx_word' id='word_1_712' title='bbox 1260 5158 1356 5212; x_wconf 86' lang='lat' dir='ltr'><strong>hoc</strong></span> <span class='ocrx_word' id='word_1_713' title='bbox 1409 5153 1699 5213; x_wconf 39' lang='lat' dir='ltr'><strong>canticum-</strong></span> <span class='ocrx_word' id='word_1_714' title='bbox 1744 5161 1780 5212; x_wconf 81' lang='lat' dir='ltr'><strong>it</strong></span> 
     </span>
    </p>
   </div>
   <div class='ocr_carea' id='block_1_101' title="bbox 1892 5153 3461 5230">
    <p class='ocr_par' dir='ltr' id='par_1_101' title="bbox 1892 5153 3461 5230">
     <span class='ocr_line' id='line_1_101' title="bbox 1892 5153 3461 5230; baseline -0.006 -18"><span class='ocrx_word' id='word_1_715' title='bbox 1892 5177 1917 5212; x_wconf 90' lang='lat' dir='ltr'><strong>r</strong></span> <span class='ocrx_word' id='word_1_716' title='bbox 1961 5153 2254 5230; x_wconf 74' lang='lat' dir='ltr'><strong>communis</strong></span> <span class='ocrx_word' id='word_1_717' title='bbox 2288 5153 2630 5230; x_wconf 71' lang='lat' dir='ltr'><strong>confessionis</strong></span> <span class='ocrx_word' id='word_1_718' title='bbox 2661 5153 2904 5230; x_wconf 82' lang='lat' dir='ltr'><strong>proponi.</strong></span> <span class='ocrx_word' id='word_1_719' title='bbox 2933 5225 2943 5230; x_wconf 84' lang='lat'>_</span> <span class='ocrx_word' id='word_1_720' title='bbox 2995 5155 3038 5186; x_wconf 84' lang='grc'><strong>⁹⁷</strong></span> <span class='ocrx_word' id='word_1_721' title='bbox 3074 5154 3409 5230; x_wconf 40' lang='grc' dir='ltr'><strong>Φησίκςοιιἒ</strong></span> 
     </span>
    </p>
   </div>
   <div class='ocr_carea' id='block_1_102' title="bbox 222 5223 1780 5301">
    <p class='ocr_par' dir='ltr' id='par_1_102' title="bbox 222 5223 1780 5301">
     <span class='ocr_line' id='line_1_102' title="bbox 222 5223 1780 5301; baseline -0.01 -4"><span class='ocrx_word' id='word_1_722' title='bbox 222 5223 413 5297; x_wconf 63' lang='grc' dir='ltr'>ρτπίη-</span> <span class='ocrx_word' id='word_1_723' title='bbox 443 5227 574 5301; x_wconf 61' lang='grc' dir='ltr'><strong>γάρ.</strong></span> <span class='ocrx_word' id='word_1_724' title='bbox 620 5223 696 5260; x_wconf 73' lang='grc'><strong>’⁸⁸</strong></span> <span class='ocrx_word' id='word_1_725' title='bbox 721 5223 866 5301; x_wconf 66' lang='grc' dir='ltr'><strong>ηερὶ</strong></span> <span class='ocrx_word' id='word_1_726' title='bbox 893 5223 1070 5301; x_wconf 68' lang='grc' dir='ltr'>ἡμᾶς.</span> <span class='ocrx_word' id='word_1_727' title='bbox 1100 5229 1223 5283; x_wconf 90' lang='lat' dir='ltr'><strong>cod.</strong></span> <span class='ocrx_word' id='word_1_728' title='bbox 1260 5231 1280 5283; x_wconf 84' lang='lat' dir='ltr'><strong>t</strong></span> <span class='ocrx_word' id='word_1_729' title='bbox 1321 5231 1460 5300; x_wconf 79' lang='grc' dir='ltr'>ὑπὲρ</span> <span class='ocrx_word' id='word_1_730' title='bbox 1487 5231 1664 5301; x_wconf 75' lang='grc' dir='ltr'>ἡμῶν.</span> <span class='ocrx_word' id='word_1_731' title='bbox 1726 5232 1780 5301; x_wconf 16' lang='grc' dir='ltr'>,οε</span> 
     </span>
    </p>
   </div>
   <div class='ocr_carea' id='block_1_103' title="bbox 1892 5223 3472 5301">
    <p class='ocr_par' dir='ltr' id='par_1_103' title="bbox 1892 5223 3472 5301">
     <span class='ocr_line' id='line_1_103' title="bbox 1892 5223 3472 5301; baseline -0.005 -19"><span class='ocrx_word' id='word_1_732' title='bbox 1892 5248 2002 5285; x_wconf 76' lang='lat' dir='ltr'><strong>tau.</strong></span> <span class='ocrx_word' id='word_1_733' title='bbox 2032 5231 2153 5301; x_wconf 85' lang='lat' dir='ltr'><strong>cod.</strong></span> <span class='ocrx_word' id='word_1_734' title='bbox 2175 5229 2209 5301; x_wconf 89' lang='grc'><strong>1</strong></span> <span class='ocrx_word' id='word_1_735' title='bbox 2246 5223 2605 5301; x_wconf 39' lang='lat' dir='ltr'><strong>addfkaiefj</strong></span> <span class='ocrx_word' id='word_1_736' title='bbox 2643 5223 3012 5301; x_wconf 72' lang='grc' dir='ltr'>τῆςδιανοίας</span> <span class='ocrx_word' id='word_1_737' title='bbox 3062 5223 3353 5301; x_wconf 78' lang='grc' dir='ltr'>κατανύξει</span> <span class='ocrx_word' id='word_1_738' title='bbox 3382 5223 3472 5276; x_wconf 68' lang='grc' dir='ltr'><strong>διὰ</strong></span> 
     </span>
    </p>
   </div>
   <div class='ocr_carea' id='block_1_104' title="bbox 222 5294 3468 5372">
    <p class='ocr_par' dir='ltr' id='par_1_104' title="bbox 222 5294 3468 5372">
     <span class='ocr_line' id='line_1_104' title="bbox 222 5294 3468 5372; baseline -0.003 -18"><span class='ocrx_word' id='word_1_739' title='bbox 222 5294 446 5372; x_wconf 44' lang='lat' dir='ltr'><strong>itavsz</strong></span> <span class='ocrx_word' id='word_1_740' title='bbox 472 5294 571 5369; x_wconf 75' lang='grc' dir='ltr'>τήν</span> <span class='ocrx_word' id='word_1_741' title='bbox 597 5294 900 5372; x_wconf 72' lang='grc' dir='ltr'>ᾼεκάλογον</span> <span class='ocrx_word' id='word_1_742' title='bbox 922 5294 1231 5372; x_wconf 55' lang='grc' dir='ltr'>φυλακτέον</span> <span class='ocrx_word' id='word_1_743' title='bbox 1251 5316 1267 5331; x_wconf 80' lang='grc' dir='ltr'><strong>ο</strong></span> <span class='ocrx_word' id='word_1_744' title='bbox 1294 5294 1617 5371; x_wconf 69' lang='grc' dir='ltr'>πρὸς-ξδ’μὴ</span> <span class='ocrx_word' id='word_1_745' title='bbox 1647 5299 1776 5371; x_wconf 81' lang='grc' dir='ltr'>τῇδε</span> <span class='ocrx_word' id='word_1_746' title='bbox 1811 5294 2034 5353; x_wconf 73' lang='grc' dir='ltr'>κάκεῖσε</span> <span class='ocrx_word' id='word_1_747' title='bbox 2093 5300 2297 5372; x_wconf 73' lang='grc' dir='ltr'>κλίνειν</span> <span class='ocrx_word' id='word_1_748' title='bbox 2336 5300 2436 5372; x_wconf 80' lang='grc' dir='ltr'>τὸν</span> <span class='ocrx_word' id='word_1_749' title='bbox 2463 5294 2621 5371; x_wconf 77' lang='grc' dir='ltr'>τήνδε</span> <span class='ocrx_word' id='word_1_750' title='bbox 2653 5294 2752 5372; x_wconf 75' lang='grc' dir='ltr'>τῆν</span> <span class='ocrx_word' id='word_1_751' title='bbox 2792 5294 3468 5372; x_wconf 29' lang='grc' dir='ltr'>ίκετείανιπροσφέροντα.</span> 
     </span>
    </p>
   </div>
   <div class='ocr_carea' id='block_1_105' title="bbox 224 5365 1780 5494">
    <p class='ocr_par' dir='ltr' id='par_1_105' title="bbox 224 5365 1780 5494">
     <span class='ocr_line' id='line_1_105' title="bbox 224 5365 1776 5440; baseline 0.002 -20"><span class='ocrx_word' id='word_1_752' title='bbox 224 5369 380 5422; x_wconf 79' lang='grc' dir='ltr'>ἀλλὰ.</span> <span class='ocrx_word' id='word_1_753' title='bbox 412 5365 580 5436; x_wconf 78' lang='lat' dir='ltr'><strong>Seqtt.</strong></span> <span class='ocrx_word' id='word_1_754' title='bbox 604 5365 834 5434; x_wconf 81' lang='grc' dir='ltr'>δίκαιον,</span> <span class='ocrx_word' id='word_1_755' title='bbox 862 5387 916 5423; x_wconf 90' lang='grc' dir='ltr'><strong>κ.</strong></span> <span class='ocrx_word' id='word_1_756' title='bbox 940 5365 991 5422; x_wconf 77' lang='grc' dir='ltr'><strong>τ.</strong></span> <span class='ocrx_word' id='word_1_757' title='bbox 1023 5369 1074 5422; x_wconf 91' lang='grc' dir='ltr'><strong>λ.</strong></span> <span class='ocrx_word' id='word_1_758' title='bbox 1109 5368 1176 5423; x_wconf 85' lang='lat' dir='ltr'><strong>Et</strong></span> <span class='ocrx_word' id='word_1_759' title='bbox 1209 5365 1776 5440; x_wconf 39' lang='lat' dir='ltr'><strong>cum&#39;animi-comp&#39;un</strong></span> 
     </span>
     <span class='ocr_line' id='line_1_106' title="bbox 224 5439 1780 5494; baseline 0.002 -3"><span class='ocrx_word' id='word_1_760' title='bbox 224 5448 271 5491; x_wconf 75' lang='lat' dir='ltr'><strong>et</strong></span> <span class='ocrx_word' id='word_1_761' title='bbox 301 5439 432 5492; x_wconf 83' lang='lat' dir='ltr'><strong>illuc</strong></span> <span class='ocrx_word' id='word_1_762' title='bbox 453 5449 672 5494; x_wconf 84' lang='lat' dir='ltr'><strong>vaaetur</strong></span> <span class='ocrx_word' id='word_1_763' title='bbox 699 5442 790 5494; x_wconf 82' lang='lat' dir='ltr'><strong>aui</strong></span> <span class='ocrx_word' id='word_1_764' title='bbox 814 5445 948 5494; x_wconf 81' lang='lat' dir='ltr'><strong>hanc</strong></span> <span class='ocrx_word' id='word_1_765' title='bbox 981 5441 1215 5494; x_wconf 84' lang='lat' dir='ltr'><strong>instituit</strong></span> <span class='ocrx_word' id='word_1_766' title='bbox 1247 5441 1708 5494; x_wconf 75' lang='lat' dir='ltr'><strong>supplicationem.</strong></span> <span class='ocrx_word' id='word_1_767' title='bbox 1731 5459 1780 5494; x_wconf 89' lang='lat' dir='ltr'><strong>se</strong></span> 
     </span>
    </p>
   </div>
   <div class='ocr_carea' id='block_1_106' title="bbox 1892 5365 3471 5494">
    <p class='ocr_par' dir='ltr' id='par_1_106' title="bbox 1894 5365 3471 5494">
     <span class='ocr_line' id='line_1_107' title="bbox 1894 5365 3471 5440; baseline -0.004 -18"><span class='ocrx_word' id='word_1_768' title='bbox 1894 5387 1955 5424; x_wconf 85' lang='lat' dir='ltr'><strong>ne</strong></span> <span class='ocrx_word' id='word_1_769' title='bbox 1988 5372 2166 5424; x_wconf 86' lang='lat' dir='ltr'><strong>omnia</strong></span> <span class='ocrx_word' id='word_1_770' title='bbox 2195 5369 2439 5440; x_wconf 86' lang='lat' dir='ltr'><strong>Decalogi</strong></span> <span class='ocrx_word' id='word_1_771' title='bbox 2459 5365 2722 5440; x_wconf 66' lang='lat' dir='ltr'><strong>praecepta</strong></span> <span class='ocrx_word' id='word_1_772' title='bbox 2757 5367 3081 5422; x_wconf 87' lang='lat' dir='ltr'><strong>observanda</strong></span> <span class='ocrx_word' id='word_1_773' title='bbox 3105 5365 3240 5430; x_wconf 81' lang='lat' dir='ltr'><strong>esse,</strong></span> <span class='ocrx_word' id='word_1_774' title='bbox 3277 5379 3340 5416; x_wconf 89' lang='lat' dir='ltr'><strong>ne</strong></span> <span class='ocrx_word' id='word_1_775' title='bbox 3371 5365 3471 5416; x_wconf 77' lang='lat' dir='ltr'><strong>huc</strong></span> 
     </span>
     <span class='ocr_line' id='line_1_108' title="bbox 1922 5435 3468 5494; baseline -0.005 0"><span class='ocrx_word' id='word_1_776' title='bbox 1922 5443 1937 5471; x_wconf 84' lang='grc'>¹</span> <span class='ocrx_word' id='word_1_777' title='bbox 1970 5443 2093 5494; x_wconf 79' lang='grc' dir='ltr'>Σοί.</span> <span class='ocrx_word' id='word_1_778' title='bbox 2132 5441 2300 5494; x_wconf 87' lang='lat' dir='ltr'><strong>Abest</strong></span> <span class='ocrx_word' id='word_1_779' title='bbox 2330 5456 2358 5494; x_wconf 90' lang='lat' dir='ltr'><strong>a</strong></span> <span class='ocrx_word' id='word_1_780' title='bbox 2387 5444 2507 5494; x_wconf 83' lang='lat' dir='ltr'><strong>cod.</strong></span> <span class='ocrx_word' id='word_1_781' title='bbox 2546 5441 2596 5494; x_wconf 98' lang='grc'><strong>1.</strong></span> <span class='ocrx_word' id='word_1_782' title='bbox 2673 5444 2692 5473; x_wconf 86' lang='grc'>¹</span> <span class='ocrx_word' id='word_1_783' title='bbox 2733 5441 2864 5494; x_wconf 74' lang='grc' dir='ltr'><strong>Τόν.</strong></span> <span class='ocrx_word' id='word_1_784' title='bbox 2901 5439 3021 5492; x_wconf 88' lang='lat' dir='ltr'><strong>cod.</strong></span> <span class='ocrx_word' id='word_1_785' title='bbox 3061 5438 3083 5489; x_wconf 93' lang='grc'>1</span> <span class='ocrx_word' id='word_1_786' title='bbox 3121 5436 3218 5494; x_wconf 81' lang='grc' dir='ltr'><strong>ὡς.</strong></span> <span class='ocrx_word' id='word_1_787' title='bbox 3296 5435 3316 5465; x_wconf 89' lang='grc'>³</span> <span class='ocrx_word' id='word_1_788' title='bbox 3346 5435 3468 5490; x_wconf 81' lang='lat' dir='ltr'><strong>cod.</strong></span> 
     </span>
    </p>
   </div>
   <div class='ocr_carea' id='block_1_107' title="bbox 2001 5445 3468 5497">
    <p class='ocr_par' dir='ltr' id='par_1_107' title="bbox 2001 5445 3468 5497">
     <span class='ocr_line' id='line_1_109' title="bbox 2001 5445 3468 5497; baseline -0.005 -3"><span class='ocrx_word' id='word_1_789' title='bbox 2001 5445 2093 5496; x_wconf 74' lang='grc' dir='ltr'>ἴοι.</span> <span class='ocrx_word' id='word_1_790' title='bbox 2132 5445 2300 5496; x_wconf 87' lang='lat' dir='ltr'><strong>Abest</strong></span> <span class='ocrx_word' id='word_1_791' title='bbox 2330 5456 2358 5494; x_wconf 90' lang='lat' dir='ltr'><strong>a</strong></span> <span class='ocrx_word' id='word_1_792' title='bbox 2387 5445 2507 5495; x_wconf 84' lang='lat' dir='ltr'><strong>cod.</strong></span> <span class='ocrx_word' id='word_1_793' title='bbox 2546 5445 2596 5494; x_wconf 91' lang='grc'><strong>1.</strong></span> <span class='ocrx_word' id='word_1_794' title='bbox 2673 5445 2692 5473; x_wconf 87' lang='grc'>¹</span> <span class='ocrx_word' id='word_1_795' title='bbox 2733 5445 2864 5494; x_wconf 74' lang='grc' dir='ltr'><strong>Τόν.</strong></span> <span class='ocrx_word' id='word_1_796' title='bbox 2901 5445 3021 5492; x_wconf 89' lang='lat' dir='ltr'><strong>eod.</strong></span> <span class='ocrx_word' id='word_1_797' title='bbox 3061 5445 3083 5489; x_wconf 82' lang='lat' dir='ltr'>‘l</span> <span class='ocrx_word' id='word_1_798' title='bbox 3121 5445 3218 5497; x_wconf 81' lang='grc' dir='ltr'>ὡς.</span> <span class='ocrx_word' id='word_1_799' title='bbox 3296 5445 3316 5465; x_wconf 81' lang='grc'><strong><em>⁸</em></strong></span> <span class='ocrx_word' id='word_1_800' title='bbox 3346 5445 3468 5490; x_wconf 79' lang='lat' dir='ltr'><strong>con.</strong></span> 
     </span>
    </p>
   </div>
   <div class='ocr_carea' id='block_1_108' title="bbox 1668 5503 1780 5582">
    <p class='ocr_par' dir='ltr' id='par_1_108' title="bbox 1668 5503 1779 5566">
     <span class='ocr_line' id='line_1_110' title="bbox 1668 5503 1779 5566; baseline -0.009 0"><span class='ocrx_word' id='word_1_801' title='bbox 1668 5503 1779 5566; x_wconf 53' lang='lat' dir='ltr'><strong>&quot;eo</strong></span> 
     </span>
    </p>
   </div>
   <div class='ocr_carea' id='block_1_109' title="bbox 1892 5503 3469 5582">
    <p class='ocr_par' dir='ltr' id='par_1_109' title="bbox 1892 5503 3469 5582">
     <span class='ocr_line' id='line_1_111' title="bbox 1892 5503 3469 5582; baseline -0.005 -18"><span class='ocrx_word' id='word_1_802' title='bbox 1892 5519 2099 5581; x_wconf 80' lang='lat' dir='ltr'><strong>Iterque</strong></span> <span class='ocrx_word' id='word_1_803' title='bbox 2125 5510 2487 5582; x_wconf 82' lang='grc' dir='ltr'>διαλογισμοί.</span> <span class='ocrx_word' id='word_1_804' title='bbox 2555 5581 2560 5582; x_wconf 14' lang='grc' dir='ltr'><strong>γ</strong></span> <span class='ocrx_word' id='word_1_805' title='bbox 2600 5515 2642 5582; x_wconf 54' lang='grc' dir='ltr'><strong>ξ</strong></span> <span class='ocrx_word' id='word_1_806' title='bbox 2666 5511 2727 5563; x_wconf 90' lang='lat'><strong>&#39;0</strong></span> <span class='ocrx_word' id='word_1_807' title='bbox 2760 5540 2830 5550; x_wconf 93' lang='lat'><strong>——</strong></span> <span class='ocrx_word' id='word_1_808' title='bbox 2861 5504 3195 5582; x_wconf 79' lang='grc' dir='ltr'>θαυμαστά.</span> <span class='ocrx_word' id='word_1_809' title='bbox 3223 5506 3364 5582; x_wconf 79' lang='lat' dir='ltr'><strong>_|)es.</strong></span> <span class='ocrx_word' id='word_1_810' title='bbox 3414 5503 3469 5582; x_wconf 88' lang='lat' dir='ltr'><strong>i_n</strong></span> 
     </span>
    </p>
   </div>
   <div class='ocr_carea' id='block_1_110' title="bbox 225 5572 1780 5652">
    <p class='ocr_par' dir='ltr' id='par_1_110' title="bbox 225 5572 1747 5652">
     <span class='ocr_line' id='line_1_112' title="bbox 225 5572 1747 5652; baseline -0.001 -18"><span class='ocrx_word' id='word_1_811' title='bbox 513 5581 534 5611; x_wconf 77' lang='grc'>⁸</span> <span class='ocrx_word' id='word_1_812' title='bbox 561 5572 784 5652; x_wconf 62' lang='grc' dir='ltr'>Ὀῦτωζξ.</span> <span class='ocrx_word' id='word_1_813' title='bbox 812 5572 978 5635; x_wconf 71' lang='grc' dir='ltr'>Ᾱὺεει</span> <span class='ocrx_word' id='word_1_814' title='bbox 1013 5597 1044 5636; x_wconf 81' lang='lat' dir='ltr'><strong>a</strong></span> <span class='ocrx_word' id='word_1_815' title='bbox 1076 5582 1196 5636; x_wconf 79' lang='lat' dir='ltr'><strong>cod.</strong></span> <span class='ocrx_word' id='word_1_816' title='bbox 1231 5583 1284 5647; x_wconf 84' lang='grc'><strong>1,</strong></span> <span class='ocrx_word' id='word_1_817' title='bbox 1306 5582 1360 5636; x_wconf 73' lang='grc'><strong>2.</strong></span> <span class='ocrx_word' id='word_1_818' title='bbox 1437 5583 1453 5611; x_wconf 86' lang='grc'><strong>⁷</strong></span> <span class='ocrx_word' id='word_1_819' title='bbox 1493 5583 1747 5646; x_wconf 73' lang='grc' dir='ltr'>Ἰκανός.</span> 
     </span>
    </p>
   </div>
   <div class='ocr_carea' id='block_1_111' title="bbox 1892 5572 3476 5652">
    <p class='ocr_par' dir='ltr' id='par_1_111' title="bbox 1892 5572 3476 5652">
     <span class='ocr_line' id='line_1_113' title="bbox 1892 5572 3476 5652; baseline -0.006 -16"><span class='ocrx_word' id='word_1_820' title='bbox 1892 5621 1904 5635; x_wconf 93' lang='grc'><strong>.</strong></span> <span class='ocrx_word' id='word_1_821' title='bbox 1942 5584 1965 5636; x_wconf 86' lang='grc'><strong>1</strong></span> <span class='ocrx_word' id='word_1_822' title='bbox 2003 5572 2127 5636; x_wconf 72' lang='lat' dir='ltr'><strong>add.</strong></span> <span class='ocrx_word' id='word_1_823' title='bbox 2165 5572 2472 5652; x_wconf 72' lang='grc' dir='ltr'>γενήσεται.</span> <span class='ocrx_word' id='word_1_824' title='bbox 2547 5581 2568 5613; x_wconf 84' lang='grc'><strong>⁸</strong></span> <span class='ocrx_word' id='word_1_825' title='bbox 2603 5581 2789 5635; x_wconf 84' lang='grc' dir='ltr'>Τοῦτο</span> <span class='ocrx_word' id='word_1_826' title='bbox 2811 5581 2912 5652; x_wconf 73' lang='grc' dir='ltr'>καὶ</span> <span class='ocrx_word' id='word_1_827' title='bbox 2943 5572 3105 5652; x_wconf 54' lang='lat' dir='ltr'><strong>(orig.</strong></span> <span class='ocrx_word' id='word_1_828' title='bbox 3137 5576 3260 5630; x_wconf 86' lang='lat' dir='ltr'><strong>cod.</strong></span> <span class='ocrx_word' id='word_1_829' title='bbox 3294 5577 3316 5629; x_wconf 90' lang='grc'>1</span> <span class='ocrx_word' id='word_1_830' title='bbox 3350 5572 3476 5652; x_wconf 69' lang='grc' dir='ltr'>τού-</span> 
     </span>
    </p>
   </div>
   <div class='ocr_carea' id='block_1_112' title="bbox 224 5645 1780 5724">
    <p class='ocr_par' dir='ltr' id='par_1_112' title="bbox 224 5645 1780 5724">
     <span class='ocr_line' id='line_1_114' title="bbox 224 5645 1780 5724; baseline 0.001 -22"><span class='ocrx_word' id='word_1_831' title='bbox 224 5665 350 5724; x_wconf 58' lang='grc' dir='ltr'>του-ς</span> <span class='ocrx_word' id='word_1_832' title='bbox 380 5649 540 5724; x_wconf 84' lang='grc' dir='ltr'>ῐσμεν</span> <span class='ocrx_word' id='word_1_833' title='bbox 565 5653 660 5704; x_wconf 78' lang='grc' dir='ltr'>καὶ</span> <span class='ocrx_word' id='word_1_834' title='bbox 680 5645 827 5724; x_wconf 82' lang='grc' dir='ltr'>τούς.</span> <span class='ocrx_word' id='word_1_835' title='bbox 902 5653 1041 5706; x_wconf 73' lang='grc' dir='ltr'>θού.</span> <span class='ocrx_word' id='word_1_836' title='bbox 1075 5653 1246 5724; x_wconf 60' lang='lat' dir='ltr'><strong>mihi!</strong></span> <span class='ocrx_word' id='word_1_837' title='bbox 1271 5645 1398 5724; x_wconf 80' lang='lat' dir='ltr'><strong>add.</strong></span> <span class='ocrx_word' id='word_1_838' title='bbox 1430 5653 1528 5722; x_wconf 81' lang='grc' dir='ltr'>μή.</span> <span class='ocrx_word' id='word_1_839' title='bbox 1607 5645 1780 5719; x_wconf 40' lang='grc' dir='ltr'><strong>¹⁰Ε⁷ῑρς</strong></span> 
     </span>
    </p>
   </div>
   <div class='ocr_carea' id='block_1_113' title="bbox 1892 5645 3472 5724">
    <p class='ocr_par' dir='ltr' id='par_1_113' title="bbox 1892 5645 3472 5724">
     <span class='ocr_line' id='line_1_115' title="bbox 1892 5645 3472 5724; baseline -0.006 -19"><span class='ocrx_word' id='word_1_840' title='bbox 1892 5669 1942 5706; x_wconf 82' lang='lat' dir='ltr'><strong>r.</strong></span> <span class='ocrx_word' id='word_1_841' title='bbox 1976 5654 2099 5724; x_wconf 89' lang='lat' dir='ltr'><strong>cod.</strong></span> <span class='ocrx_word' id='word_1_842' title='bbox 2131 5645 2308 5707; x_wconf 58' lang='lat' dir='ltr'><strong>iadd&#39;.</strong></span> <span class='ocrx_word' id='word_1_843' title='bbox 2339 5653 2366 5704; x_wconf 85' lang='grc' dir='ltr'>ὁ</span> <span class='ocrx_word' id='word_1_844' title='bbox 2399 5653 2711 5724; x_wconf 70' lang='grc' dir='ltr'>προφήτης.</span> <span class='ocrx_word' id='word_1_845' title='bbox 2780 5650 2983 5724; x_wconf 45' lang='grc' dir='ltr'><strong>’ξ-ιςαί.</strong></span> <span class='ocrx_word' id='word_1_846' title='bbox 3015 5650 3182 5724; x_wconf 83' lang='lat' dir='ltr'><strong>A__best</strong></span> <span class='ocrx_word' id='word_1_847' title='bbox 3207 5662 3238 5700; x_wconf 91' lang='lat' dir='ltr'><strong>a</strong></span> <span class='ocrx_word' id='word_1_848' title='bbox 3263 5645 3386 5724; x_wconf 79' lang='lat' dir='ltr'><strong>cod.</strong></span> <span class='ocrx_word' id='word_1_849' title='bbox 3420 5645 3472 5698; x_wconf 93' lang='grc'><strong>1.</strong></span> 
     </span>
    </p>
   </div>
   <div class='ocr_carea' id='block_1_114' title="bbox 229 5717 1780 5794">
    <p class='ocr_par' dir='ltr' id='par_1_114' title="bbox 229 5717 1780 5794">
     <span class='ocr_line' id='line_1_116' title="bbox 229 5717 1780 5794; baseline -0.005 -15"><span class='ocrx_word' id='word_1_850' title='bbox 229 5720 278 5794; x_wconf 56' lang='grc' dir='ltr'>ίξ</span> <span class='ocrx_word' id='word_1_851' title='bbox 306 5717 562 5794; x_wconf 70' lang='grc' dir='ltr'>Τούτων.</span> <span class='ocrx_word' id='word_1_852' title='bbox 624 5721 811 5794; x_wconf 75' lang='lat' dir='ltr'><strong>c9d.l</strong></span> <span class='ocrx_word' id='word_1_853' title='bbox 859 5738 1046 5794; x_wconf 69' lang='lat' dir='ltr'><strong>prtem.</strong></span> <span class='ocrx_word' id='word_1_854' title='bbox 1075 5721 1218 5794; x_wconf 65' lang='grc' dir='ltr'><strong>Δκαί.</strong></span> <span class='ocrx_word' id='word_1_855' title='bbox 1298 5717 1503 5794; x_wconf 61' lang='lat' dir='ltr'><strong>&quot;inpr</strong></span> <span class='ocrx_word' id='word_1_856' title='bbox 1558 5717 1780 5777; x_wconf 69' lang='grc' dir='ltr'>τούτων</span> 
     </span>
    </p>
   </div>
   <div class='ocr_carea' id='block_1_115' title="bbox 1892 5717 3472 5794">
    <p class='ocr_par' dir='ltr' id='par_1_115' title="bbox 1892 5717 3472 5794">
     <span class='ocr_line' id='line_1_117' title="bbox 1892 5717 3472 5794; baseline -0.007 -17"><span class='ocrx_word' id='word_1_857' title='bbox 1892 5725 1986 5777; x_wconf 76' lang='lat' dir='ltr'><strong>les.</strong></span> <span class='ocrx_word' id='word_1_858' title='bbox 2027 5723 2081 5776; x_wconf 91' lang='lat' dir='ltr'><strong>in</strong></span> <span class='ocrx_word' id='word_1_859' title='bbox 2108 5724 2228 5778; x_wconf 90' lang='lat' dir='ltr'><strong>cod.</strong></span> <span class='ocrx_word' id='word_1_860' title='bbox 2258 5724 2313 5777; x_wconf 77' lang='lat'><strong>2.</strong></span> <span class='ocrx_word' id='word_1_861' title='bbox 2403 5717 2453 5794; x_wconf 45' lang='grc' dir='ltr'><strong>’θ’</strong></span> <span class='ocrx_word' id='word_1_862' title='bbox 2484 5717 2592 5778; x_wconf 65' lang='grc' dir='ltr'><strong>Καὶ</strong></span> <span class='ocrx_word' id='word_1_863' title='bbox 2623 5717 2771 5794; x_wconf 75' lang='grc' dir='ltr'>διέκ.</span> <span class='ocrx_word' id='word_1_864' title='bbox 2803 5720 2966 5794; x_wconf 64' lang='lat' dir='ltr'><strong>Hebr.</strong></span> <span class='ocrx_word' id='word_1_865' title='bbox 2993 5736 3007 5772; x_wconf 88' lang='lat'><strong>:</strong></span> <span class='ocrx_word' id='word_1_866' title='bbox 3032 5717 3100 5771; x_wconf 89' lang='lat' dir='ltr'><strong>Et</strong></span> <span class='ocrx_word' id='word_1_867' title='bbox 3130 5733 3248 5770; x_wconf 89' lang='lat' dir='ltr'><strong>cum</strong></span> <span class='ocrx_word' id='word_1_868' title='bbox 3277 5719 3472 5783; x_wconf 82' lang='lat' dir='ltr'><strong>ﬂorue-</strong></span> 
     </span>
    </p>
   </div>
   <div class='ocr_carea' id='block_1_116' title="bbox 231 5789 1780 5874">
    <p class='ocr_par' dir='ltr' id='par_1_116' title="bbox 231 5789 1780 5874">
     <span class='ocr_line' id='line_1_118' title="bbox 231 5789 1780 5874; baseline 0.003 -32"><span class='ocrx_word' id='word_1_869' title='bbox 231 5790 361 5874; x_wconf 63' lang='lat' dir='ltr'><strong>rint.</strong></span> <span class='ocrx_word' id='word_1_870' title='bbox 391 5790 539 5874; x_wconf 67' lang='lat' dir='ltr'><strong>Ago.</strong></span> <span class='ocrx_word' id='word_1_871' title='bbox 565 5800 620 5846; x_wconf 85' lang='lat' dir='ltr'><strong>et</strong></span> <span class='ocrx_word' id='word_1_872' title='bbox 648 5789 978 5874; x_wconf 35' lang='lat' dir='ltr'><strong>Syrtium—ua).</strong></span> <span class='ocrx_word' id='word_1_873' title='bbox 999 5792 1258 5874; x_wconf 69' lang='grc' dir='ltr'>ηνθησαν.</span> <span class='ocrx_word' id='word_1_874' title='bbox 1339 5795 1379 5826; x_wconf 75' lang='grc'>⁸⁸</span> <span class='ocrx_word' id='word_1_875' title='bbox 1407 5789 1594 5874; x_wconf 45' lang='lat' dir='ltr'><strong>Life-tt.</strong></span> <span class='ocrx_word' id='word_1_876' title='bbox 1631 5794 1780 5874; x_wconf 32' lang='lat' dir='ltr'><strong>‘I‘n&#39;co</strong></span> 
     </span>
    </p>
   </div>
   <div class='ocr_carea' id='block_1_117' title="bbox 1892 5789 3474 5874">
    <p class='ocr_par' dir='ltr' id='par_1_117' title="bbox 1892 5789 3474 5874">
     <span class='ocr_line' id='line_1_119' title="bbox 1892 5789 3474 5874; baseline -0.005 -28"><span class='ocrx_word' id='word_1_877' title='bbox 1892 5839 1907 5874; x_wconf 46' lang='grc' dir='ltr'><strong>λ·</strong></span> <span class='ocrx_word' id='word_1_878' title='bbox 1929 5802 2234 5874; x_wconf 60' lang='lat' dir='ltr'><strong>sequuntur</strong></span> <span class='ocrx_word' id='word_1_879' title='bbox 2259 5809 2345 5874; x_wconf 72' lang='lat' dir='ltr'><strong>ea,</strong></span> <span class='ocrx_word' id='word_1_880' title='bbox 2377 5792 2449 5848; x_wconf 80' lang='grc' dir='ltr'><strong>Τὸ</strong></span> <span class='ocrx_word' id='word_1_881' title='bbox 2477 5793 2738 5863; x_wconf 69' lang='grc' dir='ltr'>διέκυψαν</span> <span class='ocrx_word' id='word_1_882' title='bbox 2768 5821 2841 5834; x_wconf 93' lang='grc'><strong>--</strong></span> <span class='ocrx_word' id='word_1_883' title='bbox 2866 5789 3181 5862; x_wconf 89' lang='grc' dir='ltr'>Σύμμαχος,</span> <span class='ocrx_word' id='word_1_884' title='bbox 3205 5803 3327 5859; x_wconf 70' lang='lat' dir='ltr'><strong>quae</strong></span> <span class='ocrx_word' id='word_1_885' title='bbox 3353 5795 3474 5856; x_wconf 68' lang='lat' dir='ltr'><strong>post</strong></span> 
     </span>
    </p>
   </div>
   <div class='ocr_carea' id='block_1_118' title="bbox 232 5861 1780 5934">
    <p class='ocr_par' dir='ltr' id='par_1_118' title="bbox 232 5861 1771 5934">
     <span class='ocr_line' id='line_1_120' title="bbox 232 5861 1771 5934; baseline 0.001 -19"><span class='ocrx_word' id='word_1_886' title='bbox 232 5861 400 5918; x_wconf 80' lang='lat' dir='ltr'><strong>verba</strong></span> <span class='ocrx_word' id='word_1_887' title='bbox 434 5869 614 5920; x_wconf 77' lang='lat' dir='ltr'><strong>textus</strong></span> <span class='ocrx_word' id='word_1_888' title='bbox 640 5877 669 5918; x_wconf 83' lang='lat' dir='ltr'><strong>a</strong></span> <span class='ocrx_word' id='word_1_889' title='bbox 693 5861 996 5923; x_wconf 32' lang='lat' dir='ltr'><strong>’Sirmondo</strong></span> <span class='ocrx_word' id='word_1_890' title='bbox 1017 5861 1190 5934; x_wconf 70' lang='lat' dir='ltr'><strong>posita</strong></span> <span class='ocrx_word' id='word_1_891' title='bbox 1217 5874 1365 5920; x_wconf 89' lang='lat' dir='ltr'><strong>sunt.</strong></span> <span class='ocrx_word' id='word_1_892' title='bbox 1444 5865 1486 5896; x_wconf 83' lang='grc'>¹⁶</span> <span class='ocrx_word' id='word_1_893' title='bbox 1514 5864 1587 5918; x_wconf 85' lang='grc' dir='ltr'><em>Τὸ</em></span> <span class='ocrx_word' id='word_1_894' title='bbox 1621 5862 1771 5917; x_wconf 79' lang='grc' dir='ltr'>διέκ.</span> 
     </span>
    </p>
   </div>
   <div class='ocr_carea' id='block_1_119' title="bbox 1892 5861 2396 5934">
    <p class='ocr_par' dir='ltr' id='par_1_119' title="bbox 1892 5861 2396 5930">
     <span class='ocr_line' id='line_1_121' title="bbox 1892 5861 2396 5930; baseline -0.002 -11"><span class='ocrx_word' id='word_1_895' title='bbox 1892 5863 1928 5919; x_wconf 80' lang='grc'><strong>1.</strong></span> <span class='ocrx_word' id='word_1_896' title='bbox 1954 5863 1989 5916; x_wconf 71' lang='grc'>2</span> <span class='ocrx_word' id='word_1_897' title='bbox 2006 5861 2066 5918; x_wconf 76' lang='grc' dir='ltr'>τὸ</span> <span class='ocrx_word' id='word_1_898' title='bbox 2091 5863 2147 5917; x_wconf 79' lang='grc' dir='ltr'>δὲ</span> <span class='ocrx_word' id='word_1_899' title='bbox 2170 5864 2396 5930; x_wconf 75' lang='grc' dir='ltr'>ἔκυψαν.</span> 
     </span>
    </p>
   </div>
   <div class='ocr_carea' id='block_1_120' title="bbox 221 5439 1842 5510">
    <p class='ocr_par' dir='ltr' id='par_1_120' title="bbox 221 5439 1842 5510">
     <span class='ocr_line' id='line_1_122' title="bbox 221 5439 1842 5510; baseline 0.001 -19"><span class='ocrx_word' id='word_1_900' title='bbox 221 5448 271 5491; x_wconf 78' lang='grc' dir='ltr'><strong>ει</strong></span> <span class='ocrx_word' id='word_1_901' title='bbox 301 5439 432 5492; x_wconf 83' lang='lat' dir='ltr'><strong>illuc</strong></span> <span class='ocrx_word' id='word_1_902' title='bbox 453 5449 672 5510; x_wconf 77' lang='lat' dir='ltr'><strong>vagetur</strong></span> <span class='ocrx_word' id='word_1_903' title='bbox 699 5442 790 5510; x_wconf 82' lang='lat' dir='ltr'><strong>qui</strong></span> <span class='ocrx_word' id='word_1_904' title='bbox 814 5445 948 5494; x_wconf 83' lang='lat' dir='ltr'><strong>hanc</strong></span> <span class='ocrx_word' id='word_1_905' title='bbox 981 5441 1215 5494; x_wconf 84' lang='lat' dir='ltr'><strong>instituit</strong></span> <span class='ocrx_word' id='word_1_906' title='bbox 1247 5439 1708 5509; x_wconf 79' lang='lat' dir='ltr'><strong>supplicationem,</strong></span> <span class='ocrx_word' id='word_1_907' title='bbox 1731 5442 1842 5496; x_wconf 87' lang='lat' dir='ltr'><strong>sed.</strong></span> 
     </span>
    </p>
   </div>
   <div class='ocr_carea' id='block_1_121' title="bbox 226 5512 1556 5580">
    <p class='ocr_par' dir='ltr' id='par_1_121' title="bbox 226 5512 1556 5580">
     <span class='ocr_line' id='line_1_123' title="bbox 226 5512 1556 5580; baseline 0.001 -17"><span class='ocrx_word' id='word_1_908' title='bbox 226 5517 456 5578; x_wconf 90' lang='lat' dir='ltr'><strong>uterque</strong></span> <span class='ocrx_word' id='word_1_909' title='bbox 481 5512 784 5580; x_wconf 75' lang='grc' dir='ltr'>εὔφρανας.</span> <span class='ocrx_word' id='word_1_910' title='bbox 821 5526 942 5578; x_wconf 63' lang='lat' dir='ltr'><strong>qua:</strong></span> <span class='ocrx_word' id='word_1_911' title='bbox 969 5519 1053 5565; x_wconf 88' lang='lat' dir='ltr'><strong>est</strong></span> <span class='ocrx_word' id='word_1_912' title='bbox 1085 5527 1194 5565; x_wconf 90' lang='lat' dir='ltr'><strong>rec.</strong></span> <span class='ocrx_word' id='word_1_913' title='bbox 1231 5512 1390 5565; x_wconf 83' lang='lat' dir='ltr'><strong>lectio</strong></span> <span class='ocrx_word' id='word_1_914' title='bbox 1429 5513 1484 5564; x_wconf 93' lang='lat' dir='ltr'><strong>h.</strong></span> <span class='ocrx_word' id='word_1_915' title='bbox 1521 5513 1556 5565; x_wconf 93' lang='grc' dir='ltr'>Ι.</span> 
     </span>
    </p>
   </div>
  </div>
