3924 6486
23 3 397 185 Γ-

229 325 359 391 1625

1570 335 1655 397 IN
1693 336 1899 398 PSAL.
1940 314 2125 396 x011:

3332 331 3470 401 16⁵26

220 438 305 501 τός
328 440 483 491 ἐστιν
511 439 542 492 ό
574 439 704 503 Υίός
741 438 896 512 μουὸ
939 440 1242 512 ἀγαπητὸς,
1281 443 1341 497 ἐν
1397 436 1443 512 ᾧ
1480 443 1788 515 εὐδόκησα,

1900 447 1987 501 sed
2010 455 2072 501 ut
2112 444 2428 501 testimonio
2471 444 2892 503 conﬁrmaretur
2932 446 3062 503 illud
3097 464 3111 501 :
3160 464 3180 499 ι
3235 443 3335 500 Hic
3383 454 3470 501 est

219 528 380 584 αὐτοῦ
406 530 687 604 ἀκούετε.]
720 550 739 584 ι
779 532 1095 587 Ἐνεδύσατο
1138 534 1343 605 Κύριος
1401 535 1653 608 δύναμιν,
1695 537 1787 591 καὶ

219 621 612 694 περιεζώσατο.
655 643 675 677 ι
712 626 836 678 Ὅτι
865 624 910 659 ⁸³
942 626 1175 696 Χριστὸς
1208 627 1343 682 Θεοῦ
1385 628 1635 700 δύναμις,
1694 630 1789 683 καὶ

218 715 348 769 Θεοῦ
379 716 565 784 σοφία,
598 716 785 786 σαφῶς
817 718 867 751 ⁸³
894 720 1041 791 ἡμᾶς
1065 721 1092 773 ό
1107 720 1249 783 θεῖος
1265 721 1313 754 ⁸⁸
1336 720 1545 787 Παῦλος
1559 723 1786 788 ἐδίδαξε.

219 807 521 877 Τοιγαροῦν
548 809 645 879 οὐχ
673 808 941 881 ἑτέρωθεν
972 812 1134 865 ποθὲν
1158 812 1375 880 ἐδέξατο
1406 813 1636 886 δύναμιν
1656 856 1671 880 ,
1722 818 1790 888 ἠν

226 897 297 967 μὴ
324 897 593 967 πρότερον
622 897 789 968 εἶχεν,
811 899 947 952 ἀλλά
969 901 1035 971 τῇ
1064 901 1244 971 οἰκείᾳ
1273 900 1498 972 δυνάμει
1527 902 1667 955 κατὰ
1681 901 1790 955 τῶν

228 988 497 1059 πολεμίων
528 990 819 1061 ἐχρήσατο’
848 990 1174 1063 σχηματίζει
1206 991 1263 1045 δὲ
1286 992 1449 1046 αὐτὸν
1479 995 1792 1064 όπροφητι-

225 1080 315 1145 κὸς
339 1081 524 1149 λόγος,
542 1078 654 1135 οἷόν
680 1099 801 1136 τινα
827 1081 1049 1153 βασιλέα
1067 1082 1349 1154 βασιλικὴν
1365 1084 1665 1138 πανοπλίαν
1697 1102 1793 1137 πε-

222 1172 630 1243 ριϐαλλόμενον,
695 1174 791 1228 καὶ
830 1173 977 1247 ζώνῃ
1035 1174 1337 1249 χρώμενον,
1370 1177 1465 1230 καὶ⁸
1516 1176 1656 1230 κατά
1684 1176 1793 1229 τῶν

222 1265 489 1336 πολεμίων
535 1265 933 1337 ἀγωνιζόμενον
956 1268 1025 1321 ⁸⁸.
1062 1262 1196 1321 Εἶτα
1220 1268 1265 1301 ⁸⁸
1282 1268 1519 1322 δείκνυσι
1548 1269 1616 1322 τὰ
1636 1270 1681 1300 ⁸⁷
1702 1271 1790 1321 ἐν·

222 1355 402 1410 τεῦθεν
424 1356 687 1427 γινόμενα
715 1357 1111 1431 κατορθώματα
1126 1360 1195 1414 ⁸⁸.
1224 1360 1336 1413 Kal
1353 1359 1460 1430 γὰρ
1495 1361 1793 1432 ἐστερέωσε

222 1448 313 1517 τὴν
340 1449 696 1521 οἰκουμένην,
736 1450 771 1521 ἦ
807 1468 891 1515 τις
922 1451 982 1505 οὐ
1025 1451 1432 1523 σαλευθήσεται.
1459 1471 1477 1503 ι
1523 1452 1792 1521 Ἐδραίαν,

223 1540 365 1609 φησὶ,
424 1541 526 1613 τὴν
581 1542 906 1614 οἰκουμένην
955 1544 1231 1614 ἀπέφηνε,
1292 1546 1387 1599 καὶ
1426 1548 1683 1619 στερῤἀν,
1734 1547 1797 1599 τὸ

226 1630 433 1701 βέὸαιον
480 1633 579 1703 τῆς
645 1633 794 1699 θείας
814 1633 1067 1704 γνώσεως
1085 1636 1133 1668 ⁸³
1168 1636 1421 1707 ἔχουσαν,
1455 1638 1550 1691 καὶ
1578 1639 1676 1708 τῆς
1702 1636 1796 1692 τοῦ

1888 537 2062 593 Filius
2092 553 2249 594 meus
2291 539 2546 603 dilectus,
2582 540 2638 594 in
2682 554 2791 609 quo
2831 538 3230 610 heneplacitum
3266 537 3466 602 habeo,

1890 628 2039 683 illum
2066 627 2305 683 audited.
2344 628 2391 701 ι]
2426 649 2446 682 ι
2484 628 2711 685 lndutus
2732 638 2815 685 est
2838 630 3104 684 Dominus
3126 626 3466 689 fortitudine.

1889 731 1943 774 et
1970 721 2253 789 praecinxit
2282 736 2361 777 se.
2398 740 2417 773 ι
2457 721 2737 776 Christum
2768 736 2889 776 esse
2917 720 3013 776 Dei
3047 719 3370 792 potentiam,
3414 725 3473 774 et

1892 812 1986 867 Dei
2027 812 2368 881 sapientiam,
2411 812 2700 867 manifeste
2730 827 2829 867 nos
2866 812 3083 867 divinus
3129 810 3335 864 Paulus
3368 810 3470 865 do-

1891 903 2001 957 cuit
2027 914 2071 958 θ.
2113 902 2290 969 Quare
2319 918 2427 958 non
2469 904 2688 959 aliunde
2720 903 3014 974 potentiam
3044 902 3275 971 accepit,
3304 915 3470 970 quam

1892 1010 1999 1049 non
2036 995 2248 1065 1272
2288 997 2440 1065 prius
2469 995 2721 1061 habebat,
2754 994 2847 1050 scd
2878 995 3101 1065 propria
3147 993 3389 1064 potentia
3413 994 3468 1047 in

1887 1085 2078 1142 hostes
2104 1104 2236 1143 usus
2264 1097 2366 1143 est.
2405 1089 2586 1159 Ipsum
2613 1097 2793 1143 autem
2825 1088 3088 1145 describit
3121 1086 3472 1157 propheticus

1893 1193 2097 1243 sermo,
2124 1178 2286 1234 veluti
2319 1180 2609 1249 quemdam
2646 1195 2851 1251 regem,
2893 1179 3062 1234 armis
3092 1177 3352 1233 omnibus
3383 1177 3470 1230 in-

1893 1268 2110 1334 dutum,
2144 1272 2473 1341 cinguloque
2493 1279 2770 1335 ornatum,
2805 1280 2859 1325 et
2888 1270 3150 1325 adversus
3172 1268 3357 1322 hostes
3387 1266 3473 1321 di-

1895 1363 2213 1418 micantem.
2262 1363 2465 1418 Deinde
2518 1364 2760 1419 ostendit
2808 1372 2953 1417 recte
2998 1371 3119 1416 acta
3179 1376 3303 1431 qua:
3343 1360 3474 1416 hinc

1896 1456 2215 1527 procedunt.
2245 1473 2263 1508 ι
2305 1455 2513 1511 Etenim
2548 1456 2781 1510 lirmavit
2811 1455 2999 1508 orbem
3024 1462 3205 1515 terrm,
3232 1452 3324 1521 qui
3355 1466 3467 1507 non

1896 1547 2345 1604 commovebitur.
2382 1567 2399 1599 ι
2424 1548 2712 1611 διοὶιίιειιι,
2742 1546 2940 1617 inquit,
2964 1556 3019 1599 ct.
3043 1545 3255 1598 lirmutn
3283 1541 3469 1597 orbem

1896 1638 2153 1704 reddidit,
2209 1639 2408 1695 divinae
2446 1638 2797 1709 cogitationis
2839 1636 3144 1691 ﬁrmitatem
3195 1634 3469 1702 adeptum,

222 1722 443 1795 ψεύδους
471 1724 680 1798 πλάνης
697 1727 1144 1798 ἀπηλλαγμένην.
1168 1730 1363 1783 Οὐκέτι
1376 1728 1485 1802 γὰρ
1515 1731 1564 1783 oi
1591 1729 1794 1800 ἄνθρω-

1900 1741 1953 1787 ει
1980 1748 2011 1786 a
2052 1732 2187 1787 falso
2217 1749 2408 1788 errore
2441 1732 2752 1787 liberatum.
2784 1730 2901 1784 Non
2933 1729 3169 1798 amplius
3200 1728 3344 1782 enim
3372 1728 3473 1781 ho-

223 1836 325 1881 ποι,
358 1818 459 1872 νῦν
484 1820 584 1890 μέν
616 1820 862 1885 τούτους,
895 1821 992 1876 νῦν
1040 1821 1099 1875 δὲ
1155 1822 1395 1885 ἐκείνους
1451 1824 1578 1886 τοὺς
1640 1821 1795 1885 θεοὺς

228 1910 644 1981 προσκυνοῦσιν,
706 1912 842 1968 ἀλλά
897 1912 977 1984 τῷ
1028 1912 1266 1985 ἀληθινῷ
1323 1912 1443 1985 Θεῷ
1509 1914 1572 1968 τὸ
1626 1914 1789 1979 σέϐας

222 2006 621 2074 προσφέρουσιν
650 2006 720 2061 ³ο.

284 2094 352 2165 β’.
384 2115 405 2148 ι
441 2097 701 2167 Ἕτοιμος
729 2098 758 2151 ὁ
781 2098 969 2169 θρόνος
1004 2116 1098 2153 σου
1133 2099 1241 2153 ἀπὸ
1268 2099 1411 2164 τότε,
1438 2099 1547 2153 ἀπὸ
1579 2098 1676 2152 τοῦ
1705 2116 1792 2152 αι·-

220 2188 349 2253 ὦνος
377 2190 445 2243 σὺ
473 2185 546 2243 εἶ.
590 2209 609 2241 ι
646 2190 719 2242 υύ
756 2191 871 2255 νῦν,
923 2192 1077 2262 φησὶ,
1112 2192 1212 2261 τῆς
1240 2194 1282 2225 ⁹¹
1311 2191 1585 2263 βασιλείας
1629 2190 1793 2256 ἐδέξω

219 2280 575 2351 χειροτονίαν,
607 2281 722 2335 ἀλλ’
745 2280 913 2336 ἀΐδιόν
944 2283 1089 2353 ἔχεις
1111 2283 1171 2336 τὸ
1196 2283 1417 2355 κράτος,
1458 2284 1553 2337 καὶ
1578 2284 1678 2352 τὴν
1697 2281 1793 2352 βα-

221 2371 431 2425 σιλείαν
457 2372 675 2426 αἰώνιον
696 2388 712 2404 ο
734 2374 828 2427 κα)⁵
861 2376 990 2446 περὶ
1031 2373 1133 2445 μὲν
1161 2376 1260 2445 τῆς
1290 2375 1588 2446 βασιλείας,
1618 2376 1715 2431 κα)⁸
1735 2377 1793 2430 ἐν

217 2463 291 2535 τῷ
318 2470 374 2534 μ’
397 2465 495 2518 καὶ⁸
521 2464 564 2518 δ’
592 2465 697 2536 ἔφη
724 2466 923 2538 ψαλμῷ
951 2484 965 2500 α
998 2487 1016 2519 ι
1041 2468 1097 2521 '0
1128 2469 1313 2539 θρόνος
1347 2485 1462 2531 σου,
1485 2472 1513 2523 ὁ
1538 2469 1689 2535 Θεὸς,
1713 2470 1794 2533 είς

218 2554 303 2609 τὸν
334 2556 517 2611 αίῶνα
547 2556 640 2611 τοῦ
703 2559 898 2622 αἰῶνος
930 2561 997 2613 ⁹².
1030 2578 1049 2612 ι
1090 2560 1162 2614 Τὸ
1194 2560 1252 2613 δέ
1291 2561 1646 2615 ἀναλλοίωτον
1693 2561 1795 2613 αύ-

216 2647 322 2711 τοῦ,
356 2650 458 2702 καὶ
488 2650 779 2721 ἄτρεπτον,
829 2652 886 2703 ἐν
920 2651 998 2721 τῷ
1053 2659 1134 2723 ρα¹
1162 2652 1381 2725 ψαλμῷ,
1436 2655 1600 2709 πάλιν
1645 2655 1793 2725 ἡμᾶς

219 2739 423 2806 ἐδίδαξε
457 2757 473 2772 ·
511 2760 531 2793 ι
558 2743 630 2795 Σὺ
671 2743 778 2814 γὰρ
818 2744 980 2806 αὐτὸς
1011 2745 1056 2777 ⁸³
1100 2743 1167 2807 εί,
1209 2746 1364 2817 φησὶ,
1422 2747 1520 2800 καὶ
1568 2747 1638 2801 τὰ
1696 2747 1793 2817 ἐτη

219 2848 307 2887 σου
342 2834 449 2887 οὐκ
484 2836 851 2905 ἐκλείψουσιν.
883 2836 968 2909 [⁸⁸
1002 2839 1064 2893 Εἰ
1094 2839 1204 2908 γὰρ
1237 2841 1332 2894 καὶ
1361 2838 1648 2911 ἄνθρωπος
1673 2840 1796 2910 ἐγέ-

218 2943 326 2989 νου,
355 2928 464 2981 οὐκ
495 2928 680 2999 ἐνδεὴς
708 2929 810 2999 τῆς
838 2930 1114 2999 θεότητος,
1146 2932 1266 2986 οὐδέ
1295 2931 1388 2985 τοῦ
1404 2933 1616 3003 Πατρδς
1644 2933 1676 3006 ἢ
1699 2932 1792 2986 τοῦ

194 3020 492 3088 ,παναγίου
529 3021 845 3091 Πνεύματος
876 3023 1181 3096 ἐχωρίσθης
1210 3040 1223 3055 ⁸
1243 3024 1341 3096 μία
1369 3026 1478 3096 γὰρ
1514 3015 1671 3079 οὐσία
1692 3026 1794 3096 τῆς

217 3110 488 3181 ἀχράντου
518 3110 741 3182 Τριάδος
775 3128 789 3142 ·
840 3114 937 3183 μία
969 3114 1239 3184 βασιλεία,
1297 3117 1399 3194 μία
1459 3117 1788 3190 κυρίοτης.]

229 3200 583 3272 Ἀμφοτέρας
624 3202 807 3273 μέντοι
849 3203 949 3267 τὰς
985 3206 1292 3277 μαρτυρίας
1353 3210 1382 3261 ό
1413 3207 1686 3279 μακάριος
1747 3208 1795 3239 ³⁵

220 3291 434 3356 Παῦλος
472 3295 830 3366 προσήρμοσε
861 3295 939 3366 τῷ
967 3297 1209 3370 Δεσπότῃ
1234 3299 1454 3370 Χριστῷ
1484 3300 1548 3354 ⁸⁸⁸.

285 3410 357 3472 γ’.
395 3423 415 3456 ι
476 3404 720 3477 Ἐπῆραν
747 3406 797 3460 οἱ
844 3410 1101 3478 ποταμοὶ,
1138 3409 1331 3481 Κύριε,
1356 3410 1571 3482 ἐπῆραν
1611 3413 1660 3464 oi
1695 3408 1797 3466 πο-

219 3500 387 3571 ταμοὶ
413 3501 604 3568 φωνὰς
628 3499 831 3563 αὐτῶν,
872 3500 1097 3571 ἀροῦσιν
1127 3503 1171 3535 ³⁷
1211 3504 1262 3554 οἱ
1299 3503 1537 3573 ποταμοὶ
1587 3504 1799 3574 ἐπιτρί-

218 3591 341 3659 ψεις
369 3588 557 3643 αὐτῶν
586 3590 656 3643 ’⁸.
694 3608 715 3643 ι
754 3589 1064 3659 Ποταμοὺς
1094 3590 1217 3653 τοὺς
1255 3590 1434 3659 ἱεροὺς
1467 3589 1799 3648 ἀποστόλους

219 3680 397 3747 καλεῖ,
442 3680 689 3745 καὶτοὺς
717 3680 835 3752 μετ’
866 3683 910 3715 ⁵³
939 3681 1180 3745 ἐκείνους
1196 3681 1523 3753 δεξαμένους
1557 3683 1574 3713 ί
1607 3682 1667 3735 τὸ
1695 3683 1798 3753 κή-

222 3791 430 3845 ρυγμα.
462 3768 624 3828 Οὗτοι
651 3773 760 3845 γὰρ
783 3772 1046 3844 ποταμῶν
1076 3773 1236 3845 δίκην
1287 3775 1507 3828 ἃπασαν
1537 3774 1557 3805 ²
1586 3773 1798 3845 ἀνθρώ-

221 3886 345 3932 ποις
379 3867 481 3940 τὴν
512 3868 730 3937 ἀρδείαν
767 3868 1172 3939 προσήνεγκαν.
1206 3866 1390 3930 Οὕτως
1427 3866 1629 3929 αὐτοὺς
1656 3867 1799 3920 καὶό

224 3961 502 4033 μακάριος
558 3962 1004 4034 προσηγόρευσεν
1072 3960 1387 4030 Ἀϐὅακούμ
1444 3959 1511 3992 ³·
1568 3979 1588 4012 ι
1622 3960 1799 4014 Ποτα-

227 4055 343 4124 μῶν
365 4055 391 4087 ’⁸
425 4056 728 4126 ῥαγήσεται
749 4057 845 4126 γῆ,
882 4073 900 4106 ι
926 4053 1174 4107 τουτέστι
1217 4052 1644 4121 διαιρεθήσεται,
1703 4050 1800 4105 καὶ

223 4148 323 4219 τὴν
361 4147 587 4219 ἀρδείαν
616 4146 850 4214 δέξεται.
885 4146 1041 4200 Οὕτω
1078 4144 1223 4198 καὶὸ
1250 4144 1454 4215 Κύριος
1484 4142 1587 4214 ἔφη
1630 4160 1645 4173 ο
1678 4160 1697 4194 ι
1742 4142 1799 4196 '0

228 4240 505 4294 πιστεύων
535 4241 617 4303 είς
658 4239 780 4310 ἐμὲ,
811 4238 995 4303 καθὼς
1025 4231 1180 4291 εἶπεν
1213 4237 1246 4308 ἡ
1294 4234 1506 4306 Γραφὴ,
1562 4234 1800 4304 ποταμοὶ

226 4334 293 4387 ἐκ
315 4333 422 4403 τῆς
449 4332 662 4396 κοιλίας
692 4331 856 4386 αὐτοῦ
885 4332 1171 4403 ῥεύσουσιν
1201 4329 1392 4393 ὓδατος
1425 4327 1649 4391 ζῶντος.
1678 4321 1796 4381 Οὖ-

227 4442 315 4479 τοι
350 4427 534 4479 τοίνυν
561 4426 611 4477 οἱ
661 4425 898 4496 ποταμοὶ
957 4424 1173 4494 ἐπῆραν
1210 4421 1392 4477 αὐτῶν
1433 4421 1533 4492 τὴν
1591 4421 1796 4491 φωνὴν,

1898 1827 2092 1888 mines,
2127 1842 2271 1881 nunc
2295 1825 2514 1896 quidem
2548 1826 2666 1887 hos,
2696 1841 2841 1879 nunc
2869 1824 2991 1878 illos
3014 1824 3145 1877 deos
3182 1822 3469 1886 honorant,

1893 1919 1986 1973 sed
2018 1933 2146 1972 vero
2183 1917 2293 1973 Deo
2324 1919 2530 1973 cultum
2561 1916 2836 1972 deferunt.

1968 2093 2127 2150 Vens.
2147 2096 2206 2149 9..
2233 2112 2252 2146 ι
2279 2094 2476 2149 Parata
2505 2102 2589 2149 est
2613 2093 2771 2150 sedes
2805 2101 2897 2148 tua
2931 2107 2996 2147 ex
3029 2102 3179 2156 tunc,
3212 2105 3241 2144 a
3269 2088 3471 2145 saeculo

1894 2194 1951 2240 tu
1986 2202 2066 2240 es.
2099 2204 2118 2237 ι
2154 2184 2274 2239 Non
2310 2200 2478 2250 nunc,
2512 2184 2607 2244 ait.
2652 2183 2803 2254 regni
2837 2182 3152 2238 electionem
3185 2180 3468 2250 accepisti,

1894 2278 1987 2333 sed
2012 2287 2272 2331 aeternum
2309 2277 2473 2332 habes
2510 2275 2818 2344 imperium,
2850 2285 2904 2330 et
2933 2290 3159 2343 regnum
3186 2272 3472 2341 sempiter-

1895 2384 2047 2423 num.
2078 2370 2154 2423 Ac
2200 2368 2269 2423 de
2295 2380 2463 2437 regno
2502 2367 2720 2436 quidem
2750 2365 2913 2420 etiam
2948 2364 2999 2419 in
3049 2361 3472 2434 quadragesimo

1893 2470 2091 2533 quarto
2112 2462 2323 2533 psalmo
2354 2469 2581 2516 testatus
2606 2469 2689 2515 est
2710 2478 2723 2514 :
2750 2480 2768 2511 ι
2792 2460 2833 2513 '1‘
2842 2460 3045 2514 hronus
3070 2466 3217 2521 tuus,
3240 2472 3273 2510 o
3305 2456 3470 2519 Deus,

1895 2556 1948 2609 in
1972 2555 2230 2610 saeculum
2255 2552 2437 2608 saeculi
2469 2552 2514 2606 τ.
2550 2571 2569 2603 ι
2598 2550 2753 2617 Quod
2779 2565 2910 2604 vero
2940 2547 3298 2602 immutabilis
3326 2546 3398 2600 sit
3418 2552 3474 2599 et

1895 2647 2255 2708 invariahilis,
2287 2646 2343 2700 in
2373 2646 2670 2701 centesimo
2703 2644 2879 2714 primo
2909 2642 3121 2712 psalmo
3152 2655 3347 2694 rursus
3371 2652 3472 2692 nos

1895 2742 2083 2798 docuit
2117 2759 2132 2796 :
2164 2760 2182 2793 ι
2229 2741 2308 2795 Tu
2337 2740 2506 2803 enim,
2550 2738 2747 2807 inquit.
2780 2736 2921 2790 idem
2955 2736 3070 2804 ipse
3117 2750 3198 2794 es.
3244 2742 3296 2786 ct
3344 2729 3473 2785 anni

1894 2836 1975 2891 tui
1999 2851 2107 2890 non
2131 2833 2383 2889 deﬁcient
2410 2836 2454 2887 ε.
2492 2850 2510 2883 ι
2548 2831 2687 2903 [Etsi
2714 2831 2858 2884 enim
2890 2829 3051 2882 homo
3082 2835 3245 2881 natus
3274 2822 3470 2886 fueris,

1896 2939 2077 2984 tamen
2108 2943 2217 2982 non
2256 2926 2482 2981 caruisti
2516 2924 2703 2979 divina
2742 2922 2949 2987 indole,
2983 2937 3081 2976 nec
3120 2936 3150 2974 a
3185 2919 3341 2973 Patre
3378 2926 3475 2972 aut

1898 3020 2104 3091 Spiritu
2127 3028 2316 3074 Sancto
2336 3018 2617 3087 seiunctus
2650 3014 2796 3071 fuisti
2828 3033 2841 3067 :
2869 3030 2974 3068 una
2999 3012 3142 3066 enim
3168 3010 3478 3080 purissimae

1898 3114 2181 3170 Trinitatis
2203 3121 2288 3168 est
2315 3111 2575 3174 essentia,
2611 3124 2779 3163 unum
2810 3116 2891 3161 est
2923 3121 3176 3176 regnum,
3200 3118 3368 3157 unum
3391 3109 3477 3156 est

1900 3207 2231 3267 dominium.
2271 3202 2549 3276 ]Utraque
2564 3216 2725 3271 porro
2741 3198 3051 3253 testimonia
3069 3196 3256 3251 beatus
3273 3192 3478 3248 Paulus

1897 3300 1966 3356 ad
2001 3299 2291 3354 Dominum
2321 3297 2601 3353 Christum
2636 3293 2822 3348 retulit
2867 3298 2911 3350 ιι.

1969 3413 2134 3468 Vens.
2171 3413 2224 3465 3.
2256 3429 2275 3462 ι
2300 3409 2660 3464 Elevaverunt
2689 3405 2937 3471 ﬂumina,
2973 3400 3219 3463 Domine,
3262 3394 3477 3465 1273

1898 3508 2249 3563 elevaverunt
2275 3502 2499 3557 ﬂumina
2543 3514 2703 3554 voces
2737 3513 2865 3553 suas
2899 3515 2911 3549 :
2939 3492 3225 3562 elevahunt
3255 3488 3477 3542 ﬂutnina

1900 3598 2163 3653 illisiones
2202 3610 2351 3651 suas.
2401 3613 2419 3645 ι
2460 3591 2677 3645 Fluvios
2732 3599 2891 3643 vorat
2939 3601 3127 3642 sacros
3176 3581 3474 3652 apostolos,

1899 3706 2121 3760 eosque,
2148 3689 2240 3760 qui
2265 3696 2389 3758 post
2417 3687 2539 3740 illos
2570 3682 2845 3751 Evangelii
2883 3678 3321 3749 praedicationem
3356 3689 3481 3727 sus.

1899 3790 2179 3852 ceperunt.
2217 3779 2282 3833 Hi
2321 3777 2467 3833 enim
2504 3776 2792 3830 ﬂuviorum
2828 3772 2999 3825 instar
3036 3783 3251 3822 omnem
3284 3765 3476 3834 irriga-

1899 3875 2101 3929 tionem
2130 3870 2444 3926 hominibus
2466 3867 2787 3921 attulerunt.
2812 3863 2902 3917 Sic
2926 3863 3076 3931 ipsos
3105 3860 3297 3914 beatus
3313 3856 3477 3910 etiam

1899 3964 2157 4020 Habacuc
2206 3960 2493 4032 appellavit
2539 3978 2553 4014 :
2611 3976 2630 4010 ι
2668 3955 3014 4010 Fluminibus
3062 3962 3207 4007 terra
3262 3948 3481 4004 scinde-

1901 4068 1990 4113 tur
2022 4058 2067 4122 ί,
2108 4076 2127 4108 ι
2157 4055 2261 4109 hoc
2288 4062 2392 4117 est,
2424 4051 2717 4114 dividetur,
2742 4058 2795 4104 et
2824 4046 3195 4116 irrigationem
3228 4042 3479 4112 accipiet.

1903 4150 1995 4205 Sic
2021 4147 2185 4203 etiam
2211 4143 2478 4198 Dominus
2508 4141 2585 4195 ait
2613 4157 2627 4194 :
2676 4157 2695 4191 ι
2725 4138 2829 4205 Qui
2859 4136 3031 4190 credit
3059 4135 3112 4189 in
3146 4148 3255 4195 me,
3291 4147 3483 4202 quem-

1901 4239 2193 4297 admodum
2226 4235 2357 4290 dicit
2404 4233 2712 4302 Scriptura,
2761 4229 2987 4283 ﬂumina
3036 4242 3101 4281 ex
3141 4233 3330 4278 ventre
3360 4222 3483 4293 ejus

1902 4333 2070 4388 ﬂuent
2095 4342 2250 4400 aqum
2275 4327 2408 4381 viva:
2443 4323 2488 4379 i.
2524 4344 2542 4378 ι
2577 4323 2642 4378 lli
2673 4324 2838 4393 igitur
2868 4319 3017 4374 ﬂuvii
3047 4317 3359 4373 extulerunt
3387 4328 3483 4367 vo-

1906 4441 2023 4481 cem
2058 4438 2240 4489 suam,
2271 4419 2456 4476 divina
2485 4415 2846 4488 praedicantes
2880 4412 3156 4484 dogmata,
3178 4418 3231 4463 et
3263 4405 3479 4478 propria

227 4518 297 4571 τὰ
325 4517 448 4571 θεῖα
477 4516 838 4588 κηρύττοντες
864 4516 1113 4587 δόγματα
1144 4517 1188 4580 ⁸,
1214 4514 1307 4568 καὶ
1346 4513 1443 4576 τὰς
1471 4512 1679 4576 οἰκείας
1703 4529 1794 4566 πο-

1909 4517 2104 4572 itinera
2141 4512 2427 4568 facientes.
2461 4508 2728 4563 Illisioues
2763 4505 2909 4561 cnim
2951 4503 3175 4559 semitas
3204 4513 3484 4569 nuncupa-

231 4613 386 4685 ρεεας
408 4610 744 4682 ποιούμενοι.
769 4612 1001 4681 Τρίψεις
1024 4612 1045 4644 ⁸
1073 4610 1182 4682 γὰρ
1217 4610 1315 4673 τὰς
1364 4608 1586 4680 τρίϐους
1618 4607 1809 4661 ἐκάλε-

232 4723 348 4761 σεν.
398 4705 618 4777 Ἐπειδὴ
637 4704 745 4776 γὰρ
774 4705 987 4774 πέφυκε
1014 4703 1127 4757 τῶν
1161 4703 1368 4759 ύδάτων
1401 4704 1434 4773 η
1474 4702 1636 4772 φύσις
1683 4701 1805 4772 τρί-

230 4799 350 4854 ϐειν
381 4798 481 4870 τὴν
510 4798 878 4870 ὑποκειμένην
908 4798 1034 4869 γῆν,
1069 4796 1165 4851 καὶ
1197 4795 1423 4868 πορείαν
1452 4793 1801 4869 ἐργάζεσθαι,

305 4912 332 4952 δ
368 4913 503 4969 Luc.
536 4931 612 4981 ιιι,
654 4914 743 4970 55.
799 4925 822 4953 θ
849 4912 870 4968 Ι
900 4912 1029 4969 Cor.
1064 4929 1106 4980 ι,
1137 4913 1228 4968 24.
1308 4912 1329 4951 τ
1369 4911 1515 4968 Psal.
1558 4926 1703 4974 xuv,
1735 4910 1791 4966 6.

1924 4908 2070 4964 Psal.
2110 4922 2182 4970 cr,
2219 4905 2309 4959 27.
2384 4904 2413 4943 ιι
2441 4901 2607 4958 Hebr.
2636 4916 2674 4964 ι,
2700 4899 2754 4963 8,
2789 4896 2874 4951 12.

239 4981 255 5034 ἱ
294 4983 457 5041 Joan.
496 5002 596 5054 vn,
625 4984 713 5040 38.

1908 4608 2008 4663 vit.
2033 4603 2300 4673 Quoniam
2327 4601 2473 4657 enim
2507 4599 2645 4654 solet
2667 4611 2932 4668 aquarum
2960 4603 3154 4648 natura
3184 4591 3485 4660 subjectam

1907 4712 2113 4758 terram
2166 4709 2361 4763 terere,
2408 4695 2775 4762 semitamque
2819 4690 3053 4746 efﬁcere.
3088 4684 3324 4740 merito‘
3375 4681 3485 4737 illi-

1910 4796 2119 4851 sionem
2145 4805 2411 4861 aquarum
2455 4787 2558 4842 iter
2585 4784 2800 4840 vocavit
2835 4805 2846 4837 :
2882 4780 3007 4851 quia
3034 4776 3193 4850 primi
3225 4775 3323 4842 illi,
3357 4775 3483 4846 qui-

2986 4897 3001 4935 i
3044 4893 3247 4947 llabac.
3285 4906 3365 4954 ιιι,
3390 4888 3481 4943 10.

1324 5097 1561 5157 ἾΑΒΙᾹΞ
1600 5094 1980 5153 LECTIONES
2018 5094 2107 5149 ET
2148 5091 2381 5148 NOTIE.

344 5200 393 5232 “
414 5199 558 5252 Ὅτι.
587 5197 707 5253 cod.
736 5197 758 5251 1
795 5197 918 5253 add.
951 5196 1031 5251 δέ.
1105 5196 1151 5229 ⁸³
1171 5194 1381 5264 Σαφῶς
1409 5226 1477 5237 --
1501 5194 1760 5260 ἐδίδαξε·
1791 5221 1794 5239 ε

1900 5234 1912 5247 .
1944 5195 1964 5247 1
1999 5191 2162 5245 παντὶ
2198 5188 2369 5242 σθένει
2394 5186 2571 5264 dilicti.
2602 5181 3110 5264 ‘Qit‘icuiqttenpo'tgst
3138 5186 3481 5264 uotu‘maegse.

239 5269 288 5303 ιι
309 5242 505 5335 Θεῖοξῖ
518 5242 758 5323 ’Ᾰόἔὲιὲ
781 5242 918 5324 ἕόιῑξ
942 5242 1031 5322 ᾆξ’
1063 5242 1794 5336 ειἈῖςῶἷρῗέερυῦῖιίἶιΫηᾘιι

2155 5242 2490 5336 Cord._t._ll,
2517 5273 2568 5336 ρ.
2600 5254 2704 5310 {iis
2729 5242 2843 5332 seq.
2885 5242 2952 5336 ’ξά
2974 5242 3475 5336 ,Εἶτα.ῃεοιίιιὲἕξτιὲ

240 5343 287 5374 οτ
311 5313 997 5408 ἱῖι“.”ἐὸᾱῖὲι”ῖιῖιεῐιιῖἶ“›ὶαῐξ
1042 5338 1113 5408 ,ιε
1133 5313 1794 5408 ’ἒαὲὸρᾱζ”ἓόἁ’.”ἱ“ᾁ(ιὲιζ”

1902 5313 2227 5397 ,τίξτοῦτοςξ
2258 5330 2287 5381 ό
2326 5330 2416 5380 ἐπὶ
2462 5313 2555 5379 μέόῦ
2588 5313 3010 5408 σταυροῦᾏρέιξς
3035 5323 3314 5408 αιιιειηιςδι
3349 5313 3482 5367 ille?

244 5410 567 5479 Cruci/Ltus.
653 5406 717 5441 τ’
749 5410 921 5479 θείας
940 5407 1241 5477 γνώσεως.
1279 5408 1400 5479 eod.
1436 5418 1667 5478 uterque
1700 5406 1978 5479 ἀληθείας.

242 5484 361 5552 τήν.
407 5478 411 5479 ί
461 5482 505 5512 ⁹²
542 5479 650 5534 Τοῦ
672 5478 923 5552 αἱῷνοςη
950 5479 1071 5552 Des.
1105 5479 1170 5552 in
1203 5478 1323 5552 co_d.
1351 5478 1406 5530 2.

248 5547 379 5613 σιος.
460 5552 507 5583 ⁵⁸
536 5548 786 5615 Χριστῷ.
826 5549 948 5603 cod.
986 5551 1009 5603 1
1055 5548 1180 5603 add.
1214 5547 1290 5617 τῷ
1340 5549 1794 5617 σαρκωθέντιθεᾷ

1900 5547 2027 5615 όγῳ.

247 5631 394 5677 textu
417 5620 526 5675 τῶν
557 5620 632 5674 0'.
668 5620 898 5674 Exstant
922 5628 1099 5674 tamen
1134 5619 1235 5673 ista
1268 5620 1320 5671 in
1348 5628 1496 5672 textu
1522 5619 1687 5674 Hebr.
1742 5619 1788 5651 ³⁸

1900 5634 2019 5683 τιτρ.

249 5692 447 5763 αὐτῶν,
473 5691 745 5763 profunda
780 5706 900 5763 sua.
976 5692 1020 5723 θ’
1058 5690 1215 5763 Μετ’.
1250 5688 1369 5763 θοι]Ϊ
1394 5689 1427 5763 2
1456 5690 1598 5746 κατ’.

1677 5691 1693 5721 ¹
1727 5689 1849 5743 cod.
1885 5690 1919 5740 El
1956 5684 2392 5754 διαδεξαμένουςἶ

2054 5405 2101 5436 ⁹⁰
2130 5386 2246 5458 cod.
2284 5400 2321 5454 2
2348 5386 2739 5467 atpothyouotv:
2816 5388 3054 5467 γῆς.
3079 5386 3202 5467 cod.
3216 5388 3259 5467 ἐξ
3277 5396 3477 5467 prtem.

1510 5452 1794 5540 έὲἷιῐτὲἒζλ

1900 5452 2012 5530 '2
2031 5452 2316 5544 ιιιναιιῆίὸί
2351 5452 2428 5544 ῳδδ
2459 5466 2502 5520 Ε
2523 5452 2758 5544 t50d._l.~
2811 5452 3036 5544 ου-ιιιαᾱιε
3065 5454 3250 5544 εοά..2
3270 5452 3475 5544 θεσπῂ

2126 5521 2490 5611 glilepioivovr
2518 5521 2828 5590 ᾲαὺτῶν.
2866 5531 2989 5584 Des.
3026 5529 3077 5580 in
3113 5526 3236 5611 cod.
3266 5523 3286 5576 1
3322 5521 3475 5611 catuin

2060 5589 2465 5667 αὺτῶἶῗίιείιιλξ
2497 5589 2941 5676 ωηξπίίναθοτεηι
2966 5606 3141 5676 διιιξηιἶ
3163 5596 3304 5676 ᾼριι.
3335 5589 3481 5676 βάθη

2675 5660 2710 5730 εὶ
2749 5660 2973 5729 Ξῖπασιν.
3047 5669 3069 5701 ³
3096 5660 3251 5721 Ἀὄόζ
3281 5660 3399 5719 cod.
3441 5660 3479 5714 2

249 5738 525 5830 ᾗῐιιὶξὰἧζ
543 5738 953 5829 ”λ”ἦᾶτᾶᾗῖῖὶν.
981 5738 1166 5814 ροᾶΪι
1199 5738 1553 5830 atrii—15"on
1584 5738 1598 5746 ’
1626 5760 1644 5793 ³
1670 5738 1793 5829 ιςτῦ

1900 5738 2151 5828 meum:
2180 5738 2301 5811 cod.
2328 5738 2681 5822 [διδάγματα
2712 5746 2982 5818 λέγοντες,
3028 5738 3259 5808 ascripta
3298 5743 3478 5789 tamen

253 5838 419 5890 altera
449 5827 703 5891 lectione.
781 5827 955 5888 “cod.
996 5831 1015 5885 1
1051 5827 1374 5901 ἐπιτρίψας.
