3924 6484
207 343 329 408 1633
1513 327 1597 389 IN
1626 326 1772 387 PSA‘

1883 323 2096 384 XCIII.
3297 316 3435 381 1634

261 456 326 510 θ’.
368 470 387 505 ι
419 450 481 506 '0
516 446 791 521 φυτεύσας
813 445 874 501 τδ
895 441 1009 511 οὖς.
1028 444 1151 516 οὐχὶ
1178 442 1400 507 ἀκούει;
1432 440 1466 511 ἢ
1497 440 1526 492 ὁ
1556 437 1770 499 πλάσας

1939 434 1957 455 ⁶
1997 430 2160 487 Vens.
2195 430 2250 487 9.
2287 448 2307 485 ι
2349 429 2455 498 Qui
2502 429 2772 501 plantavit
2817 443 3029 494 aurem,
3065 443 3177 485 non
3215 431 3439 486 audiet?

200 550 280 604 τὸν
302 543 606 617 ὀφθαλμὸν,
627 543 751 613 οὐχὶ
781 540 1077 604 κατανοεῖ;
1117 556 1136 589 ι
1175 535 1390 608 Σφόδρα
1430 530 1771 596 συλλογιστι-

1883 534 1965 581 aut
1990 525 2085 596 qui
2134 524 2293 579 finxit
2342 524 2592 588 oculum,
2653 538 2762 578 non
2810 523 3162 579 considerat?
3193 541 3213 577 ι
3248 522 3443 578 Valido

198 640 298 704 κῶς
336 616 437 710 τὴν
472 633 822 690 διδασκαλίαν
866 632 1245 703 προσήνεγκεν
1265 627 1333 682 ’⁸.
1389 626 1448 679 '0
1493 628 1556 680 ἐκ
1593 620 1768 695 πηλοῦ

1883 628 2191 689 trgumento
2229 618 2446 688 1279
2478 617 2781 671 doctrinam
2819 618 3035 672 astruit.
3069 616 3173 683 Qui
3206 632 3273 672 ex
3304 618 3443 682 luto,

196 734 316 805 γάρ,
349 730 508 802 φησὶ,
545 729 639 783 τὸν
675 724 955 797 ὀφθαλμὸν
997 722 1327 789 διαπλάσας,
1368 720 1464 774 καὶ
1492 716 1590 789 τὴν
1615 716 1769 769 ὀπτι-

194 827 290 898 κὴν
320 825 609 894 ἐνέργειαν
659 820 809 891 αὐτῷ
836 818 1250 890 δωρησάμενος,
1284 814 1382 868 καὶ¹
1411 813 1481 866 τά
1512 811 1628 864 ὠτα
1658 809 1770 863 ὠσ-

194 918 364 980 αύτως
407 913 851 986 δημιουργήσας,
896 909 991 963 καὶ
1023 908 1122 979 τὴν
1149 903 1482 975 ἀκουστικὴν
1516 901 1772 970 αἴσθησιν

193 1007 580 1084 χαρισάμενος,
638 1003 806 1067 αὐτὸς
844 1001 943 1073 οὐχ
994 1001 1120 1073 ὁρᾷ,
1152 998 1273 1053 ούδέ
1318 995 1529 1062 ἀκούει,
1568 991 1706 1048 άλλά
1741 990 1771 1043 ὁ

193 1102 389 1158 τούτων
420 1098 759 1171 δημιουργὸς
786 1095 1080 1168 ἐπέρηται
1106 1092 1205 1163 τῆς
1255 1088 1538 1162 ἐνεργείας
1563 1086 1630 1158 ἢν
1658 1087 1772 1148 τοῖς

196 1198 367 1259 ἄλλοις
397 1195 729 1266 κεχάρισται
749 1207 765 1257 ;

261 1299 309 1345 t'.
348 1310 368 1344 ι
414 1289 477 1343 '0
530 1286 805 1340 παιδεύων
846 1281 974 1353 ἔθνη
1015 1274 1138 1351 οὐχὶ
1166 1276 1413 1348 ἐλέγξει;
1447 1294 1466 1327 ι
1504 1273 1587 1330 Τά
1616 1272 1769 1344 ἔθνη,

198 1383 371 1455 φησιν,
430 1380 466 1434 ὃ.
516 1380 656 1451 μήτε
708 1377 872 1448 νόμον
922 1372 1197 1439 ἐδέξαντο,
1238 1371 1375 1441 μήτε
1422 1364 1771 1439 προφητικῆς

199 1473 456 1533 ἀπολαύει
485 1470 861 1533 διδασκαλίας,
894 1464 1188 1521 ὑποϐάλλει
1217 1461 1513 1524 παιδείαις,
1548 1459 1642 1512 καὶ
1672 1458 1771 1529 τὴν

202 1567 466 1641 ὑμετέραν
503 1566 605 1618 οὐκ
661 1561 871 1632 ἐλέγξει
925 1555 1310 1629 παρανομίαν;
1346 1571 1364 1604 ι
1416 1552 1473 1606 '0
1504 1551 1772 1605 διδάσκων

199 1663 473 1734 ἄνθρωπον
507 1656 732 1726 γνῶσιν.
760 1673 779 1707 ι
800 1652 909 1706 Kal.
942 1650 1049 1722 μὴν
1079 1648 1188 1703 τῶν
1218 1646 1521 1718 ἀνθρώπων
1546 1644 1645 1715 τὴν
1667 1643 1771 1713 φύ-

200 1772 274 1810 σιν
303 1751 469 1815 αύτδς
506 1746 912 1820 ἐδημιούργησε
949 1739 1197 1812 λογικὴν,
1226 1739 1322 1793 καὶ
1353 1737 1440 1793 διὰ
1479 1737 1589 1791 τῶν
1621 1738 1677 1789 ἐν
1702 1737 1767 1807 τῇ

1866 712 1962 779 ait,
1995 711 2215 766 oculum
2251 710 2426 775 ﬁnxit,
2461 711 2667 780 quique
2701 710 2915 763 videndi
2949 711 3057 763 vim
3090 708 3188 778 ipsi
3217 708 3444 777 largitus

1867 814 1971 867 est,
2000 817 2269 872 auresque
2316 802 2571 857 similiter
2603 801 2882 867 formavit,
2936 810 2990 857 et
3026 800 3283 855 audiendi
3313 816 3443 854 sen-

1868 910 1993 951 sum
2048 896 2307 963 donavit,
2376 896 2493 967 ipse
2552 911 2662 950 non
2717 896 2905 962 videt,
2974 902 3030 949 et
3089 910 3198 949 non
3256 894 3442 954 audit,

1869 988 1963 1044 sed
2009 988 2206 1043 borum
2257 988 2437 1060 opifex
2478 989 2688 1045 viribus
2731 998 2922 1057 caret,
2975 1002 3113 1060 quas
3158 987 3282 1045 aliis
3332 988 3443 1042 lar-

1870 1082 2015 1152 gitus
2063 1091 2149 1139 est
2170 1083 2194 1139 ?

1945 1262 2113 1318 Vens.
2152 1261 2240 1316 10.
2286 1282 2305 1315 ι
2343 1262 2446 1331 Qui
2478 1264 2707 1335 corripit
2738 1274 2926 1337 gentes
2963 1282 3105 1323 anne
3147 1267 3383 1340 arguet?
3421 1289 3441 1322 ι

1870 1352 2092 1422 Gentes,
2140 1356 2237 1421 ait,
2271 1370 2393 1426 quae
2428 1372 2529 1411 nec
2562 1358 2735 1427 legem
2770 1371 3122 1430 acceperunt,
3174 1377 3275 1417 nec
3318 1377 3449 1432 pro-

1872 1448 2093 1518 phetica
2135 1449 2388 1504 doctrina
2436 1449 2817 1520 perfruuntur,
2867 1455 3148 1523 suppliciis
3203 1455 3443 1525 subjicit,

1870 1552 1926 1597 et
1954 1553 2190 1598 vestram
2241 1543 2585 1614 iniquitatem
2633 1560 2736 1598 non
2787 1547 3019 1618 arguet?
3071 1566 3090 1600 ι
3134 1548 3239 1615 Qui
3288 1550 3448 1603 docet

1871 1634 2149 1690 hominem
2209 1635 2516 1691 scientiam.
2552 1654 2571 1689 ι
2637 1636 2802 1707 Atqui
2854 1638 3139 1693 hominum
3194 1649 3442 1695 naturam

1870 1727 2102 1803 rationis
2134 1728 2457 1797 participem
2502 1727 2617 1796 ipse
2650 1730 3002 1799 composuit,
3032 1740 3087 1784 et
3116 1747 3212 1801 per
3235 1748 3296 1786 ea
3327 1749 3447 1803 qua:

387 1801 844 1913 δέωρὸᾷὶιένιέᾂξ
860 1836 958 1891 καὶ
1001 1801 1144 1890 καθ’·
1160 1801 1399 1902 ἑκάστην
1428 1801 1767 1901 γιγνομένων

1883 1820 1928 1873 in
1959 1801 2126 1876 totius
2159 1820 2350 1875 mundi
2390 1821 2648 1875 machina
2689 1833 3011 1889 cernuntur,
3062 1838 3230 1894 atque
3256 1826 3309 1880 in
3333 1828 3446 1882 sin-

196 1937 424 2011 ήμέραν,
458 1931 683 1986 πλείονα
709 1930 810 2002 τὴν
837 1929 1044 1998 γνῶσιν
1068 1925 1363 1999 ἐργάζεται
1381 1923 1445 1977 π.

259 2032 348 2081 ια’.
378 2044 399 2077 ι
434 2022 639 2095 Κύριος
671 2017 931 2090 γινώσκει
961 2018 1086 2082 τοὺς
1116 2012 1507 2085 διαλογισμοὺς
1539 2010 1648 2064 τῶν
1674 2011 1769 2065 ἀν-

198 2118 442 2191 θρώπων,
475 2117 560 2170 ὅτι
588 2114 696 2168 eiul.
722 2112 964 2184 μάταιοι.
996 2130 1015 2163 ι
1052 2107 1220 2162 Ἀλλά
1247 2107 1356 2178 γὰρ
1386 2107 1446 2159 οὐ
1481 2105 1639 2177 μόνον
1664 2102 1768 2174 δρᾷ

197 2211 280 2264 καὶ
305 2208 528 2262 ἀκούει·
554 2206 691 2260 ἀλλὰ
717 2204 812 2258 καὶ
848 2204 975 2266 τοὺς
1006 2200 1316 2273 ἡμετέρους
1345 2198 1641 2251 ἐπίσταται
1675 2195 1765 2248 λο-

196 2304 440 2373 γισμοὺς,
470 2299 600 2362 τοὺς
620 2296 789 2367 ψευδῆ
821 2296 952 2367 περὶ
989 2294 1091 2364 τῆς
1116 2290 1279 2345 αὑτοῦ
1301 2292 1347 2323 ⁸ο
1391 2288 1648 2361 προνοίας
1680 2304 1768 2340 το⁶

197 2394 461 2460 πάζοντας
479 2407 494 2421 ·
523 2389 698 2452 οὕτως
720 2386 951 2449 ἐκείνοις
970 2386 1013 2418 ⁸¹
1042 2382 1140 2454 τὴν
1176 2381 1432 2454 προσφυῆ
1460 2378 1768 2451 ποιησάμεο

196 2503 274 2550 νος
298 2482 622 2555 θεραπείαν,
647 2479 947 2551 προσφέρει
972 2479 1085 2540 τοῖς
1109 2474 1482 2544 ἀδικουμένοις
1508 2470 1767 2543 ἀποχρῶ·

198 2594 286 2632 σαν
314 2572 679 2647 ψυχαγωγίαν
695 2586 709 2600 °
732 2567 1113 2639 πιθανωτέραν
1128 2566 1185 2620 δὲ
1208 2565 1379 2637 αὐτὴν
1400 2561 1768 2635 ἐργαζόμενος

197 2678 424 2729 ποιεῖται
444 2670 489 2702 ⁸³
519 2667 646 2729 τοὺς
675 2665 886 2733 λόγους.

258 2765 345 2835 ιβ’.
402 2781 425 2816 ι
479 2758 771 2831 Μακάριος
820 2756 1109 2827 ἄνθρωπος
1131 2752 1179 2785 ⁸³
1204 2794 1219 2817 ,
1251 2751 1310 2805 ὃν
1350 2750 1417 2805 ἂν
1442 2747 1763 2822 παιδεύσῃς,

197 2857 361 2930 Κύριε
376 2873 394 2887 ο
417 2852 512 2909 καὶ
534 2853 600 2906 ἐκ
632 2849 728 2905 τοῦ
748 2849 917 2918 νόμου
951 2863 1043 2900 σου
1065 2843 1298 2909 διδάξεις
1318 2842 1499 2897 αὐτόν.
1527 2861 1548 2895 ι
1577 2839 1768 2895 Πολλοὶ

200 2951 292 3023 μὲν
314 2949 429 3020 γὰρ
461 2945 680 3007 ἀθλίους
708 2941 963 2996 εἰώθασιν
994 2938 1289 2993 ἀποκαλεῖν
1315 2936 1441 3000 τοὺς
1480 2933 1579 3007 τὴν
1611 2933 1768 2987 εὐσέ-

196 3046 339 3099 ϐειαν
365 3038 785 3109 ἀσπαζομένους
831 3034 901 3108 [⁸⁵
937 3032 1033 3087 καὶ
1077 3030 1289 3085 ἀδικίαν
1330 3026 1760 3099 ὑφισταμένους·

197 3135 300 3206 ἐγὼ
341 3134 402 3189 δὲ
446 3133 642 3195 αὐτοὺς
669 3128 948 3201 ζηλωτοὺς
991 3123 1087 3180 καὶ
1126 3123 1432 3196 μακαρίους
1481 3119 1764 3210 ἀποκαλῷ,
1794 3150 1837 3210 C

200 3229 479 3284 παίδευσιν
501 3216 1003 3295 γυμναζομένους,]
1025 3217 1118 3271 καὶ
1143 3215 1269 3281 τοὺς
1288 3216 1336 3249 ⁸⁵
1370 3213 1515 3269 θείου
1536 3212 1701 3282 νόμου
1720 3209 1769 3244 ⁸⁸

198 3316 613 3391 καρπουμένους
639 3313 737 3384 τὴν
763 3309 1053 3381 ὠφέλειαν.

266 3417 357 3480 ιγ’.
396 3426 419 3461 ι
449 3405 558 3460 Τοῦ
608 3405 652 3438 ⁸⁷
690 3403 932 3474 πραῧναι
978 3398 1146 3455 αὑτὸν
1161 3398 1207 3431 ⁸⁸
1232 3398 1325 3468 ἀφ’
1348 3394 1571 3468 ἡμερῶν
1606 3411 1774 3466 πονη-

202 3504 325 3573 ρῶν.
358 3520 377 3553 ι
424 3499 482 3552 '0
513 3498 621 3569 γὰρ
669 3495 872 3568 μικρὰν
918 3491 1170 3547 παιδείαν
1204 3490 1345 3571 κατά
1387 3489 1479 3542 τὸν
1528 3488 1773 3559 παρόντα

204 3594 310 3665 βίον
333 3590 649 3662 δεχόμενος,
675 3587 979 3658 πραότερον
1008 3584 1124 3651 ἕξει
1157 3582 1218 3636 τὸ
1244 3581 1439 3654 μέλλον
1459 3582 1769 3654 κριτήριον·

202 3686 428 3755 ’ἱμέραν
453 3684 563 3756 γὰρ
598 3679 874 3748 πονηρὰν
894 3679 962 3744 θ’,
990 3676 1087 3749 τὴν
1120 3674 1334 3730 αἰώνιον
1360 3673 1587 3727 ἐκάλεσε
1615 3674 1777 3727 κόλα-

206 3794 303 3829 σιν.
346 3794 366 3827 ‹
408 3775 555 3837 Ἕως
604 3766 665 3827 οὗ
700 3771 875 3843 ὀρυγῇ
923 3768 1002 3840 τῷ
1033 3765 1345 3840 ἁμαρτωλῷ
1398 3764 1609 3836 βόθρος.
1653 3783 1671 3815 ι
1714 3765 1775 3818 Οί

204 3869 309 3938 γάρ
339 3866 440 3937 τὴν
464 3863 817 3937 παρανομίαν
839 3859 1214 3931 ἀσπαζόμενοι
1243 3860 1310 3930 τῇ
1341 3858 1581 3929 διηνεκεῖ
1608 3875 1777 3929 τιμωο

209 3961 295 4033 pla
344 3955 905 4031 παραδοθήσονταιπ.
955 3953 1169 4023 Ὥσπερ
1215 3951 1324 4023 γὰρ
1366 3950 1459 4004 τὸν
1510 3950 1591 4014 είς
1644 3948 1776 4020 βαθὺ

205 4050 519 4123 ἐμπεσόντα
547 4048 736 4120 βόθρον
765 4045 1033 4116 ἀναϐῆναι
1068 4044 1177 4097 τῶν
1217 4043 1515 4103 ἀδυνάτων,
1553 4040 1780 4113 μηδενὸς

205 4143 574 4215 ἐπαμύνοντος
593 4158 608 4171 ·
643 4139 787 4194 οὕτω
819 4138 1107 4209 διαφυγεῖν
1138 4136 1238 4208 τὴν
1262 4134 1483 4189 αίώνιον
1517 4134 1780 4190 ἀδύνατον

206 4236 446 4301 κόλασιν,
483 4234 560 4306 μὴ
596 4233 697 4304 τῆς
728 4232 878 4296 θείας
917 4230 1076 4285 τοῦτο
1109 4229 1440 4302 βουλομένης
1470 4227 1778 4301 φιλανθρωο

248 4328 353 4384 lac.

205 4345 263 4382 πι
339 4369 353 4384 .

267 4346 357 4475 ἵζ’.
393 4436 413 4471 ι
443 4419 569 4474 Ὀτι
595 4418 695 4472 οὐκ
720 4413 1000 4471 ἀπώσεται
1037 4413 1245 4487 Κύριος
1280 4412 1370 4467 τὸν
1407 4412 1537 4466 λαδν
1570 4409 1776 4465 αὐτοῦ’

1869 1912 2025 1983 gulos
2073 1912 2191 1968 dies
2224 1912 2383 1981 ﬁunt,
2420 1915 2684 1984 majorem
2721 1917 3002 1970 scientiam
3037 1916 3220 1973 efﬁcit.

1949 2002 2109 2060 Vens.
2144 2005 2232 2060 11.
2272 2024 2291 2056 ι
2325 2004 2593 2062 Dominus
2620 2008 2723 2062 scit
2754 2008 3111 2075 cogitationes
3138 2010 3443 2077 hominum,

1870 2099 2132 2169 quoniam
2162 2114 2319 2153 vanae
2358 2108 2505 2154 sunt.
2543 2118 2563 2152 ›
2611 2099 2821 2155 Etenim
2872 2116 2981 2155 non
3018 2104 3179 2158 modo
3215 2103 3360 2158 videt
3392 2114 3446 2159 et

1869 2192 2042 2257 audit,
2068 2207 2256 2247 verum
2281 2191 2447 2247 etiam
2479 2200 2699 2248 nostras
2721 2193 3080 2265 cogitationes
3107 2194 3277 2258 novit,
3305 2194 3445 2251 falsa

1848 2280 1936 2359 .de
1998 2283 2119 2352 ejus
2161 2282 2501 2353 providentia
2553 2284 2917 2353 suspicantes.
2974 2283 3321 2357 Congruente
3376 2287 3445 2343 ad

1868 2372 2016 2429 hunc
2045 2373 2269 2428 modum
2301 2374 2409 2428 illis
2432 2374 2677 2429 adhibita
2695 2374 2986 2442 medicina,
3011 2378 3211 2446 injuria
3235 2378 3446 2435 allectis

1868 2463 2120 2520 idoneam
2154 2466 2592 2521 consolationem
2624 2465 2780 2522 affert
2812 2486 2826 2522 :
2856 2469 3284 2539 probabiliorem
3313 2486 3447 2529 vero

1868 2557 2041 2629 ipsam
2068 2559 2254 2615 verbis
2281 2559 2461 2615 efﬁcit.

1941 2741 2108 2799 Vnns.
2140 2744 2228 2801 12.
2267 2763 2286 2796 ι
2328 2743 2530 2801 Beatus
2580 2746 2748 2801 homo
2791 2762 2955 2818 quem
2992 2758 3045 2803 tu
3099 2751 3441 2817 erudiveris,

1868 2834 2118 2903 Domine,
2149 2848 2202 2894 et
2229 2838 2299 2894 de
2327 2839 2445 2911 lege
2474 2849 2565 2895 tua
2599 2840 2853 2897 docueris
2881 2858 3029 2899 eum.
3060 2862 3081 2897 ι
3109 2843 3263 2900 Multi
3290 2847 3436 2901 enim

1869 2929 2103 2986 miseros
2142 2945 2339 2986 vocare
2402 2932 2582 2988 solent
2622 2948 2719 2990 eos
2765 2935 2858 3006 qui
2901 2937 3156 3007 pietatem
3202 2940 3439 3011 amplexi

1870 3033 2018 3090 sunt,
2056 3023 2154 3097 [et
2179 3026 2248 3081 ab
2270 3026 2561 3097 iniquitate
2588 3041 2971 3086 recesserunt:
2999 3047 3099 3103 ego
3130 3048 3259 3090 vero
3287 3050 3441 3090 sum-

1869 3131 2092 3187 mopere
2140 3118 2446 3175 laudandos
2490 3131 2545 3176 et
2571 3121 2763 3177 beatos
2801 3138 2937 3179 voco
2978 3141 3093 3190 eos,
3130 3135 3316 3198 utpote
3346 3130 3441 3199 qui

1872 3208 1925 3263 in
1962 3210 2250 3281 disciplina
2271 3213 2659 3287 exercentur,]
2693 3218 2861 3288 etqui
2891 3233 2957 3274 ex
2982 3220 3162 3275 divina
3189 3220 3304 3293 lege
3332 3221 3447 3278 fru-

1836 3296 1840 3299 “
1870 3311 2017 3357 ctum
2056 3305 2379 3374 percipiunt.

1942 3392 2109 3451 Vens.
2145 3396 2233 3451 l5.
2272 3416 2291 3449 ι
2327 3396 2399 3453 Ut
2434 3399 2651 3468 mitiges
2697 3417 2823 3458 eum
2874 3420 2903 3459 a
2951 3405 3146 3464 diebus
3196 3409 3379 3464 malis.
3419 3429 3440 3463 ι

1878 3486 2093 3558 1280
2124 3486 2227 3554 Qui
2258 3492 2406 3546 enim
2450 3494 2706 3565 exiguam
2742 3498 3144 3568 correptionem
3196 3501 3249 3555 in
3307 3518 3447 3572 pra:-

1874 3580 2015 3632 senti
2048 3578 2157 3633 vita
2207 3583 2492 3648 sustinuit,
2528 3583 2773 3639 futurum
2816 3587 3084 3657 judicium
3127 3591 3312 3647 mitius
3350 3593 3449 3647 ha-

1874 3670 2044 3726 bebit.
2111 3671 2264 3726 Diem
2320 3675 2466 3729 enim
2526 3677 2730 3731 malum
2784 3680 3175 3750 sempiternum
3234 3686 3451 3739 vocavit

1877 3763 2230 3833 supplicium.
2288 3783 2307 3817 ‹
2364 3765 2547 3823 Donec
2597 3769 2835 3825 fodiatur
2884 3774 3150 3842 peccatori
3204 3774 3380 3830 fovea.
3424 3795 3443 3828 ι

1878 3853 1982 3920 Qui
2012 3856 2155 3910 enim
2186 3857 2528 3927 iniquitatem
2561 3861 2904 3930 adamarunt,
2930 3865 3151 3934 perenni
3182 3868 3449 3942 supplicio

1879 3946 2181 4003 tradentur.
2235 3948 2393 4003 Sicut
2426 3951 2571 4005 enim
2605 3953 2652 4007 is
2678 3954 2771 4021 qui
2800 3954 2851 4008 in
2879 3956 3205 4024 profundam
3232 3959 3447 4016 foveam

1879 4039 2168 4110 prolapsus
2202 4050 2305 4107 est,
2338 4043 2555 4099 nemine
2584 4059 2741 4114 opem
2775 4045 3001 4113 ferente,
3047 4065 3110 4104 ex
3144 4051 3233 4106 illa
3273 4069 3450 4108 emer-

1880 4149 2007 4203 gere
2058 4135 2301 4205 nequit:
2374 4138 2457 4193 sic
2514 4138 2627 4193 fieri
2684 4154 2792 4193 non
2847 4151 3022 4212 potest
3090 4154 3149 4199 ut
3189 4154 3447 4202 aeternam

1879 4241 2095 4296 ptenam
2125 4228 2422 4297 declinent,
2471 4230 2577 4287 nisi
2622 4230 2804 4289 divina
2851 4233 3156 4307 benignitas
3206 4237 3310 4296 hoc
3355 4257 3452 4296 vo-

1880 4310 2063 4375 luerit.

1958 4413 2129 4472 Vens.
2164 4415 2253 4471 14.
2289 4431 2309 4468 ι
2350 4415 2484 4483 Quia
2513 4432 2621 4473 non
2655 4419 2879 4490 repellet
2909 4420 3170 4478 Dominus
3192 4424 3448 4495 populum

207 4513 297 4568 καὶ
352 4513 456 4583 τὴν
513 4510 884 4582 κληρονομίαν
944 4506 1109 4561 αὐτοῦ
1161 4509 1260 4562 οὐκ
1310 4505 1718 4577 ἐγκαταλείψει.
1752 4523 1771 4557 ι

1883 4523 2081 4572 suum,
2140 4518 2195 4564 et
2252 4509 2619 4567 haereditatem
2672 4529 2827 4568 suam
2879 4530 2990 4570 non
3033 4516 3389 4588 derelinquet.
3425 4537 3446 4573 ι

208 4605 289 4677 [⁸⁸
333 4606 763 4673 Κληρονομίαν
798 4602 859 4658 οὐ
904 4601 996 4655 τὸν
1044 4600 1265 4673 Ἰσραὴλ
1303 4600 1559 4670 ὠνόμασε
1598 4603 1776 4671 μόνον,

205 4697 339 4751 ἀλλά
384 4698 482 4750 καὶ
528 4696 621 4750 τὸν
658 4696 719 4761 ἐξ
778 4696 952 4752 ἐθνῶν
1014 4695 1143 4749 λαόν
1170 4710 1183 4725 ·
1219 4692 1314 4748 καὶ
1371 4691 1608 4763 μάλιστα
1650 4691 1777 4745 τοῦ-

205 4807 315 4844 τον.
338 4789 480 4861 Περὶ⁵
525 4788 627 4861 μὲν
666 4789 775 4861 γάρ
813 4790 1025 4843 ἐκείνου
1068 4790 1097 4840 ὁ
1144 4787 1414 4858 μακάριος
1460 4784 1563 4857 ἔφη
1609 4786 1777 4839 Μωΰ-

208 4881 341 4952 σῆς·
395 4900 414 4933 ι
478 4883 585 4936 Kal.
635 4884 873 4955 ἐγενήθη
935 4883 1095 4955 μερὶς
1150 4881 1360 4953 Κυρίου
1412 4878 1543 4944 λαὸς
1610 4878 1778 4932 αὐτοῦ

218 4972 438 5035 Ἰακὼϐ,
480 4974 771 5045 σχοίνισμα
818 4975 1189 5046 κληρονομίας
1233 4972 1402 5027 αὐτοῦ
1457 4971 1697 5044 Ἰσραήλ.
1752 4989 1773 5024 ›

207 5062 343 5135 Περὶ
371 5062 430 5117 δὲ
456 5063 551 5117 τοῦ
584 5064 707 5118 νέου
746 5064 902 5129 λαοῦ,
933 5065 992 5119 ὃν
1013 5068 1042 5120 ὁ
1070 5068 1133 5118 ἐκ
1163 5064 1298 5119 Θεοῦ
1336 5064 1469 5127 Θεὸς
1506 5062 1582 5133 τῷ
1620 5064 1780 5117 ἐκου-

206 5153 305 5227 σίῳ
353 5154 570 5227 θανάτῳ
621 5159 1076 5231 περιεποιήσατο,
1140 5156 1612 5228 συγκληρονόμους
1665 5156 1783 5208 ὀνο-

345 5271 510 5328 Deut.
554 5286 730 5339 χχιιι,
766 5273 823 5328 9.

1886 4599 2303 4673 [Hereditatem
2346 4618 2457 4659 non
2515 4604 2768 4660 lsraelem
2816 4616 3025 4662 tantum
3076 4611 3308 4676 vocavit,
3356 4613 3450 4667 sed

1882 4696 2045 4750 etiam
2087 4696 2345 4767 populum
2368 4713 2400 4752 e
2429 4699 2722 4768 gentilibus
2754 4702 3061 4765 collectum,
3099 4714 3150 4757 et
3180 4705 3232 4759 in
3258 4708 3451 4775 primis

1884 4784 2050 4844 hunc!
2090 4788 2164 4844 De
2203 4789 2297 4843 illo
2337 4791 2483 4844 enim
2532 4793 3022 4861 praestantissimus
3058 4796 3193 4850 dixit
3228 4797 3402 4853 Moses
3434 4817 3448 4853 :

1891 4899 1909 4932 ι
1948 4878 2014 4933 Et
2049 4881 2226 4949 portio
2257 4880 2470 4936 Domini
2506 4881 2683 4938 factus
2721 4895 2802 4939 est
2835 4888 3067 4955 p0pulus
3093 4889 3211 4955 ejus
3242 4888 3409 4944 .lacob
3434 4934 3449 4957 ,

1884 4966 2165 5024 funiculus
2216 4970 2554 5025 baereditatis
2601 4971 2721 5040 ejus
2786 4971 2948 5027 Israel
2977 4983 3025 5026 ει.
3058 4993 3075 5025 ι
3132 4974 3213 5029 Ad
3249 4992 3451 5031 novum

1887 5069 2068 5115 autem
2105 5062 2250 5131 quod
2304 5063 2497 5117 attinet
2529 5064 2810 5132 populum,
2847 5080 3008 5133 quem
3062 5064 3202 5121 Deus
3241 5083 3305 5121 ex
3345 5068 3454 5121 Deo

1890 5162 2185 5223 spontanea
2230 5165 2407 5210 morte
2459 5155 2561 5210 sibi
2620 5157 2930 5226 acquisivit,
2979 5158 3321 5216 cohaeredum
3355 5177 3455 5216 no-

1313 5362 1549 5419 VARIIE
1580 5364 1964 5422 LECTIONES
1993 5363 2081 5419 ET
2109 5364 2343 5421 NOTAE.

263 5477 320 5511 ’τ
349 5480 519 5553 ςοᾴΛ
553 5442 916 5553 προήνεγκεν.
992 5484 1039 5515 ⁷⁸
1082 5484 1239 5552 Ἐργο.
1278 5482 1401 5536 cod.
1444 5483 1465 5535 ί
1505 5480 1629 5553 add.
1662 5482 1772 5534 τοῦε

1888 5481 1958 5552 ἀρ
1977 5479 2244 5553 λέγειδιά
2272 5480 2381 5553 τῷν
2423 5479 2572 5549 ἑξῆς.
2608 5550 2645 5553 μ
2672 5482 2719 5515 ⁸ο
2753 5481 2966 5536 Αὑτοῦ.
3012 5484 3132 5537 Des.
3179 5484 3231 5537 in
3267 5486 3386 5543 cod.
3419 5486 3457 5541 2

210 5549 253 5622 ξι
266 5549 401 5622 cod.
419 5552 456 5604 2
483 5549 732 5622 ἐκείνων.
774 5549 852 5585 ’δ’
877 5549 1156 5609 Ποιεῖται.
1189 5549 1354 5607 cod.l
1379 5567 1566 5621 praem.
1601 5552 1676 5615 ὼς
1701 5570 1772 5620 πρ

1883 5549 1945 5604 δν
1971 5551 2105 5604 Θεὸν
2125 5550 2526 5622 διαλεγόμενος.

208 5620 304 5675 ⁸*Ε
333 5622 457 5677 cod.
482 5623 535 5678 l.
563 5621 670 5677 Pro
694 5622 837 5679 ἀδικ.
861 5625 1068 5693 Optat,
1100 5624 1282 5694 legere
1314 5620 1529 5677 mallem
1564 5622 1672 5675 ἀπὸ
1700 5623 1772 5694 ὀιδὲ

1885 5639 1910 5684 ς
1933 5620 2357 5694 ἀφισταμένους.

2606 5550 2651 5632 ea
2668 5554 2873 5632 :Ayg-P.
2900 5553 3167 5632 ceu-Itym.
3199 5573 3383 5632 pr:f‘.m_.
3404 5560 3454 5632 ὁ)

2448 5622 2493 5653 ⁸⁸
2524 5621 2646 5677 cod.
2670 5624 2704 5676 2
2738 5622 2853 5677 τοῦ.
2940 5624 2987 5656 ⁸⁵
3016 5621 3238 5695 Νόμοι).
3272 5628 3391 5683 cod.
3422 5627 3450 5681 1

211 5704 333 5757 add.
391 5706 489 5759 καὶ
542 5708 640 5777 τῆς
667 5687 920 5778 χάριτος..
987 5707 1031 5739 ⁸⁷
1056 5687 1182 5761 ἽΤοῧ
1205 5736 1273 5746 --
1297 5707 1503 5761 αὐτόν.
1539 5702 1702 5759 Hebr.
1741 5689 1772 5762 Ἰ¹

1883 5687 2081 5788 multis,
2121 5687 2178 5759 ut
2203 5707 2424 5776 quietem
2457 5708 2505 5761 ei
2549 5708 2811 5763 concilies.
2886 5708 2931 5740 ⁸⁸
2964 5687 3287 5765 ΒεαἸθειίο
3328 5711 3382 5764 b.
3415 5710 3453 5765 Ι.

209 5796 291 5843 est
316 5788 485 5861 αὐτῷ.
555 5791 609 5863 ,⁸⁸
636 5791 806 5847 cod.i
836 5790 1051 5864 ἡμέρας
1073 5792 1180 5861 γάρ
1218 5790 1479 5863 πονηράς.
1556 5792 1602 5823 ὀ
1626 5794 1772 5857 Πίῳ(

1896 5792 2015 5846 cod.
2045 5789 2079 5843 ξ).
2106 5789 2695 5861 παραπεμφθήτονται.
2772 5793 2814 5824 θ’
2850 5789 2893 5844 Ε
2921 5790 3044 5847 cod.
3075 5791 3119 5852 1,
