3924 6490
536 303 558 367 1
570 302 673 367 635

1526 292 2023 355 THEODORETI
2056 290 2396 352 muscam
2446 281 2814 353 CYRENSIS

3588 303 3694 369 I676

534 415 680 470 mine
706 410 1002 481 iusignitur
1024 423 1054 463 a
1083 408 1241 464 beato
1264 406 1544 478 Apostolo.
1576 405 1696 475 Ipse
1726 405 1870 460 enim
1898 418 2097 459 novum

2214 404 2364 474 βάζει
2400 406 2428 457 6
2466 405 2608 469 θεῖος
2650 402 2998 467 ’Δπόστολοςο
3031 405 3194 468 αὐτὸς
3221 407 3325 477 γάρ
3362 410 3451 479 τὴν
3478 414 3583 467 νέαν
3606 419 3694 472 δια-

537 512 922 562 testamentum
945 509 1000 556 et
1026 515 1210 556 veram
1237 499 1544 570 portionem
1570 496 1877 561 constituit,
1896 495 2103 551 scilicet

534 595 615 653 illi
645 609 781 664 quos
825 608 921 662 per
950 591 1227 646 lavacrum
1274 588 1705 660 regenerationis
1732 586 1889 657 quasi
1923 581 2103 639 denuo

536 684 842 758 l'ormavit.]
893 684 958 739 Et
1006 684 1098 739 Dei
1140 682 1376 754 populus
1411 682 1465 735 in
1498 680 1600 734 hac
1630 679 1739 733 vita
1770 687 2105 748 congruente

535 795 638 851 ope
687 777 1017 849 perfruetur,
1065 784 1251 846 utpote
1300 773 1394 843 qui
1428 771 1715 827 haereditas
1772 779 1827 826 et
1870 769 2104 840 populus

535 872 659 943 ejus
692 878 1058 939 nuncupatur.

609 968 628 987 ’
661 963 825 1019 Vens.
862 963 951 1018 15.
997 980 1015 1012 ι
1056 959 1355 1028 Quousque
1392 956 1607 1028 justitia
1654 963 2000 1011 convertatur
2052 953 2105 1007 in

534 1055 843 1127 judicium?
877 1073 895 1105 ι
933 1052 1084 1106 Hanc
1117 1051 1280 1121 igitur
1318 1064 1477 1118 opem
1510 1056 1911 1116 consequetur,
1938 1046 2110 1100 donec

541 1150 634 1206 Dei
670 1150 882 1217 justitia
922 1146 1257 1217 apparuerit,
1308 1145 1565 1199 omnibus
1614 1143 1926 1198 hominibus
1959 1142 2108 1212 judi-

539 1243 683 1295 cium
730 1239 982 1293 reddens.
1018 1236 1207 1291 Tacite
1255 1245 1437 1291 autem
1483 1236 1661 1292 innuit
1689 1236 1903 1291 divinus
1930 1250 2109 1291 sermo

543 1328 753 1404 1281
795 1332 887 1387 Dei
934 1339 988 1387 et
1038 1329 1337 1385 Salvatoris
1366 1331 1540 1385 nostri
1577 1329 2031 1393 incarnationem,
2058 1336 2111 1383 et

538 1428 854 1484 Iudaeorum
910 1426 1345 1496 abnegationem.
1409 1424 1684 1477 Justitiam
1738 1423 1883 1477 enim
1934 1427 2109 1491 ipsum

538 1523 754 1577 vocavit
786 1520 1075 1574 Dominum
1108 1517 1410 1572 Christum.
1440 1516 1563 1584 Ipse
1598 1515 1742 1568 enim
1772 1514 1863 1569 Sol
1889 1513 2111 1585 justitite

540 1616 857 1671 nominatus
904 1621 1018 1679 est,
1070 1620 1124 1665 et
1171 1611 1237 1665 de
1285 1612 1405 1680 ipso
1454 1610 1643 1663 beatus
1678 1608 1883 1664 Paulus
1933 1606 2107 1662 dicit:

549 1723 569 1757 ι
618 1704 787 1759 Datus
842 1711 927 1758 est
971 1702 1133 1756 nobis
1173 1716 1205 1754 a
1258 1698 1368 1754 Deo
1416 1697 1703 1768 sapientia,
1758 1696 2010 1765 justitia,
2057 1702 2111 1748 et

2204 495 2380 567 θήκην
2410 497 2504 549 καὶ
2538 495 2797 566 ἀληθινὴν
2831 495 3025 567 μερίδα
3071 497 3337 569 ὁρίζεταν
3378 498 3462 564 οὓς
3506 503 3580 557 διὰ
3602 508 3698 562 λου.

2202 590 2330 661 τροῦ
2390 588 2813 658 παλιγγενεσίας
2868 587 3229 660 ἀνέπλασεν.)
3281 592 3384 643 Καὶ
3430 596 3699 653 κατά⁹¹τδν

2204 682 2448 752 παρόντα
2481 682 2537 735 δὲ
2561 682 2607 714 ⁸³
2640 680 2753 751 βίον
2784 681 2883 750 τῆς
2923 683 3305 751 προσηκούσης
3326 682 3699 743 ἀπολαύσεταικ

2206 772 2546 844 προμηθείας
2571 774 2598 826 6
2627 772 2766 835 θεῖος
2790 772 2917 835 λαὸς
2940 771 3007 836 ’⁸,
3033 772 3129 826 άτε
3157 772 3221 844 δὴ
3247 772 3553 846 κληρονομία
3570 778 3608 811 ⁸⁸
3629 784 3700 837 καὶ

2205 864 2331 927 λαὸς
2352 864 2396 895 ⁸⁷
2426 864 2588 917 αὑτοῦ
2618 866 2965 935 χρηματίσας
2987 864 3051 918 ⁸⁸.

2281 953 2361 1009 ιε’.
2389 975 2406 1007 t
2436 956 2579 1019 Ἕως
2598 958 2643 989 ⁹⁹
2672 951 2734 1011 οῦ
2758 957 3073 1027 δικαιοσύνη
3097 957 3390 1031 ἐπιστρέψῃ
3410 962 3481 1024 είς
3501 964 3696 1033 κρίσιν;ι

2208 1050 2426 1121 Ταύτης
2458 1050 2640 1121 μέντοι
2668 1050 2917 1116 τεύξεται
2949 1052 3045 1123 τῆς
3075 1054 3346 1123 προνοίας,
3381 1054 3475 1117 ἕως
3506 1058 3563 1109 ἂν
3588 1060 3700 1129 ἢτοῦ

2209 1143 2343 1198 Θεοῦ
2374 1143 2689 1214 δικαιοσύνη
2720 1148 2884 1216 φανῇ,
2906 1144 3123 1198 πάντων
3150 1145 3438 1216 ἀνθρώπων
3466 1155 3703 1223 ποιουμένη

2208 1238 2307 1309 τὴν
2340 1238 2541 1309 κρίσιν.
2570 1237 2875 1291 Αἱνίττεται
2910 1238 2966 1291 δὲ
3001 1240 3029 1291 6
3056 1239 3216 1307 λόγος
3248 1240 3337 1292 τοῦ
3366 1240 3490 1295 Θεοῦ
3515 1245 3595 1296 καὶ
3619 1248 3705 1300 Σωο

2209 1331 2372 1401 τῆρος
2402 1330 2560 1401 ἡμῶν
2586 1328 2685 1400 τὴν
2728 1329 3163 1401 ένανθρώττησιν,
3212 1333 3303 1386 καὶ
3343 1334 3444 1390 τῶν
3490 1339 3705 1395 Ἰουδαίων

2209 1422 2308 1493 τὴν
2338 1423 2585 1493 ἄρνησιν.
2635 1423 3037 1490 Δικαιοσύνην
3079 1423 3188 1495 γὰρ
3221 1426 3378 1478 αὑτὸν
3410 1429 3605 1484 ἐκάλεσε
3637 1435 3706 1487 τὸν

2210 1514 2485 1585 Δεσπότην
2521 1515 2756 1585 Χριστόν
2779 1516 2818 1570 ³.
2850 1515 3023 1579 Αὐτὸς
3042 1517 3062 1547 ³
3088 1517 3197 1586 γὰρ
3230 1519 3321 1570 καὶ
3359 1518 3527 1583 Ἥλιος
3547 1522 3708 1579 δικαιο-

2214 1607 2379 1678 σύνης
2408 1607 2744 1677 ὠνόμασται,
2780 1609 2871 1661 καὶ
2906 1609 3035 1679 περὶ
3076 1609 3243 1663 αὐτοῦ
3273 1611 3372 1681 ἔφη
3407 1613 3435 1664 δ
3466 1617 3707 1685 μακάριοςι

2212 1699 2442 1763 Παῦλοςο
2481 1718 2499 1751 ι
2525 1699 2711 1771 Ἐδόθη
2729 1700 2751 1731 ⁸
2776 1701 2907 1770 ἡμῖν
2950 1702 3114 1769 σοφία
3140 1702 3248 1756 ἀπὸ
3276 1703 3424 1766 Θεοῦ.
3455 1705 3707 1781 δικαιοσύνη

542 1794 926 1859 sanctiﬁcatio,
962 1801 1015 1847 et
1044 1792 1343 1861 redemptio
1368 1799 1418 1843 τ.
1454 1809 1472 1841 ι
1508 1789 1645 1844 Cum
1700 1789 1864 1858 igitur
1903 1788 1969 1842 de
2014 1786 2109 1843 Dei

2214 1810 2293 1857 τε,
2330 1794 2424 1847 καὶ
2451 1792 2741 1865 ἁγιασμὸς,
2773 1794 2867 1847 καὶ
2896 1794 3295 1863 ἀπολύτρωσις.
3332 1815 3350 1849 ι
3376 1799 3479 1867 Τῆς
3504 1800 3582 1853 τοῦ
3606 1802 3706 1856 θεοῦ

543 1886 891 1960 providentia
926 1884 1254 1937 mentionem
1298 1881 1538 1945 fecisset,
1568 1888 1623 1935 et
1659 1880 1911 1934 dixisset:
1934 1878 2112 1945 «Quo-

546 1984 694 2036 niam
729 1994 838 2033 non
876 1976 1101 2047 repellet
1131 1974 1394 2029 Dominus
1424 1974 1631 2043 plebem
1660 1987 1834 2039 suam,
1865 1981 1918 2026 et
1944 1973 2114 2027 haere-

543 2074 765 2130 ditatem
794 2086 950 2125 suam
978 2084 1081 2123 non
1112 2066 1474 2135 derelinquat,
1514 2084 1531 2115 ι
1567 2073 1622 2118 et
1651 2064 1891 2118 futuram
1920 2077 2112 2117 eorum

549 2167 893 2238 negationem
928 2162 1288 2232 praevidisset,
1328 2159 1522 2214 inerito
1557 2158 1832 2213 subdidit:
1870 2174 1890 2207 ι
1932 2155 2113 2211 Donec

542 2255 758 2328 justitia
809 2261 1160 2308 convertatur
1203 2250 1257 2303 in
1294 2249 1583 2318 judicium.
1620 2266 1639 2299 ι
1680 2247 1813 2301 Nam
1868 2245 2110 2317 quandiu

540 2348 765 2421 justitiae
800 2347 1090 2400 adventum
1142 2358 1249 2397 non
1300 2342 1641 2413 negaverint,
1689 2341 1909 2396 cwleste
1954 2339 2113 2394 auxi-

546 2441 680 2494 lium
730 2444 1155 2506 consequentur.
1212 2453 1229 2485 ι
1277 2433 1343 2487 Et
1376 2434 1534 2503 juxta
1585 2433 1730 2487 illam
1787 2447 1981 2487 omnes
2021 2430 2114 2502 qui

552 2542 704 2587 recto
753 2538 879 2585 sunt
913 2528 1096 2583 corde.
1134 2546 1153 2579 ι
1193 2526 1388 2596 Aquila
1427 2542 1554 2580 vero
1584 2535 1638 2580 et
1688 2525 2011 2590 'l‘heodotio,
2049 2523 2115 2578 Et

546 2633 662 2697 post
694 2623 845 2677 illam
894 2637 1071 2675 omnes
1109 2621 1198 2691 qui
1240 2629 1379 2673 recto
1422 2628 1542 2673 sunt
1580 2619 1753 2673 corde.
1807 2615 1920 2673 Hoc
1967 2618 2111 2673 enim

548 2718 808 2781 salutare,
845 2714 1042 2784 inquit,
1073 2711 1217 2782 quod
1246 2711 1517 2781 justitiam
1551 2709 1783 2776 vocavit,
1820 2719 2116 2780 sequentur

547 2809 624 2866 illi
664 2809 758 2879 qui
796 2814 1030 2861 mentem
1062 2803 1302 2874 perﬁdia:
1354 2812 1631 2873 expertem
1668 2803 1885 2867 habent,
1920 2803 2116 2856 rectis-

552 2915 661 2973 que
714 2906 945 2955 utuntur
1000 2895 1535 2951 ratiocinationibus.
1589 2894 1683 2949 His
1726 2909 1856 2947 vero
1901 2893 2114 2947 Domini

546 2988 711 3043 verba
743 2985 1094 3055 respondent.
1137 2977 1271 3037 Nam
1297 2982 1488 3037 videns
1512 2982 1731 3037 Petrum
1763 2993 1815 3037 et
1841 2983 2112 3037 Andream

2213 1885 2389 1939 τοίνυν
2446 1884 2825 1955 μνημονεύσας
2882 1886 3163 1958 προνοίας,
3218 1889 3310 1941 καὶ
3366 1890 3604 1962 είρηκὼς,
3648 1895 3707 1948 ὅτι

2218 1995 2237 2028 t
2273 1977 2387 2030 Οὐκ
2414 1976 2692 2030 ἀπώσεται
2734 1976 2939 2048 Κύριος
2986 1980 3080 2030 τὸν
3124 1978 3251 2032 λαὸν
3298 1981 3475 2047 αὐτοῦ,
3522 1986 3600 2037 καὶ
3636 1988 3708 2058 τὴν

2213 2066 2580 2139 κληρονομίαν
2618 2066 2783 2120 αὑτοῦ
2810 2067 2909 2121 οὐκ
2936 2068 3341 2140 ἐγκαταλείψει.
3371 2090 3388 2125 ι
3418 2075 3501 2127 καὶ
3522 2076 3604 2147 τὴν
3620 2078 3709 2131 ἐσο-

2218 2158 2384 2230 μένην
2413 2158 2590 2211 αύτῶν
2609 2158 3050 2229 προθεασάμενος
3071 2162 3091 2192 ⁵
3116 2162 3342 2231 ἄρνησιν
3360 2165 3397 2228 ⁸,
3415 2166 3605 2230 εἰκότως
3617 2171 3711 2241 ἐπή-

2216 2268 2386 2321 γαγεν
2401 2252 2443 2317 ⁷,
2466 2250 2641 2313 (Ἕως
2656 2244 2715 2304 οὗ
2748 2250 3049 2321 ἐπιστρέψῃ
3078 2252 3389 2324 δικαιοσύνη
3408 2257 3480 2319 είς
3510 2259 3667 2328 κρίσιν.
3692 2280 3706 2311 t

2216 2343 2361 2405 Ἕως
2392 2342 2502 2412 γὰρ
2526 2340 2591 2394 ἂν
2628 2339 2704 2411 μὴ
2735 2339 3011 2412 ἀρνηθῶσι
3050 2341 3151 2411 τῆς
3171 2340 3499 2415 δικαιοσύνης
3521 2348 3600 2418 τὴν
3623 2351 3710 2403 ἐπι-

2216 2434 2465 2503 φάνειαν,
2499 2433 2595 2501 τῆς
2628 2432 2834 2487 ἀνωθεν
2865 2434 3147 2498 τεύξονται
3182 2437 3504 2507 προμηθείας
3518 2439 3552 2495 ³.
3579 2458 3595 2491 t
3628 2442 3711 2496 Καὶ

2214 2522 2460 2596 ἐχόμενοι
2488 2522 2659 2592 αὐτῆς
2686 2524 2883 2587 πάντες
2907 2525 2957 2577 οἱ
2988 2525 3169 2589 εύθεῖς
3202 2530 3268 2597 τῇ
3298 2529 3498 2600 καρδίᾳ.
3527 2549 3542 2581 ι
3569 2531 3642 2585 ὀι
3668 2533 3713 2585 δέ

2227 2617 2457 2679 Ἀκύλας
2495 2617 2586 2670 κα)⁵
2613 2618 2641 2669 6
2665 2615 2980 2670 Θεοδοτίωνῖ
3004 2619 3116 2672 Καὶ
3140 2620 3331 2674 ὀπίσω
3357 2622 3529 2691 αὐτῆς
3542 2624 3713 2693 πάντες

2215 2712 2268 2764 οἱ
2298 2708 2493 2775 εὐθεῖς
2516 2707 2589 2777 τῇ
2619 2709 2849 2777 καρδίᾳ.
2874 2709 3065 2781 Τούτῳ
3092 2712 3135 2743 ¹⁰
3164 2712 3291 2783 γὰρ,
3324 2714 3468 2785 φησὶ,
3497 2716 3562 2785 τῷ
3583 2735 3713 2787 σωτη.

2220 2802 2319 2873 ρίῳ
2338 2802 2401 2866 ⁸⁸,
2436 2801 2463 2854 ὃ
2490 2801 2833 2870 δικαιοσύνην
2854 2802 3136 2868 ἐκάλεσεν,
3166 2805 3559 2876 ἀκολοθήσουσιν
3581 2810 3620 2861 oi
3638 2828 3713 2863 κα-

2218 2892 2389 2963 θαρὰν
2419 2892 2672 2956 ἀπιστίας
2696 2894 2737 2923 ⁸⁸
2763 2892 3001 2945 διάνοιαν
3032 2892 3268 2963 ἔχοντες,
3304 2898 3393 2950 καὶ
3422 2898 3579 2951 εύθέσι
3603 2900 3713 2970 χρώ.

2224 3002 2375 3055 μενοι
2420 2986 2717 3053 λογισμοῖς.
2757 2984 3053 3055 Συμδαίνει
3094 2987 3152 3039 δὲ
3192 2990 3303 3051 τοῖς
3350 2992 3623 3060 εἰρημένοις
3646 2992 3715 3045 καὶ

550 3081 831 3135 mittentes
877 3084 992 3131 rete
1042 3076 1095 3129 in
1138 3091 1308 3139 mare,
1363 3074 1503 3127 dixit
1548 3074 1627 3128 eis
1662 3091 1674 3127 :
1716 3092 1733 3124 ι
1772 3072 1962 3128 Venite
1993 3081 2110 3142 post

2218 3074 2313 3130 τοῦ
2345 3075 2548 3145 Κυρίου
2579 3074 2648 3127 τὰ
2692 3076 2931 3145 ῥήματα.
2974 3072 3124 3131 Ἰδὼν
3165 3078 3273 3150 γὰρ
3304 3080 3393 3135 τὸν
3429 3083 3605 3152 Πέτρον
3645 3086 3715 3138 καὶ

550 3185 638 3227 me
660 3212 674 3237 ,
725 3177 780 3224 et
810 3168 1005 3223 faciam
1038 3182 1135 3221 vos
1169 3166 1470 3235 piscatores
1515 3165 1801 3219 hominum
1832 3175 1877 3217 ³.
1918 3183 1937 3217 ι
1973 3165 2041 3219 Εῐ
2068 3165 2118 3219 ei

549 3262 645 3332 qui
677 3260 860 3314 dixit:
906 3276 924 3309 ι
964 3257 1227 3311 Permitte
1260 3255 1389 3309 mihi
1428 3264 1487 3309 ut
1525 3264 1789 3319 revertar,
1828 3264 1881 3310 et
1909 3266 2116 3326 patrem

550 3367 733 3407 meum
774 3351 1054 3420 sepeliant,
1094 3367 1112 3400 ι
1170 3348 1354 3402 dixit:
1394 3367 1413 3400 ι
1453 3346 1584 3403 Sine
1624 3357 1683 3402 ut
1718 3349 1920 3403 mortui
1967 3364 2118 3418 sepe-

550 3443 688 3498 liant
744 3449 992 3497 mortuos
1049 3455 1201 3505 suos,
1259 3449 1318 3494 tu
1386 3448 1567 3494 autem
1617 3441 1843 3496 veniens
1893 3457 2121 3511 sequere

556 3530 768 3605 1282
805 3546 890 3588 me
930 3534 973 3587 ⁸.
1011 3552 1030 3585 ι
1063 3532 1376 3587 Judaeorum
1428 3531 1592 3601 igitur
1638 3547 1863 3598 curam,
1912 3533 2117 3604 inquit,

560 3637 733 3699 geret,
789 3642 963 3697 usque
1013 3627 1079 3681 ad
1129 3624 1592 3695 abnegationem:
1646 3638 1743 3679 eos
1794 3636 1976 3681 autem
2025 3628 2119 3696 qui

552 3729 703 3775 recto
729 3728 858 3775 sunt
877 3718 1062 3784 corde,
1089 3717 1327 3774 asseclas
1359 3718 1597 3784 habebit,
1628 3719 1728 3788 ipsi
1759 3719 2116 3786 adbaarentes,

470 3816 473 3819 '
553 3822 607 3866 et
636 3810 813 3881 ipsum
844 3809 1253 3879 amplectentes,
1286 3821 1387 3862 nec
1416 3808 1634 3877 penitus
1670 3806 1911 3863 volentes
1939 3807 2116 3877 ipsum

551 3899 945 3970 derelinquere.

500 4140 505 4147 ν
624 4076 793 4132 Vsus.
842 4073 927 4128 16.
988 4090 1008 4124 ι
1057 4072 1194 4139 Quis
1233 4080 1529 4143 consurget
1582 4085 1797 4127 mecum
1860 4071 2120 4129 adversus

556 4168 940 4237 malignantes,
975 4175 1066 4218 aut
1108 4165 1232 4233 quis
1259 4164 1423 4218 stabit
1454 4178 1667 4218 mecum
1699 4163 1961 4219 adversus
1991 4181 2121 4235 ope-

561 4268 748 4315 rantes
805 4257 1194 4329 iniquitatem?
1245 4275 1263 4307 ι
1320 4256 1661 4311 Manifestius
1719 4253 2117 4326 Symmachus:

557 4353 688 4418 Quis
739 4364 911 4422 surget
962 4351 1063 4404 mei
1123 4366 1287 4403 causa
1346 4348 1593 4401 adversus
1649 4348 1953 4417 improbos?
2005 4353 2119 4422 quis

2218 3166 2309 3221 τὸν
2352 3167 2612 3238 Ἀνδρέαν
2660 3164 2952 3237 βάλλοντας
2976 3170 3389 3242 ἀμφίϐληστρον
3428 3175 3500 3237 είς
3534 3175 3615 3247 τὴν
3641 3177 3715 3231 θά-

2218 3261 2443 3326 λασσαν,
2482 3257 2634 3313 εἶπεν
2663 3261 2869 3323 αὐτοῖς·
2896 3282 2915 3313 t
2938 3262 3105 3317 Δεῦτε
3128 3265 3300 3319 ὀπίσω
3322 3284 3438 3337 μου,
3458 3270 3539 3322 καὶ
3553 3271 3717 3337 ποιήσω

2220 3356 2363 3424 ὑμᾶς
2386 3355 2558 3416 ἁλιεῖς
2590 3353 2914 3425 ἀνθρώπων.
2956 3375 2975 3408 ι
3016 3358 3133 3411 Kal
3167 3359 3244 3429 τῷ
3272 3362 3519 3431 εἰρηκότι.
3550 3380 3565 3413 ι
3599 3364 3716 3415 Ἐπί-

2219 3445 2415 3514 τρεψόν
2444 3461 2532 3511 μοι
2556 3444 2813 3499 ἀπελθεῖν
2844 3446 3011 3515 θάψαι
3039 3448 3132 3500 τὸν
3165 3451 3371 3521 πατέρα
3401 3469 3515 3521 μου,
3552 3472 3568 3505 i
3600 3448 3717 3506 εἶπεν

2217 3533 2245 3584 6
2273 3528 2496 3602 Κύριος.
2523 3549 2542 3583 ι
2580 3532 2750 3599 ’Ᾱφες
2768 3531 2893 3597 τοὺς
2916 3537 3148 3605 νεκροὺς
3169 3534 3390 3591 θάπτειν
3413 3540 3526 3602 τοὺς
3552 3541 3716 3592 ἑαυτῶν

2220 3619 2471 3692 νεκροὺς,
2504 3624 2568 3676 σὺ
2597 3623 2653 3676 δὲ
2671 3624 2841 3677 ἐλθὼν
2874 3620 3159 3680 ἀκολούθει
3193 3646 3301 3698 μοι.
3329 3649 3346 3682 i
3392 3632 3626 3685 Ἰουδαίων
3644 3636 3716 3703 μὲν

2218 3711 2332 3780 οῦν,
2361 3714 2495 3784 φησὶ
2516 3715 2579 3780 ¹³,
2611 3715 2772 3786 μέχρι
2789 3712 2830 3748 ⁸⁸
2854 3716 2953 3787 τῆς
2976 3719 3260 3789 ἀρνήσεως
3284 3723 3546 3791 ποιήσεται
3567 3725 3718 3793 ητιρό-

2219 3822 2386 3868 νοιαν,
2417 3804 2544 3867 τοὺς
2575 3804 2631 3857 δὲ
2658 3805 2836 3869 εύθεῖς
2875 3807 2942 3876 τῇ
2981 3808 3181 3880 καρδίᾳ
3220 3810 3527 3876 ἀκολούθους
3560 3813 3715 3877 Eia“.

2219 3895 2510 3966 ἐχομένους
2541 3895 2704 3950 αὑτοῦ
2725 3895 2788 3959 ¹⁷,
2830 3896 2926 3950 καὶ
2954 3897 3377 3971 ἀντεχομένους,
3420 3904 3558 3958 atat“
3588 3923 3717 3957 καται

2218 3987 2397 4041 λιπεῖν
2431 3982 2538 4041 οὐδ*
2571 3987 2710 4052 ὅλως
2742 3990 3127 4060 ἀνεχομένους.

2294 4085 2387 4144 ις’.
2439 4096 2459 4130 t
2504 4076 2599 4143 Τίς
2642 4080 3008 4151 ἀναστήσεται
3056 4100 3147 4153 μοι
3178 4085 3269 4138 ἐπὶ
3297 4088 3715 4159 πονηρευομένους,

2220 4168 2252 4242 ἢ
2281 4170 2363 4234 τίς
2393 4172 2921 4244 συμπαραστήσεταί
2969 4190 3060 4245 μοι
3097 4178 3190 4230 ἐπὶ
3222 4180 3346 4242 τοὺς
3385 4181 3718 4251 ἐργαζομένους

2218 4262 2316 4330 τὴν
2357 4264 2618 4334 ἀνομίαν;
2652 4283 2671 4315 ι
2713 4264 3057 4336 Σαφέστερον
3083 4269 3126 4299 ¹⁹
3170 4270 3227 4323 δὲ
3268 4271 3297 4322 6
3329 4272 3608 4343 Σύμμαχος·
3648 4274 3717 4337 Τίς

2220 4355 2625 4423 ἀναστήσεται
2651 4358 2803 4425 ὑπὲρ
2833 4357 2979 4427 ἐμοῦ
3017 4359 3170 4428 πρὸς
3192 4364 3539 4433 κακούργως
3554 4382 3572 4431 ;
3596 4366 3667 4429 τίς
3683 4364 3717 4397 ’⁸

554 4444 718 4499 stabit
754 4458 847 4516 pro
889 4458 968 4496 me
1012 4454 1197 4495 contra
1235 4448 1501 4509 operantes
1552 4440 1925 4509 iniquitatem?
1961 4440 2110 4498 Omni

2223 4446 2581 4506 ἐνστήσεται
2626 4448 2777 4518 ὑπὲρ
2826 4448 2972 4519 ἐμοῦ
3019 4451 3171 4519 πρὸς
3208 4448 3597 4524 ἐργαζομένους
3621 4455 3717 4510 ἀδι-

634 4658 657 4687 τ
697 4648 720 4705 ι
752 4646 877 4704 Cor.
917 4664 965 4714 ι,
998 4648 1089 4704 50.

1164 4659 1185 4686 ι
1231 4641 1420 4701 Matth.
1456 4662 1527 4712 tv,
1573 4647 1657 4702 19.
1741 4653 1758 4687 ι
1804 4648 1936 4705 Luc.
1981 4667 2053 4715 lx,
2091 4652 2171 4707 60.

1558 4824 1796 4881 VARUS
1829 4823 2209 4886 LECTIONES
2237 4822 2322 4886 ET
2360 4832 2587 4888 NOTAE.

624 4966 671 4998 ⁹¹
707 4962 813 5016 Καὶ
850 4963 1019 5016 κατὰ.
1051 4962 1170 5017 cod.
1204 4964 1222 5015 1

557 5037 726 5099 λαός.
778 5033 909 5105 Des.
952 5034 1003 5085 in
1054 5033 1174 5105 eqd.
1206 5034 1254 5085 1.
1318 5035 1381 5105 -⁹⁶λ
1406 5034 1580 5105 mihi
1615 5033 2000 5105 κληρονομίαν.

559 5172 680 5231 cod.
710 5173 746 5226 ἓ
774 5189 954 5242 prauu.
986 5174 1036 5227 6.
1110 5172 1130 5204 ³
1159 5176 1311 5229 Max.
1342 5174 1463 5227 cod.
1488 5174 1523 5226 2
1564 5172 1903 5236 Ἀπόστολος.

558 5263 668 5309 νος.
745 5244 765 5275 ⁸
797 5244 1108 5309 Ἀρνησιν.
1150 5244 1270 5297 cod.
1325 5245 1345 5297 1
1393 5243 1519 5297 add.
1565 5242 1673 5294 τῶν
1725 5244 2013 5297 Ἰουδαίων.

1277 4979 1465 5033 praem.
1488 4963 1707 5027 τούτους
1737 4964 1866 5033 γάρ.
1977 4966 2022 4999 ⁹³
2050 4965 2140 5020 Δέ.
2168 4967 2334 5021 Abest
2364 4984 2392 5021 a
2433 4966 2557 5021 cod.
2595 4965 2648 5019 1.

1523 5036 1580 5113 61
1615 5036 2013 5113 κληρονομίαν...
2051 5107 2061 5113 _
2102 5039 2110 5068 ¹

2217 5038 2282 5113 0d
2295 5038 2354 5113 .1
2396 5038 2545 5113 λαόν.
2632 5036 2677 5069 ’⁸
2707 5037 2829 5113 cod.
2864 5038 2902 5113 1_
2928 5040 3374 5113 χρηματίζονταςΣ

559 5055 726 5099 .ιαος.
778 5055 900 5086 ves.
953 5055 1003 5085 In
1054 5055 1174 5086 cuu.
1206 5055 1254 5085 1.
1332 5055 1375 5065 ’ν
1406 5055 1580 5101 cum!
1615 5055 2000 5105 κΛηρονομιαν.
2104 5055 2110 5068 ·

559 5106 779 5174 κρίσιν.
819 5102 982 5156 Hebr.
1018 5122 1031 5156 :
1068 5100 1207 5174 Nam
1258 5103 1325 5155 ud
1355 5102 1623 5174 justitiam
1678 5104 1864 5156 redibit
1890 5105 2110 5173 judicia:

2217 5055 2307 5090 ou.
2331 5055 2354 5089 1
2399 5055 2545 5091 Ααον.
2634 5055 2677 5069 ὐ
2707 5055 2829 5090 cou.
2864 5055 2886 5090 1

2252 5107 2266 5138 ¹
2301 5108 2576 5171 Χριστόν.
2625 5107 2747 5160 cod.
2783 5106 2806 5159 ί
2840 5055 2962 5161 adcr.

1981 5176 2001 5204 ‘
2034 5174 2268 5248 Ἐδόθη.
2302 5178 2431 5232 Rec.
2463 5178 2619 5232 lectio
2653 5178 2689 5230 Ι.
2720 5192 2771 5231 c.
2812 5178 3176 5248 εεῑγὲγενήθη.
3250 5174 3407 5231 'cod.
3440 5176 3471 5229 2
3498 5175 3715 5248 θεασάμες

2112 5245 2132 5275 ⁷
2154 5248 2370 5317 ξΕπηγ,
2403 5248 2525 5303 cod.
2562 5250 2585 5303 1
2623 5248 2752 5317 περὶ
2782 5247 2961 5301 αὐτῶν
2992 5245 3213 5315 ἔφησεν.

2761 4962 2807 5070 “I
2832 4966 2952 5070 (δρᾶ.
2986 4968 3009 5020 1
3043 4966 3361 5070 ἀπολειῦσαι.
3432 4970 3488 5070 ’ξ’
3516 4959 3715 5070 gestor

2998 5043 3374 5106 ηματίζοντας.
3447 5043 3488 5070 "
3520 5043 3711 5099 Ἕως-

2998 5111 3089 5161 τὸν
3113 5110 3242 5161 Θεὸν
3270 5108 3457 5177 ἡμῶνη
3505 5109 3523 5177 _’
3550 5104 3711 5177 Αὐτός.

3313 5248 3334 5279 ⁸
3372 5250 3539 5313 Προμ.
3566 5243 3665 5313 end.
3689 5239 3713 5289 ι)

555 5313 1197 5403 ρτιεεηλπρονεξαςδκμί..
1241 5315 1261 5347 ⁹
1304 5315 1448 5393 ’ρ-
1472 5311 1701 5403 κρίζδίᾳ.
1732 5314 1853 5397 eod.
1886 5314 1906 5366 1
1936 5315 2178 5403 ἀνιτὶυτοῦ
2202 5311 2555 5403 ἀκολουθοῦσι
2584 5320 2648 5403 ej
2682 5311 2842 5403 σοῗίᾳ
2866 5332 2879 5346 ·
2910 5311 3716 5403 ὅσοιῖτοίνυν,τούτῷβὶστεύσιγ

558 5383 648 5457 τες
678 5383 898 5437 Θεδνὲκ
918 5383 1051 5457 Θεοῦ
1080 5383 1431 5457 ὁμολογοῦσιν
1462 5383 1644 5457 αὑτὸν,
1675 5385 1895 5457 τούτους
1925 5385 2105 5457 εὐθεῖς
2132 5385 2358 5439 ἐκάλεσε
2390 5390 2455 5457 τῇ
2488 5383 2703 5457 καρδίᾳ.

442 5502 445 5504 ,
559 5456 693 5508 diti:
733 5465 957 5525 quoquot
989 5456 1165 5525 itaque
1191 5454 1244 5507 in
1282 5470 1398 5525 eum
1433 5456 1670 5525 credunt,
1697 5464 1745 5507 et
1786 5454 1951 5507 Deum
1989 5471 2054 5509 ea:
2084 5456 2188 5510 Deo
2210 5454 2546 5525 confitentur,
2570 5454 2670 5510 Vltos'
2695 5469 2860 5510 rectos
2906 5458 3059 5510 corde
3084 5454 3301 5512 vocavit.

559 5522 882 5596 ἀκολζεοιί.
925 5524 943 5576 l
971 5522 1161 5596 τούτῳ
1188 5525 1244 5576 δὲ
1272 5522 1675 5596 ἀκολουθοῦσιν.
1712 5525 1830 5578 cod.
1865 5525 1898 5579 2
1934 5542 2030 5593 pro
2063 5544 2110 5579 τι

2214 5546 2235 5596 ρ
2259 5522 2419 5583 habet
2443 5527 2619 5581 τοῦτο.

2085 5598 2291 5667 μέντοι.

561 5597 683 5648 eod.
722 5596 745 5647 1
783 5594 882 5663 τῆς
918 5589 1171 5655 πίστεως.
1275 5594 1319 5625 ⁸⁸
1356 5594 1481 5648 Μέν
1498 5589 1630 5655 οὖν,
1660 5596 1830 5660 φησί.
1863 5589 1983 5651 cod.
2021 5599 2044 5650 1

2794 5379 2853 5440 οό
2880 5398 2980 5449 est,
3019 5388 3286 5455 sapientia:
3320 5379 3621 5455 sttidioisunt
3649 5379 3717 5429 de-

3403 5458 3442 5489 “
3479 5454 3645 5513 Τούτῳ
3667 5476 3716 5485 -

2724 5528 2763 5561 “
2801 5529 2923 5582 cod.
2950 5528 2984 5581 2
3013 5530 3072 5581 τὸ
3109 5528 3382 5597 σωτήριον.
3457 5528 3493 5597 ’_'
3527 5525 3711 5597 Ἀδξιστ-

2394 5600 2436 5630 ¹⁸
2461 5596 2671 5669 Μέχρι.
2694 5597 2818 5651 cod.
2864 5597 2899 5651 2
2924 5599 3027 5669 χρή
3062 5614 3147 5667 με.
3238 5590 3292 5631 ’ίδ
3322 5596 3433 5669 eod.
3517 5590 3713 5669 ποιηταῖς.

567 5664 617 5695 ⁸⁸
655 5665 774 5749 cod:
796 5654 995 5749 .2159.
1072 5654 1262 5749 ίξςοέῦ
1285 5663 1319 5716 2
1353 5662 1567 5749 αύπτηύς.
1618 5654 1686 5696 7³³
1716 5654 2097 5749 ξαί-άνεχί

2214 5684 2251 5728 t.
2289 5669 2343 5725 in
2368 5654 2608 5746 cod.2."_
2630 5668 2679 5749 f9
2700 5671 2849 5736 Σαφ,
2868 5654 3301 5739 -τῪΣὶῂλμαχος,
3332 5666 3443 5722 cod,
3472 5666 3491 5717 ί
3530 5662 3580 5713 '0
3598 5654 3703 5723 Σύμ-

568 5750 737 5804 μαχος
754 5733 919 5801 λέγει,
947 5733 1047 5787 ὅτι.
1122 5732 1167 5765 ²⁹
1203 5732 1315 5798 Τίς.
1329 5733 1485 5791 codd
1515 5749 1700 5804 prtem.
1726 5733 1781 5803 ἦ.
