3924 6462
510 303 646 366 1643

1499 309 1989 369 Tl-IEODORETI
2032 309 2369 370 EPISCOPI
2408 309 2776 370 CYRENSIS

3650 304 3772 368 16M

505 419 653 472 enim
683 417 885 487 saepius
919 416 1121 472 factam
1171 419 1225 473 in
1272 419 1569 475 solitudine
1603 422 2090 475 contradictionem

2203 422 2448 493 γνώμην.
2492 422 3006 490 Παραπικρασμὸν
3049 420 3158 492 γὰρ
3208 420 3447 490 κέκληκε
3495 419 3595 489 τὴν
3637 423 3691 472 ἐν
3715 428 3772 494 τῇ

505 511 745 566 vocavit.
802 509 894 565 Sic
937 512 1103 566 etiam
1139 512 1192 566 in
1231 513 1339 566 alio
1388 514 1465 566 ait
1503 515 1715 583 psalmo
1751 534 1763 569 :
1805 533 1822 566 ι
1859 511 2089 580 Quoties

506 600 982 654 exacerbaverunt
1015 617 1141 654 eum
1183 603 1235 655 in
1263 600 1504 668 deserto,
1537 612 1591 656 et
1628 604 1981 658 irritaverunt
2013 606 2094 673 ip-

507 703 630 742 sum
664 688 717 742 in
762 695 907 742 terra
946 691 1213 758 inaquosa
1246 690 1297 745 δ.
1337 709 1356 742 ι
1393 693 1644 746 Ostendit
1687 708 1849 763 porro
1875 703 1925 748 et
1957 694 2090 747 libe-

506 795 628 834 rum
659 783 859 835 mentis
889 782 1204 837 arbitrium.
1235 783 1352 836 Non
1385 784 1530 837 enim
1564 786 1886 854 simpliciter
1914 786 2090 839 dixit:

505 871 586 926 Ne
627 873 990 938 obduremini,
1025 874 1119 927 sed
1153 891 1223 928 :4
1262 873 1437 928 Nolite
1466 875 1739 932 obdurare
1785 877 1953 932 corda
1999 892 2093 931 ve-

508 977 644 1032 stra,
690 986 708 1019 ι
762 966 970 1022 docens
1031 967 1182 1036 ipsos
1222 982 1344 1021 esse
1381 968 1600 1038 1288
1629 978 1884 1024 auctores
1905 970 2092 1038 hujus-

509 1060 660 1114 modi
718 1060 840 1114 duri
899 1059 1103 1114 cordis.
1152 1059 1358 1114 Deinde
1407 1061 1748 1115 mauilestius
1804 1071 2092 1130 parentum

513 1151 942 1207 inobedientiam
976 1152 1082 1205 illis
1103 1153 1154 1206 in
1175 1152 1497 1207 memoriam
1531 1162 1772 1208 revocat.

582 1334 601 1354 ⁸
639 1351 657 1384 ι
719 1331 896 1388 :Sicut
933 1333 1021 1388 die
1057 1333 1372 1389 tentationis
1421 1334 1472 1387 in
1523 1334 1762 1400 deserto,
1800 1335 1892 1389 ubi
1924 1343 2097 1390 tenta-

505 1433 703 1480 verunt
733 1440 836 1479 .me
886 1435 1067 1495 patres
1097 1426 1284 1488 vestri,
1308 1427 1708 1496 probaverunt,
1750 1436 1805 1481 et
1845 1427 2098 1482 viderunt

505 1535 671 1589 opera
709 1535 850 1573 mea.
890 1517 1080 1590 [Vens
1122 1518 1235 1592 ω]
1267 1519 1639 1589 Quadraginta
1672 1521 1851 1576 annis.
1895 1539 1913 1572 ι
1945 1517 2097 1586 Quo-

508 1613 656 1666 niam
687 1611 832 1666 enim
870 1611 922 1664 in
953 1611 1280 1680 promissam
1303 1621 1504 1665 terram
1532 1612 1740 1682 ingredi
1777 1612 2094 1676 noluerunt,

510 1701 631 1776 [sed
662 1702 1116 1756 contradixerunt
1147 1701 1254 1754 Deo
1283 1701 1525 1775 jubenti]
1548 1703 1910 1758 {orlnidinem
1941 1706 2097 1760 stoli-

2194 515 2391 584 ἐρήμῳ
2421 514 2685 576 πολλάκις
2706 515 3088 583 γεγενημένην
3147 515 3482 583 ἀντιλογίαν.
3510 512 3671 566 Οὕτω
3690 520 3773 568 καὶ

2193 607 2252 658 ἐν
2309 605 2480 674 ἐτέρῳ
2543 605 2649 675 ἔφη
2702 604 2944 674 ψαλμῷο
2991 623 3011 656 ι
3060 605 3299 665 Ποσάκις
3359 605 3772 675 παρεπίκραναν

2193 697 2358 750 αὑτὸν
2413 700 2470 750 ἐν
2515 701 2580 766 τῇ
2617 697 2831 768 ἐρήμῳ,
2886 696 3248 767 παρὼργισαν
3293 697 3458 751 αὑτὸν
3491 699 3552 750 ἐν
3588 701 3664 767 γῇ
3692 700 3775 752 ἀν-

2196 789 2360 858 ύδρῳ.
2405 807 2424 839 ι
2477 788 2692 851 Ἔδειξε
2733 788 2788 839 δὲ
2832 789 2926 840 καὶ
2946 787 3007 840 τὺ
3035 788 3135 857 τῆς
3159 787 3389 858 γνώμης
3441 787 3771 859 αὐθαίρετον.

2196 878 2272 930 Οὑ
2317 879 2427 947 γάρ
2455 876 2646 938 ἁπλῶς
2684 872 2807 928 εἷπε
2835 892 2847 904 ·
2899 875 2990 947 Μὴ
3025 874 3422 946 σκληρυνθῆτε,
3458 875 3594 927 ἀλλὰ
3635 895 3654 925 ι
3697 878 3774 945 Μὴ

2198 968 2541 1037 σκληρύνητε
2593 966 2695 1028 τὰς
2744 965 2972 1035 καρδίας
3024 965 3180 1035 ὑμῶν
3210 965 3276 1027 ⁸⁸,
3320 983 3340 1015 ι
3397 965 3675 1018 διδάσκων
3713 967 3776 1028 ὡς

2195 1060 2350 1112 αὐτοί
2397 1061 2504 1111 εἰσι
2529 1058 2630 1125 τῆς
2671 1062 2930 1128 τοιαύτης
2980 1058 3210 1130 καρδίας
3254 1057 3630 1127 δημιουργοί·
3679 1053 3776 1110 εἶτα

2197 1152 2537 1222 σαφέστερον
2581 1150 2681 1220 τῆς
2733 1151 2841 1204 τῶν
2875 1151 3130 1220 πατέρων
3156 1148 3440 1211 ἀπειθείας
3469 1150 3778 1218 ἀναμιμνή-

2197 1262 2338 1299 σκει.

2277 1353 2297 1386 ι
2328 1333 2487 1389 Κατὰ
2508 1333 2610 1406 τὴν
2633 1333 2852 1404 ἡμέραν
2881 1332 2974 1386 τοῦ
3005 1331 3318 1402 πειρασμοῦ
3342 1332 3388 1362 δ’
3410 1333 3468 1383 ἐν
3483 1333 3549 1401 τῇ
3573 1331 3777 1400 ρήμῳ,

2197 1421 2260 1481 οὗ
2296 1426 2595 1496 ἐπείρασάν
2625 1442 2691 1495 με
2725 1427 2773 1478 οἰ
2802 1425 3039 1498 πατέρες
3061 1424 3239 1494 ὑμῶν,
3267 1423 3601 1493 ἐδοκίμασαν
3635 1439 3702 1492 με
3722 1423 3777 1480 ⁵⁸,

2199 1519 2294 1571 καὶ
2346 1514 2488 1571 εἶδον
2536 1518 2606 1570 τά
2642 1516 2781 1588 ἔργα
2829 1533 2955 1585 μου.
3009 1514 3102 1586 [ί]
3149 1515 3573 1585 Τεσσαράκοντα
3604 1515 3723 1583 ἐτη.
3761 1534 3776 1564 ι

2211 1609 2432 1678 Ἐπειδὴ
2481 1609 2590 1679 γὰρ
2645 1609 2724 1670 εἰς
2763 1608 2863 1678 τὴν
2917 1605 3336 1676 ἐπηγγελμένην
3385 1605 3656 1659 εἰσελθεῖν
3695 1607 3782 1658 οὐκ

2201 1701 2590 1771 ἠϐουλήθησαν
2636 1701 2760 1770 γῆν,
2801 1698 2882 1771 [⁸⁵
2924 1700 3039 1752 ἀλλ’
3089 1701 3342 1752 ἀντεῖπον
3397 1698 3680 1751 κελεύοντι
3714 1699 3781 1767 τῷ

507 1797 632 1850 dam
662 1803 716 1849 et
749 1805 952 1848 metum
987 1793 1328 1862 objicientes,
1366 1794 1721 1865 dicentesque
1753 1795 1868 1850 fore
1907 1806 1964 1850 ut
1994 1798 2093 1868 ipsi

2203 1794 2383 1866 85(1),]
2430 1794 2549 1855 δέος
2590 1793 2785 1860 ἄλογον
2819 1792 3270 1862 προϐαλλόμενοι,
3316 1791 3412 1844 καί
3440 1790 3650 1848 δειλίαν
3691 1795 3781 1860 φάο

508 1887 913 1952 occidcrentur,
941 1896 996 1940 et
1042 1885 1200 1940 liberi
1230 1887 1429 1956 captivi
1471 1889 1684 1952 tierent,
1727 1891 1997 1959 permisit,
2037 1899 2096 1944 ut

509 1995 604 2048 per
635 1978 994 2049 quadraginta
1033 1993 1209 2033 annos
1247 1978 1349 2048 ipsi
1383 1979 1438 2032 in
1483 1979 1778 2036 solitudine
1809 1983 1970 2036 vitam
2000 1983 2096 2036 de-

507 2080 720 2145 gerent,
745 2071 924 2126 donec
951 2081 1429 2126 consumerentur.
1483 2092 1499 2124 ι
1532 2071 1784 2128 lnfensus
1823 2073 1899 2128 fui
1936 2090 2097 2144 gene-

508 2164 711 2220 rationi
759 2164 917 2230 huic,
974 2171 1028 2217 et
1071 2163 1182 2217 dixi
1220 2181 1233 2218 :
1272 2163 1498 2234 Semper
1541 2163 1595 2219 hi
1633 2176 1821 2220 errant
1852 2168 2035 2222 corde.
2071 2186 2090 2217 ι

507 2256 702 2327 Aquila
749 2265 804 2310 et
857 2255 1263 2326 Symmachus,
1318 2271 1418 2325 pro
1465 2259 1632 2312 verbo
1677 2257 1927 2328 Infensns
1981 2259 2093 2328 fui,

510 2358 846 2420 posuerunt,
879 2362 984 2400 non
1015 2347 1179 2400 amice
1213 2347 1438 2415 allectus
1461 2347 1565 2418 fui.
1598 2348 1806 2402 Idcirco
1828 2389 1840 2411 ,
1887 2349 2093 2419 inquit,

507 2457 681 2512 genus
720 2440 851 2494 illud
893 2450 1212 2496 exsecratus
1253 2456 1376 2494 sum
1402 2480 1417 2504 ,
1469 2441 1659 2496 videns
1706 2442 1875 2497 levem
1911 2451 1965 2496 et
2010 2443 2097 2497 in-

509 2542 848 2589 constantem
905 2547 1035 2586 801'“
1046 2550 1091 2583 Ill
1123 2539 1358 2586 mentem
1369 2569 1384 2584 .

587 2708 750 2765 Vens.
778 2710 867 2764 11.
901 2727 920 2760 ι
955 2709 1060 2778 Ipsi
1086 2723 1214 2764 vero
1243 2724 1349 2761 non
1377 2715 1753 2778 cognoverunt
1779 2697 1897 2762 vias
1921 2724 2092 2772 meas,

509 2803 655 2858 sicut
687 2803 869 2870 juravi
899 2801 953 2854 in
987 2802 1065 2854 ira
1092 2815 1210 2854 mea
1246 2816 1259 2851 :
1287 2799 1401 2854 Non
1435 2799 1738 2852 introibunt
1764 2798 1816 2852 in
1852 2800 2094 2868 requiem

510 2909 712 2946 meam.
745 2911 764 2943 ι
807 2892 868 2945 lli
893 2901 1073 2945 autem
1102 2893 1167 2943 ad
1194 2891 1373 2944 minas
1402 2890 1717 2958 juramento
1749 2891 2097 2946 conﬁrmatas

507 2987 806 3041 noluerunt
845 2987 1146 3047 attendere,
1178 2999 1355 3054 neque
1406 2984 1865 3039 comminationes
1913 2985 2097 3054 pceni-

509 3080 678 3135 tentia
711 3087 956 3132 avertere
987 3077 1299 3133 voluerunt.
1343 3075 1636 3145 l'roliterea
1671 3085 1875 3130 terram
1922 3076 2094 3147 patri-

2199 1901 2423 1948 σκοντες
2444 1885 2512 1948 ⁵⁸,
2544 1884 2619 1948 ὡς
2647 1883 2804 1936 αὐτοὶ
2831 1883 2930 1954 μὲν
2956 1883 3436 1955 ἀναιρεθήσονται,
3469 1883 3781 1954 δορυὰλωτα

2196 1981 2256 2034 δὲ
2299 1979 2369 2033 τὰ
2400 1979 2590 2032 παιδία
2623 1977 2989 2047 γενηθήσεται
3025 1976 3092 2038 ⁸⁸,
3123 1976 3216 2028 τὸν
3247 1976 3780 2046 τεσσαρακοντούτην

2197 2074 2398 2134 αὐτοὺς
2439 2073 2497 2123 ἐν
2527 2074 2592 2142 τῇ
2639 2072 2835 2142 ἐρήμῳ
2867 2069 3151 2138 διαγαγεῖν
3175 2069 3218 2100 ⁸⁷
3255 2069 3645 2139 παρεσκεύασε
3668 2071 3779 2139 χρό-

2198 2182 2311 2229 νον,
2355 2164 2459 2227 ἓως
2495 2165 2651 2216 αὐτοὶ
2682 2161 3151 2233 κατηναλώθησαν
3187 2162 3253 2215 ⁸⁸.
3293 2180 3310 2212 ι
3352 2162 3716 2231 Προσὼχθισα
3739 2164 3779 2194 ⁸⁹

2196 2258 2264 2326 τῇ
2311 2255 2474 2325 γενεᾷ
2525 2253 2733 2328 ἐκείνῃ,
2759 2255 2856 2307 καὶ
2894 2249 3047 2306 εἷπον
3094 2255 3160 2314 ⁹⁰,
3193 2253 3306 2305 Ἀεὶ
3360 2254 3677 2308 πλανῶνται
3720 2258 3776 2326 τῇ

2197 2347 2416 2418 καρδίᾳ.
2457 2364 2477 2398 ι
2519 2347 2577 2400 ’0
2610 2346 2668 2400 δὲ
2709 2345 2959 2411 Ἀκύλας,
2996 2347 3090 2400 καὶ
3127 2346 3155 2398 6
3183 2345 3502 2417 Σύμμαχος,
3536 2347 3657 2399 ἀντὶ
3691 2348 3776 2400 τοῦ

2200 2439 2617 2507 Προσώχθισα,
2641 2438 3381 2509 Δυσηρεστήθηνείρήκασι
3397 2454 3414 2469 ο
3437 2438 3654 2497 τούτου,
3677 2457 3771 2508 φη-

2199 2533 2304 2598 σὶν,
2337 2532 2498 2584 ἕνεκα
2529 2530 2628 2602 τὴν
2651 2531 2849 2595 γενεάν
2893 2532 3109 2600 ἐκείνην
3145 2529 3544 2601 ἐῦδελυξάμην,
3571 2532 3628 2583 τὸ
3660 2531 3778 2584 κοῦ-

2199 2633 2297 2693 φον
2325 2622 2506 2676 αὐτῶν
2537 2624 2630 2675 καὶ
2659 2621 2977 2694 εὑρίπιστον
3003 2623 3104 2693 τῆς
3132 2621 3362 2692 γνώμης
3404 2621 3550 2675 ἰδών.

2273 2720 2361 2769 ια’.
2411 2733 2430 2764 ι
2457 2711 2621 2766 Αὑτοί
2666 2713 2708 2744 ⁹¹
2756 2713 2813 2765 δὲ
2848 2713 2949 2764 οὐκ
2973 2712 3220 2780 ἔγνωσαν
3260 2711 3359 2774 τὰς
3380 2712 3534 2775 ὁδούς
3567 2711 3780 2783 μου,ὠ;

2198 2808 2390 2880 ὤμοσα
2421 2809 2478 2860 ἐν
2516 2810 2582 2879 τῇ
2626 2808 2766 2878 ὀργῇ
2814 2823 2916 2876 μου
2936 2821 2949 2834 ·
2986 2807 3047 2858 Εἰ
3074 2807 3119 2836 ’³
3153 2805 3556 2858 εἰσελεύσονται
3581 2807 3659 2868 εἰς
3689 2805 3778 2871 τὴν

2198 2900 2546 2955 κατάπαυσίν
2599 2917 2722 2970 μου.
2760 2919 2778 2950 ι
2823 2901 2887 2951 Ol
2917 2899 2972 2950 δὲ
3003 2901 3122 2962 ταῖς
3155 2899 3509 2968 ὠμοσμέναις
3546 2900 3592 2931 ’³
3627 2901 3777 2951 ἀπει-

2198 2992 2319 3051 λαῖς
2383 2991 2676 3062 προσέχειν
2714 2991 2815 3044 οὐκ
2868 2992 3162 3061 ὴθέλησαν,
3217 2991 3337 3044 οὐδὲ
3366 2991 3413 3022 ’⁸
3450 2991 3778 3060 μεταμελείᾳ

2199 3085 2361 3138 λῦσαι
2404 3086 2504 3154 τὴν
2535 3082 2768 3154 ἀπειλὴν
2812 3082 3220 3154 ἠϐουλήθησαν.
3272 3079 3346 3138 OB
3383 3083 3449 3153 δὴ
3478 3084 3643 3153 χάριν
3685 3083 3778 3151 τῆς

512 3171 617 3228 bus
650 3171 975 3240 promissam
1006 3169 1229 3224 minime
1259 3169 1544 3224 consecuti
1566 3178 1716 3225 sunt.
1778 3168 1916 3224 Nam
1945 3171 2091 3225 illam

2203 3178 2308 3239 τοῖς
2368 3176 2644 3247 πατράσιν
2691 3175 3110 3246 ἐπηγγελμένης
3161 3176 3262 3228 οὐκ
3293 3176 3621 3244 ἀπήλαυσαν
3661 3178 3774 3244 γῆς.

511 3276 740 3330 terram,
771 3266 886 3334 ejus
918 3265 1145 3333 requiem
1184 3263 1492 3332 appellavit,
1517 3265 1601 3317 vel
1628 3265 1927 3318 secundum
1959 3265 2096 3319 alios

509 3359 853 3426 interpretes,
904 3358 1150 3427 quietem.
1184 3356 1454 3421 Quoniam
1510 3357 1658 3410 enim
1705 3357 1759 3410 in
1795 3357 2096 3411 solitudine

510 3450 620 3505 iter
646 3447 935 3509 facientes,
961 3444 1276 3512 frequentes
1301 3446 1404 3498 loci
1428 3448 1762 3500 mutationes
1797 3445 2092 3509 faciebant,

509 3547 788 3610 praeeunte
813 3537 1183 3601 tabernaculo,
1220 3537 1403 3606 inquo
1438 3537 1582 3592 Deus
1617 3539 1866 3592 habitare
1897 3539 2092 3592 existi-

511 3632 789 3694 mabatur,
818 3631 870 3682 in
904 3638 1047 3682 terra
1080 3645 1209 3683 vero
1247 3627 1650 3696 promissionis,
1683 3637 1736 3682 et
1779 3628 1880 3697 ipsi
1917 3628 1986 3681 ab
2013 3628 2098 3681 iti-

517 3740 650 3779 nere
683 3721 903 3792 1289
949 3729 1260 3782 cessarunt,
1309 3729 1366 3774 et
1399 3717 1814 3775 tabernaculum
1865 3718 1918 3772 in
1955 3733 2095 3773 con-

510 3816 739 3870 secratis
772 3816 907 3868 locis
953 3814 1118 3866 ﬁxum
1164 3812 1285 3877 fuit,
1328 3813 1453 3880 jure
1505 3813 1730 3880 requiem
1774 3811 2098 3880 promissio-

509 3909 598 3964 nis
625 3917 826 3963 terram
851 3905 1208 3975 nuncupavit.
1253 3905 1373 3960 Was
1401 3913 1583 3960 autem
1618 3903 1709 3959 Dei
1738 3903 2097 3975 gubernatio-

509 4017 608 4058 nes
627 4000 937 4071 ayipellavit.

921 4133 1198 4190 mrsnr.
1228 4091 1478 4190 psum
1521 4135 1682 4191 xcv.

610 4272 631 4306 ι
689 4252 975 4307 Canticum
1040 4253 1265 4316 Davidi,
1322 4252 1544 4321 quando
1575 4251 1774 4304 domus
1830 4248 2092 4304 aediﬁcata

511 4343 611 4400 fuit
677 4356 793 4414 post
870 4345 1296 4413 captivitatem:
1346 4343 1477 4397 Sine
1547 4342 1707 4395 titulo
1742 4341 1923 4410 .apud
1983 4342 2093 4394 He-

509 4439 708 4492 hrmos.
753 4456 770 4488 ι
805 4435 916 4491 Nec
941 4437 1081 4490 hanc
1106 4435 1520 4505 inscriptionem
1543 4435 1734 4488 beatus
1762 4432 1927 4487 David
1957 4449 2090 4486 con-

2198 3271 2310 3341 Τὴν
2348 3269 2452 3339 γῆν
2481 3269 2589 3339 γὰρ
2623 3269 2838 3339 ἐκείνην
2876 3268 3261 3322 κατάπαυσιν
3280 3270 3469 3323 αὐτοῦ
3511 3269 3780 3339 προσηνά-

2201 3377 2416 3431 ρευσεν,
2453 3362 2485 3430 ἢ
2518 3360 2663 3413 κατὰ
2701 3361 2828 3422 τοὺς
2857 3359 3049 3422 ἄλλους
3083 3361 3426 3429 ἐρμηνευτάς
3454 3361 3776 3413 ἀνάπαυσιν.

2211 3450 2428 3521 Ἐπειδὴ
2474 3449 2584 3519 γὰρ
2633 3453 2691 3503 ἐν
2737 3453 2803 3521 τῇ
2849 3451 3041 3521 ἐρήμῳ
3086 3450 3413 3520 μεταϐάσεις
3436 3449 3778 3521 ὁδοιποροῦνο

2196 3559 2288 3605 τες
2311 3545 2356 3576 ⁸⁸
2391 3542 2674 3595 ἐποιοῦντο
2713 3544 2933 3612 συχνὰς,
2971 3545 3068 3614 τῆς
3109 3543 3319 3612 σκηνῆς
3358 3542 3691 3612 ἡγουμένης,
3723 3542 3778 3592 ἐν

2197 3627 2232 3708 ᾖ
2275 3636 2556 3686 κατοικεῖν
2586 3635 2614 3686 6
2643 3633 2778 3697 Θεὸς
2799 3635 3104 3705 ἐνομίζετο,
3135 3637 3192 3687 ἐν
3219 3635 3276 3687 δὲ
3298 3638 3364 3704 τῇ
3391 3637 3462 3705 γῇ
3491 3634 3592 3704 τῆς
3617 3635 3778 3698 ἐπαγ-

2197 3723 2405 3790 γελίας,
2443 3724 2537 3776 καὶ
2571 3725 2729 3777 αὐτοὶ
2775 3725 2877 3794 τῆς
2918 3726 3232 3796 ὁδοιπορίας
3260 3719 3597 3788 ἐπαύσαντο,
3629 3725 3719 3777 καὶ
3744 3726 3778 3792 ἠ

2200 3815 2376 3886 σκηνὴ
2405 3819 2519 3878 τοῖς
2561 3815 2950 3886 ἀφιερωθεῖσιν
2999 3817 3244 3887 ἐνεπάγη
3278 3816 3523 3888 χωρίοις,
3562 3816 3777 3881 εἰκότως

2197 3905 2591 3960 κατάπαυσιν
2646 3900 2881 3962 ἐκάλεσε
2929 3909 3031 3978 τῆς
3083 3909 3422 3976 ἐπαγγελίας
3481 3910 3582 3978 τὴν
3633 3908 3771 3978 γῆν.

2219 3997 2427 4065 Ὁδοὺς
2452 3999 2513 4052 δὲ
2529 3998 2664 4053 Θεοῦ
2686 3999 2784 4063 τὰς
2806 4001 3123 4071 οἰκονομίας
3149 4000 3411 4054 ἐκάλεσεν
3430 4002 3498 4054 ³⁵.

2515 4135 2780 4190 EPMHN.
2805 4136 2943 4190 ΤΟΥ
2965 4137 3078 4205 tuo.
3101 4137 3426 4194 ‘I'AAMOY.

2274 4269 2294 4302 ι
2332 4250 2456 4321 ’ῼδὴ
2515 4249 2595 4319 τῷ
2651 4251 2839 4316 Δασὶδ,
2891 4252 2980 4306 ὅτε
3007 4254 3052 4321 [6
3079 4247 3231 4316 οἶκος
3259 4252 3604 4326 ᾠκοδόμηται
3635 4254 3777 4324 μετά

2196 4341 2293 4413 τὴν
2322 4341 2721 4412 αἰχμαλωσίαν,
2760 4342 3136 4413 ἀνεπίγραφος
3188 4344 3317 4413 παρ’
3353 4345 3623 4416 Ἐΰραίοις
3649 4346 3713 4399 θ’.
3749 4363 3769 4396 ι

2198 4435 2334 4489 Οὐδὲ
2384 4433 2592 4503 ταύτην
2625 4435 2654 4486 6
2693 4434 2966 4505 μακάριος
2993 4435 3157 4488 Δαὸὶδ
3181 4435 3390 4507 ἔγραψε
3423 4436 3522 4506 τὴν
3548 4440 3774 4505 ἐπιγρα-

504 4537 755 4604 scripsit,
814 4550 912 4590 nec
947 4535 1040 4605 qui
1079 4551 1107 4588 ιι
1145 4533 1415 4604 principio
1450 4533 1786 4603 prophetiam
1824 4531 2090 4601 interpre-

2203 4527 2324 4598 φὴν,
2362 4525 2494 4580 οὔτε
2527 4526 2636 4598 μὴν
2681 4528 2731 4580 οἰ
2765 4527 2822 4594 ἐξ
2853 4529 3029 4598 ἀρχῆς
3075 4529 3175 4599 τὴν
3227 4532 3566 4600 προφητείαν
3595 4532 3772 4598 ἡρμη-

479 4629 608 4690 ,ιειὶ
665 4641 796 4684 sunt
835 4647 850 4683 :
895 4629 988 4683 sed
1041 4629 1181 4683 alius
1230 4627 1525 4698 quispiam,
1572 4636 1632 4680 ut
1664 4625 1959 4680 verisimile
1984 4635 2087 4687 est,

2199 4621 2451 4683 νευκότες
2480 4636 2494 4650 ’
2527 4619 2686 4684 ἄλλος
2715 4621 2771 4674 δέ
2799 4639 2883 4685 τις
2911 4622 2986 4686 ὡς
3028 4623 3205 4676 ἔοικεν
3229 4623 3327 4692 τὴν
3353 4623 3411 4688 ἐξ
3437 4625 3482 4656 ⁸⁸
3514 4623 3773 4691 ἐπιπολῆς

511 4722 793 4789 snprrﬁcic
825 4729 985 4775 tenus
1009 4721 1075 4774 ad
1102 4736 1324 4776 sensum
1371 4718 1564 4786 psalmi
1596 4717 1899 4777 attendens,
1944 4715 2089 4768 hunc

2203 4713 2436 4766 διάνοιαν
2488 4713 2582 4766 τοῦ
2642 4712 2861 4784 ψαλμοῦ
2897 4713 3155 4779 κατιδὼν,
3202 4714 3408 4784 ταύτην
3443 4714 3645 4768 τέθεικε

487 4813 960 4882 .,.ροειιίιιίιιιιιι,[υ.
1007 4812 1191 4868 Prima
1236 4811 1406 4868 facies
1438 4827 1567 4867 vero
1600 4811 1792 4868 litterae
1835 4808 2092 4866 convenit

586 5011 794 5081 stal,
823 5030 910 5081 ον,
950 5015 1037 5072 Μ.

2198 4804 2556 4875 ἐπιγραφήν·
2618 4804 2884 4876 ἁρμόττει
2937 4804 2995 4858 δὲ
3036 4805 3131 4860 καὶ
3179 4807 3291 4870 τοῖς
3340 4806 3405 4859 ἐκ
3461 4804 3765 4867 Βαὸυλὼνος

1637 5175 1877 5232 VARUS
1924 5177 2308 5234 LECTIONES
2359 5176 2449 5232 ET
2484 5177 2714 5234 ΝΟΤᾸΞ.

570 5321 636 5352 ,ιιι
673 5318 919 5389 -Ὑμῶν,
974 5319 1096 5375 cod.
1158 5317 1194 5389 1,
1242 5315 1369 5389 add.
1434 5315 1662 5389 dicit
1691 5315 1785 5389 τῷ,
1836 5333 2092 5389 παραπικ

2210 5314 2315 5386 i159-
2395 5316 2441 5345 "
2499 5321 2662 5385 Πειρ.
2731 5317 2855 5371 cod.
2935 5314 3115 5371 Vatic.
3161 5313 3357 5389 _lial_)et
3425 5306 3754 5389 ςπιιιρασμοῦ.

518 5391 565 5422 ⁸⁸
631 5385 968 5445 Με.Ἀί)οει
1021 5405 1052 5443 a
1100 5388 1224 5442 cod.
1289 5388 1447 5442 Alex.
1522 5386 1568 5419 ⁸³
1623 5385 1809 5440 Ecod.
1883 5392 1927 5440 t.

510 5477 625 5514 ται.

503 5532 634 5584 (ΞοιΙ.
677 5531 698 5582 1

508 5601 937 5670 ὁμωμοσμένας.

2009 5386 2054 5418 ιιι
2103 5383 2362 5418 ήῶἇλνηκηαι

715 5408 741 5445 τ.
798 5391 968 5444 Abest
1021 5405 1052 5443 a
1100 5389 1224 5442 cod.
1289 5389 1447 5442 Alex.
1522 5389 1568 5419 ⁸³
1623 5389 1809 5440 Ecod.
1883 5392 1927 5440 t.
2009 5389 2054 5418 "

715 5460 760 5492 ⁸⁷
799 5461 922 5514 cod.
965 5461 990 5514 1
1022 5459 1247 5524 διάγειν.
1327 5457 1374 5489 ⁸⁸
1414 5461 1634 5527 Καταν.
1660 5455 1781 5510 cod.
1818 5457 1840 5509 1
1878 5470 2093 5523 praem”

2206 5401 2481 5450 σκοντες.
2553 5389 2673 5440 cod.
2733 5389 2749 5440 Ι
2821 5402 3010 5455 praem.
3077 5389 3192 5438 καί.
3269 5389 3314 5416 ⁸⁸
3339 5389 3459 5437 cod.
3495 5389 3514 5434 1
3544 5389 3754 5447 γενήσε-

2203 5497 2212 5516 .
2245 5465 2297 5510 et
2334 5457 2458 5509 add.
2488 5457 2537 5508 οἰ
2571 5457 2625 5508 δὲ
2661 5456 2849 5519 παῖδες
2875 5456 3208 5527 ηὐξήθησαν.
3284 5455 3331 5527 _”
3367 5452 3754 5527 Hpoq'dixdfca:

737 5546 924 5606 prgeni.
949 5530 1051 5606 δικξἶ
1111 5523 1172 5606 ,δέ
1194 5527 1324 5606 cod.
1357 5523 1574 5606 Deiera.
1635 5526 1690 5606 :‘
1751 5527 1953 5606 Αρτοί.
1973 5527 2091 5606 _cod_

2203 5535 2268 5606 at.
2301 5541 2492 5606 praem.
2525 5528 2663 5606 xa£._
2712 5528 2755 5606 °_’
2788 5523 3085 5606 EL'Abcst
3139 5525 3322 5606 aged.

1015 5599 1061 5630 "
1098 5597 1252 5651 Οὐδὲ
1278 5628 1347 5637 ~—
1382 5598 1601 5663 ἠϐουλ.
1635 5595 1757 5650 Des.
1799 5597 1850 5649 in
1889 5595 2011 5650 cod.
2071 5597 2123 5648 1.

2821 5402 3010 5455 praem.
3077 5383 3192 5438 καί.
3269 5385 3314 5416 ⁸⁸
3339 5384 3459 5437 cod.
3495 5383 3514 5434 1
3544 5381 3756 5455 γενήσε-

3485 5525 3528 5553 ”
3556 5518 3662 5573 cod.
3725 5518 3747 5569 1

2198 5596 2242 5628 ⁸⁵
2301 5587 2526 5648 Ὅδοιπ.
2566 5597 2686 5650 cod.
2723 5596 2747 5648 1
2783 5612 2965 5665 praem.
2995 5596 3090 5656 ὡς.
3167 5597 3211 5626 ’δ
3241 5594 3581 5665 Ἐπείλεσεν.
3618 5587 3751 5665 rod:

512 5657 934 5742 j'cip‘qxeivtﬂé"
967 5671 1112 5742 rIanp‘
1162 5657 1473 5742 'Eb’pa/oic.
1519 5665 1634 5722 lmo
1693 5668 1862 5721 etiam
1917 5665 2093 5736 apud'

2203 5680 2282 5721 tes
2307 5665 2632 5735 interpretes
2663 5657 2906 5722 Graecos.
2949 5665 3107 5722 Conf.
3135 5664 3328 5720 Monii.
3356 5665 3409 5718 in
3445 5659 3649 5731 llexapl.
3682 5657 3756 5710 ad

510 5739 571 5794 ιι.
605 5737 647 5794 Ι.
681 5737 691 5742 ’
719 5740 770 5772 ³⁸
802 5739 920 5803 Ἐξ.
952 5741 1118 5794 Abest
1147 5753 1175 5792 a
1207 5738 1329 5792 cod.
1366 5737 1417 5790 1.
