3924 6486
236 302 364 368 1645

1528 299 1610 358 ΙΝ
1641 298 1847 359 PSAL.
1873 296 2038 358 XCV.

3336 293 3468 359 1646

229 411 596 477 ἐπανελθοῦσι,
636 411 732 466 καὶ
778 409 872 465 τδν
905 409 1050 464 θεῖον
1076 408 1428 480 ὃειμαμένοις
1469 410 1606 463 νεὼν
1633 411 1668 479 ἡ
1696 407 1791 462 τοῦ

1911 409 2057 463 :tiam
2105 407 2190 462 his
2245 406 2340 478 qui
2377 421 2409 462 e
2453 404 2728 478 Babylone
2759 404 2961 459 reversi
3011 403 3164 460 fuere
3191 403 3469 460 divinum-

228 508 542 579 γράμματος
576 502 872 572 ἐπιφάνεια
897 517 911 532 ⁸
963 503 1265 573 ἐπειδήπερ
1294 503 1351 555 ἐν
1383 502 1569 563 αὐτοῖς
1601 502 1792 565 ἐσκια-

228 594 476 669 γραφηθη
529 595 745 647 πάντων
787 591 1090 663 ἀνθρώπων
1122 595 1155 664 ἡ
1187 592 1450 664 σωτηρία.
1481 590 1791 662 Προθεσπί-

228 692 302 755 ζει
327 689 379 742 δὲ
409 689 562 756 ὅμως
591 688 624 756 ὴ
656 686 964 757 προφητεία
1001 687 1095 738 καὶ
1127 685 1224 756 τὴν
1254 685 1549 756 προτέραν,
1581 683 1677 736 καὶ
1693 681 1793 752 τὴν

228 782 469 846 δευτέραν
521 777 618 830 τοῦ
668 775 806 830 Θεοῦ
837 778 930 828 καὶ
966 776 1217 846 Σωτῆρος
1261 775 1420 846 ἡμῶν
1447 773 1790 841 ἐπιφάνειαν,

229 874 314 926 καὶ
353 871 446 941 τὴν
495 870 764 940 ἐσομένην
810 869 1016 939 κρίσιν,
1065 869 1160 921 καὶ
1203 868 1301 938 τὴν
1354 866 1793 940 παρασχεθεῖσαν

229 965 310 1034 ἕδη
338 965 448 1024 τοῖς
471 962 650 1025 ἔθνεσι
679 961 952 1030 σωτηρίαν
967 961 1036 1014 ⁸⁸.

297 1075 314 1106 ι
340 1055 541 1124 ’ᾼσατε
564 1052 641 1122 τῷ
666 1051 856 1122 Κυρίῳ
902 1047 1053 1123 ᾆσμα
1111 1051 1317 1105 καινόν.
1368 1070 1386 1102 ι
1429 1051 1554 1104 Ἐπὶ
1583 1051 1794 1114 καινοῖς

228 1149 325 1216 γὰρ
355 1147 671 1215 πράγμασι,
726 1144 920 1212 καινῆς
951 1142 1110 1214 χρεία
1158 1143 1254 1196 καὶ
1301 1143 1398 1212 τῆς
1453 1143 1469 1174 ¹
1497 1140 1790 1212 ὑμνῳδίας.

235 1257 252 1289 ι
275 1239 472 1307 ’ᾼσατε
493 1236 570 1305 τῷ
589 1234 777 1304 Κυρίῳ
793 1236 942 1287 πᾶσα
961 1236 993 1303 ἡ
1017 1235 1108 1302 γῆ.
1135 1253 1153 1285 ι
1181 1233 1303 1296 Πῶς
1317 1233 1492 1287 ταῦτα
1520 1232 1795 1294 Ἰουδαίοις

229 1329 478 1398 ἁρμόττει
497 1327 648 1397 παρὰ
666 1328 886 1380 πάντων
906 1326 1333 1395 πολεμουμένοις
1353 1324 1655 1396 ἀνθρώπων
1685 1340 1698 1389 ;
1718 1324 1792 1376 Οὐ

228 1421 326 1489 γὰρ
375 1418 627 1488 ⁴ἥσθησαν
674 1418 723 1469 οί
758 1417 855 1483 τὴν
905 1415 1130 1468 ἐκείνων
1182 1415 1383 1478 ἰδόντες
1434 1414 1790 1484 ἐλευθερίαν

229 1512 350 1566 ἀλλὰ
366 1510 681 1565 τούναντίον
704 1508 1073 1578 ἠχθέσθησαν,
1097 1509 1189 1560 καὶ
1211 1507 1576 1568 παντοδαποῖς
1598 1505 1794 1569 αὐτοὺς

227 1605 405 1664 κακοῖς
436 1601 753 1672 περιϐαλεῖν
783 1599 1179 1670 ἐπειράθησαν.
1221 1598 1280 1650 ὐ
1337 1599 1394 1651 δὲ
1456 1597 1795 1669 προφητικὸς

227 1695 372 1760 λόγος
396 1696 580 1746 πᾶσαν
618 1693 714 1763 τὴν
746 1691 1074 1760 οἰκουμένην
1113 1693 1194 1754 εἰς
1251 1691 1470 1762 χορείαν
1513 1693 1532 1721 ⁸
1563 1690 1718 1742 καλεῖ
1749 1690 1790 1744 ³.

289 1783 349 1853 β’.
401 1800 422 1832 ι
450 1784 656 1853 ’ᾼσατε
685 1781 761 1851 τῷ
797 1781 1008 1852 Κυρίῳ,
1043 1782 1378 1850 εὐλογήοατε
1400 1781 1461 1833 τὸ
1493 1780 1664 1850 ὄνομα
1692 1781 1792 1834 αὑ·
1827 1766 1868 1820 Β

226 1875 309 1928 τοῦ
338 1875 360 1906 δ
402 1872 825 1942 εὖαγγελίζεσθε
858 1872 1071 1942 ἡμέραν
1112 1870 1172 1934 ἐξ
1197 1872 1412 1940 ἡμέρας
1439 1871 1497 1923 τὸ
1533 1872 1798 1942 σωτήριον

225 1964 406 2020 αὸτοῦ.
447 1985 466 2016 ο
512 1965 648 2020 Καθ’
673 1968 694 1998 ⁸
725 1965 984 2032 ἑκάστην,
1015 1963 1200 2032 φησὶν,
1224 1963 1243 1991 ⁸
1267 1963 1483 2032 ἡμέραν
1517 1962 1798 2033 ὲξηγεῖσθε

226 2057 311 2127 τὴν
350 2055 732 2126 γεγενημένην
758 2054 1098 2125 εὐεργεσίαν.
1134 2048 1267 2105 Εἶτα
1297 2052 1535 2106 διδάσκει
1569 2053 1662 2106 καί
1689 2069 1799 2104 τισι

226 2149 321 2219 χρὴ
349 2149 744 2218 προσενεγκεῖν
774 2146 874 2216 τὴν
899 2145 1156 2215 τοιαύτην
1187 2147 1479 2214 ὑφήγησιν,

287 2237 352 2308 γ’.
396 2259 417 2290 ί
440 2239 824 2306 Ἀναγγείλατε
856 2240 914 2290 ἐν
943 2241 1054 2300 τοῖς
1087 2237 1264 2289 ἔθνεσι
1285 2237 1382 2307 τὴν
1406 2236 1564 2302 δόξαν
1593 2233 1757 2288 αὑτοῦ
1783 2253 1796 2266 ο

227 2333 278 2384 ἐν
325 2333 465 2384 πᾶσι
509 2330 658 2393 λαοῖς
699 2331 717 2361 ⁷
748 2330 818 2382 τὰ
870 2329 1152 2397 θαυμάσια
1198 2327 1384 2381 αὑτοῦ.
1441 2347 1459 2380 ι
1507 2328 1620 2380 Πᾶν
1646 2327 1799 2394 γένος

224 2424 523 2492 ἀνθρώπων
543 2422 643 2490 τῆς
671 2421 928 2492 τοιαύτης
951 2419 1306 2482 διδασκαλίας
1328 2418 1670 2482 ἀπολαυέτω,
1707 2418 1802 2472 καὶ

223 2513 310 2575 τὰς
337 2512 496 2575 θείας
528 2511 845 2582 μανθανέτω
877 2509 1323 2580 θαυματουργίας
1355 2510 1398 2563 ⁸.

284 2601 344 2656 δ’.
409 2601 535 2655 Ὀτι
578 2602 754 2672 μέγας
785 2600 1014 2670 Κύριος,
1047 2601 1138 2654 καὶ
1172 2599 1382 2662 αἰνετὸς
1416 2599 1628 2669 σφόδρα
1660 2615 1674 2628 ο
1707 2615 1802 2668 φο-

224 2690 374 2761 ϐερός
423 2691 573 2742 ἐστιν
619 2690 761 2741 ἐπὶν
815 2691 1024 2749 πάντας
1071 2689 1198 2750 τοὺς
1245 2686 1423 2752 θεούς.
1463 2708 1482 2740 ι
1528 2690 1802 2759 Ἀρρητον

225 2786 320 2850 γὰρ
344 2781 466 2851 ἔχει
495 2781 555 2833 τὸ
588 2779 818 2850 μέγεθος
847 2779 956 2833 τῶν
984 2780 1121 2833 ὅλων
1146 2782 1174 2832 ὁ
1203 2779 1404 2850 Κύριος
1437 2780 1502 2844 ¹⁰,
1537 2781 1632 2833 καὶ
1663 2779 1803 2834 κατὰ

223 2874 318 2926 τῶν
369 2872 749 2943 ψευδωνύμων
797 2871 934 2924 θεῶν
971 2871 1070 2942 τὴν
1112 2871 1318 2925 οἰκείαν
1346 2870 1515 2935 ἔδειξε
1547 2870 1798 2942 δύναμιν,

225 2967 311 3020 καὶ
337 2967 443 3036 τὴν
484 2967 710 3018 ἐκείνων
739 2965 954 3034 ἀπάτην
987 2963 1244 3034 ἐξήλεγξε
1276 2965 1338 3017 “.
1374 2962 1546 3038 Τοῦτο
1574 2963 1685 3034 γὰρ
1713 2963 1801 3018 διὰ

224 3056 320 3111 τῶν
342 3055 715 3126 ἐπαγομένων
744 3054 1030 3125 ἐδήλωσεν.

282 3240 341 3288 ε’.
414 3253 432 3284 ι
470 3234 595 3286 Ὅτι
627 3231 829 3294 πάντες
861 3233 910 3284 oi
942 3231 1055 3284 θεοὶ
1084 3231 1192 3284 τῶν
1226 3231 1395 3285 ἐθνῶν
1452 3232 1726 3302 δαιμόνια,
1753 3233 1797 3264 ⁸⁸

220 3326 246 3378 ὁ
272 3325 324 3378 δὲ
355 3326 572 3396 Κύριος
601 3325 728 3387 τοὺς
766 3325 1028 3393 οὐρανοὺς
1058 3323 1335 3395 ἐποίησεν.
1377 3342 1394 3374 ι
1428 3323 1504 3395 [¹³
1528 3325 1664 3396 Περὶ
1688 3324 1797 3394 γὰρ

220 3419 378 3472 αὑτοῦ
410 3418 508 3471 καὶ
563 3419 592 3469 ὁ
639 3417 908 3486 μακάριος
963 3414 1179 3479 Παῦλος
1231 3417 1474 3484 φάσκει·
1517 3435 1536 3467 ι
1584 3417 1648 3468 Ei
1691 3415 1796 3486 γάρ

220 3512 487 3579 ἔγνωσαν,
518 3509 618 3561 οὐκ
645 3508 806 3560 αὐτὸν
841 3507 1049 3578 Κύριον
1068 3507 1165 3575 τῆς
1187 3506 1342 3576 δόξης
1360 3505 1730 3576 ἐσταύρωσαν.
1746 3506 1794 3577 ι]

218 3607 276 3658 οί
326 3605 434 3675 μὲν
464 3603 573 3672 γὰρ
603 3599 926 3670 καλούμενοι
965 3599 1077 3652 θεοὶ
1119 3598 1372 3668 δαίμονες
1403 3598 1664 3670 ὤφθησαν
1695 3616 1794 3652 πο-

217 3695 370 3766 νηροί
399 3710 414 3725 ⁸
474 3695 504 3746 ὁ
539 3693 596 3745 δὲ
649 3691 922 3761 ἡμέτερος
952 3690 998 3722 υ
1024 3690 1132 3742 τῶν
1161 3689 1406 3760 οὐρανῶν
1435 3691 1665 3762 ποιητὴς
1691 3692 1796 3744 ἀπ-

218 3788 450 3857 εφάνθη.
503 3785 574 3857 [¹⁵
613 3784 736 3836 Ἐπὶ
769 3783 875 3853 γὰρ
901 3781 994 3834 τοῦ
1024 3782 1272 3835 ἑκουσίου
1303 3780 1509 3844 πάθους
1541 3782 1603 3834 οὐ
1635 3783 1794 3851 μόνον

217 3882 362 3950 ἤλιος
394 3877 686 3947 ἐσκοτίσθη
719 3879 815 3930 καὶ
846 3875 1044 3945 πέτραι
1075 3874 1461 3945 διερρἀησαν,
1489 3874 1584 3926 καὶ
1613 3874 1673 3926 τὸ
1699 3873 1792 3926 τοῦ

218 3971 335 4024 ναοῦ
404 3970 808 4035 καταπέτασμα
857 3964 1208 4035 κατεσχίζετο
1236 3980 1249 3994 ·
1281 3963 1416 4016 ἀλλὰ
1466 3965 1563 4016 καὶ
1604 3966 1653 4016 οί
1688 3964 1793 4016 τῶν

218 4063 464 4134 οὐρανῶν
514 4061 773 4129 δυνάμεις
805 4058 1146 4117 ὲσαλεύοντο.
1191 4057 1284 4108 καὶ
1313 4056 1590 4126 συντόμως
1622 4057 1792 4110 είπεῖν

216 4154 274 4207 τὸ
309 4155 423 4208 πᾶν
473 4150 816 4221 ἀνυπαρξίαν
865 4149 1080 4218 ἠπείλει
1115 4147 1310 4217 βλέπον
1338 4147 1428 4200 τὸν
1463 4147 1698 4217 φέροντα
1726 4147 1794 4200 τὰ

218 4244 396 4298 πάντα
428 4242 522 4295 ἐπὶ¹
553 4240 792 4310 σταυροῦ
819 4240 1186 4310 κρεμάμενον.
1211 4237 1230 4310 ]

285 4333 363 4400 ς’.
412 4353 431 4385 ι
485 4332 906 4402 Ἐξομολόγησις
934 4331 978 4362 ιθ
1021 4331 1115 4384 καὶ
1146 4330 1416 4401 ὡραιότης
1441 4331 1670 4386 ἐνώπιον
1692 4335 1790 4388 αὐ-

218 4427 327 4491 τοῦ,
371 4425 661 4494 ἁγιωσύνη
699 4425 794 4476 καὶ
833 4423 1275 4493 μεγαλοπρέπεια
1307 4425 1362 4475 ἐν
1392 4423 1467 4493 τῷ
1493 4426 1792 4496 άγιάσματι

221 4519 405 4571 αὑτοῦ.
452 4536 471 4568 ο
517 4518 628 4569 Καὶ
669 4516 711 4546 ⁸⁷
743 4515 854 4584 γὰρ
892 4513 1236 4584 ἀνθρωπείαν
1281 4515 1442 4582 φύσιν
1486 4516 1791 4583 ἀναλαϐὼν,

221 4612 312 4664 καὶ
348 4610 441 4663 διὰ
489 4609 693 4679 ταύτης
747 4611 859 4671 τοῖς
902 4605 1210 4676 ἀνθρώποις
1239 4608 1544 4675 ἐπιφανεὶς,
1573 4609 1671 4672 τὰς
1698 4613 1795 4679 τῆς

216 4702 420 4764 οἰκείας
499 4698 974 4771 μεγαλοπρεπείας
1029 4697 1336 4766 ἐκπέμπτει
1403 4701 1790 4769 μαρμαρυγὰς,

289 4919 310 4946 ε
343 4909 362 4962 l
395 4910 525 4963 Cor.
559 4923 618 4972 tt,
651 4908 705 4960 8.

1893 514 2000 569 que
2051 499 2312 568 templum
2355 513 2599 560 erexere,
2646 497 2910 566 quoniam
2963 497 3014 549 in
3060 495 3192 565 ipsis
3220 497 3468 551 omnium

1894 589 2178 644 hominum
2232 589 2381 645 salus
2433 589 2755 643 adumbrata
2807 585 2929 641 fuit.
2985 586 3238 642 Praecinit
3283 595 3467 644 tamen

1893 682 2208 737 vaticinatio
2240 691 2294 737 et
2321 683 2559 752 primum
2599 689 2653 736 et
2682 679 2985 736 secundum
3013 680 3106 734 Dei
3135 689 3188 736 et
3214 679 3467 735 Salvato-

1896 773 1973 828 ris
1997 773 2016 794 ’
2044 773 2218 828 nostri
2254 774 2570 838 adventum,
2605 781 2660 828 et
2689 771 2936 826 futurum
2973 771 3261 843 judicium,
3291 781 3346 828 et
3377 788 3468 828 sa-

1897 863 2064 918 lutem
2107 863 2364 934 gentibus
2391 863 2506 934 jam
2543 864 2833 919 indultam.

1966 1040 2131 1096 Vens.
2167 1041 2220 1097 1.
2271 1061 2289 1094 ι
2346 1041 2578 1098 Cantate
2603 1041 2832 1097 Domino
2886 1041 3159 1096 canticum
3190 1057 3414 1099 novum.
3446 1061 3465 1093 ι

1896 1125 1979 1183 Ob
2009 1146 2181 1189 novas
2215 1134 2363 1190 enim
2394 1151 2485 1191 res
2512 1150 2652 1191 nova
2677 1134 3007 1206 hymnorum
3033 1134 3307 1189 cantilena
3337 1147 3478 1202 opus

1893 1230 1998 1274 est.
2039 1241 2057 1273 ι
2105 1223 2332 1281 Cantate
2378 1227 2631 1287 Domino,
2681 1226 2860 1281 omnis
2900 1236 3067 1280 terra.
3124 1245 3141 1277 ι
3195 1226 3481 1292 Quomodo

1899 1310 2013 1363 haec
2044 1307 2268 1374 Judaeis,
2298 1309 2391 1379 qui
2416 1309 2486 1366 ab
2532 1309 2788 1364 omnibus
2814 1320 3222 1378 oppugnantur,
3270 1323 3472 1364 conve-

1899 1401 2097 1455 niunt?
2117 1399 2235 1455 Non
2253 1403 2395 1455 enim
2417 1402 2580 1455 laetati
2600 1409 2728 1456 sunt
2753 1400 2790 1454 ii
2809 1401 2901 1470 qui
2929 1400 3144 1453 illorum
3163 1401 3469 1455 libertatem

1897 1492 2154 1546 viderunt
2187 1510 2200 1547 :
2232 1492 2324 1547 sed
2351 1501 2542 1546 contra
2572 1491 2888 1557 doluerunt,
2941 1500 2996 1544 ct
3029 1491 3208 1546 onmis
3255 1492 3470 1560 generis

1903 1583 2064 1638 malis
2095 1583 2243 1652 ipsos
2298 1581 2512 1637 allicere
2545 1581 2727 1636 conati
2754 1589 2904 1636 sunt.
2937 1579 3300 1651 Propheticus
3337 1597 3470 1637 vero

1899 1689 2080 1729 sermo
2125 1682 2300 1729 totum
2331 1683 2598 1728 terrarum
2634 1673 2820 1727 orbem
2870 1671 2922 1724 in
2980 1673 3237 1726 choream
3290 1683 3467 1727 vocat.

1979 1766 2137 1820 Vens.
2169 1765 2225 1820 2.
2259 1783 2277 1816 ι
2311 1764 2541 1820 Cantate
2567 1765 2781 1835 1290
2802 1762 3054 1828 Domino,
3084 1772 3138 1818 et
3170 1764 3472 1820 benedicite

1899 1857 2107 1911 nomini
2154 1855 2276 1924 ejus
2314 1873 2327 1907 :
2361 1857 2686 1910 annuntiate
2719 1859 2785 1909 de
2829 1855 2917 1910 die
2965 1856 3018 1908 in
3053 1855 3201 1910 diem
3232 1856 3472 1910 salutare

1898 1947 2039 2016 ejus.
2077 1965 2096 1998 ι
2135 1944 2401 2017 Singulis,
2440 1947 2636 2016 inquit,
2679 1946 2877 2000 diebus
2924 1946 3251 2000 beneﬁcium
3300 1948 3471 2000 colla-

1900 2047 2014 2093 tum
2060 2048 2298 2093 narrate.
2339 2037 2544 2093 Deinde
2585 2039 2742 2097 docet
2779 2037 2980 2107 quibus
3034 2046 3283 2107 oporteat
3331 2039 3471 2094 hanc

1900 2129 2270 2183 narrationem
2305 2128 2520 2183 aﬂ'erre.

1976 2219 2138 2276 Vens.
2174 2223 2227 2276 5.
2261 2239 2280 2271 ι
2315 2221 2654 2275 Annuntiate
2684 2222 2828 2276 inter
2856 2229 3045 2290 gentes
3076 2221 3307 2291 gloriam
3325 2223 3467 2292 ejus.

1900 2313 1956 2368 in
1985 2314 2244 2368 omnibus
2277 2314 2492 2384 p0pu|is
2519 2313 2790 2367 mirabilia
2840 2312 2980 2382 ejus.
3023 2332 3042 2365 ι
3092 2312 3265 2368 Omne
3291 2314 3472 2368 homi-

1900 2421 2031 2459 num
2060 2419 2233 2476 genus
2279 2406 2382 2459 hac
2413 2406 2728 2476 perfruatur
2751 2403 3026 2470 doctrina,
3070 2404 3361 2477 divinaque
3389 2409 3474 2462 di-

1902 2507 2020 2552 scat
2054 2497 2343 2552 miracula.
2417 2492 2425 2501 ’

1971 2586 2140 2643 Vens.
2181 2589 2233 2643 ι.
2277 2606 2296 2638 ‹
2337 2587 2603 2654 Quoniam
2660 2604 2893 2657 magnus
2935 2600 3020 2644 est
3069 2590 3364 2654 Dominus,
3421 2603 3476 2646 et

1899 2681 2058 2735 valde
2080 2681 2368 2735 laudabilis
2399 2698 2411 2734 :
2440 2680 2697 2735 terribilis
2715 2690 2799 2736 est
2839 2695 3003 2751 super
3032 2697 3222 2738 omnes
3267 2685 3418 2740 deos.
3450 2703 3467 2735 ι

1901 2772 2340 2840 lnexplicabilem
2379 2773 2526 2826 enim
2573 2772 2956 2827 universorum
2993 2772 3256 2830 Dominus
3301 2774 3473 2830 subii-

1902 2863 2148 2918 mitatem
2183 2863 2367 2930 habet,
2392 2872 2447 2918 et
2474 2863 2772 2933 potentiam
2804 2878 2960 2917 suam
2988 2862 3042 2918 in
3071 2865 3223 2929 deos,
3252 2867 3345 2935 qui
3368 2865 3474 2922 fal-

1902 2973 2023 3014 sum
2053 2973 2254 3012 nomen
2284 2957 2507 3019 habent.
2537 2957 2794 3022 ostendit,
2831 2957 3163 3029 illorumque
3194 2960 3472 3030 deceptio-

1903 3062 2027 3101 nem
2067 3045 2364 3116 redarguit.
2404 3045 2519 3102 Hoc
2569 3047 2717 3101 enim
2765 3062 2862 3116 per
2890 3062 2952 3102 ea
3001 3062 3124 3118 quae
3167 3058 3475 3117 sequuntur

1827 3112 1875 3176 ο
1905 3139 2185 3194 indicavit.

1971 3227 2140 3296 γωδ.
2172 3229 2225 3284 5.
2258 3247 2276 3280 ι
2319 3228 2586 3294 Quoniam
2603 3243 2794 3283 omnes
2818 3227 2890 3282 dii
2914 3229 3156 3297 gentium
3187 3231 3474 3292 daemonia.

1905 3320 2173 3375 Dominus
2220 3330 2402 3374 autem
2443 3322 2612 3374 caelos
2663 3318 2813 3373 fecit.
2856 3337 2875 3371 ι
2912 3317 3035 3390 [Hic
3069 3321 3214 3374 enim
3246 3331 3330 3386 est
3361 3323 3474 3388 ille,

1905 3411 1972 3465 de
1996 3425 2105 3480 quo
2123 3409 2315 3464 beatus
2345 3409 2544 3463 Paulus
2567 3408 2700 3462 dicit
2728 3423 2741 3460 :
2782 3425 2801 3459 ι
2841 3406 2898 3460 Si
2927 3407 3073 3462 enim
3104 3411 3474 3479 agnovissent,

1908 3504 2198 3558 Dominum
2253 3502 2440 3572 gloriae
2486 3516 2594 3554 non
2633 3499 2933 3553 allixissent
2982 3501 3133 3555 cruci
3165 3511 3211 3556 α.
3256 3500 3307 3573 ι]
3339 3501 3475 3556 Nam

1904 3593 1998 3663 qui
2043 3593 2117 3647 dii
2172 3601 2454 3655 vocantur,
2510 3590 2661 3660 pravi
2709 3590 2986 3644 daemones
3029 3591 3131 3645 visi
3182 3602 3476 3648 suntmo-

1907 3699 2017 3740 Ster
2061 3700 2187 3738 vero
2233 3684 2491 3739 caelorum
2542 3681 2723 3752 opifex
2767 3680 3078 3735 declaratus
3119 3691 3223 3737 est.
3284 3681 3474 3754 [Tem-

1905 3793 2037 3848 pore
2063 3776 2207 3831 enim
2241 3791 2351 3843 quo
2405 3775 2690 3843 passiones
2722 3781 2915 3839 sponte
2941 3771 3178 3837 subibat,
3217 3774 3299 3828 sol
3322 3775 3476 3829 obte-

1902 3871 2169 3924 nebratus
2194 3876 2298 3930 est,
2337 3881 2498 3934 rupes
2533 3864 2717 3918 scissae
2749 3870 2897 3925 sunt,
2931 3863 3108 3916 velum
3148 3865 3332 3935 templi
3362 3867 3476 3940 dis-

1902 3974 2120 4032 ruptum
2161 3971 2266 4025 est,
2310 3959 2421 4012 imo
2453 3957 2616 4010 ctiam
2655 3944 2798 4008 vires
2845 3954 2970 4007 cali
3006 3966 3295 4011 commota:
3323 3969 3472 4023 sunt,

1901 4065 1955 4108 et
1986 4061 2046 4106 ut
2085 4049 2276 4120 paucis
2309 4049 2507 4110 dicam,
2565 4053 2736 4098 totum
2785 4044 3098 4098 universum
3153 4047 3470 4103 minabatur

1903 4144 2210 4205 interitum,
2241 4155 2365 4194 cum
2404 4139 2555 4191 illum
2589 4135 2682 4204 qui
2706 4134 2891 4188 omnia
2929 4134 3140 4206 1291
3171 4135 3296 4205 fert,
3325 4139 3476 4194 vide-

1903 4247 1985 4292 ret
2012 4236 2160 4290 cruci
2204 4230 2475 4303 alIixnm.]

1981 4330 2144 4383 Vnns.
2175 4327 2228 4381 6.
2266 4345 2284 4376 ι
2329 4323 2618 4378 Conlessio
2642 4333 2696 4377 et
2729 4322 3082 4393 pulchritudo
3136 4323 3190 4378 in
3238 4339 3474 4395 conspo-

1903 4435 1989 4477 ctu
2020 4422 2138 4491 ejus
2169 4438 2182 4472 :
2225 4419 2489 4473 sanctitas
2517 4426 2570 4470 et
2599 4418 3002 4485 magniﬁcentia
3056 4417 3111 4471 in
3166 4418 3474 4472 sanctifica-

1904 4517 2050 4570 tione
2083 4513 2223 4581 ejus.
2264 4529 2281 4560 ι
2320 4508 2453 4562 Nam
2492 4523 2626 4582 cum}
2649 4509 2940 4561 humanam
2973 4518 3222 4562 naturam
3256 4524 3473 4563 assum-

1903 4615 2121 4683 psissct,
2158 4617 2211 4662 et
2237 4622 2332 4676 per
2369 4606 2508 4658 hanc
2549 4605 2868 4658 hominibus
2934 4605 3302 4676 apparuisset,
3359 4620 3472 4658 sua:

1904 4702 2206 4771 majestatis
2236 4699 2473 4766 fulgores
2503 4696 2720 4759 emittit,
2757 4705 2812 4751 et
2841 4711 3030 4751 omnes
3052 4697 3116 4750 ad
3156 4698 3238 4752 sui
3264 4698 3468 4752 cultum

1299 5020 1533 5076 VARI/1S
1589 5019 1978 5078 LECTIONES
2036 5022 2123 5077 ET
2171 5020 2402 5076 NOTAS.

289 5140 334 5170 ⁹⁹
367 5141 513 5191 Σωτ.
543 5137 666 5192 cod.
703 5139 724 5190 1
763 5138 889 5192 add.
927 5139 1020 5192 καὶ
1081 5139 1204 5208 ὅρα.
1249 5139 1300 5189 τί

1369 5155 1594 5211 φησινη-
1632 5140 1646 5169 ³
1707 5142 1794 5192 Ka

1911 5138 2000 5204 ἧς.
2053 5139 2174 5211 Des.
2204 5209 2211 5211 Α
2245 5137 2466 5211 ἱιιλροά.
2492 5136 2601 5211 ⁸1.Δ
2628 5137 2646 5165 ²
2691 5137 2825 5211 Χορ.
2899 5136 3099 5211 coda!
3178 5115 3466 5211 ὑμνῳδίαν.

223 5208 476 5261 ³Καλεῒ.
544 5208 666 5261 cod.
725 5208 748 5261 1
823 5209 946 5263 add.
1008 5206 1264 5262 διαιτῶν
1318 5206 1446 5276 ἑξῆς
1507 5208 1741 5277 μάλιστα

1911 5227 1990 5262 ον.
2069 5208 2090 5238 ’⁵
2141 5207 2354 5262 Αὑτοῦ.
2405 5206 2528 5259 cod.
2584 5206 2602 5258 1
2665 5207 2787 5258 add.
2851 5211 2943 5259 καὶ
2999 5207 3058 5259 ού
3105 5206 3471 5276 μόνόνζάλλά

221 5277 333 5330 καί.
411 5278 431 5308 ⁸
494 5279 648 5330 Ka')’.
727 5279 848 5331 cod.
916 5281 934 5331 1

219 5350 353 5410 τοῖς.

1002 5293 1192 5347 praem.
1255 5277 1402 5344 λέγει
1461 5277 1516 5330 δὲ
1574 5279 1675 5331 ὅτι.
1752 5279 1773 5309 ⁶
1815 5279 2031 5347 Φηᾳίν.
2095 5277 2258 5330 Abest
2317 5292 2346 5329 a
2404 5277 2526 5329 cod.

2723 5277 2741 5306 ⁷
2769 5277 2970 5341 Λαοῖς.
3038 5280 3220 5332 c0d.i
3279 5295 3466 5347 praem.

430 5347 451 5378 ⁸
477 5349 663 5414 Θαυμ.
707 5349 830 5401 cod.
861 5347 882 5400 1
922 5345 1048 5400 add.
1081 5347 1175 5400 καὶ
1199 5347 1344 5410 τίνος
1377 5347 1561 5399 ἕνεκεν
1584 5348 1752 5416 λέγει.

1911 5345 2044 5400 Exi.
2083 5347 2203 5400 cud.
2235 5347 2286 5398 1.
2319 5347 2480 5415 ὑπέρ.
2518 5345 2602 5416 _?°
2638 5345 2872 5416 Κύριος.
2925 5347 3046 5400 cod.
3097 5349 3117 5402 1
3172 5345 3295 5402 add.
3347 5350 3471 5402 ’Ὀτι
3520 5411 3525 5416 ι

221 5415 354 5479 Θεὸς
382 5415 458 5469 ὢν
489 5413 856 5470 ἐταπείνωσεν
887 5418 1081 5470 ἑαυτὸν
1125 5416 1282 5486 μέχρι
1312 5417 1566 5482 θανάτου,
1599 5413 1796 5470 θοινάτο

1911 5433 1920 5469 ι
1952 5417 2211 5486 σταυροῦ.
2244 5413 2472 5486 Quippe.
2508 5413 2649 5486 Licet
2685 5415 2821 5469 Deus
2858 5425 3014 5478 esset,
3076 5418 3369 5472 humiliavit
3416 5435 3473 5471 se
3516 5413 3522 5465 ζ

223 5502 382 5555 usque
420 5490 494 5539 ad
520 5497 764 5550 mortem,
790 5497 1008 5540 mortem
1031 5485 1148 5539 vero
1175 5489 1366 5540 crucia.
1447 5489 1487 5517 ¹¹
1526 5487 1723 5554 Ἐξηλ.
1760 5504 1796 5538 οι

1926 5488 1947 5539 1
1983 5503 2168 5557 prmm.
2198 5485 2286 5536 διὰ
2332 5485 2430 5552 τῆς
2467 5485 2731 5554 ἐνσάρκου
2777 5487 2942 5539 αὑτοῦ
2981 5489 3304 5560 παρουσίας.
3339 5487 3471 5544 Cum

223 5578 292 5653 ad
328 5593 420 5653 nos
441 5578 668 5653 pauisse:
692 5595 880 5653 rat-ne
908 5580 1176 5653 Δὺιιίιιιιιδ.
1248 5580 1458 5653 ίῗγΔᾳιμ.
1493 5577 1658 5653 Hebr.
1709 5565 1796 5653 cf

1915 5620 1926 5632 .
1956 5580 2100 5653 Aqu.
2145 5579 2492 5653 ἐπίπλαστοι.
2525 5577 3124 5653 ὃγιιιηιηάνύπαρκτοι.
3190 5583 3237 5653 γ¹³
3270 5581 3312 5635 Ε
3339 5585 3462 5638 cod.

224 5648 276 5702 1.
359 5647 399 5678 ⁸³
441 5647 571 5715 Ἠμ.
607 5648 726 5701 cod.
764 5652 786 5702 1
818 5648 943 5702 add.
977 5650 1198 5718 Κύριος.
1265 5651 1305 5681 ³⁸
1341 5647 1526 5702 Ιτὶίροιί.
1564 5650 1615 5702 1.

1721 5651 1764 5681 ιο
1790 5647 2281 5718 Ἐξομολόγησις.
2328 5647 2488 5701 Hebr.
2519 5647 2614 5706 ἨΠ
2645 5649 2919 5718 majestas.

3018 5654 3058 5684 ¹⁷
3093 5652 3203 5706 Kal
3238 5669 3311 5695 -ι-
3341 5655 3466 5707 ἐπι·

223 5718 454 5785 φανείς.
513 5717 637 5772 cod.
674 5719 693 5770 1
735 5720 829 5772 καὶ
885 5719 1018 5789 γάρη
1038 5717 1324 5789 ἅνθρωπος
1351 5719 1639 5790 γενόμενος
1682 5720 1772 5773 καὶ
1800 5723 1914 5783 τοῖς
1932 5717 2248 5789 ἀνθρώποις
2270 5718 2586 5786 ἐπιφανείς.
