3924 6580
234 349 392 421 1661

1584 373 1666 432 IN
1706 373 1912 434 PSAL.
1971 375 2205 438 XCVII.

3400 391 3536 458 1662

223 470 442 570 στικὸν
475 471 668 543 καιρὸν
701 475 745 507 ⁸⁷
779 475 1112 547 προσφέρειν
1160 480 1436 552 εἰώθαμεν
1479 484 1556 554 τῷ
1598 485 1717 554 Θεῷ
1765 485 1825 547 ⁸⁸,

1942 483 2086 542 ferre
2116 490 2378 560 solemus,
2409 507 2670 555 canentes
2701 509 2756 553 et
2781 501 3097 570 psallentes,
3125 514 3181 560 et
3214 522 3337 561 cum
3377 512 3530 566 omni

219 560 496 631 ᾅδοντες,
531 567 627 652 κα).
659 566 977 636 ψάλλοντες,
1014 571 1107 624 καὶ
1157 571 1296 642 μετὰ
1340 574 1526 645 πάρης
1575 575 1825 645 εῦθυμίαι

1948 579 2225 636 hilaritate
2261 584 2647 654 tripudiantes.

222 656 600 725 χορεύοντες.

319 751 394 800 ε’.
432 765 451 798 ι
491 747 716 800 Ψάλατε
745 747 824 818 τῷ
866 749 1056 820 Κυρίῳ
1104 751 1162 804 ἐν
1215 751 1418 824 κιθάρᾳ
1451 753 1516 818 ⁸⁵,
1552 754 1643 806 καὶ
1687 758 1840 826 φωνῇ

224 836 498 909 ψαλμοῦ.
541 859 561 893 ι
599 843 709 893 Καὶ
753 843 944 895 τοῦτον
978 845 1034 896 δὲ
1064 843 1156 897 τὸν
1198 846 1362 915 νόμον
1399 847 1545 900 ἐστιν
1583 848 1712 901 ἰδεῖν
1761 851 1842 902 δι-

225 932 470 998 ηνεκῶς
509 934 567 986 ἐν
599 935 720 995 ταῖς
777 935 1095 1005 ἐκκλησίαις
1151 938 1545 1008 πληρούμενον.
1598 943 1674 1012 Τῇ
1731 943 1840 1014 γὰρ

225 1029 600 1095 πνευματικῇ
636 1026 842 1097 κιθάρᾳ
857 1027 900 1058 ⁶⁰
933 1027 1031 1098 τὴν
1065 1027 1216 1082 θείαν
1251 1032 1668 1102 άνακρουόμεθα
1701 1037 1837 1104 μελ-

224 1114 439 1180 ῳδίαν.
468 1116 736 1184 Ποιοῦμεν
761 1117 818 1169 δὲ
875 1119 968 1170 καὶ
999 1120 1156 1189 ἡμεῖς
1180 1120 1404 1190 λογικάς
1434 1125 1669 1195 κιθάρας
1701 1129 1744 1158 ⁸⁸
1771 1128 1838 1183 τὰ

229 1207 501 1278 ἡμέτερα
531 1208 762 1278 σώματα
789 1210 854 1270 ⁸³,
887 1210 982 1262 καὶ
1021 1211 1303 1281 χρώμεθα,
1341 1216 1461 1267 ἀντὶ
1497 1217 1598 1286 μὲν
1629 1212 1836 1287 χορδῶν

237 1302 374 1362 τοῖς
405 1299 636 1364 ὀδοῦσιν,
678 1302 798 1354 ἀντὶ
829 1302 886 1355 δέ
919 1304 1120 1373 χαλκοῦ
1151 1308 1265 1369 τοῖς
1303 1306 1527 1376 χείλεσι,
1558 1308 1834 1380 πλήκτρου

238 1392 306 1445 δὲ
367 1394 567 1456 παντὸς
606 1394 860 1466 ὀξύτερον
897 1398 930 1466 ἡ
966 1395 1182 1464 γλῶττα
1226 1400 1516 1468 κινουμένη
1550 1401 1647 1471 τὴν
1681 1403 1837 1472 ἐναρ-

248 1483 447 1554 μόνιον
467 1485 722 1539 ἀποτελεῖ
745 1485 852 1538 τῶν
889 1488 1248 1557 κρουσμάτων
1279 1491 1436 1559 ηχήν.
1470 1492 1625 1543 Κινεῖ
1655 1491 1710 1543 δὲ
1740 1491 1836 1562 τὴν

243 1574 502 1642 γλῶτταν
531 1579 559 1630 ό
587 1576 734 1641 νοῦς,
779 1572 891 1631 οἷόν
937 1595 1018 1641 τις
1068 1581 1332 1648 μουσικὸς
1369 1581 1486 1650 μετ’
1523 1583 1836 1653 ἐπιστήμης

238 1665 582 1734 ποιούμενος
613 1665 711 1736 τὴν
741 1666 947 1734 ταύτης
985 1669 1286 1737 μετάϐασιν
1309 1685 1322 1700 ο
1367 1669 1507 1739 αὕτη
1540 1667 1619 1738 τῷ
1648 1670 1768 1739 Θεῷ
1799 1674 1831 1741 ἡ

235 1757 458 1826 κιθάρα
482 1758 586 1827 τῆς
611 1758 818 1828 ἀψύχου
848 1758 1253 1830 θυμηρεστέρα.
1290 1761 1401 1814 Καὶ
1430 1761 1644 1832 μάρτυς
1671 1762 1833 1826 αὐτὸς

232 1849 336 1902 διὰ
373 1851 466 1903 τοῦ
503 1853 785 1922 προφήτου
822 1853 961 1922 πρὸς
1018 1853 1308 1916 Ἰουδαίους
1359 1854 1532 1923 βοῶν·
1581 1872 1601 1906 ι
1667 1856 1830 1908 Ἀπό-

234 1958 453 2012 στησον
492 1943 588 1996 ἀπ’
635 1940 769 2013 ἐμοῦ
817 1938 949 2013 ἦχον
979 1943 1132 2014 ᾠδῶν
1166 1962 1282 2010 σου,
1317 1946 1414 1999 καὶ
1449 1944 1632 2018 φωνὴν
1665 1947 1830 2018 ὀργά-

232 2054 357 2088 νων
386 2054 482 2089 σου
511 2038 611 2090 οὐκ
641 2038 970 2108 ἀκούσομαι.
1012 2057 1030 2090 ι

315 2135 397 2192 ς’.
436 2148 456 2180 ι
511 2131 600 2182 Ἐν
627 2129 918 2197 σάλπιγξιν
951 2131 1190 2195 ἐλαταῖς,
1217 2132 1314 2184 καὶ
1341 2137 1492 2206 φωνῇ
1527 2136 1827 2206 σάλπιγγος

231 2222 562 2291 κερατίνης.
603 2241 620 2272 ι
665 2222 974 2293 Σάλπιγγα
1022 2224 1284 2287 πολλάκις
1330 2226 1428 2296 τὴν
1475 2228 1604 2296 βοὴν
1637 2231 1669 2300 ή
1706 2230 1827 2282 θεία

232 2315 405 2368 καλεῖ
424 2317 635 2388 Γραφή.
669 2317 857 2380 Οὕτως
887 2321 914 2371 ὁ
946 2319 1152 2389 Κύριος
1181 2322 1238 2372 ἐν
1267 2325 1380 2384 τοῖς
1411 2324 1764 2390 Εὐαγγελίοις
1781 2325 1826 2357 ⁸³

231 2404 415 2472 φησίν
439 2421 452 2434 ·
489 2424 506 2455 ι
549 2405 664 2458 Ὄτ¹
690 2405 758 2458 ἂν
804 2409 965 2476 ποιῇς
992 2407 1384 2478 ἐλεημοσύνην,
1438 2411 1513 2480 μὴ
1559 2411 1827 2485 σαλπίσῃς

229 2493 562 2566 ἔμπροσθέν
596 2513 714 2558 σου,
749 2497 938 2567 ὥσπερ
971 2500 1018 2550 oi
1051 2499 1346 2571 ὑποκριταὶ⁵
1394 2502 1636 2555 ποιοῦσιν
1658 2522 1669 2533 ·
1705 2505 1826 2556 ἀντὶ

229 2587 366 2650 τοῦ,
411 2590 502 2657 Μὴ
535 2588 801 2658 κηρύξῃς,
839 2589 974 2659 μηδὲ
1018 2590 1186 2662 δήλην
1219 2591 1390 2645 ἅπασι
1432 2596 1782 2664 καταστήσῃς
1807 2611 1822 2625 ·

232 2680 335 2732 ἵνα
371 2681 445 2749 μὴ
486 2683 550 2751 τῇ
583 2684 714 2751 κενῇ
745 2681 872 2751 δόξῃ
918 2681 1008 2734 τὸν
1037 2683 1136 2752 τῆς
1166 2684 1575 2754 φιλανθρωπίας
1614 2686 1826 2756 λυμήνῃ

231 2770 481 2839 καρπόν.
537 2771 644 2822 Καὶ
695 2771 930 2824 ἐνταῦθα
972 2771 1154 2824 τοίνυν
1203 2773 1513 2842 σάλπιγγα
1545 2775 1642 2844 τήν
1679 2775 1825 2827 διδα-

231 2860 474 2912 σκαλίαν
501 2860 659 2912 καλεῖ
685 2861 750 2921 ⁸⁵,
784 2860 852 2912 δι’
884 2858 952 2933 ἦς
982 2863 1199 2926 καὶτὰς
1229 2867 1307 2926 εἰς
1339 2867 1486 2934 ἡμᾶς
1522 2866 1825 2935 γεγενημέ-

228 2967 343 3013 νας
369 2951 413 2982 ⁸⁸
443 2951 763 3020 εὐεργεσίας
797 2952 1160 3024 μανθάνομεν,
1191 2957 1286 3008 καὶ
1313 2957 1438 3018 τοὺς
1467 2956 1826 3026 όνησιφόρους

230 3044 620 3114 παιδευόμεθα
668 3046 892 3114 νόμους.
956 3047 1210 3112 Ἐλατὰς
1249 3047 1305 3100 δὲ
1354 3046 1696 3117 σάλπιγγας
1731 3051 1826 3112 τὰς

2020 757 2189 814 Vsus.
2237 761 2291 816 5.
2336 782 2354 814 ‹
2393 763 2613 821 Psallite
2644 767 2874 825 Domino
2905 785 3030 825 cum
3055 773 3288 842 cithara,
3320 787 3375 831 et
3403 795 3525 834 cum

1945 864 2076 904 voce
2124 852 2342 919 psalmi.
2386 873 2404 904 ι
2444 853 2511 908 Et
2562 857 2704 912 hanc
2753 873 2887 912 sane
2934 861 3104 930 legem
3161 867 3426 921 continuo
3470 870 3526 924 in

1890 1010 1892 1013 ι
1941 940 2194 994 ecclesiis
2242 941 2518 1011 impletum
2565 946 2746 1000 videre
2791 949 2934 1002 licet.
2990 948 3278 1018 Spirituali
3327 957 3527 1026 quippe

1942 1029 2150 1083 cithara
2174 1032 2414 1086 divinam
2445 1035 2728 1102 pulsamus
2757 1038 3071 1094 melodiam.
3098 1039 3373 1098 Eiliciinns
3397 1061 3526 1099 vero

1941 1122 2105 1174 etiam
2140 1139 2240 1178 nos
2287 1138 2474 1179 nostra
2521 1143 2754 1194 corpora
2809 1129 3052 1183 citharas
3102 1135 3418 1198 rationales,
3471 1147 3526 1191 et

1942 1215 1958 1234 ‘
1981 1214 2186 1266 utimur
2221 1229 2320 1282 pro
2355 1215 2576 1270 chordis
2609 1217 2831 1285 quidem
2864 1218 3142 1282 dentibus,
3195 1230 3248 1273 et
3291 1236 3387 1290 pro
3416 1237 3524 1277 tere

1939 1302 2100 1358 labiis
2128 1322 2141 1356 :
2177 1303 2359 1373 lingua
2393 1323 2520 1360 vero
2549 1308 2790 1376 quolibet
2812 1308 3022 1376 plectro
3049 1309 3285 1364 celerius
3317 1315 3522 1380 agitata

1937 1395 2270 1450 concinnum
2335 1397 2513 1465 pulsat
2573 1412 2791 1450 sonum.
2838 1395 2992 1451 Mens
3037 1408 3216 1450 autem
3279 1399 3520 1468 linguam

1938 1497 2138 1551 movet,
2172 1488 2338 1542 veluti
2365 1488 2584 1556 quidam
2632 1487 2838 1556 peritus
2883 1491 3127 1541 musicus
3153 1489 3298 1541 illam
3342 1491 3522 1544 scien-

1939 1591 2018 1634 ter
2043 1580 2276 1649 agitans.
2312 1578 2435 1633 ch
2457 1581 2665 1632 cithara
2697 1581 2902 1646 gratior
2938 1589 3023 1633 est
3049 1579 3177 1644 Deo,
3211 1596 3373 1648 quam
3428 1582 3520 1635 illa

1936 1688 2058 1746 quae
2086 1673 2269 1725 anima
2297 1680 2468 1728 caret.
2503 1671 2568 1725 Et
2606 1671 2724 1739 ipse
2765 1671 2923 1725 testis
2961 1679 3046 1725 est
3087 1673 3152 1724 ad
3178 1671 3395 1725 Judaeos
3424 1686 3521 1741 per

1936 1767 2254 1833 prophetam
2303 1765 2548 1818 clamans
2583 1781 2596 1816 :
2647 1781 2665 1814 ι
2703 1764 2901 1816 Averte
2944 1777 2974 1814 a
3014 1777 3100 1816 me
3144 1777 3340 1816 sonum
3384 1777 3520 1816 can-

1937 1860 2145 1912 tionum
2190 1867 2430 1922 tuarum,
2463 1866 2517 1911 et
2542 1871 2728 1910 vocem
2771 1870 3109 1925 organorum
3150 1864 3368 1908 tuorum
3407 1867 3517 1908 non

1933 1942 2154 2004 audiam
2176 1958 2217 2001 °.
2261 1967 2280 2001 ι

2003 2129 2172 2184 Vsus.
2217 2128 2270 2180 6.
2319 2145 2337 2177 ι
2376 2127 2511 2181 Cum
2561 2127 2706 2181 tubis
2751 2126 3070 2189 ductilibus,
3118 2133 3172 2177 et
3200 2139 3332 2178 voce
3368 2123 3514 2178 tuba:

1930 2237 2165 2277 corneae.
2201 2239 2218 2270 ι
2286 2218 2487 2272 Tubam
2553 2219 2753 2285 saepius
2819 2216 3267 2270 vociferationem
3337 2229 3510 2269 sacra:

1933 2312 2151 2365 Litterae
2181 2317 2398 2364 vocant.
2438 2309 2703 2361 Similiter
2739 2306 3006 2359 Dominus
3046 2308 3098 2359 in
3127 2306 3303 2361 sacris
3334 2304 3514 2358 Evan-

1930 2403 2318 2473 geliisinquit:
2353 2422 2370 2452 ι
2395 2399 2528 2454 Cum
2553 2398 2766 2469 1304
2785 2398 2919 2450 faris
2950 2398 3368 2466 eleentosynam,
3399 2396 3511 2451 noli

1933 2501 2059 2553 tuba
2092 2511 2293 2552 cam-re
2327 2503 2452 2546 ante
2499 2503 2570 2554 te,
2625 2494 2767 2546 sicut
2807 2490 3103 2559 hypocrita:
3138 2488 3394 2540 faciunt?
3427 2505 3441 2541 :
3482 2505 3504 2540 ι

1929 2610 2028 2664 pro
2061 2609 2126 2646 eo
2160 2592 2304 2660 quod
2338 2599 2445 2650 est,
2490 2586 2567 2640 Ne
2606 2586 2890 2655 praedices,
2932 2598 3109 2650 neque
3160 2583 3506 2638 manifestam

1929 2690 2188 2744 omnibus
2221 2687 2414 2745 facias,
2455 2700 2521 2738 ne
2555 2684 2703 2736 inani
2745 2682 2915 2750 gloria
2959 2680 3311 2748 benignitatis
3345 2679 3509 2734 laedas

1930 2783 2191 2836 fructum.
2233 2779 2290 2832 In
2331 2781 2434 2833 hoc
2482 2778 2648 2845 igitur
2691 2776 2854 2828 etiam
2892 2774 3012 2825 loco
3049 2775 3253 2833 tubam,
3301 2770 3507 2824 doctri-

1929 2892 2053 2930 nam
2087 2883 2263 2938 vocat,
2298 2890 2390 2941 per
2420 2886 2581 2941 quam
2619 2868 2879 2922 beneﬁcia
2910 2868 2961 2918 in
2997 2880 3096 2918 nos
3121 2864 3314 2917 collata
3341 2863 3507 2917 disci-

1929 2983 2072 3034 mus,
2107 2977 2158 3018 et
2190 2965 2503 3017 fructuosas
2533 2960 2828 3014 edocemur
2856 2956 3022 3023 leges.
3060 2953 3294 3005 Ductiles
3322 2961 3503 3004 autem

1931 3060 2102 3121 tubas,
2140 3073 2319 3110 aeneas
2367 3055 2500 3107 dicit
2531 3072 2544 3107 :
2587 3050 2739 3103 tubas
2775 3063 2902 3101 vero
2935 3061 3174 3106 corneus.
3217 3060 3281 3096 ex
3320 3042 3504 3097 corni-

231 3135 456 3204 χαλκᾶς
479 3136 626 3204 λέγει
660 3137 704 3168 ⁸⁸
724 3153 737 3166 ·
766 3138 1086 3204 κερατίνας
1110 3138 1186 3201 δὲ,
1232 3139 1328 3196 τὰς
1363 3140 1425 3190 ἐκ
1460 3142 1705 3209 κεράτων
1736 3157 1816 3207 γε-

1936 3152 2033 3203 bus
2077 3148 2272 3201 factas.
2312 3144 2406 3198 His
2441 3153 2622 3195 autem
2675 3140 2750 3192 uti
2797 3137 2970 3191 Judati
3019 3136 3284 3188 solebant.
3333 3132 3506 3186 Caete-

233 3227 570 3297 γενημένας.
622 3228 858 3292 Ταύταις
905 3229 961 3281 δὲ
1021 3229 1307 3293 Ἰουδαίους
1350 3231 1590 3300 χρῆσθαι
1619 3232 1663 3262 ⁸⁷
1700 3231 1814 3284 σύν.

236 3320 376 3390 ηθες
404 3316 492 3390 ἦν.
524 3320 660 3370 Σκιὰ
687 3319 744 3372 δὲ
765 3318 873 3371 τῶν
905 3320 1192 3389 ἡμετέρων
1223 3322 1356 3390 παρ’
1387 3321 1615 3384 ἐκείνοις
1643 3321 1826 3374 ἐπολιο

236 3409 453 3463 τεύετο.
507 3411 720 3476 Ὥσπερ
770 3409 950 3462 τοίνυν
1004 3411 1202 3462 ἐκεῖνοι
1260 3410 1350 3462 τὸν
1408 3412 1602 3478 ἄλογον
1669 3413 1825 3466 ἔθυον

235 3503 440 3571 ἀμνὸν,
461 3505 620 3573 ἡμεῖς
651 3503 710 3555 δέ
736 3502 828 3555 τὸν
859 3503 1146 3572 σωτήριον,
1175 3500 1242 3574 [⁸³
1272 3503 1362 3555 τὸν
1393 3506 1455 3555 ἐκ
1487 3503 1622 3557 Θεοῦ
1644 3504 1823 3576 Θεὸν,]

236 3595 335 3646 τὸν
355 3595 580 3665 αἴροντα
605 3595 702 3666 τὴν
729 3595 1006 3667 ἁμαρτίαν
1040 3595 1133 3646 τοῦ
1162 3597 1368 3662 κόσμου
1387 3611 1400 3625 ·
1419 3595 1594 3659 οὕτως
1623 3598 1823 3650 ἐκεῖνοι

235 3690 363 3753 ταῖς
413 3686 640 3756 ἀψύχοις
686 3686 982 3757 ἐκέχρηντο
1027 3686 1336 3753 σάλπιγξιν,
1385 3692 1548 3758 ἡμεῖς
1597 3689 1655 3742 δὲ
1705 3692 1824 3753 ταῖς

238 3777 511 3847 ἐμψύχοις
556 3779 651 3830 καὶ
694 3777 960 3845 λογικαῖς.
1013 3777 1326 3845 Σάλπιγγες
1373 3778 1551 3831 τοίνυν
1582 3779 1740 3848 ήμῶν
1774 3781 1822 3832 οῖ

237 3868 380 3920 θεῖοι
427 3867 736 3934 ἀπόστολοι,
773 3868 867 3920 καὶ
895 3869 945 3919 οἱ
978 3865 1257 3920 θεσπέσιον.
1305 3870 1604 3938 προφῆται,
1649 3871 1743 3922 καὶ
1773 3870 1824 3922 οἱ

243 3960 367 4029 μετ’
392 3959 638 4022 ἐκείνους
655 3959 749 4011 τοῦ
771 3957 1151 4012 διδασκαλικοῦ
1174 3961 1530 4029 τετυχηκότες
1556 3961 1824 4032 χαρίσμα-

235 4067 355 4112 τος.
382 4069 402 4101 ‹
439 4049 764 4114 Ἀλαλάξατε
797 4051 1028 4104 ἐνώπιον
1059 4050 1152 4102 τοῦ
1184 4049 1448 4120 βασιλέως
1479 4052 1686 4122 Κυρίου
1718 4053 1814 4105 ⁵³.»

237 4145 349 4196 Τὸν
378 4145 424 4175 ⁷ο
448 4143 712 4197 ἐπινίκιον
753 4143 923 4213 ὕμνον
965 4144 1370 4214 προσενέγκατε
1416 4143 1493 4215 τῷ
1539 4143 1747 4215 βασιλεῖ
1777 4146 1820 4176 ⁷⁸

239 4241 336 4288 καὶ
367 4236 601 4306 δεσπότῃ
628 4235 737 4288 τῶν
767 4235 922 4290 ὅλων.

316 4327 379 4392 ζ’.
419 4348 435 4378 ι
471 4328 794 4399 Σαλευθήτω
834 4329 866 4398 ἡ
899 4327 1167 4392 θάλασσα,
1201 4328 1380 4381 καὶτὸ
1413 4328 1688 4400 πλήρωμα
1719 4329 1819 4382 αὐ-

236 4415 365 4482 τῆς,
399 4415 430 4484 ή
460 4415 776 4484 οἰκουμένη,
806 4416 899 4468 καὶ
934 4418 1139 4478 πάντες
1166 4419 1214 4448 ἠ
1250 4419 1299 4469 οί
1332 4419 1714 4482 κατοικοῦντες
1763 4422 1819 4472 ἐν

1929 3259 2048 3296 rum
2087 3242 2278 3294 umbra
2329 3247 2638 3290 nostrarum
2679 3247 2860 3285 rerum
2897 3230 3039 3298 apud
3091 3228 3211 3280 illos
3244 3235 3381 3278 eral.
3433 3224 3506 3279 Ut

1930 3336 2098 3403 igitur
2141 3332 2218 3384 illi
2266 3344 2469 3398 agnum
2518 3324 2748 3378 rationis
2799 3333 3072 3390 expertem
3124 3317 3504 3378 immolabant,

1929 3443 2030 3480 nos
2063 3440 2192 3478 vero
2223 3425 2523 3476 salutarem
2561 3417 2753 3489 [Deum
2790 3430 2853 3468 ex
2890 3411 3047 3483 Deo],
3081 3412 3172 3480 qui
3209 3409 3350 3461 tollit
3376 3422 3504 3476 pec-

1926 3527 2047 3572 cata
2085 3517 2273 3569 mundi
2312 3531 2328 3570 :
2382 3515 2462 3566 sic
2509 3511 2586 3564 illi
2632 3507 2950 3562 inaniinatis
3001 3505 3294 3556 utebantur
3334 3501 3501 3563 tubis,

1928 3626 2031 3665 nos
2079 3625 2210 3662 vero
2244 3608 2390 3660 tubis
2460 3619 2581 3673 qua:
2614 3600 2855 3653 animam
2890 3605 2944 3651 et
2978 3596 3243 3648 rationem
3277 3593 3502 3654 habent,

1927 3705 2152 3756 utimur.
2203 3698 2412 3751 Nostrae
2452 3695 2616 3764 igitur
2650 3694 2792 3746 tubae
2841 3698 2969 3744 sunt
3020 3688 3194 3742 sancti
3243 3685 3500 3753 apostoli,

1924 3807 1978 3850 et
2007 3792 2356 3848 admirabiles
2386 3790 2685 3858 prophetae,
2737 3793 2787 3839 et
2834 3784 2869 3836 ii
2934 3782 3025 3848 qui
3071 3789 3190 3848 post
3238 3779 3359 3830 illos
3399 3777 3500 3829 do-

1925 3883 2081 3938 cendi
2116 3882 2342 3951 gratiam
2375 3876 2555 3932 sortiti
2608 3883 2756 3928 sunt.
2813 3890 2831 3922 ‹
2862 3870 3094 3923 anilate
3122 3869 3173 3920 in
3207 3873 3509 3933 conspectu,

1926 3975 2069 4044 regis
2099 3969 2333 4023 Domini.
2371 3987 2390 4020 ι
2423 3966 2832 4033 'l'riutnpliziletn
2859 3961 3044 4015 offerte
3070 3961 3325 4029 hymnum
3363 3955 3499 4025 regi,

1922 4077 1977 4124 et
2009 4065 2391 4122 universorum
2418 4059 2670 4114 Domino.

2005 4327 2166 4382 Vens.
2206 4325 2258 4378 7.
2306 4341 2323 4373 ι
2363 4323 2789 4375 Commoveatur
2848 4328 3036 4378 mare,
3110 4316 3165 4363 et
3218 4306 3498 4376 plenitudo

1923 4423 2066 4492 ejus,
2111 4418 2262 4472 orbis
2305 4425 2602 4472 terrarum,
2648 4419 2701 4462 et
2733 4406 2974 4460 universi
3033 4402 3125 4471 qui
3165 4401 3410 4453 habitant
3442 4398 3496 4449 in

240 4505 404 4572 αὐτῇ.
452 4523 469 4553 ι
535 4505 594 4555 '0
641 4505 698 4556 δὲ
746 4504 1040 4576 Σύμμαχος
1087 4505 1293 4570 οὕτως’
1347 4507 1583 4576 Ἠχείτω
1627 4509 1666 4575 ἠ
1715 4508 1820 4562 θά-

1936 4489 2010 4569 :o.
2055 4530 2073 4561 ι
2119 4505 2482 4578 Symmachus
2529 4511 2710 4555 autem
2759 4497 2836 4550 sic
2867 4512 2881 4550 :
2915 4494 3136 4546 Resonet
3186 4504 3327 4541 mare
3377 4499 3496 4539 cum

235 4598 448 4647 λασσα
481 4594 603 4647 σὺν
632 4594 978 4663 πληρώματι
1006 4595 1196 4663 αὐτῆς
1220 4612 1236 4626 ⁸
1272 4597 1310 4663 ἡ
1347 4597 1687 4665 οἰκουμένη,
1716 4600 1814 4651 καὶ

237 4690 296 4740 oi
350 4687 774 4753 κατοικοῦντες
819 4688 1032 4757 αὐτήν.
1089 4689 1469 4761 Διαφερόντως
1513 4689 1569 4741 δὲ
1602 4691 1660 4741 ἐν
1693 4694 1814 4755 ταῖς

238 4776 690 4849 πολυανθρώποις
728 4778 946 4832 πόλεσιν
994 4778 1140 4832 ἔστιν
1185 4779 1313 4832 ἰδεῖν
1344 4783 1440 4850 τῆς
1473 4784 1812 4851 προφητείας

153 4898 186 4946 δ
234 4869 302 4921 τὸ
327 4870 498 4933 τέλος.
537 4870 818 4924 Θάλατταν
859 4871 970 4942 γὰρ
1015 4871 1388 4940 κυμαίνουσαν
1428 4871 1536 4924 τῶν
1569 4874 1812 4927 εὐσεϐῶν

236 4959 389 5012 λαῶν
433 4961 490 5012 ἐν
532 4963 651 5021 ταῖς
681 4961 999 5030 ἐκκλησίαις
1047 4963 1296 5031 μιμεῖται
1339 4961 1398 5012 τὸ
1430 4961 1652 5030 πλῆθος.
1688 4965 1814 5016 Τοι-

237 5054 380 5124 αύτη
422 5053 479 5106 δὲ
527 5055 624 5106 καὶ
654 5055 687 5123 ἠ
714 5055 826 5106 τῶν
855 5054 1165 5123 ψαλλόντων
1207 5055 1337 5125 ἠχή.
1386 5055 1542 5107 Κατὰ
1586 5055 1643 5109 δὲ
1684 5057 1814 5118 τοὺς

309 5225 330 5247 °
361 5218 532 5271 Amos
567 5231 618 5280 v,
664 5213 754 5269 25.
833 5224 861 5264 Ρ
891 5213 1082 5268 Matth.
1133 5229 1206 5278 Vl,
1248 5211 1303 5266 2.

1923 4603 2249 4676 plenitudine
2276 4598 2468 4667 ipsius,
2515 4592 2656 4645 orbis
2703 4605 2875 4651 terrai,
2918 4597 2967 4638 et
3010 4585 3097 4650 qui
3134 4583 3307 4649 ipsum
3352 4579 3499 4629 inco-

1923 4665 2057 4747 ίιιηι.
2091 4665 2446 4742 Potissimum
2478 4691 2656 4735 autem
2688 4679 2740 4732 in
2773 4676 3002 4729 urbibus
3034 4665 3498 4739 frequentissimis

1920 4785 2237 4843 hominibus
2262 4773 2671 4830 vaticinationis
2694 4778 2947 4822 eventum
2975 4765 3155 4817 videre
3185 4761 3326 4813 licet.
3354 4757 3498 4810 Mare

1921 4878 2066 4933 enim
2101 4873 2370 4925 ﬂuctuans
2405 4865 2617 4931 piorum
2653 4858 2976 4928 populorum
3014 4855 3066 4905 in
3111 4849 3360 4904 ecclesiis
3389 4846 3496 4898 fre-

1921 4967 2144 5038 quentia
2180 4962 2446 5014 imitatur.
2481 4955 2630 5008 'l‘a|is
2659 4967 2876 5022 quoque
2911 4958 2996 5002 est
3029 4942 3375 5014 psallentium
3410 4951 3498 4990 so-

1923 5075 2046 5113 nus.
2097 5052 2308 5124 1305
2354 5048 2665 5103 Secundum
2713 5042 3067 5112 Septuaginta
3117 5046 3335 5093 autem,
3383 5043 3497 5082 mo-

1333 5320 1568 5376 VARIE
1611 5321 1994 5378 LECTIONES
2028 5322 2114 5377 ET
2150 5319 2392 5378 NOTAE.

342 5461 388 5495 ⁵⁷
450 5460 690 5534 Καέρόν.
745 5459 869 5534 cod.
926 5457 952 5512 l
1003 5457 1214 5534 ὕμνον.Δ
1266 5457 1312 5489 ⁵⁸
1350 5456 1506 5534 θεῷ.
1558 5458 1678 5510 cod.
1727 5459 1751 5511 1
1801 5460 1825 5534 _I

1940 5457 2056 5534 ἦρι.
2366 5485 2435 5494 ---
2464 5456 2712 5534 κιθάρᾳ.⁸
2740 5456 2955 5534 Il‘epetil'i

1035 5524 1079 5560 5°
1113 5531 1235 5581 Κιθ.
1266 5528 1383 5582 cod.
1429 5529 1451 5580 ‘l
1491 5542 1678 5596 pran
1733 5527 1825 5580 τοῦ

1936 5524 2050 5581 ιόἰδ.
2131 5528 2172 5558 ⁶¹
2204 5526 2479 5592 Κιθάρας.
2527 5529 2660 5596 eod.
2695 5524 2744 5596 la
2774 5524 3044 5596 λατρείαςἒ

1845 5603 1889 5636 δ”
1928 5597 2126 5652 Καλεῖ.
2165 5597 2287 5650 cod.
2319 5596 2341 5648 ί
2373 5597 2537 5662 λέγει.

239 5531 294 5587 in
324 5539 471 5585 textu
526 5530 714 5584 Graeco
744 5531 850 5582 τών
882 5534 955 5584 U'.

240 5603 363 5655 cod.
398 5602 421 5653 I
461 5601 729 5669 στόματα.
808 5601 852 5630 ⁵³
894 5603 1113 5667 Ebur-7'.
1139 5599 1260 5669 cod.
1294 5600 1319 5651 1
1359 5613 1546 5669 prtem.
1582 5599 1766 5667 ἱεροῖς.

240 5671 332 5724 τοῦ
368 5669 527 5722 Θεοῦ.
565 5668 569 5669 ί
604 5669 649 5738 ἕξ
681 5669 873 5738 Λέγει.
914 5671 1036 5722 cod.
1071 5670 1088 5720 1
1137 5668 1304 5738 δηλοῖ.

1383 5667 1425 5697 ⁸⁷
1450 5668 1574 5721 cod.
1614 5671 1631 5720 Ι
1689 5668 1964 5731 Ἰουδαίοις
2000 5667 2321 5738 κεχρῆσθαι.

2135 5459 2180 5489 ⁵⁹
2241 5457 2341 5508 Ἐν
2366 5485 2435 5494 ---
2464 5452 2710 5526 κιθάρᾳ.
2740 5450 3017 5526 Repetitur
3076 5447 3166 5526 in__
3197 5444 3318 5526 cod.
3382 5442 3402 5494 i
3435 5453 3492 5498 nt

3125 5517 3167 5546 ⁸³
3225 5517 3489 5580 Σώματα.

2619 5594 2661 5622 ⁵³
2697 5581 2902 5659 Paw-21".
2949 5589 3069 5642 end.
3099 5588 3137 5659 Α
3166 5601 3349 5659 ιιιηιτιιι.
3388 5581 3491 5659 om

2401 5651 2515 5716 ’³⁸Ἐ
2558 5664 2678 5716 cod.
2719 5651 2800 5713 L'
2844 5661 2886 5691 ⁸⁵
2915 5659 3035 5713 cod.
3099 5653 3272 5708 Vatic.
3331 5651 3492 5704 habet

241 5720 580 5812 $959.]:
607 5720 962 5812 Td;._'co:_|._'i
995 5720 1365 5812 prmni.'}.éyst
1398 5720 1605 5812 begin.
1681 5739 1724 5812 ’ξ
1763 5741 1825 5812 Βι

1936 5720 2032 5793 isi.
2068 5720 2212 5794 “cod.
2267 5739 2290 5791 1
2365 5735 2488 5791 add.
2545 5734 2654 5787 τῶν
2700 5730 3114 5802 βασιλευόντων.
3193 5723 3234 5757 ⁷³
3265 5720 3494 5786 Πάντες

240 5836 311 5853 ο-
331 5807 516 5879 αὐτῇ.
549 5808 677 5865 Rec.
715 5811 877 5864 lectio
906 5811 959 5865 b.
994 5807 1029 5865 Ι.
1058 5818 1139 5864 est
1171 5809 1220 5862 οἱ
1253 5807 1634 5874 κατοικοῦντες
1659 5809 1848 5877 αὐτὴν.
