3924 6490
485 329 619 396 1671
1435 318 1927 383 THEODORETI
1993 317 2087 377 ΕΡ

2193 313 2335 375 IOPI
2402 311 2774 372 CYRENSIS
2963 395 2967 396 ί
3101 395 3164 396 η
3394 392 3404 396 Α
3593 305 3710 370 1672

482 392 732 491 praebent
763 431 777 470 :
811 414 865 469 in
904 411 1106 482 quibus
1131 411 1287 466 decet
1315 410 1502 466 divina
1529 418 1586 465 et
1641 408 1902 464 salutaria
1945 405 2064 474 ejus

2193 399 2335 456 ιὺται
2377 401 2488 471 γὰρ
2536 400 2694 470 ἡμῶν
2723 401 2825 469 τὴν
2877 395 3018 466 πρὸς
3051 395 3215 447 αὑτὸν
3264 392 3587 462 παρέχωσιν
3618 400 3691 448 sic

483 486 751 565 beneficia
784 518 1034 568 narrare,
1069 503 1441 571 hymnumque
1479 501 1780 570 gratiarum
1829 497 2064 552 actionis

2193 494 2305 557 δον,
2356 497 2416 546 έν
2463 487 2552 556 αἷς
2584 493 2856 563 προσήκει
2900 489 3001 552 τὰς
3036 489 3182 551 θείας
3222 486 3389 540 αὑτοῦ
3430 488 3521 539 καὶ
3563 504 3711 559 σωτη-

490 598 703 668 1312
740 595 884 648 velut
931 574 1395 658 donum'aliquod
1429 589 1650 644 offerre.

2193 586 2318 648 ιίους
2342 585 2610 654 ἐργασίας
2641 582 2924 647 διεξιέναι,
2953 581 3050 634 καὶ
3077 579 3166 631 τὸν
3195 583 3542 650 χαριστήριον
3566 579 3709 646 ὕμνον

2167 672 2282 730 οἷόν
2321 693 2373 728 τι
2402 675 2577 746 δῶρον
2606 675 2964 744 προσφέρειν.

569 795 588 828 ι
627 773 975 830 Confitemini
1009 771 1108 833 illi,
1146 769 1360 824 laudate
1398 783 1596 822 nomen
1614 767 1753 836 ejus.
1779 765 2068 839 [Vsas.5.]

2247 787 2265 820 ι
2314 767 2759 838 Ἐξομολογεῖσθε
2789 765 2973 835 αὐτῷ’
3011 765 3211 816 αἱνεῖτε
3256 763 3320 816 τὸ
3357 763 3526 832 δνυμα
3555 765 3712 819 αὑτοῦ.

491 869 762 936 Quoniam
797 867 977 920 bonus
1013 872 1097 917 est
1129 861 1413 923 Dominus,
1445 860 1498 912 in
1543 871 1808 913 teternum
1849 859 2066 913 miseri«

2193 859 2260 932 κε’]
2289 862 2411 914 Ὅτι
2435 861 2671 932 χρηστὸς
2704 859 2928 929 Κύριος,
2963 858 3043 920 είς
3073 856 3163 908 τὸν
3196 856 3374 908 αἰῶνα
3404 856 3461 907 τὸ
3486 856 3620 918 έλεος
3645 859 3717 911 αὑ·

492 961 677 1014 cordia
710 959 848 1026 ejus,
884 965 936 1011 et
972 971 1148 1024 usque
1181 955 1235 1006 in
1289 953 1690 1022 generationem
1728 960 1779 1004 et
1843 966 2072 1020 genera-

2193 953 2288 1015 ποῦ,
2322 954 2416 1006 καὶ
2443 953 2547 1016 ἓως
2575 953 2769 1018 γενεᾶς
2808 952 2903 1004 καὶ
2930 951 3125 1018 γενεᾶς
3168 951 3201 1018 ἡ
3232 947 3462 1019 ἀλήθεια
3502 949 3668 1002 αὐτοῦ.
3699 970 3713 1000 ι

497 1051 701 1104 tionem
749 1049 954 1102 veritas
983 1047 1120 1113 ejus.
1164 1063 1181 1094 ι
1221 1042 1506 1108 Quomodo
1537 1044 1678 1096 enim
1711 1057 1816 1095 non
1845 1050 1928 1094 est
1981 1041 2072 1110 ju-

2193 1045 2298 1106 Ῐῶς
2321 1044 2432 1116 γὰρ
2463 1045 2522 1096 οὑ
2556 1044 2767 1097 δίκαιον
2797 1044 3043 1114 ὑμνεῖν³⁷
3071 1042 3162 1095 τὸν
3193 1043 3422 1112 ἀρρήτῳ
3449 1042 3719 1112 φιλανθρω-

512 1152 658 1193 slum
693 1138 948 1191 laudibus
985 1135 1237 1205 prosequi
1270 1149 1393 1187 eum
1453 1134 1543 1201 qui
1589 1132 1953 1200 inexplicabili
1982 1132 2073 1184 he—

2193 1136 2276 1205 πτία⁴
2313 1135 2628 1207 χρώμενον,
2671 1135 2769 1188 καὶ¹
2805 1139 2926 1198 ταῖς
2967 1134 3200 1202 ἀγαθαῖς
3234 1134 3585 1202 ὑποσχέσεσιν
3620 1136 3719 1186 ἐπι-

498 1233 765 1300 nignitute
794 1230 984 1290 utitur,
1015 1226 1283 1294 bonisque
1310 1223 1768 1293 promissionibus
1796 1224 1954 1274 finem
1982 1221 2076 1274 im-

2193 1229 2397 1284 τιθέντα
2440 1229 2500 1282 τὸ
2552 1229 2765 1299 πέρας;
2801 1229 2864 1280 Ἀ
2905 1229 3012 1295 γὰρ
3061 1228 3154 1279 ἐπὶ
3187 1226 3287 1295 τῆς
3332 1225 3438 1278 τῶν
3473 1227 3722 1296 προγόνων

499 1321 696 1392 p0nit?
748 1319 879 1383 Quae
939 1319 1086 1370 enim
1153 1316 1394 1384 tempore
1450 1316 1714 1382 majorum
1759 1323 2073 1367 nostrorum

2193 1323 2448 1392 inéaxsto
2482 1324 2678 1390 γενεᾶς
2699 1361 2714 1384 ,
2762 1319 2936 1373 ταῦτα
2969 1320 3063 1373 ἐπὶ
3097 1321 3195 1390 τῆς
3224 1319 3501 1388 ἡμετέρας
3539 1318 3720 1386 πεπλὴσ

502 1412 812 1483 εροροιιιιὶι,
857 1411 970 1463 hzec
999 1415 1185 1462 nostra
1231 1417 1554 1476 tempestate
1591 1406 1837 1475 perfecit,
1875 1415 1928 1460 et
1990 1422 2079 1460 sa-

2193 1432 2383 1484 ρωκεν,
2409 1415 2504 1466 καὶ
2536 1414 2603 1483 ἣν
2633 1412 3008 1484 ἐπηγγείλατο
3039 1411 3343 1479 σωτηρίαν,
3375 1408 3580 1477 άληθῶς
3617 1409 3716 1462 ἑδω-

504 1507 668 1559 lutem
725 1519 888 1574 quam
957 1503 1235 1572 pollicitus
1279 1513 1382 1567 est,
1446 1516 1572 1555 vere
1616 1499 1859 1562 donavit,
1920 1500 2076 1572 [cum

2193 1506 2421 1574 ρήσατο,
2459 1502 2528 1575 [³⁸
2563 1503 2650 1556 διὰ
2682 1499 2918 1571 σταυροῦ
2962 1502 3058 1555 καὶ
3089 1500 3328 1553 θανάτου
3357 1499 3454 1570 τὴν
3483 1500 3723 1571 ἡμετέραν

503 1613 602 1669 per
649 1611 866 1652 crucem
915 1611 979 1648 ac
1013 1604 1241 1647 mortem
1267 1592 1497 1646 salutem
1537 1602 1778 1646 nostram
1813 1590 2073 1645 effecerit.

505 1689 724 1760 Amen}.

956 1796 1231 1852 INTERP.
1267 1795 1518 1850 PSALMI
1557 1797 1620 1850 C.

576 1913 745 1972 Vsus.
785 1913 836 1966 1.
884 1932 902 1964 ι
934 1909 1185 1965 Psaltnus
1231 1909 1438 1963 Davidi.
1479 1928 1498 1959 ι
1559 1909 1753 1977 Aliqua
1803 1906 2082 1976 exempla-

506 2009 589 2063 ria
618 2007 818 2062 habent
845 2022 858 2058 :
890 2023 908 2055 (
943 2004 1148 2068 Quarta
1183 2001 1427 2056 Sabbati.
1456 2020 1474 2053 ι
1507 2001 1707 2054 Verum
1740 2015 1915 2068 neque
1941 2000 2082 2068 apud

507 2097 816 2160 Hebraeum,
871 2111 1045 2163 neque
1095 2093 1236 2162 apttd
1302 2093 1439 2146 alios
1491 2094 1851 2159 interpretes,
1907 2106 2083 2160 neque

507 2187 648 2258 apud
685 2187 1038 2256 Septuaginta
1067 2185 1209 2238 hanc
1250 2184 1561 2237 invenimus
1589 2184 1943 2237 additiouem.
1972 2182 2085 2236 lloc

507 2291 690 2338 autem
737 2290 1117 2348 argumentum
1153 2277 1396 2344 psalmus
1422 2276 1602 2330 habet.
1641 2273 1819 2328 Josias
1847 2290 1938 2326 rex
1970 2290 2086 2328 om-

508 2390 607 2428 nes
640 2373 912 2425 idolorum
946 2384 1071 2422 aras
1103 2367 1350 2421 funditus
1390 2367 1570 2420 evellit
1599 2375 1627 2414 γ
1656 2384 1668 2420 :
1727 2366 1918 2419 horum
1959 2381 2086 2420 vero

510 2462 822 2518 sacerdotes
861 2464 1095 2522 necavit,
1123 2469 1176 2512 et
1203 2459 1268 2510 ad
1305 2459 1594 2527 pristinam
1629 2459 1883 2525 pietatem
1916 2472 2088 2524 popu-

509 2553 623 2609 lum
671 2551 914 2606 deduxit.
949 2550 1064 2604 Non
1129 2559 1310 2602 autem
1364 2549 1430 2601 de
1491 2550 1805 2618 dogmatutn
1855 2549 2086 2601 sanitate

512 2651 724 2699 tantum
758 2642 1024 2696 sollicitus
1059 2639 1180 2704 fuit,
1208 2656 1398 2693 verum
1429 2640 1592 2693 etiam
1623 2644 1688 2692 de
1735 2641 1930 2694 oﬂiciis
1976 2641 2088 2692 vir-

511 2735 642 2790 tutis
680 2749 867 2788 curam
899 2732 1088 2800 gessit,
1124 2741 1270 2784 recte
1297 2731 1578 2799 judicans,
1609 2731 1888 2784 honorans
1921 2731 2087 2797 justi-

508 2828 666 2888 tiam,
700 2825 901 2894 injuria
936 2824 1154 2877 affectis
1181 2838 1339 2890 opem
1394 2821 1596 2887 ferens,
1639 2831 1692 2876 et
1748 2822 1943 2892 injuria
1975 2822 2086 2876 alii-

511 2919 717 2973 cientes
741 2917 1006 2985 plectens,
1032 2916 1231 2968 civium
1269 2914 1491 2968 utilitati
1539 2914 1897 2982 prospiciens.
1964 2915 2088 2968 llaec

509 3025 636 3064 cum
699 3010 894 3062 beatus
941 3005 1106 3059 David
1168 3005 1512 3074 prtevideret,
1549 3005 1697 3058 hunc
1758 3005 2088 3073 conscripsit

2184 1594 2460 1666 σωτηρίαν
2489 1593 3088 1667 πραγματευσάμενος.
3129 1591 3353 1663 Ἀμήν].

2529 1797 2798 1852 ΕΡΜΗΝ.
2837 1795 2972 1849 ΤΟΥ
3011 1796 3068 1848 P'
3105 1795 3426 1849 ΨΑΛΜΟΥ.

2255 1909 2324 1965 α’.
2361 1930 2379 1962 ι
2413 1910 2506 1982 Τῷ
2537 1911 2705 1964 Δαόὶδ
2740 1910 2978 1980 ψαλμός.
3013 1928 3031 1961 ι
3071 1910 3234 1963 Ἐνια
3281 1909 3390 1961 τῶν
3406 1909 3449 1941 ³⁹
3498 1910 3724 1980 ἀντιγράι

2185 2018 2302 2070 φων
2333 2002 2448 2072 έχειι
2473 2019 2486 2034 ·
2520 2022 2536 2054 ι
2572 2003 2804 2072 Τετράδι
2835 2001 3156 2055 Σαϐϐάτων.
3190 2020 3208 2052 ι
3241 1999 3382 2054 Οὑτε
3410 2001 3466 2054 δὲ
3501 2004 3633 2074 παρὰ
3663 2004 3724 2071 τῷ

2199 2093 2469 2164 Ἑϐραίῳ,
2511 2093 2635 2147 οὑτε
2676 2093 2827 2163 παρὰ
2857 2095 2971 2154 τοῖς
3006 2091 3188 2155 ἄλλοις
3223 2093 3598 2162 ἑρμηνευταῖς,
3622 2092 3722 2145 οὔτε

2186 2187 2340 2258 παρὰ
2387 2189 2501 2250 τοῖς
2562 2187 2966 2256 Ἐὅδομήκοντα
3024 2184 3234 2256 ταύτην
3285 2186 3593 2256 εὑρήκαμεν
3645 2188 3723 2255 τὴν

2187 2278 2529 2349 προσθήκην.
2568 2278 2860 2331 ’Υπὸθεσιν
2911 2277 2967 2330 δὲ
3015 2279 3044 2330 ὁ
3094 2277 3314 2348 ψαλμὸς
3363 2279 3562 2348 ταύτην
3604 2278 3718 2348 ἔχει’

2198 2371 2409 2434 Ἰωσίας
2427 2372 2471 2404 ⁸ο
2500 2374 2528 2424 ὁ
2551 2371 2806 2440 βασιλεὺς
2839 2370 3148 2424 ἀνέσπασεν
3184 2372 3434 2434 ἅπαντας
3465 2372 3524 2422 ὲκ
3547 2370 3718 2440 βάθρων

2186 2464 2316 2526 τοὺς
2335 2465 2446 2517 τῶν
2467 2463 2707 2517 εἰδώλων
2731 2463 2948 2534 βωμούς
2969 2479 2982 2492 ·
3012 2464 3140 2526 τοὺς
3171 2464 3229 2516 δὲ
3255 2463 3462 2516 τούτων
3495 2466 3721 2534 κατηκόν-

2186 2571 2338 2608 τισεν
2388 2555 2594 2624 ίερέας’
2626 2557 2705 2618 είς
2749 2554 2806 2607 δὲ
2853 2555 2953 2622 τὴν
2987 2555 3270 2625 προτέραν
3302 2556 3571 2608 εὐσέϐειαν
3600 2557 3726 2609 ὲποδο

2189 2647 2365 2716 ἡγησε
2420 2647 2511 2698 τὸν
2548 2645 2698 2699 λαόν.
2735 2646 2810 2698 Οὑ
2859 2647 3027 2716 μόνης
3073 2647 3130 2699 δὲ
3175 2647 3284 2715 τῆς
3328 2647 3435 2700 τῶν
3481 2646 3726 2718 δογμάτων

2189 2739 2508 2807 ἐφρόντισεν
2531 2738 2743 2804 ὑγείας,
2776 2738 2914 2790 ἀλλὰ
2947 2739 3044 2791 καὶ
3068 2738 3180 2790 τῶν
3213 2737 3318 2806 τῆς
3346 2739 3538 2808 ἀρετῆς
3566 2741 3730 2808 έπεμεο

2188 2827 2327 2899 λήθη
2384 2829 2854 2898 κατορθωμάτων,
2882 2828 3060 2898 ὀρθῶς
3095 2829 3361 2894 δικάζων,
3397 2832 3649 2902 γεραίρων
3681 2833 3730 2884 τὸ

2189 2919 2424 2985 δίκαιον,
2461 2922 2721 2990 ἐπαρκῶν
2745 2921 3147 2989 ἀδικουμένοις,
3179 2923 3310 2986 τοὺς
3338 2922 3635 2985 ἀδικοῦντας
3657 2940 3730 2975 κο-

2190 3011 2390 3076 λάζων,
2437 3013 2536 3081 τῆς
2570 3011 2680 3064 τῶν
2727 3012 3123 3065 συνοικούντων
3157 3012 3433 3082 ὡφελείας
3479 3015 3732 3084 ἐπιμελού-

509 3101 804 3171 psaltnnm,
838 3109 890 3152 et
921 3099 1068 3151 illius
1107 3097 1366 3150 virtutem
1397 3096 1700 3165 explicans,
1749 3106 1803 3149 et
1831 3097 2087 3151 omnibus

2195 3120 2379 3174 μενος.
2414 3076 2604 3158 Ταῦτα
2649 3103 2938 3174 πόρρωθεν
2985 3107 3012 3157 ὁ
3057 3076 3340 3176 μακάριος
3378 3076 3536 3159 Δαὸὶδ
3565 3076 3732 3160 θεασά-

513 3189 838 3245 hominibus
911 3186 1264 3256 perfectionis
1323 3187 1696 3240 characterem
1755 3201 2087 3255 proponens.

513 3284 531 3301 "
561 3300 580 3330 ι
603 3277 1027 3332 Misericordiam
1047 3289 1100 3328 et
1124 3275 1386 3343 judicium
1415 3277 2038 3340 cantabotibi,Domine.
2065 3296 2084 3329 ι

518 3371 792 3436 Quoniam
831 3371 974 3422 enim
1009 3376 1062 3419 et
1091 3367 1294 3434 injuria
1349 3367 1666 3420 affet-torum
1704 3368 2088 3434 miserebatur,

518 3461 731 3530 1313
761 3471 812 3512 et
846 3459 1045 3526 injuria
1079 3458 1370 3511 allicientes
1404 3459 1740 3512 admirabilis
1761 3456 1938 3512 Josias
1960 3473 2090 3512 con-

512 3554 830 3612 demnabat,
871 3551 1090 3603 illorum
1141 3550 1535 3614 narrationem,
1594 3551 1808 3604 laudem
1871 3550 2091 3605 miseri-

512 3646 714 3700 cordia:
737 3653 792 3698 et
833 3643 1028 3712 judicii
1063 3643 1415 3712 nuncupavit.

587 3834 750 3889 Vens.
780 3835 834 3888 2.
868 3853 886 3884 ι
922 3831 1180 3897 Psallam,
1219 3840 1274 3886 et
1304 3831 1598 3901 intelligam
1630 3831 1682 3885 in
1708 3832 1789 3884 via
1821 3831 2091 3886 immacu-

512 3928 644 3983 lata.
688 3947 706 3980 ι
745 3925 1110 3997 Symmachus
1139 3941 1265 3979 vero
1290 3927 1371 3980 sic
1410 3943 1421 3976 :
1457 3923 1716 3988 Cautabo,
1746 3925 2089 3978 considerabo

500 4011 639 4061 viam
673 4011 1100 4064 immaculatum.
1142 4013 1313 4076 Quam
1350 4028 1445 4079 per
1475 4012 1646 4065 sancti
1684 4012 1924 4082 Spiritus
1966 4030 2088 4085 gra-

2198 3213 2378 3267 μενος,
2408 3196 2600 3250 τοῦτον
2629 3195 2940 3266 συνέγραψε
2968 3195 3059 3248 τὸν
3087 3195 3309 3266 ψαλμὸν
3329 3237 3344 3260 ,
3378 3201 3469 3250 καὶ
3497 3199 3588 3268 τήν
3609 3197 3731 3251 ὲκεί-

2192 3306 2286 3341 νου
2316 3287 2532 3354 διεξιὼν
2563 3288 2789 3358 ἀρετὴν,
2827 3289 2920 3341 acati.
2950 3289 3120 3341 πᾶσιν
3148 3288 3465 3358 ἀνθρώποις
3501 3288 3730 3357 τελειότη-

2191 3395 2284 3440 τος
2305 3378 2618 3448 προστιθεὶς
2647 3379 2896 3448 χαρακτῆ
2908 3394 2996 3447 ρα.
3017 3395 3035 3425 ι
3052 3377 3240 3430 Ἐλεον
3258 3379 3303 3408 ⁵¹
3327 3380 3421 3430 καὶ
3442 3377 3732 3448 κρίσιν

2194 3468 2292 3538 μαί
2315 3486 2420 3531 σοι,
2449 3470 2646 3540 Κύριε.
2683 3489 2702 3523 ι
2739 3470 2960 3540 Ἐπειδὴ
2989 3473 3100 3542 γὰρ
3119 3472 3364 3535 καὶτοὺς
3384 3471 3731 3542 ἀδικουμένους

2191 3561 2366 3632 ὴλέει,
2395 3563 2622 3615 καὶτῶν
2649 3561 2980 3615 ἀδικούντων
3009 3566 3037 3616 ὁ
3063 3563 3377 3634 θαυμάσιος
3405 3563 3602 3627 Ἰωσίας
3621 3579 3730 3615 κατ·

2191 3651 2492 3721 εψηφίζετο
2517 3692 2531 3716 ,
2568 3651 2668 3722 τὴν
2720 3653 2852 3721 περὶ
2897 3652 3123 3707 ἐκείνων
3169 3654 3450 3724 διήγησιν,
3491 3654 3730 3724 εὐφημίαν

2191 3742 2344 3794 ἐλέου
2381 3744 2476 3794 καὶ
2505 3741 2744 3812 κρίσεως
2779 3743 3220 3812 προσηγόρευσε.

2264 3832 2331 3904 β’.
2365 3852 2384 3885 ι
2415 3834 2607 3896 Ψαλῶ,
2639 3835 2734 3888 καὶ
2767 3837 2986 3905 συνήσω
3015 3837 3072 3888 ἐν
3103 3835 3207 3904 ὁδῷ
3237 3834 3480 3906 ἀμώμῳ.
3514 3854 3534 3888 ι
3564 3835 3664 3886 '0“
3684 3833 3729 3886 δὲ

2191 3927 2491 3996 Σύμμαχος
2562 3926 2773 3990 οὑτως·
2843 3925 3213 3991 Μελφδήσω.
3283 3927 3551 3990 ean-mimo
3613 3926 3730 3978 dea,-

2187 4016 2448 4087 ἄμωμον-ο
2507 4019 2608 4071 Ἦν
2665 4019 2754 4073 διὰ
2812 4019 2914 4088 τῆς
2989 4018 3084 4072 τοῦ
3151 4019 3471 4092 Πνεύματος
3541 4021 3729 4090 χάριτος

501 4100 630 4152 tiam
657 4101 765 4153 vidi
793 4118 915 4154 esse
940 4103 1078 4155 viain
1112 4119 1302 4170 puram
1323 4104 1538 4172 Deoque
1563 4113 1790 4172 gratam,
1815 4106 1955 4160 hanc
1986 4122 2086 4178 ego

2193 4107 2501 4177 ἐθεασάμην
2542 4109 2773 4181 ἄμωμον
2818 4111 2959 4173 ὁδὺν,
3007 4111 3103 4162 καὶ
3147 4111 3371 4183 θυμήρη
3420 4112 3565 4180 Θεῷ,
3618 4111 3729 4162 me.

513 4213 659 4251 nunc
684 4211 780 4263 per
805 4195 1019 4248 dulcem
1052 4193 1430 4262 symphoniam
1460 4191 1772 4261 adiungam.
1807 4208 1825 4241 ι
1859 4191 2086 4256 Quando

2193 4215 2284 4267 την
2317 4197 2414 4250 νῦν
2453 4199 2540 4254 διὰ
2584 4199 2682 4270 τῆς
2729 4197 2998 4269 μελῳδίας
3037 4198 3358 4267 προσθήσω.
3394 4222 3411 4253 ‹
3449 4204 3572 4254 Πότε
3604 4201 3730 4269 ἣξεις

509 4288 698 4342 venies
737 4287 802 4338 ad
843 4285 968 4338 me?
1009 4303 1026 4334 ι
1061 4282 1244 4337 Talem
1291 4285 1436 4337 enim
1485 4284 1572 4339 hic
1617 4283 1955 4340 admirabilis
2003 4285 2086 4339 vir

2189 4287 2327 4358 πρός
2354 4303 2452 4356 με;
2474 4303 2491 4336 ι
2513 4285 2790 4354 τοσαύτην
2808 4285 2855 4318 ⁵³
2881 4285 2988 4354 γὰρ
3009 4287 3037 4338 ὁ
3063 4285 3370 4355 θαυμάσιος
3386 4286 3431 4317 ⁸⁸
3451 4279 3591 4345 οὗτος
3613 4283 3730 4349 ἀνὴρ

511 4379 801 4448 puritatem
841 4375 1055 4439 habuit,
1090 4383 1150 4427 ut
1182 4391 1306 4428 cum
1338 4375 1537 4428 ﬁducia
1574 4376 1640 4429 ad
1671 4374 1840 4429 Deum
1879 4377 2085 4430 clama-

2193 4379 2462 4470 έκτήσατο
2508 4376 2866 4447 καθαρότητα
2891 4417 2905 4439 ,
2937 4377 3012 4440 ὡς
3045 4378 3186 4446 μετὰ
3219 4376 3529 4451 παρρησίας
3565 4375 3728 4444 βοῆσαι

509 4480 612 4534 ret,
646 4488 664 4520 ι
704 4468 932 4534 Quando
969 4467 1153 4520 venies
1187 4467 1253 4519 ad
1289 4467 1410 4520 me?
1439 4485 1456 4518 ι
1493 4467 1658 4532 Quasi
1697 4467 1881 4521 dicat:
1913 4466 2087 4532 Rega-

510 4561 589 4616 les
615 4564 772 4616 aulas
803 4560 1118 4630 splendidas
1147 4568 1202 4613 et
1234 4559 1551 4628 magnificas
1582 4560 1678 4612 tibi
1733 4560 2032 4628 prwparavi
2069 4579 2082 4613 :

510 4661 658 4705 tuum
689 4654 1006 4712 adventum,
1045 4647 1290 4709 Domine,
1309 4658 1528 4718 exopto,
1563 4657 1821 4718 tuamque
1851 4665 2088 4718 praesen-

509 4742 639 4794 tiam
669 4740 945 4804 desidero,
975 4739 1068 4794 sed
1098 4738 1337 4792 concede
1372 4737 1518 4806 quod
1552 4749 1861 4806 exoptatur.
1901 4756 1918 4788 ι
1953 4737 2085 4792 Am-

510 4830 764 4884 bulabam
799 4831 852 4883 in
891 4830 1205 4884 innocentia
1240 4829 1422 4883 cordis
1456 4830 1558 4883 mei
1593 4830 1644 4883 in
1681 4831 1858 4885 medio
1889 4831 2085 4883 domus

510 4938 666 4978 meae.
699 4941 716 4974 ι
747 4923 884 4977 Cum
910 4924 1257 4991 simplicitate
1281 4923 1411 4986 vixi,
1437 4939 1541 4976 non
1567 4939 1700 4977 usus
1723 4940 1842 4978 sum
1868 4924 2079 4989 fraude,

581 5109 609 5149 1
641 5102 708 5157 ιν
738 5105 872 5168 ﬂeg.
909 5119 1020 5156 xxtt
1062 5112 1116 5157 et
1140 5119 1314 5171 xxttt;
1358 5104 1397 5158 ll
1422 5104 1661 5175 l’aralip.
1694 5122 1856 5160 xxxiv
1885 5115 1938 5160 et
1973 5122 2132 5159 xxxv.

2193 4465 2331 4539 πρὸς
2361 4469 2450 4520 τὸν
2473 4468 2627 4534 Θεὸν,
2655 4487 2673 4518 ι
2710 4468 2846 4520 Πότε
2875 4469 3028 4538 ἥξεις
3050 4469 3187 4539 πρός
3213 4487 3316 4538 με;
3350 4469 3491 4522 ’Λντὶ
3518 4467 3620 4526 τοὺ,
3643 4465 3728 4516 Εὑ-

2193 4559 2381 4629 πρεπῆ
2400 4559 2443 4590 ⁸⁵
2496 4575 2576 4610 σοι
2625 4559 2693 4611 τὰ
2745 4558 2994 4629 βασίλεια
3037 4559 3353 4629 κατέστησα
3374 4560 3438 4622 ⁸⁸,
3475 4557 3613 4610 ποθῶ
3651 4571 3727 4608 σου

2192 4650 2258 4722 [⁵⁷
2294 4651 2392 4719 τὴν
2434 4650 2737 4722 παρουσίαν
2768 4644 2833 4710 ὦ.
2870 4651 3147 4705 Δέσποτα⁰
3203 4651 3489 4722 ίμείρομαί
3513 4647 3618 4719 σου]
3648 4646 3730 4714 τῆς

2191 4743 2514 4811 ἐπιφανείας
2541 4783 2553 4806 ,
2593 4741 2730 4794 ἀλλὰ
2773 4741 2860 4804 δὸς
2898 4741 2961 4795 τὸ
2996 4741 3352 4812 ποθούμενον.
3389 4761 3407 4794 ι
3442 4737 3730 4811 Διεπορευό·

2193 4851 2301 4904 μην
2332 4836 2389 4884 ὲν
2416 4833 2622 4902 ἀκακία
2649 4833 2876 4903 καρδίας
2907 4849 3006 4904 μου
3030 4835 3088 4886 ὲν
3115 4834 3266 4903 μέσῳ
3291 4833 3386 4887 τοῦ
3413 4835 3554 4886 οίκου
3582 4847 3722 4900 μου.»

2205 4925 2560 4997 Ἀπλότητι¹⁵⁸
2611 4924 2788 4989 συζῶν
2837 4925 3146 4978 διετέλεσα⁸
3207 4927 3307 4979 οὑκ
3366 4924 3610 4995 ἐχρώμην
3661 4919 3726 4972 δι-

1563 5281 1794 5338 νΑΒΗΕ
1837 5283 2222 5338 LECTIO‘NES
2277 5285 2366 5340 ET
2407 5283 2635 5339 NOTIE.

1331 5434 1371 5488 E
1418 5437 1540 5492 cod.
1573 5437 1622 5490 1.

575 5436 618 5468 ⁸⁷
649 5435 770 5490 cod.
802 5434 824 5488 1
863 5436 1144 5503 ἀνυμνεῖν.
1222 5435 1266 5468 ³³

1701 5438 1742 5470 ³⁸
1793 5437 1932 5490 Τῶν.
1987 5438 2108 5491 cod.
2155 5437 2178 5489 1

2242 5454 2427 5506 prtem.
2485 5437 2562 5491 δέ.
2641 5438 2686 5469 ⁸ο
2738 5437 2895 5490 Ἰωαν.
2943 5444 3065 5490 co.‘..
3120 5440 3141 5493 1
3207 5432 3720 5506 pmnt.6p1xép_t0{_o

477 5505 547 5538 ’⁵⁸
576 5504 709 5578 Rec.
741 5506 899 5578 lectio
923 5498 983 5560 lt:
1089 5515 1192 5578 est.
1223 5507 1391 5570 ἕλεος.
1453 5509 1498 5539 ⁵²
1543 5508 1602 5560 '0
1631 5537 1698 5548 —-
1736 5507 1997 5574 ἄμωμον,
2028 5507 2080 5559 In

2193 5498 2254 5560 :l.'
2302 5510 2350 5560 1.
2396 5510 2615 5575 ponitur
2675 5517 2800 5577 post
2838 5498 3247 5578 προσηγόρευσε
3322 5507 3364 5538 ⁸³
3397 5498 3527 5578 Iob.
3558 5498 3716 5578 cod._l

505 5576 782 5647 τοιαύτην.
863 5576 909 5607 ⁸⁵
927 5576 1050 5631 cod.
1112 5577 1134 5628 1
1186 5578 1617 5647 θαυμαζόμενος.

1706 5579 1750 5608 ’⁸⁵
1772 5569 1900 5630 rod.
1941 5579 1958 5630 l
1999 5577 2263 5646 εὑτρεπῆ.
2342 5569 2408 5608 κ’
2433 5579 2506 5630 Τὰ
2540 5569 2690 5641 ,ϐασξ
2740 5569 3161 5632 κατέὶγτ.”οό‹1.
3216 5577 3239 5630 1
3307 5577 3610 5646 κατέστησα.
3638 5569 3722 5646 τῆς

508 5637 787 5768 Egnatia-at;
835 5646 935 5717 τὴν
993 5647 1219 5700 εἴσοδον.
1259 5637 1306 5678 "'"
1335 5637 1398 5699 [ἶ
1426 5637 1548 5702 cod.
1581 5637 1664 5702 >1.
1710 5648 1968 5702 Eatndetn
2011 5649 2087 5702 lec

615 5733 716 5768 οτι.
1630 5721 1643 5734 ⁴

2198 5637 2300 5701 tem
2345 5637 2552 5703 habuit
2583 5647 2801 5704 Carafa.
2875 5647 2919 5679 ‘°
2971 5649 3141 5702 Ἀπνί.
3172 5647 3292 5703 cod.
3327 5648 3346 5700 ί
3394 5637 3568 5699 mem.
3599 5637 3721 5702 λέγει

458 5741 468 5755 ι
508 5714 566 5768 δὲ
615 5717 716 5770 ὅτι.
