3924 6490
473 327 636 400 ’1675

1545 328 2031 398 THEODORETI
2070 328 2409 397 EPISCOPI
2439 328 2804 397 CYRENSIS

3592 325 3729 397 1676

468 446 722 503 A-historia
753 445 1066 504 didicimus.
1103 434 1478 506 omnesenim
1514 452 1710 521 impios
1749 450 2057 505 sacerdotes

2170 449 2329 502 Γοῦτο
2355 449 2539 518 σαφῶς
2568 448 2716 520 παρὰ
2746 448 2843 519 τῆς
2874 438 3112 520 ἱστορίας
3137 448 3730 521 ἐμάθομεν.”Ᾱπαντας

493 549 667 595 morte
695 539 963 607 multavit,
1014 550 1069 597 et
1112 557 1323 597 sacram
1355 543 1593 612 expiavit
1625 542 1834 597 urbem.
1871 539 2055 613 [Tem-

495 647 596 700 pus
641 634 965 687 matutinum
1005 644 1185 689 autem
1230 645 1387 690 vocat
1431 635 1643 689 initium
1681 634 1894 704 imperii
1946 634 2052 688 sui.

492 722 627 779 Nam
659 725 831 781 instar
864 725 1002 782 lucis
1037 730 1314 782 matutina:
1342 735 1565 782 exortus
1591 735 1669 782 est
1701 738 1823 781 cum
1859 727 2054 780 decora

461 823 544 869 ιρι
576 818 891 887 splendente
914 819 1169 893 justitia.]
1199 820 1462 876 Caeterum
1494 822 1585 890 qui
1617 821 1733 874 vult
1766 818 1926 887 hujus
1954 818 2053 871 viri

494 911 745 965 virtutem
802 913 1109 967 accuratius
1161 914 1393 977 discere,
1432 912 1668 967 inveniet
1712 926 1830 966 eam
1883 910 1937 964 in
1968 924 2057 965 se-

494 1003 672 1058 cundo
697 1002 1147 1075 Paralipomenon
1174 1006 1333 1073 libro,
1368 1014 1422 1061 et
1443 1006 1494 1060 in
1528 1014 1719 1075 quarta
1742 1002 2053 1073 Regnorum

498 1094 721 1153 historia
760 1106 811 1150 ι.
839 1094 1093 1168 [Operam
1128 1102 1312 1169 itaque
1342 1099 1433 1154 det
1468 1096 1862 1168 unusquisque,
1893 1105 1949 1151 ut
1973 1096 2053 1149 vi-

493 1204 612 1243 rum
644 1189 803 1244 istum
847 1192 1107 1254 imitetur,
1150 1203 1205 1245 ut
1227 1191 1425 1247 similis
1462 1206 1649 1247 coram
1681 1189 2053 1259 ChriStopar-

494 1279 662 1348 ticeps
683 1278 776 1334 ﬁat
806 1280 1032 1335 liducite.
1070 1278 1286 1353 Ameu.]

910 1557 1206 1620 'lNTERP.
1245 1563 1496 1621 PSALMI
1517 1566 1615 1620 ‘Cl.

569 1678 728 1738 Vens.
758 1682 809 1735 l.
836 1681 1079 1735 (Oratio
1118 1683 1363 1751 pauperi,
1404 1697 1526 1736 cum
1575 1679 1847 1737 anxietate
1890 1680 2056 1737 allici-

495 1784 603 1837 tur,
639 1784 692 1829 et
732 1789 914 1830 coram
946 1773 1176 1828 Domino
1212 1789 1399 1843 preces
1427 1789 1554 1829 suas
1579 1774 1825 1830 eﬂ'undit.
1857 1793 1877 1827 ›
1906 1775 2055 1832 Prae-

493 1867 785 1921 dictionem
817 1865 1128 1921 alllictionis
1164 1865 1347 1936 populi
1378 1864 1710 1931 Iudaeorum,
1747 1866 1841 1936 qui
1876 1866 2054 1939 Baby-

492 1957 616 2013 lone
658 1958 908 2027 captivus
956 1967 1098 2022 erat,
1156 1958 1396 2028 psalmus
1415 1957 1696 2021 continet,
1744 1958 2060 2030 reditusque

491 2065 555 2103 ex
593 2049 805 2103 eadem.
851 2048 1190 2104 Vaticina‘tur
1218 2060 1422 2104 autem
1470 2050 1672 2119 pariter
1714 2060 1768 2104 et
1816 2051 2057 2120 gentium

490 2138 830 2193 vocationem
859 2153 924 2192 ac
961 2138 1211 2193 salutem.
1252 2137 1522 2195 Convenit
1560 2158 1722 2211 porro
1758 2152 1811 2196 et
1836 2141 2061 2197 cuilibet

491 2246 615 2286 cum
640 2230 821 2301 aliqua
843 2230 1155 2285 calamitate
1185 2231 1435 2295 luctanti,
1465 2240 1520 2286 et
1543 2232 1781 2287 divinam
1815 2248 1967 2303 opem
2000 2241 2061 2288 ut

488 2330 854 2392 consequatur
891 2322 1221 2377 obsecranti.
1270 2321 1565 2394 Pauperem
1604 2326 1750 2379 enim
1795 2334 1952 2380 vocat
1979 2325 2061 2380 di-

490 2415 619 2469 vino
649 2414 853 2469 auxilio
870 2414 1219 2485 indigentem.

561 2505 725 2562 Vens.
770 2506 826 2560 2.
870 2523 889 2558 r
918 2505 1166 2573 Domine,
1208 2508 1405 2563 exaudi
1436 2505 1738 2565 orationem
1773 2525 1968 2577 meam,
2007 2521 2062 2566 et

490 2599 698 2654 clamor
728 2613 883 2654 meus
906 2597 976 2653 ad
1007 2608 1059 2654 te
1088 2598 1289 2653 veniat.
1331 2619 1348 2651 ι
1387 2599 1827 2671 Deprecatiouem
1859 2618 2057 2668 meam,

490 2691 739 2757 Domine,
773 2690 1011 2760 suscipe,
1043 2690 1528 2764 mihique1316
1573 2693 1866 2748 obtestanti
1900 2710 2056 2765 opem

492 2781 593 2836 fer.
648 2780 961 2836 Clamorem
995 2781 1162 2849 enim,
1216 2782 1675 2869 lamentationem'
1701 2785 2060 2858 Symmachus

492 2873 649 2929 dixit.

563 2962 728 3019 Vens.
762 2964 816 3020 3.
853 2982 872 3015 ‹
916 2963 996 3021 Ne
1018 2974 1247 3021 avertas
1268 2964 1465 3021 faciem
1499 2976 1650 3022 tuam
1685 2983 1716 3022 a
1749 2984 1856 3027 me.
1892 2990 1913 3024 ι
1954 2970 2060 3028 Be-

494 3057 721 3112 nevolus
760 3057 894 3111 mihi
925 3066 1061 3123 esto,
1100 3066 1155 3112 et
1200 3059 1421 3115 missam
1469 3058 1555 3115 fac
1610 3059 2058 3132 indignationem.

2157 540 2266 612 γὰρ
2298 540 2425 604 τοὺς
2452 540 2733 603 δυσσεϐεῖς
2765 539 2948 610 ἱερέας
2985 538 3063 610 τῷ
3104 539 3318 611 θανάτῳ
3366 541 3730 612 παρέπεμψε,

2157 632 2251 685 καὶ
2275 631 2374 703 τὴν
2410 632 2561 704 ἱερὰν
2588 630 2889 702 ἐξεκάθηρε
2916 631 3092 684 πόλιν.
3131 630 3198 703 [⁷³
3230 632 3451 702 Ηρωῒαν
3475 634 3532 686 δέ
3573 634 3735 686 καλεῖ

2152 720 2253 792 τὴν
2285 720 2462 792 ἀρχὴν
2503 719 2603 791 τῆς
2632 718 2798 773 αὑτοῦ
2831 718 3137 789 βασιλείας·
3166 720 3245 783 ὡς
3269 721 3465 792 ὄρθρος
3487 722 3599 792 γὰρ
3627 723 3732 775 αὐ-

2154 813 2246 876 τὸς
2283 812 2523 866 ἀνέτειλε
2565 811 2704 883 μετὰ
2748 810 2846 879 τῆς
2894 811 3211 882 πρεπούσης
3248 814 3343 866 καὶ
3382 813 3735 883 φωτιζούσης

2153 903 2548 977 δικαιοσύνης.]
2592 905 2651 958 '0
2673 904 2729 958 δὲ
2756 902 3079 974 βουλόμενος
3109 904 3206 975 τὴν
3235 904 3328 957 τοῦ
3370 905 3566 977 ἀνδρὸς
3598 908 3733 977 ἀρε-

2154 996 2254 1068 τὴν
2302 995 2701 1068 καταμαθεῖντδ
2733 994 3143 1066 ἀκριϐέστερον,
3192 996 3554 1067 εὑρήσεται⁷⁸
3599 997 3731 1048 ταύ-

2154 1106 2255 1161 την
2284 1088 2348 1142 ἔκ
2369 1106 2428 1141 τε
2460 1089 2560 1159 τῆς
2583 1088 2839 1160 δευτέρας
2865 1089 2973 1144 τῶν
3002 1087 3512 1160 Παραλειπομένων,
3537 1089 3636 1143 καὶ
3667 1090 3731 1141 ἐκ

2154 1181 2250 1250 τῆς
2282 1182 2551 1253 τετάρτης
2582 1180 2692 1235 τῶν
2727 1182 3027 1236 Βασιλειῶν
3058 1181 3319 1254 ἱστορίας.
3368 1181 3454 1254 [⁷⁸
3487 1182 3732 1236 Σπουδα-

2156 1273 2303 1326 σάτω
2330 1272 2508 1326 τοίνυν
2538 1272 2771 1337 ἕκαστος
2804 1274 3053 1346 μιμητὴς
3096 1274 3251 1327 τοῦδε
3282 1272 3377 1327 τοῦ
3410 1274 3606 1345 ἀνδρὸς
3632 1292 3730 1344 γε·

2154 1363 2340 1417 νέσθαι
2363 1380 2377 1395 ο
2410 1365 2501 1419 ἵνα
2523 1364 2624 1435 τῆς
2654 1366 2779 1437 ῐσης
2807 1366 2957 1437 αὐτῷ
2994 1368 3301 1441 κοινωνήσῃ
3330 1369 3481 1437 παρὰ
3504 1368 3733 1439 Χριστῷ

2150 1456 2493 1528 παρρησίας.
2534 1458 2758 1531 ’Δμήν.]

2470 1571 2737 1627 ΕΡΜΗΝ.
2768 1572 2907 1626 ΤΟΥ
2926 1573 3032 1626 PA’
3062 1572 3379 1627 ἾἊΛΜΟΥ.

2224 1676 2293 1732 α’.
2329 1696 2349 1731 t
2388 1679 2677 1752 Προσευχὴ
2712 1681 2789 1752 τῷ
2820 1682 3053 1753 πτωχῷ·
3100 1683 3228 1736 ὅταν
3272 1683 3544 1754 ἁκηδιάση
3572 1724 3586 1749 ,
3634 1686 3733 1737 καὶ

2152 1768 2398 1825 havet"
2426 1773 2636 1845 Κυρίου
2667 1775 2832 1845 ἐκχέῃ
2864 1775 2961 1846 τὴν
2988 1776 3173 1846 δέησιν
3193 1775 3379 1830 αὐτοῦ.
3421 1795 3439 1827 ι
3474 1777 3734 1849 Πρόρῤη·

2158 1880 2243 1916 σιν
2271 1864 2371 1935 μὲν
2392 1863 2649 1935 όψαλμὸς
2678 1866 2791 1937 ἔχει
2817 1868 2917 1937 τῆς
2946 1869 3006 1921 ἐν
3032 1866 3312 1921 Βαϐυλῶνι
3344 1867 3438 1922 τοῦ
3464 1868 3595 1922 λαοῦ
3616 1869 3731 1923 τῶν

2167 1953 2436 2009 Ἰουδαίων
2465 1956 2878 2027 ταλαιπωρίας,
2927 1958 3023 2011 καὶ
3066 1959 3164 2028 τῆς
3191 1958 3400 2012 ἐκεῖθεν
3434 1960 3730 2017 ἐπανόδου.

2156 2036 2528 2116 Προαγορεύει
2550 2047 2608 2100 δὲ
2637 2047 2758 2100 κατ’
2785 2048 2968 2113 αὑτὸν,
2994 2050 3102 2102 καλ
3121 2048 3230 2103 τῶν
3264 2048 3428 2102 ἐθνῶν
3451 2050 3548 2120 τὴν
3586 2050 3730 2120 κλῆ-

2158 2152 2244 2190 σιν
2268 2138 2363 2191 καὶ
2390 2140 2688 2209 σωτηρίαν.
2730 2138 3019 2210 Ἀρμόττει
3048 2139 3106 2194 δὲ
3140 2141 3237 2193 καὶ
3274 2143 3438 2197 παντί
3469 2145 3730 2215 συμφορᾷ

2155 2245 2269 2283 τινι
2323 2230 2788 2303 προσπαλαίοντι,
2836 2233 2931 2285 καὶ
2981 2232 3082 2303 τῆς
3130 2232 3281 2297 θείας
3330 2235 3504 2305 ῥοπῆς
3544 2238 3730 2305 τυχεῖν

2158 2322 2477 2376 ίκετεύοντι.
2544 2322 2792 2391 Πτωχόν
2840 2321 2948 2393 γὰρ
2998 2320 3185 2386 καλεῖ,
3230 2321 3323 2375 τὸν
3369 2321 3519 2386 θείας
3565 2322 3721 2392 ἐνδεῆ

2158 2413 2520 2485 προμηθείας.

2231 2503 2297 2574 β’.
2338 2522 2357 2556 ι
2388 2504 2583 2575 Κύριε,
2610 2504 2930 2558 εἰσάκουσον
2959 2504 3060 2573 τῆς
3087 2503 3397 2575 προσευχῆς
3426 2505 3663 2573 μου,καὶ
3691 2506 3725 2573 ἠ

2160 2593 2374 2663 κραυγή
2410 2609 2511 2662 μου
2548 2591 2685 2662 πρὸς
2710 2591 2770 2644 σὲ
2807 2592 2874 2663 [⁷⁸
2901 2591 3146 2663 ἐλθέτω].
3170 2590 3329 2658 Δέξαι
3356 2609 3460 2661 μου
3486 2591 3586 2661 τὴν
3612 2592 3725 2645 ix:-

2160 2680 2386 2751 τηρίαν,
2427 2674 2477 2733 ὧ
2526 2680 2795 2741 Δέσποτα,
2834 2680 2929 2731 καὶ
2956 2677 3307 2749 ποτνιωμένῳ
3337 2678 3439 2749 τὴν
3467 2677 3571 2747 σὴν
3601 2676 3728 2747 βοή-

2160 2771 2311 2825 θειαν
2344 2770 2561 2840 Δὄρεξον.
2612 2770 2723 2841 Τὴν
2752 2770 2862 2840 γὰρ
2905 2768 3197 2838 κραυγὴν,
3237 2766 3504 2837 οίμωγὴν
3530 2768 3559 2819 ό
3585 2766 3730 2837 Σύμ-

2163 2876 2335 2929 μαχος
2364 2861 2606 2930 εἴρηκεν.

2231 2958 2303 3020 γ’.
2331 2970 2349 3003 ι
2378 2951 2470 3022 Μὴ
2498 2950 2849 3023 ἀποστρέψῃς
2875 2950 2936 3004 τὸ
2960 2948 3252 3022 πρόσωπόν
3280 2965 3374 3002 σου
3407 2947 3504 3002 ἀπ’
3530 2944 3722 3018 ἐμοῦ.»

2162 3044 2414 3116 Εὐμενής
2439 3061 2529 3116 μοι
2550 3043 2733 3113 γενοῦ,
2755 3044 2850 3097 καὶ
2876 3041 3039 3097 λῦσον
3066 3041 3164 3111 τὴν
3193 3042 3585 3110 ἀγανάκτησιν.
3608 3038 3731 3092 «Ἐν

497 3166 517 3199 ι
549 3145 886 3217 Quocunque
914 3147 1003 3203 die
1040 3152 1060 3172 ‘
1095 3148 1348 3214 tribulor,
1386 3149 1587 3205 inclina
1630 3152 1697 3207 ad
1733 3129 1830 3208 ine
1872 3170 2057 3210 aurem

2170 3135 2198 3215 ᾖ
2233 3139 2298 3193 ἂν
2330 3141 2513 3211 ἡμέρᾳ
2543 3138 2838 3209 θλίϐωμαι,
2873 3136 3051 3191 κλῖνον
3092 3136 3232 3207 πρός
3283 3152 3349 3207 με
3383 3134 3442 3187 τὸ
3473 3129 3570 3196 οῦς
3599 3149 3693 3184 σου
3713 3149 3727 3161 ·

492 3250 643 3296 tuam
695 3256 708 3293 2

496 3334 694 3390 exaudi
729 3350 836 3388 me.
871 3354 890 3387 ι
927 3333 1052 3390 Haec
1080 3351 1297 3405 quoque
1327 3337 1520 3406 psalmi
1549 3338 1712 3393 verba
1746 3342 2061 3407 ostendunt,

768 3256 1095 3311 quocunque
1146 3242 1233 3297 die
1286 3243 1607 3299 invocavero
1668 3259 1749 3312 te,
1808 3248 2057 3303 velociter

2170 3235 2223 3285 ἐν
2252 3226 2286 3304 ᾖ
2324 3229 2391 3284 ἂν
2418 3230 2603 3302 ἡμέρᾳ
2633 3228 3048 3299 ἐπικαλέσωμαί
3074 3244 3135 3280 σε
3155 3266 3171 3291 ,
3199 3228 3336 3297 ταχὺ
3366 3223 3671 3280 ἐπάκουσόν
3683 3224 3731 3254 ”

2168 3339 2290 3394 μου.
2324 3341 2348 3373 ι
2383 3321 2545 3393 Δηλοῑ
2570 3323 2664 3374 καὶ
2704 3320 2876 3373 ταῦτα
2905 3318 2999 3372 τοῦ
3028 3317 3244 3389 ψαλμοῦ
3276 3317 3345 3370 τὰ
3371 3317 3615 3389 ῥήματα,
3650 3314 3732 3376 ὡς

494 3426 804 3481 futurorum
836 3426 940 3481 illis
971 3426 1148 3481 inesse
1180 3428 1609 3497 praedictionem,
1637 3445 1744 3484 non
1773 3440 1950 3486 autem
1984 3448 2057 3486 re-

2170 3414 2475 3486 μελλόντων
2503 3416 2622 3468 ἐστὶ
2646 3413 2971 3484 πρόρρησις,
2994 3411 3090 3465 καὶ
3117 3411 3180 3463 οὐ
3216 3408 3598 3479 γεγενημένων
3646 3406 3730 3458 δι-

494 3534 618 3573 rum
647 3518 907 3573 factarum
936 3519 1323 3575 narrationem.
1348 3520 1616 3586 Quoniam
1637 3524 1782 3577 enim
1806 3523 1859 3577 in
1893 3525 2063 3579 multa

498 3613 753 3668 felicitate
798 3622 853 3668 et
897 3613 1187 3692 splendore
1218 3613 1322 3669 sub
1368 3614 1537 3669 divini
1571 3616 1793 3672 Davidis
1838 3618 2065 3686 imperio

496 3714 615 3759 erat
636 3704 888 3775 populus,
916 3704 1041 3775 jure
1067 3707 1347 3775 propheta,
1377 3706 1593 3761 illorum
1621 3722 1850 3777 persona
1883 3718 2063 3775 utens,

498 3796 869 3867 precationem
919 3795 1109 3864 oll‘ert,
1172 3805 1339 3867 utque
1399 3797 1639 3853 divinam
1678 3809 2065 3871 .consequatur

498 3905 654 3958 opem
696 3889 982 3960 supplicat,
1039 3890 1475 3961 quandocunque
1518 3900 1732 3962 tempus
1769 3892 1821 3948 id
1853 3898 2063 3963 [postu-

498 3981 649 4037 larit.
2006 3992 2013 4003 ι

572 4069 739 4127 Vens.
789 4071 846 4126 4.
902 4088 923 4124 ε
968 4069 1106 4137 Quia
1154 4071 1469 4127 defecerunt
1523 4071 1664 4128 sicut
1716 4070 1899 4129 fumus
1947 4073 2063 4129 dies

502 4162 631 4227 mei,
664 4171 718 4217 et
747 4177 876 4218 ossa
915 4178 1034 4218 mea
1066 4164 1208 4218 sicut
1237 4164 1442 4233 lignum
1475 4164 1687 4219 aridum
1719 4174 1998 4220 aruerunt.
2036 4183 2055 4216 ι

500 4253 763 4325 Deinceps
794 4255 1090 4309 secundum
1126 4255 1401 4323 proprium
1436 4256 1656 4319 idioma,
1686 4254 1896 4311 futuras
1918 4257 2064 4311 cala-

502 4346 718 4401 mitates
754 4355 1014 4416 tauquam
1065 4346 1365 4416 praeteritas
1411 4356 1615 4412 narrat,
1645 4355 1699 4400 et
1740 4347 1895 4415 dicit,
1929 4347 2063 4403 fumi

501 4442 674 4494 instar
691 4438 811 4493 vitae
842 4447 1057 4508 tempus
1090 4447 1468 4507 consumptum
1485 4452 1624 4502 esse,
1657 4447 1711 4493 et
1739 4453 1805 4493 ex
1830 4454 2065 4495 maerore

2165 3508 2386 3578 ήγησις.
2429 3505 2798 3578 Ἐπειδὴιγὰρ
2841 3506 2901 3559 ἐν
2938 3503 3200 3575 εὐκληρίᾳ
3233 3500 3538 3571 πολλῇ,καὶ
3567 3516 3731 3569 περι-

2164 3598 2362 3668 φανείᾳ
2387 3598 2681 3669 ἐτύγχανεν
2700 3596 2777 3653 ὣν
2805 3598 2833 3651 6
2860 3597 2989 3660 λαδς
3011 3598 3068 3650 ἐν
3093 3598 3159 3666 τῇ
3183 3593 3277 3647 τοῦ
3310 3592 3597 3646 θεσπεσίου
3622 3595 3727 3643 Δα-

2165 3692 2251 3745 ϐὶδ
2283 3690 2559 3763 βασιλείᾳ·
2591 3690 2815 3755 εἰκότως
2855 3692 2883 3743 6
2914 3689 3219 3760 προφήτης,
3259 3686 3341 3756 τῷ
3371 3684 3600 3738 ἐκείνων
3633 3700 3730 3736 κε-

2164 3781 2436 3852 χρημένος
2455 3780 2501 3811 eo
2530 3780 2808 3851 προσώπῳ
2837 3820 2853 3845 ,
2883 3779 3184 3849 προσφέρει
3213 3775 3309 3844 τὴν
3344 3773 3597 3837 ἱκετείαν,
3634 3773 3733 3826 καὶ

2163 3875 2349 3944 τυχεῖν
2377 3872 2650 3927 ἀντιϐολεῖ
2681 3872 2779 3943 τῆς
2805 3869 2952 3933 θείας
2975 3867 3321 3940 κηδεμονίας,
3353 3867 3515 3938 ἡνίκα
3544 3864 3612 3918 ἂν
3634 3865 3730 3932 γέ-

2166 3982 2311 4019 νοιτο
2340 3963 2532 4017 τούτου
2565 3964 2776 4034 καιρός.

2238 4055 2299 4110 δ’.
2334 4074 2354 4107 ι
2393 4056 2517 4109 Ὅτι
2560 4054 2807 4119 ἐξέλιπον
2848 4053 2980 4106 ὡσεὶ
3030 4051 3238 4114 καπνὸς
3266 4050 3321 4103 αί
3353 4049 3555 4119 ἡμέραι
3593 4064 3725 4117 μουο

2168 4145 2265 4201 καὶ
2294 4147 2362 4199 τὰ
2394 4145 2528 4198 όστᾶ
2571 4161 2673 4215 μου
2723 4143 2854 4195 ὡσεὶ
2902 4142 3131 4213 φρύγιον
3162 4138 3575 4208 συνεφρύγησαν
3592 4136 3660 4189 ⁸⁸.
3703 4156 3723 4186 ι

2176 4239 2459 4294 Ἐντεῦθεν
2487 4238 2629 4291 κατὰ
2662 4234 2724 4289 τὸ
2748 4237 2945 4289 οἰκεῖον
2982 4234 3177 4301 ἰδίωμα
3216 4231 3314 4294 τὰς
3351 4229 3613 4299 ἐσομένας
3648 4227 3731 4291 ὡς

2165 4333 2539 4404 γεγενημένας
2571 4330 2855 4401 συμφορὰς
2894 4328 3183 4397 διηγεῖται,
3226 4325 3323 4378 καί
3365 4339 3498 4393 φησι
3528 4322 3733 4391 καπνῷ

2167 4425 2568 4498 παραπλησίως
2594 4424 2687 4477 τὸν
2712 4426 2810 4494 τῆς
2835 4420 2982 4490 ζωῆς
3015 4418 3358 4488 ἀναλωθῆναι
3390 4417 3601 4488 χρόνον,
3634 4419 3735 4467 καὶ
3785 4458 3799 4491 ζ

501 4547 701 4603 corpus
732 4532 896 4587 torris
936 4533 1108 4586 instar
1144 4531 1359 4585 aridum
1392 4545 1512 4586 esse
1545 4531 1767 4596 iactuum,
1800 4540 2057 4601 tanquam

2170 4518 2226 4582 ἐξ
2269 4518 2509 4588 ἀθυμίας
2536 4515 2694 4571 δαλὸν
2732 4515 2952 4586 ξηρδν⁸¹
2986 4512 3314 4582 γεγενῆσθαι
3350 4510 3411 4563 τὸ
3438 4509 3620 4580 σῶμα,
3652 4508 3734 4572 ὡς

502 4625 571 4679 ab
602 4625 784 4695 aliqua
819 4624 958 4693 ignis
989 4622 1351 4694 impressione
1380 4623 1748 4679 combustum.
1783 4621 1883 4677 .Sic
1915 4623 2060 4679 enim

500 4716 696 4785 Aquila
727 4733 741 4769 :
779 4713 845 4768 Et
878 4730 998 4769 ossa
1027 4730 1146 4768 mea
1181 4714 1318 4767 sicut
1349 4713 1553 4767 exuuio
1582 4725 1920 4768 exaruerunt.

576 4892 743 4950 Vens.
777 4896 832 4950 5.
875 4914 893 4945 ‹
928 4893 1230 4950 Percussus
1263 4907 1384 4949 sum
1423 4900 1484 4946 ut
1510 4889 1715 4955 fenum,
1765 4898 1819 4944 et
1855 4889 2069 4944 exaruit

505 5003 601 5042 cor
626 5003 824 5044 meum.
864 5004 883 5038 ι
920 4986 1130 5041 Etenim
1161 4985 1329 5041 veluti
1376 4983 1560 5039 fenum
1590 4982 1897 5039 exstinctus
1922 4996 2065 5048 sum,

507 5079 905 5150 pristinumque
931 5076 1117 5132 ﬂorem
1140 5077 1321 5132 amisi.

582 5264 604 5291 ι
638 5253 701 5307 lV
732 5251 863 5323 Reg.
898 5266 1009 5307 χιιι
1041 5261 1109 5306 .et
1138 5264 1305 5315 xxut;
1336 5248 1381 5304 tl
1410 5247 1587 5303 Paral.
1624 5263 1786 5302 xxxnv
1814 5256 1869 5302 et
1895 5259 2058 5300 xxxv.

2170 4610 2275 4665 ὑπό
2314 4627 2461 4674 τινος
2508 4606 2943 4680 καταφλεχθέν⁸²
2992 4605 3163 4677 πυρὸς
3202 4603 3528 4673 προσϐολῆς.
3571 4602 3737 4654 Οῦτω

2171 4705 2281 4775 γὰρ
2312 4704 2407 4757 καὶ
2434 4704 2462 4755 6
2502 4701 2735 4759 ’Δκύλας
2776 4700 3122 4772 ἡρμήνευσεν
3141 4738 3156 4761 ,
3201 4695 3311 4751 Καὶ
3335 4695 3407 4748 τὰ
3438 4692 3591 4748 ὀστᾶ
3610 4710 3738 4762 μου

2170 4795 2252 4862 ὡς
2279 4794 2496 4861 καῦσις
2528 4791 2898 4863 ἐψαθυρώθη.

2243 4882 2306 4939 ε’.
2339 4904 2357 4937 ‹
2406 4885 2678 4955 Ἐπλήγην
2704 4882 2837 4936 ὡσεὶ
2864 4880 3074 4953 χόρτος,
3106 4879 3200 4933 καὶ
3228 4875 3497 4949 ἐξηράνθη
3532 4875 3567 4944 ἡ
3596 4890 3743 4944 καρο

2175 4976 2261 5029 δία
2290 4992 2414 5046 μου.
2454 4994 2475 5028 ο
2516 4974 2677 5028 Ἀλλὰ
2705 4973 2812 5043 γὰρ
2841 4972 2935 5026 καὶ
2962 4971 3139 5043 χόρτῳ
3181 4966 3580 5041 παραπλησίως
3624 4966 3741 5018 ἁπ-

2179 5067 2346 5138 έσϐην
2367 5084 2379 5098 ο
2418 5067 2513 5122 καὶ
2548 5067 2610 5120 τὸ
2646 5068 2908 5139 πρότερον
2937 5063 3096 5129 ἄνθος
3121 5060 3394 5116 ἀπώλεσα.

1572 5444 1802 5502 VARUE
1862 5438 2247 5498 LECTIONES
2307 5437 2395 5493 ET
2443 5436 2672 5493 NUTIE.

570 5573 619 5606 "
651 5573 693 5626 Ε
720 5569 841 5627 cod.
875 5569 926 5622 1.
990 5567 1034 5598 ’⁸
1064 5566 1184 5621 cod.
1217 5564 1238 5616 ι
1279 5561 1491 5635 μαθεξν.
1568 5561 1611 5635 ’τξ
1638 5562 1782 5635 Ερρ.
1806 5558 1913 5635 cod
1941 5559 1961 5616 1
2002 5557 2057 5608 είς

2170 5573 2225 5635 ιι,
2288 5556 2332 5586 ⁷⁸
2364 5555 2405 5608 Ε
2435 5554 2627 5635 cod_._l.
2660 5554 2702 5635 ’ξ
2730 5551 2851 5635 cpd.
2886 5551 2911 5605 1
2940 5547 3186 5635 ἐνώπιον.
3255 5542 3538 5635 ἶ
3568 5543 3743 5598 codJ

504 5656 559 5700 et
603 5616 926 5698 reitB'Elai'
967 5636 1023 5691 θ’
1070 5616 1254 5705 suppl.
1279 5616 1293 5635 ’
1318 5633 1383 5705 Αη
1408 5631 1541 5705 Rec.
1598 5616 1756 5705 lectio
1806 5628 1930 5705 h_._l.
1968 5636 2052 5705 est

2170 5626 2442 5705 τάκουσον.
2486 5698 2494 5705 ι
2528 5625 2574 5657 ⁸⁰
2602 5625 2725 5705 cod.
2751 5623 2775 5677 1
2828 5623 3190 5705 χρησξμενος.
3264 5617 3330 5705 ⁸⁸,
3534 5631 3745 5705 ξρῇτέ

502 5684 765 5781 δνύἦᾷῖ.
797 5684 1253 5781 ’νεσηῖιῖαᾞ
1301 5684 1553 5781 [ορατ-(ξ.
1611 5702 1669 5781 ἰὰ,
1701 5698 1845 5781 quod
1878 5699 1939 5781 in_
1970 5697 2053 5781 ioc

2170 5696 2502 5781 omburitur)
2523 5737 2538 5761 ,
2570 5694 2763 5751 adusta
2794 5684 2937 5751 sum:
2972 5684 3173 5761 S'ymm.
3203 5686 3281 5753 ὡς
3308 5684 3607 5756 ἀπόκαυμα
3640 5684 3750 5740 αὖα

506 5767 755 5853 γέγονεν.
831 5779 875 5811 "
902 5767 1117 5845 Ξηρόνξ
1137 5777 1259 5841 cod.
1293 5767 1317 5830 1
1354 5767 1541 5844 praem.
1578 5770 1691 5826 καί.
1719 5767 1734 5771 ⁷
1762 5769 1808 5802 ⁸³
1840 5770 1961 5826 cod.
1987 5768 2008 5822 1

2170 5767 2415 5838 αφλεγέν.
