3924 6486
256 318 398 384 1677

1647 319 1729 380 IN
1765 318 1969 379 PSAL.
2001 317 2096 377 CI.

3376 320 3517 386 1678

337 457 357 490 ι
393 437 517 491 Ὅτι
560 436 907 510 ἐπελαθόμην
959 438 1054 492 τοῦ
1111 441 1305 508 φαγεῖν
1350 439 1438 492 τὸν
1487 438 1651 507 ἄρτον
1708 453 1843 504 μου.-

2018 450 2035 481 ι
2089 430 2221 497 Quia
2271 431 2468 488 oblitus
2524 448 2643 488 sum
2715 434 2999 491 comedere
3061 451 3255 506 panem
3311 455 3516 497 meum.

258 530 369 603 [ς’]
418 530 557 584 Ἀπὸ
625 531 811 600 φωνῆς
865 531 960 585 τοῦ
1038 531 1347 603 στεναγμοῦ
1416 547 1519 602 μου
1569 526 1837 598 ἐκολλήθη

254 624 323 676 τὸ
344 622 543 677 ὀστοῦν
577 641 679 694 μου
710 626 777 695 τῇ
812 624 977 694 σαρκί
1015 642 1139 695 μου.
1179 644 1198 675 ι
1232 624 1416 692 Πάσης
1449 621 1549 692 μὲν
1572 620 1680 690 γὰρ
1709 636 1837 690 τρο-

258 715 377 786 φῆς
400 714 764 788 ἀπεϐαλόμην
789 715 973 787 ὄρεξιν
992 733 1005 747 ·
1038 718 1136 786 τῆς
1163 716 1221 770 δὲ
1244 714 1520 786 προτέρας
1541 710 1839 771 εὐπαθείας

263 808 552 873 παντελῶς
590 794 937 881 ἐγυμνώθην.
970 809 1050 881 Τῇ
1081 810 1191 881 γὰρ
1228 808 1286 875 ἐξ
1316 807 1555 878 ἀθυμίας
1591 805 1840 874 τηκεδόνι

262 898 665 970 κατηναλώθην
701 898 762 952 τὸ
801 899 1047 969 σῶμαεῆ
1096 900 1326 971 Γυμνοίς
1353 898 1409 951 δὲ
1441 899 1551 960 τοῖς
1598 896 1840 959 ὀστοῖς⁸³

263 991 556 1062 ὲπίκειμαι
597 990 657 1044 τὸ
672 991 718 1022 ⁸⁸
747 991 943 1062 δέρμα.
974 990 1042 1062 [⁸⁷
1077 992 1274 1061 Ἀρτος
1307 986 1400 1045 οὖν
1432 988 1591 1061 ἡμῶν
1617 989 1717 1059 τὴς
1741 988 1842 1058 ψυ·

267 1087 374 1157 χῆς
394 1089 424 1141 6
445 1085 541 1140 τοῦ
576 1084 711 1139 Θεοῦ
736 1084 894 1153 λόγος
914 1103 928 1116 ·
964 1084 1155 1156 ὥσπερ
1181 1084 1290 1155 γὰρ
1318 1085 1347 1136 ὀ
1373 1083 1564 1144 ἄποιος
1588 1080 1752 1151 ἄρτος
1780 1078 1841 1131 τὸ

269 1178 433 1250 σῶμα
459 1178 651 1249 τρέφει
678 1219 694 1242 ,
723 1177 895 1241 οὓτως
924 1179 953 1231 6
980 1177 1040 1245 ἐξ
1069 1175 1297 1248 ούρανοῦ
1333 1175 1492 1244 λόγος
1516 1174 1617 1245 τὴν
1648 1172 1842 1224 οὐσίαν

267 1270 372 1341 τῆς
403 1270 609 1342 ψυχῆς.
661 1271 773 1326 Καὶ
814 1269 1006 1324 τοῦτον
1046 1273 1074 1325 6
1120 1269 1355 1339 Χριστὸς
1382 1269 1485 1340 τὴν
1530 1265 1842 1340 προσευχὴν

268 1364 608 1437 παραδιδοὺς
637 1363 792 1431 ἔλεγε
820 1365 933 1427 τοῖς
958 1361 1299 1425 ἀποστόλοις,
1327 1380 1346 1413 ι
1370 1361 1475 1414 Τὸν
1499 1359 1665 1431 ἄρτον
1686 1356 1842 1428 ἡμῶν

267 1460 363 1512 τὸν
404 1458 682 1512 ἐπιούσιον
719 1456 808 1520 δός
849 1459 984 1527 ἡμῖν
1036 1456 1297 1528 σήμερον.
1341 1474 1359 1508 ι
1403 1455 1498 1515 Ὃς
1545 1454 1612 1506 ἂν
1662 1452 1843 1505 τοίνυν

268 1554 461 1607 τοῦτον
517 1556 713 1622 φαγεῖν
757 1552 1114 1622 ἐπιλάθηται,
1146 1550 1426 1605 τουτέστιν
1466 1547 1839 1619 ἐργάσασθαι·

269 1647 367 1701 τοῦ
396 1645 507 1719 γὰρ
540 1644 730 1715 νοητοῦ
761 1644 928 1718 ἄρτου
962 1644 1166 1715 βρῶσιν
1204 1642 1436 1713 ἐργασία
1465 1641 1806 1709 καθέστηκεν
1827 1653 1841 1668 ο

267 1740 424 1812 δηλοί
441 1739 500 1793 δὲ
526 1732 586 1794 οῦ
610 1734 762 1792 εἶπεν
790 1740 902 1801 τοῖς
927 1736 1244 1800 ἀποστόλοις
1272 1737 1301 1789 6
1333 1734 1557 1807 Κύριος,
1595 1752 1613 1785 ι
1657 1732 1845 1802 Ἐργά-

271 1833 435 1900 ζεσθε
474 1833 551 1905 μὴ
598 1830 695 1903 τὴν
737 1830 941 1903 βρῶσιν
985 1831 1086 1901 τὴν
1126 1828 1527 1899 ἀπολλυμένην,
1573 1825 1710 1881 ἀλλά
1745 1825 1843 1896 τὴν

274 1929 552 1997 μένουσαν
585 1926 663 1988 είς
698 1923 843 1994 ζωὴν
892 1921 1107 1977 αἰώνιον
1128 1938 1141 1951 ·
1179 1940 1197 1974 ι
1239 1922 1432 1974 τούτου
1462 1920 1494 1990 η
1522 1918 1718 1991 καρδία
1763 1916 1842 1970 δίο

269 2038 381 2090 κην
414 2017 610 2090 χόρτου
645 2018 918 2088 πληγεῖσα
946 2014 1279 2088 ξηραίνεται.
1323 2013 1447 2077 Πῶς
1488 2012 1546 2066 δέ
1586 2014 1615 2066 6
1652 2011 1845 2083 χόρτος

272 2115 574 2185 πλήττεται
596 2112 690 2166 καὶ
726 2110 1077 2183 ξηραίνεται;
1105 2110 1234 2163 ὅταν
1259 2107 1413 2171 ύετδς
1438 2106 1525 2159 ἐπ’
1552 2106 1715 2160 αὑτὸν
1744 2106 1843 2158 ἐπ-

272 2207 698 2279 ανήσῃ.Ὦσπερ
726 2206 820 2259 καὶ
846 2205 879 2275 ἡ
912 2203 1132 2275 καρδία,
1158 2204 1287 2256 ὅταν
1318 2198 1500 2270 ἐνδείᾳ
1523 2198 1732 2272 νοσήσῃ
1752 2197 1845 2251 τοῦ

274 2302 463 2371 λόγου,
486 2301 608 2355 τότε
638 2300 934 2369 πλήττεται
958 2299 1054 2352 καὶ
1078 2296 1392 2366 ξηραίνεται
1419 2335 1432 2357 ,
1460 2291 1620 2358 ἄνθος
1643 2291 1848 2362 ἀρετῆς

278 2393 583 2465 βλαστῆσαι
618 2393 718 2446 οὐκ
754 2391 940 2462 ἰσχύον
949 2408 1036 2445 σα.

354 2484 508 2552 ζ’,η’.
546 2502 567 2536 ι
619 2481 924 2554 Ὠμοιὼθην
968 2482 1228 2535 πελεκᾶνι
1271 2478 1547 2552 ἐρημικῷ,
1583 2476 1851 2549 ἐγενήθην

276 2578 415 2631 ὡσεὶ
457 2574 790 2643 νυκτικόραξ
835 2575 895 2627 ἐν
934 2574 1279 2644 οίκοπὲδῳ⁸⁸.
1333 2573 1712 2644 Ἡγρύπνησα,
1756 2571 1852 2624 καὶ

276 2669 549 2741 ἐγενόμην
598 2668 729 2732 dic”
792 2666 1073 2740 στρουθίον
1126 2666 1356 2738 μονάζον
1402 2666 1495 2720 ἐπὶ
1551 2664 1783 2734 δώματι.
1826 2682 1843 2714 ι

278 2763 514 2827 Πολλαῖς
567 2761 833 2833 κέχρηται
899 2759 1271 2833 παραϐολαῖς,
1316 2760 1485 2824 ἀξίως
1532 2757 1852 2828 βουλόμενος

279 2855 640 2928 παραστῆσαι
687 2854 786 2918 τὰς
843 2853 1165 2926 συμφοράς·
1217 2852 1285 2906 δι’
1334 2852 1570 2906 ἑκάστου
1634 2851 1691 2903 δὲ
1744 2848 1853 2902 τῶν

278 2948 591 3021 εἰρημένων
615 2946 845 3014 ὀρνίθων
872 2946 970 3018 τὴν
997 2946 1202 3001 δειλίαν
1230 2946 1403 3019 δηλοῖ,
1439 2947 1533 3000 καὶ
1559 2945 1656 3001 τοῦ
1697 2943 1855 3015 κηδε-

285 3040 447 3109 μόνος
494 3039 597 3110 τὴν
661 3039 900 3110 ἐρημίαν
928 3076 943 3092 .
992 3038 1070 3101 ¹Τό
1108 3055 1168 3092 τε
1221 3039 1331 3112 γὰρ
1390 3038 1716 3108 στρουθίον
1762 3037 1854 3089 ὑπ’

280 3132 527 3201 ἀγωνίας
556 3130 835 3196 ἐξελαύνει
861 3130 952 3184 τὸν
982 3131 1169 3197 ὕπνον,
1189 3132 1286 3185 καὶ
1312 3133 1340 3185 6
1369 3130 1732 3200 νυκτικόραξ
1759 3130 1855 3193 τάς

282 3224 612 3296 οἰκουμένας
669 3224 888 3294 φεύγων
940 3218 1050 3278 τῶν
1076 3224 1285 3288 οἰκιῶν,
1330 3225 1454 3286 ταῖς
1497 3223 1725 3295 ἐρήμοις
1759 3223 1855 3275 καὶ

283 3316 813 3388 καταλελειμμέναις
855 3316 1205 3390 προστρέχει.
1270 3314 1352 3369 Τά
1391 3316 1499 3387 γὰρ
1547 3314 1852 3378 οἰκόπεδα,

283 3410 518 3477 ἐρείπια
539 3410 585 3443 ⁹⁰
630 3412 658 3463 ὁ
698 3409 995 3481 Σύμμαχος
1030 3410 1287 3481 εἴρηκεν·
1344 3408 1485 3461 οὕτω
1514 3408 1609 3461 καὶ
1638 3408 1696 3461 τὸ
1728 3407 1856 3461 ἄλλο

284 3500 476 3570 δρνεον
497 3501 619 3563 ταῖς
646 3500 875 3571 ἐρήμοις
902 3500 1253 3554 ἐνδιαιτᾶται.

357 3592 428 3647 θ’.
470 3610 488 3644 ι
538 3591 706 3663 Ὅλην
745 3590 845 3663 τὴν
888 3591 1105 3662 ἡμέραν
1154 3590 1429 3655 ὠνείδιζόν
1468 3607 1535 3660 με
1580 3592 1630 3644 οἱ
1673 3587 1857 3662 ἐχθροί

289 3704 418 3756 μου,
448 3686 544 3738 καὶ
578 3685 628 3737 οἱ
658 3683 1006 3747 ἐπαινοῦντές
1035 3701 1103 3756 με
1123 3684 1169 3715 ⁸⁸
1211 3684 1334 3738 κατ’
1375 3683 1511 3755 ἐμοῦ
1553 3682 1789 3754 ὤμνυον.
1836 3703 1854 3737 ι

285 3774 714 3843 Καταγέλαστος
742 3774 1015 3846 ἐγενόμην
1040 3777 1156 3839 τοῖς
1184 3775 1505 3846 δυσμενέσι·
1534 3773 1630 3829 καὶ¹
1652 3777 1682 3828 6
1726 3774 1859 3828 ποτὲ

287 3868 555 3940 ζηλωτὸς,
591 3869 684 3920 καὶ
730 3867 1114 3940 περίϐλεπτος,
1145 3867 1241 3921 νῦν
1290 3869 1453 3939 ὅρκος
1500 3868 1700 3937 γέγονα
1748 3870 1861 3931 τοῖς

284 3959 460 4013 πάλαι
490 3958 866 4030 θαυμάζουσι·
897 3959 1037 4013 κατά
1082 3959 1192 4031 γὰρ
1244 3959 1353 4013 τῶν
1408 3959 1558 4031 ἐμῶν
1599 3961 1860 4031 ὀμνύουσι

292 4051 627 4124 συμφορῶν·
668 4050 762 4123 Μὴ
800 4050 1032 4121 πάθοιμι
1048 4053 1093 4084 ⁹¹
1122 4051 1159 4107 ἃ
1195 4053 1244 4105 oi
1282 4051 1454 4115 δεῖνες
1502 4052 1857 4106 πεπόνθασιν.

357 4243 414 4300 ι’,
448 4232 537 4289 ια’.
568 4253 587 4287 ι
632 4236 755 4289 ’Ότι
778 4235 972 4289 σποδὸν
1027 4235 1160 4290 ὡσεὶ
1192 4235 1359 4309 ἄρτον
1390 4235 1616 4306 ἔφαγον,
1660 4240 1754 4292 καὶ
1802 4240 1863 4292 τὸ

292 4330 449 4398 πόμα
479 4345 585 4398 μου
619 4325 759 4397 μετὰ
796 4326 1078 4398 κλαυθμοῦ
1138 4329 1370 4399 ἐκίρνων
1388 4330 1454 4383 ⁸³.
1512 4329 1645 4383 Ἀπὸ
1692 4347 1863 4401 προσ-

289 4420 445 4473 ώπου
484 4421 584 4492 τῆς
610 4420 786 4492 ὀργῆς
826 4438 949 4487 σευ,
978 4421 1074 4476 καὶ
1110 4420 1205 4475 τοῦ
1244 4422 1414 4491 θυμοῦ
1444 4439 1559 4479 σου.
1604 4442 1622 4475 ι
1678 4422 1863 4477 Ταῦτα

469 4469 587 4566 si";
1040 4469 1351 4585 ψαλμόςθιῗ
1376 4532 1396 4565 ‹
1431 4516 1682 4583 Ψωμιεῖς
1714 4515 1863 4585 ἡμᾶς
1887 4469 1940 4529 D

293 4608 459 4677 ἄρτον
487 4605 765 4677 δακρύων,
824 4607 921 4660 καὶ
967 4608 1173 4669 ποτιεῖς
1219 4607 1367 4677 ἡμᾶς
1405 4606 1465 4659 ἐν
1499 4606 1762 4677 δάκρυσιν
1803 4608 1862 4658 ἐν

294 4699 504 4770 μέτρῳ.
549 4719 568 4751 ι
612 4699 724 4771 Τὴν
753 4700 807 4753 δὲ
827 4700 928 4769 τῆς
975 4699 1169 4769 ὀδύνης
1200 4698 1506 4770 ὑπερϐολὴν
1536 4699 1627 4752 διά
1657 4698 1864 4752 τούτων

289 4792 461 4862 δηλοῖ.
491 4791 554 4844 Et
588 4791 695 4861 γὰρ
727 4795 756 4843 ό
804 4793 906 4863 τῆς
949 4790 1159 4861 τροφῆς
1189 4792 1380 4860 καιρὸς
1419 4790 1611 4861 ὀδύνης
1650 4790 1864 4860 ὑπῆρχε

300 4876 517 4954 μεστὸς,
576 4885 738 4957 σχολῇ
762 4901 828 4952 γε
879 4885 944 4939 ἂν
974 4884 1131 4947 ἄλλος
1144 4885 1335 4956 καιρὸς
1354 4882 1558 4953 ταύτης
1583 4883 1867 4956 ἐλεύθερος

289 4970 383 5046 ἦν.
401 4974 625 5038 Τούτοις
638 4974 694 5027 δέ
711 4991 845 5046 φησι
862 4991 929 5026 πε
936 4973 1161 5045 ρικλύζο
1169 4991 1265 5044 μαι
1286 4975 1401 5036 τοῖς
1417 4976 1630 5037 κακοῖς,
1653 4974 1752 5026 ἐπε
1761 4973 1864 5044 ιδὴ,

297 5066 569 5127 Δέσποτα,
589 5066 713 5118 κατ’
739 5066 875 5135 ἐμοῦ
900 5065 1202 5134 κεκίνηκας
1231 5066 1330 5137 τὴν
1345 5066 1535 5137 ὀργήν.
1562 5066 1720 5118 «Ὅτι
1782 5067 1872 5117 ἐπ-

296 5159 435 5229 άρας
454 5156 794 5229 κατέρῤαξάς
826 5175 890 5227 με
905 5158 969 5209 θθ.
1000 5176 1019 5209 ι
1059 5156 1293 5227 ’Υψηλὸν
1321 5157 1428 5229 γάρ
1455 5175 1521 5227 με
1552 5158 1750 5221 δείξας,
1779 5160 1874 5212 καὶ

367 5307 395 5336 ι
423 5295 570 5352 Psal.
596 5309 784 5362 uxix,
815 5292 867 5349 6.

1942 522 2129 594 [\‘eus.
2162 522 2240 595 6.]
2274 525 2318 578 A
2356 540 2488 580 voce
2543 527 2781 596 gemitus
2812 529 2915 582 mei
2956 528 3187 584 adhaesit
3229 547 3291 588 os
3335 549 3516 591 meum

1939 615 2092 669 carui
2123 632 2274 669 meae.
2308 635 2327 668 ι
2370 616 2673 687 Cujuslibet
2712 621 2855 674 enim
2893 620 3003 676 cibi
3037 622 3337 692 appetitum
3390 643 3515 697 per-

1940 706 2076 771 didi,
2101 708 2329 777 pristina
2357 725 2487 765 vero
2519 711 2661 766 bona
2687 715 2932 783 corporis
2956 714 3277 773 habitudine
3299 721 3517 789 penitus

1942 799 2207 868 spoliatus
2260 816 2405 856 sum.
2457 802 2704 874 Corpore
2753 807 2899 861 enim
2941 808 3226 867 coniectus
3277 830 3399 869 sum
3448 832 3512 871 ex

1943 891 2083 955 labe,
2124 906 2247 962 quae
2283 908 2315 947 θ
2365 893 2583 951 tristitia
2627 898 2851 952 evenit:
2901 900 3112 972 1317
3167 904 3329 960 nudis
3386 921 3517 961 vero

1942 982 2159 1037 ossibus
2225 992 2407 1039 cutem
2465 984 2760 1043 haerentem
2822 988 3016 1073 habeo.
3088 991 3273 1065 [Panis
3331 997 3519 1069 itaque

1943 1074 2141 1131 animm
2191 1086 2387 1131 nostra?
2415 1086 2501 1133 est
2527 1079 2751 1135 verbum
2793 1081 2909 1138 Dei.
2945 1083 3114 1142 Prout
3162 1091 3307 1145 enim
3359 1093 3517 1161 panis

1943 1167 2225 1236 qualitatis
2252 1184 2469 1238 expers,
2498 1186 2722 1240 corpus,
2752 1176 2834 1229 sic
2856 1193 3075 1247 quoque
3106 1181 3327 1237 verbum
3370 1186 3518 1255 quod

1944 1276 1973 1315 e
2010 1260 2151 1317 cmlo
2184 1270 2289 1323 est.
2339 1265 2576 1317 animam
2614 1267 2803 1321 nutrit.
2850 1268 2915 1323 Et
2963 1269 3052 1326 hic
3082 1281 3166 1327 est
3204 1276 3360 1343 panis
3402 1277 3515 1343 ille,

1944 1365 2106 1418 quem
2130 1350 2405 1418 Christus,
2435 1371 2559 1410 cum
2595 1358 2855 1427 apostolis
2901 1362 3014 1415 suis
3045 1364 3356 1420 ostenderet
3380 1382 3518 1437 quo-

1946 1444 2107 1497 modo
2130 1448 2462 1514 precandum
2493 1458 2657 1513 esset,
2686 1450 2973 1517 intellexit,
3000 1453 3187 1510 dicens
3217 1476 3230 1512 :
3267 1475 3287 1508 ι
3315 1456 3519 1514 Panem

1946 1546 2191 1592 nostrum
2227 1541 2604 1609 quotidianum
2644 1543 2710 1599 da
2750 1546 2922 1600 nobis
2967 1546 3147 1603 hodie.
3181 1569 3199 1602 ι
3255 1549 3519 1623 Quisquis

1947 1627 2129 1699 itaque
2150 1631 2494 1690 obliviscitur
2547 1637 2696 1693 hunc
2721 1639 3026 1703 comedere,
3061 1640 3166 1697 hoc
3185 1652 3270 1697 est
3308 1647 3519 1714 operari

1948 1720 2126 1790 (panis
2164 1724 2334 1791 enim,
2382 1728 2475 1796 qui
2518 1739 2696 1784 mente
2729 1732 3050 1800 percipitur,
3097 1738 3360 1791 cumestio
3393 1754 3521 1808 ope-

1949 1815 2118 1869 rando
2147 1818 2449 1885 perlicitur,
2478 1820 2632 1890 juxta
2663 1821 2795 1877 illud
2824 1824 2973 1893 quod
3007 1827 3266 1896 apostolis
3293 1830 3408 1885 suis
3438 1831 3521 1886 di-

1948 1907 2023 1961 cit
2052 1906 2315 1965 Dominus
2353 1927 2365 1962 :
2406 1930 2425 1962 ‹
2458 1911 2769 1982 Operamini
2803 1915 3007 1982 cibum,
3045 1932 3154 1973 non
3204 1930 3522 1988 pereuntem

1948 1999 2046 2057 sed
2076 2014 2491 2072 permanentem
2513 2007 2567 2060 in
2585 2015 2905 2075 aeternum,»
2929 2010 3078 2066 illius
3107 2014 3390 2068 corinstar
3413 2017 3523 2072 leni

1949 2107 2296 2162 percussum,
2325 2098 2546 2154 arescit.
2567 2097 2853 2165 Quomodo
2869 2101 3255 2172 autemil‘ennm
3279 2107 3523 2175 percuti-

1951 2187 2108 2252 tnrlet
2124 2189 2367 2244 arescit?
2383 2190 2429 2245 si
2448 2190 2625 2260 pluvia
2649 2207 2755 2247 non
2774 2194 3009 2264 amplius
3025 2210 3186 2266 super
3205 2196 3337 2252 illud
3355 2199 3519 2254 cadit.

1950 2277 2105 2334 llaud
2132 2282 2293 2337 aliter
2333 2298 2451 2348 cor,
2489 2285 2535 2339 si
2568 2287 2793 2355 penuria
2827 2288 2977 2343 verbi
3016 2289 3251 2353 laborat,
3286 2294 3523 2362 percuti-

1952 2384 2040 2425 tur
2064 2385 2119 2428 et
2144 2376 2363 2440 arescit,
2394 2392 2493 2431 nec
2523 2376 2711 2453 ﬂorem
2748 2380 2967 2437 virtutis
2990 2384 3293 2451 producere
3322 2384 3519 2455 valet.]

1984 2466 2191 2531 ,«Vens.
2229 2469 2282 2532 7,
2318 2470 2372 2524 8.
2411 2489 2428 2521 ι
2462 2468 2671 2527 Similis
2698 2475 2878 2529 factus
2908 2491 3028 2530 sum
3066 2476 3312 2545 pelicano
3339 2478 3527 2533 solitu-

1951 2561 2116 2625 dinis,
2139 2559 2317 2617 factus
2344 2578 2466 2617 sum
2502 2564 2647 2619 sicut
2676 2565 2991 2636 nycticorax
3020 2566 3076 2622 in
3102 2568 3403 2623 domicilio.
3438 2569 3530 2623 Vi-

1953 2653 2137 2722 gilavi,
2191 2664 2248 2708 et
2297 2653 2474 2710 factus
2532 2672 2653 2710 sum
2719 2656 2864 2712 sicut
2913 2673 3102 2728 passer
3147 2661 3426 2717 solitarius
3472 2662 3531 2717 in

1958 2756 2120 2801 tcclo.
2159 2766 2178 2799 ι
2202 2746 2385 2803 Multis
2414 2750 2584 2804 utitur
2606 2751 3132 2821 comparationibus,
3152 2755 3343 2809 volens
3371 2755 3533 2825 digne

1955 2838 2025 2892 ob
2048 2838 2238 2893 oculos
2261 2855 2465 2909 ponere
2487 2840 2850 2897 calamitates.
2894 2841 2999 2897 Per
3025 2844 3320 2915 quamlibet
3348 2857 3532 2902 autem

1958 2931 2149 2985 harum
2189 2933 2368 2986 avium
2401 2932 2653 2988 timorem
2701 2933 3065 2998 demonstrat,
3116 2946 3172 2991 et
3204 2940 3533 3007 protectoris

1959 3026 2265 3093 penuriam.
2312 3025 2762 3098 Quandoquidem
2814 3045 2997 3098 passer
3030 3030 3101 3083 ob
3153 3030 3533 3100 tegritudinem

1883 3127 1924 3183 c
1957 3133 2209 3172 somnum
2241 3118 2432 3187 abigit,
2467 3127 2523 3174 et
2545 3123 2857 3191 nycticoraa:
2911 3122 3186 3178 habitatas
3220 3122 3417 3177 dOIIIOS
3451 3125 3535 3178 fn-

1956 3211 2130 3280 giens,
2163 3211 2406 3267 desertas
2440 3213 2841 3285 derelictasque
2876 3216 3207 3287 frequentat.
3249 3215 3536 3272 Domicitia

1954 3302 2123 3364 enim,
2175 3304 2469 3373 parietinas
2519 3304 2885 3377 Symmachus
2925 3307 3085 3362 dixit.
3125 3306 3218 3363 Sic
3269 3308 3433 3362 etiam
3481 3319 3538 3363 et

1956 3395 2060 3448 alia
2086 3395 2203 3450 avis
2228 3395 2282 3449 in
2315 3395 2704 3452 solitudinibus
2742 3409 3010 3453 vet-Satur.

2028 3572 2193 3629 Vens.
2225 3574 2278 3629 9.
2332 3592 2351 3627 ι
2405 3574 2544 3632 Toto
2586 3576 2674 3632 die
2705 3578 3109 3648 exprobrabant
3148 3580 3362 3653 1318
3403 3582 3537 3636 mihi

1961 3668 2165 3724 inimici
2204 3670 2333 3734 mei,
2362 3681 2415 3725 et
2444 3675 2538 3741 qui
2567 3671 2864 3727 laudabant
2896 3689 3004 3740 me,
3037 3674 3301 3730 adversus
3337 3691 3422 3730 me
3448 3676 3538 3746 ju-

1959 3764 2176 3814 rabant.
2221 3779 2240 3813 ι
2289 3759 2578 3817 Ridiculus
2627 3762 2804 3818 factus
2851 3780 2970 3819 sum
3026 3764 3298 3831 hostibus,
3338 3778 3393 3822 et
3439 3767 3534 3838 qui

1959 3854 2095 3907 alias
2130 3852 2257 3907 felix
2301 3865 2357 3909 et
2406 3854 2634 3910 illustris
2672 3870 2843 3921 eram,
2893 3843 3263 3925 iurantentnm
3296 3860 3312 3880 ‘
3359 3857 3537 3918 factus

1959 3962 2081 4002 sum
2110 3948 2201 4009 iis,
2230 3946 2324 4018 qui
2348 3947 2477 4001 olim
2506 3962 2595 4002 me
2616 3944 3028 4002 admirabantur
3059 3965 3074 4002 ι
3100 3949 3364 4006 adversus
3386 3968 3538 4009 meas

1957 4042 2104 4095 enim
2141 4042 2485 4096 calamitates
2518 4041 2730 4110 jurant,
2778 4040 2857 4097 Ne
2897 4043 3069 4109 patiar
3097 4059 3183 4110 ea,
3215 4059 3340 4116 quae
3374 4045 3450 4101 illi
3484 4057 3538 4102 et

1961 4137 2038 4190 illi
2072 4136 2318 4206 perpessi
2353 4144 2503 4191 sunt.

2030 4228 2196 4283 Vens.
2249 4226 2338 4294 10,
2371 4226 2458 4280 ll.
2516 4245 2538 4277 ι
2572 4226 2709 4293 Quia
2765 4227 3003 4283 cinerem
3037 4237 3295 4301 tanquam
3338 4246 3536 4303 panem

1964 4319 2381 4383 manducabam,
2417 4325 2473 4373 et
2506 4318 2762 4388 poculum
2793 4333 2974 4373 meum
3016 4335 3142 4374 cum
3175 4320 3304 4376 ﬂetu
3340 4324 3539 4379 misce-

1964 4416 2108 4470 bam.
2143 4414 2189 4467 A
2219 4412 2360 4467 facie
2380 4411 2475 4466 irae
2497 4421 2552 4467 et
2580 4411 2972 4481 indignationis
3004 4421 3131 4468 tum.
3170 4432 3189 4466 ι
3224 4414 3349 4471 Hazc
3375 4418 3537 4472 etiam

1967 4505 2367 4575 septuagesimo
2388 4517 2531 4557 nono
2545 4502 2759 4572 psalmo
2779 4501 2948 4556 dixit:
2974 4521 2992 4553 ι
3017 4500 3239 4557 Cibabis
3266 4518 3367 4559 nos
3397 4520 3541 4574 pane

1968 4601 2352 4668 lacrymarum,
2376 4605 2430 4652 et
2452 4595 2666 4665 pctabis
2688 4610 2789 4649 nos
2805 4595 3060 4666 lacrymis
3084 4596 3139 4650 in
3164 4611 3421 4652 mensura
3444 4610 3492 4653 ι.
3517 4617 3535 4646 ι

1969 4690 2390 4764 Magnitudinem
2413 4703 2541 4743 vero
2557 4686 2762 4742 doloris
2783 4701 2878 4755 per
2897 4690 3010 4741 haec
3035 4687 3289 4743 ostendit.
3315 4687 3371 4742 Si
3390 4688 3536 4742 enim

1970 4783 2167 4840 edendi
2205 4792 2420 4853 tempus
2453 4779 2640 4835 dolore
2685 4776 2945 4833 refertum
2986 4787 3123 4842 erat,
3162 4786 3310 4833 tanto
3355 4780 3541 4835 minus

1972 4876 2121 4931 aliud
2157 4882 2375 4944 tempus
2410 4871 2478 4926 ab
2513 4871 2616 4925 hoc
2646 4870 2837 4924 dolore
2871 4877 2991 4923 erat
3027 4868 3277 4924 liberum.
3319 4867 3417 4924 His
3445 4886 3542 4924 an-

1974 4982 2100 5032 tem,
2136 4966 2331 5037 inquit,
2376 4962 2744 5018 circumdatus
2778 4976 2898 5015 sum
2943 4961 3125 5026 malis,
3157 4960 3414 5031 quoniam
3462 4972 3541 5027 tu,

1974 5058 2220 5121 Domine,
2247 5058 2299 5111 in
2335 5072 2419 5111 me
2447 5056 2584 5110 iram
2616 5064 2763 5109 tuam
2790 5053 3058 5108 excitasti.
3086 5071 3104 5103 ι
3140 5053 3410 5119 Quoniam
3438 5055 3545 5109 ele.

1974 5169 2108 5208 vaus
2161 5150 2374 5205 allisisti
2433 5164 2537 5203 me.
2580 5168 2597 5199 ι
2650 5149 2782 5201 Cum
2833 5147 2978 5201 enim
3022 5162 3107 5201 me
3158 5146 3447 5202 sublimem
3492 5158 3546 5203 et

1465 5410 1696 5465 \‘AIHIE
1736 5406 2117 5465 LECTIONES
2156 5404 2241 5459 ET
2282 5401 2511 5458 NOTIE.

368 5527 535 5581 ⁸⁸Σῶ

291 5598 463 5653 ﬂebr.
522 5598 905 5652 Solitudimtm.
977 5599 1021 5629 ⁸³

295 5670 420 5723 coll.
455 5668 475 5720 l
509 5670 793 5738 posuimus
840 5686 937 5735 pro
986 5668 1295 5739 εύρίπιστα,
1330 5679 1389 5723 ιιι
1420 5668 1679 5739 habebat
1708 5667 1871 5739 editio

298 5740 341 5769 "
390 5741 618 5793 Ἐπαιν.
653 5756 743 5806 με.

295 5808 518 5880 ψαλμῷ.
587 5811 633 5842 ⁹⁶
658 5813 797 5863 Κατ.
823 5827 900 5881 με
938 5827 947 5839 ·
982 5808 1143 5865 Hebr.
1175 5810 1451 5878 Projecisti
1486 5826 1583 5863 me.

733 5527 791 5580 d.
831 5529 853 5579 l
891 5527 1012 5581 add.
1050 5542 1172 5590 μου.
1250 5529 1294 5559 ⁸³
1327 5528 1447 5581 cod.
1480 5529 1501 5581 1
1547 5527 1772 5586 ὀστέοις.

1958 5525 2032 5579 Γό.
2070 5525 2193 5575 cod.
2235 5521 2253 5573 Ι
2302 5535 2488 5590 prauo.
2522 5536 2645 5588 μου.
2676 5518 2763 5590 μετ
2798 5516 2841 5570 Ε
2864 5515 3067 5590 codri.
3145 5516 3190 5547 ⁸⁸
3230 5514 3325 5568 Ἐν
3349 5518 3547 5590 οἰκοπ.

621 5568 636 5582 .
667 5543 791 5583 coa.
831 5543 853 5579 1
891 5543 1012 5581 auo.
1050 5543 1172 5620 μου.
1250 5543 1294 5559 ⁸ο
1327 5543 1447 5581 con.
1480 5543 1501 5581 1
1547 5543 1772 5610 οστεοις.

621 5600 905 5652 itudimtm.
977 5599 1021 5629 ⁸⁸
1064 5600 1294 5667 Εγ.ὠς.
1350 5599 1470 5652 cod.
1516 5596 1635 5650 Vat.
1707 5598 1851 5664 εγενί

1958 5543 2032 5579 ΙΟ.
2070 5543 2193 5575 ('(Hl.
2235 5543 2253 5573 l
2303 5543 2488 5590 pl‘it‘lll.
2522 5543 2645 5588 μου.
2722 5543 2757 5548 ⁷·
2798 5543 2983 5570 Duuu.
3025 5543 3067 5568 ι.
3147 5543 3185 5547 "'
3241 5543 3325 5568 nr
3349 5543 3547 5597 υυρυῖι.

1958 5618 1971 5649 ι
2014 5594 2168 5647 ὡσεί.
2244 5592 2289 5623 ⁹⁰
2335 5592 2613 5658 Ἐρείπια.
2676 5586 2854 5667 llane_
2884 5588 3171 5667 lectionem
3220 5596 3551 5667 auctoritate

1112 5616 1294 5667 γ.ως.
1350 5616 1470 5652 con.
1525 5616 1635 5650 vat.
1707 5616 1851 5664 εγενι

1112 5686 1295 5733 πιστα,
1330 5679 1389 5723 ιιι
1420 5668 1654 5722 habebat
1708 5667 1851 5720 Ctlilit

1958 5618 1971 5649 Ι
2014 5616 2168 5647 ωσει.
2246 5616 2286 5623 ’⁷
2350 5616 2613 5658 ιρειπιιι.
2677 5616 2826 5641 ΙΙίΙΙΙυ
2884 5616 3171 5641 ιςωιυιιειιι
3225 5616 3547 5641 ᾱιυυιυιιιᾶιιιῖ

1958 5667 2076 5721 'ior.
2128 5662 2347 5735 Moutl‘.
2379 5664 2431 5735 in
2452 5660 2693 5735 ‘Hexapl.
2727 5660 2793 5735 ad
2843 5660 2897 5712 h.
2923 5658 3001 5735 _l._
3034 5658 3187 5735 l_eglt_
3217 5659 3273 5709 ἐν
3297 5656 3547 5735 ἐρειπίῳέ

804 5733 969 5793 Hebr.
1003 5733 1344 5794 insanientes.
1422 5740 1466 5770 ⁸³
1496 5739 1617 5795 cod.
1658 5737 1682 5790 1
1729 5733 1971 5792 πάθοιεν.
2049 5735 2095 5767 ’³
2125 5735 2246 5790 cod.
2282 5735 2301 5787 l
2337 5733 2566 5786 ἐκίνουν.

2645 5732 2691 5762 ἰ
2733 5731 2814 5782 '0.
2839 5727 3003 5784 cod.l
3043 5726 3217 5798 ἐντῷ.
3296 5726 3545 5782 πεοιᾚι
