3924 6490
448 298 587 366 1679
1381 300 1899 363 'THEODORETI
1932 300 2023 363 ΕΡ

2134 301 2278 364 ΞΟΡΙ
2308 303 2679 366 CYRENSIS

3572 306 3709 373 1680

445 420 802 491 conspicuum
835 418 1192 486 reddidisses,
1229 428 1452 489 repente
1491 434 1582 475 me
1619 419 1852 490 ejecisti.
1890 421 2023 475 Alli-

2134 422 2495 495 περίϐλεπτον
2517 424 2829 495 ἀποφήνας.
2856 424 3118 497 ἐξαίφνης
3136 423 3468 497 ἀπέρριψας.
3499 423 3577 477 Τὸ
3598 425 3709 494 γὰρ

444 514 565 570 sisti
598 513 769 578 enim,
817 513 956 568 dixit
1004 527 1100 583 per
1146 512 1521 582 metaphoram
1567 514 1907 583 desumptam
1955 514 2023 569 ab

2134 515 2491 585 κατέρῤαξας
2520 518 2585 569 ὲκ
2626 520 2939 589 μεταφορᾶς
2972 516 3186 571 τέθεικε
3212 517 3322 569 τῶν
3366 517 3709 588 ἐπαιρόντων

402 644 405 645 ν
446 609 577 674 illis,
616 608 712 679 qui
754 608 809 663 in
849 606 1017 661 altum
1056 605 1263 676 aliquid
1293 605 1604 672 sublevant,
1633 615 1691 660 et
1732 605 1788 659 in
1820 613 2023 661 terram

2134 610 2206 671 είς
2237 607 2372 678 ὕψος
2420 626 2497 677 τι,
2535 610 2630 662 καὶ
2686 610 2831 664 κατά
2863 610 2958 664 τοῦ
3009 608 3246 679 ἐδάφους
3280 610 3707 680 καταρῤηγνύν

443 701 685 759 NHdunL

2134 719 2253 756 των.
3712 716 3717 719 ’

520 792 684 849 Vsns.
718 794 805 847 12.
844 811 864 845 ι
904 792 1030 847 Dies
1057 792 1159 847 mei
1192 793 1335 847 sicut
1370 791 1563 846 umbra
1589 792 2021 858 declinaverunt,

2197 796 2285 864 ιβ’.
2326 814 2345 847 ι
2383 796 2451 850 Ai
2479 797 2687 869 ἡμέραι
2723 815 2824 868 μου
2854 798 2988 853 ὡσεὶ
3015 802 3147 856 σκιά
3177 801 3505 873 ὲκλίθησαψ
3548 798 3709 867 κάγὼ

444 902 545 958 ego
573 896 753 941 autem
792 886 935 940 sicut
973 884 1158 939 fenum
1190 884 1400 939 exarui.
1446 902 1465 936 ι
1495 884 1671 955 Pr0pe
1702 885 1904 955 ipsum,
1940 886 2023 940 in.

2134 887 2259 940 ὡσεὶ
2287 887 2482 959 χόρτος
2529 890 2859 963 ἐξηράνθην.
2899 912 2920 944 ι
2971 894 3113 965 Παρ⁹
3154 897 3323 959 αὐτάς
3354 899 3493 967 είμι,
3549 900 3709 965 φησι,

445 981 586 1051 quit,
620 980 743 1034 vita:
767 993 1023 1034 occasum
1047 977 1374 1032 constitutus
1407 992 1552 1042 sum,
1579 986 1635 1031 et
1667 978 1865 1033 similis
1895 992 2018 1033 sum

2134 981 2223 1043 τὰς
2248 981 2340 1033 τοῦ
2371 982 2489 1053 βίου
2518 983 2755 1054 δυσμάς·
2788 985 2882 1038 καὶ
2918 985 3070 1040 ἔοικα
3107 990 3236 1059 σκιᾷ
3264 989 3581 1061 κλινάσῃ⁹⁷,
3610 986 3709 1039 καὶ

446 1074 655 1129 umbrae
682 1071 999 1135 declinanti,
1031 1078 1087 1125 et
1121 1070 1234 1139 jam
1273 1069 1564 1132 desinenti,
1592 1070 1918 1141 aridumque
1947 1069 2023 1126 fe-

2134 1072 2368 1147 ληγούσῃ
2425 1075 2611 1129 λοιπόν
2632 1091 2646 1105 '
2704 1076 2800 1130 καὶ
2833 1077 3029 1149 χόρτου
3063 1078 3119 1132 δὲ
3169 1079 3494 1149 μεμίμημαι
3526 1078 3574 1110 ⁸⁸
3608 1078 3709 1147 τὴν

445 1182 575 1221 num
613 1166 819 1229 imitor,
856 1162 1179 1219 metentium
1211 1178 1405 1218 manus
1434 1177 1744 1219 accersens.

2134 1164 2423 1235 Ξηρότητα,
2483 1167 2591 1220 τῶν
2647 1166 2973 1239 θεριζόντων
3050 1170 3539 1241 προσκαλουμένου
3608 1172 3710 1232 τὰς

2126 1259 2337 1326 χεῖρας.

517 1346 678 1403 Vens.
722 1347 809 1403 15.
850 1366 868 1399 ι
906 1344 987 1401 Tu
1009 1356 1213 1411 autem,
1245 1345 1567 1410 Domine,in
1603 1355 1865 1402 aeternum
1901 1363 2023 1417 per-

2197 1356 2285 1418 ιγ⁹.
2335 1367 2354 1400 ι
2400 1349 2473 1403 Σὺ
2495 1350 2575 1415 δὲ,
2606 1354 2801 1424 Κύριε,
2827 1354 2908 1417 είς
2934 1354 3025 1407 τὸν
3051 1354 3225 1407 αἰῶνα
3261 1355 3465 1425 μένεις,
3522 1358 3621 1409 καὶ
3646 1357 3708 1408 τὸ
3777 1409 3799 1433 ⁸

445 1455 654 1505 manes,
676 1448 732 1494 et
752 1439 1067 1495 memoriale
1088 1448 1244 1494 tuum
1278 1454 1371 1508 per
1401 1441 1806 1510 generationem
1834 1450 1888 1494 et
1925 1455 2021 1512 ge-

2134 1442 2475 1513 μνημόσυνόν
2511 1460 2606 1497 σου
2635 1447 2716 1508 είς
2747 1447 2947 1514 γενεὰν
2974 1450 3068 1501 καὶ
3104 1449 3317 1516 γενεάν.
3350 1469 3370 1500 ι
3415 1450 3561 1503 Ἀλλ’
3594 1452 3707 1519 ἐγὼ

444 1535 804 1591 iterationem.
845 1552 864 1583 ι
895 1532 1093 1588 Verum
1137 1548 1237 1602 ego
1285 1532 1508 1602 quidem
1539 1532 1703 1587 talem
1766 1542 2019 1587 naturam

2134 1532 2226 1601 μὲν
2268 1535 2368 1586 καὶ
2404 1535 2504 1606 τὴν
2555 1535 2716 1603 φύσιν
2767 1538 3022 1609 τοιαύτην
3054 1541 3183 1610 ἔχω,
3240 1544 3333 1594 καὶ
3396 1547 3707 1615 συμφοραῖς

444 1629 636 1691 habeo,
668 1627 974 1696 talibusque
1003 1624 1407 1680 calamitatibus
1436 1641 1555 1680 sum
1588 1641 1901 1696 oppressus.
1938 1625 2021 1680 Tu

2134 1624 2432 1696 συνεζύγην
2457 1627 2751 1693 τοσαύταις
2776 1646 2790 1660 ο
2820 1632 2883 1684 σὺ
2906 1630 2982 1694 δὲ,
3012 1631 3184 1696 ἀῖδιος
3227 1632 3303 1686 ὣν
3324 1635 3421 1687 καὶ
3460 1634 3705 1698 αἰώνιος,

444 1733 647 1788 autem,
689 1720 1052 1792 sempiternus
1090 1735 1214 1776 cum
1247 1720 1325 1775 sis
1361 1728 1416 1773 et
1467 1730 1727 1783 aeternus,
1778 1722 2018 1790 aliquam

2134 1719 2433 1790 μεταϐολήν
2484 1738 2611 1775 τινα
2668 1722 2776 1776 τῶν
2827 1726 3113 1795 παρόντων
3173 1726 3360 1779 κακῶν
3410 1728 3615 1799 ῥαδίως
3642 1729 3707 1783 ἄν

444 1819 799 1871 mutationem
854 1813 1199 1882 praesentium
1260 1813 1531 1867 malorum
1589 1813 1804 1883 1319
1864 1784 2023 1869 l‘acile

2134 1784 2221 1885 μοι
2248 1784 2526 1886 χαρίσαιο.
2563 1815 2736 1869 Τοῦτο
2758 1817 2866 1886 γὰρ
2886 1784 3141 1889 ἐπιφέρει
3164 1835 3178 1847 ·

445 1906 629 1975 largiri
661 1919 875 1975 posses.
908 1902 1024 1959 Hoc
1050 1908 1195 1959 enim
1226 1904 1376 1959 addit
1406 1922 1420 1959 :

510 1997 677 2054 Vens.
731 1998 817 2051 M.
876 2015 894 2048 ι
942 1994 1024 2051 Tu
1067 2012 1370 2066 exsurgens
1414 1995 1760 2051 misereberis
1816 1996 2020 2061 Sionis,

442 2095 572 2165 quia
611 2103 825 2161 tempus
874 2098 959 2146 est
1006 2088 1301 2144 miserendi
1330 2088 1471 2158 ejus,
1520 2090 1647 2158 quia
1687 2091 1837 2143 venit
1884 2099 2024 2144 tem-

443 2201 566 2256 pus.
606 2202 625 2235 ι
660 2180 917 2237 Concede
948 2180 1244 2237 calamitati
1280 2179 1642 2233 mutationem
1685 2180 1737 2232 in
1789 2180 1982 2235 melius
2006 2198 2043 2233 :7

441 2278 642 2334 etenim
690 2287 901 2346 tempus
950 2273 1384 2330 misericordiam
1431 2272 1709 2342 elllagitat.
1757 2272 1859 2328 Per
1910 2274 2024 2328 haec

440 2379 620 2427 autem
675 2368 853 2422 innuit
905 2366 1066 2422 ﬁnem
1119 2379 1293 2436 poena:
1346 2366 1688 2435 septuaginta
1752 2380 2020 2420 annorum

443 2463 678 2519 termino
714 2460 1165 2530 circumscriptae.
1214 2458 1308 2513 Sic
1349 2469 1402 2513 et
1441 2458 1775 2512 admirabilis
1814 2456 2019 2525 Daniel,

441 2572 569 2613 cum
600 2553 887 2611 servitutis
939 2561 1153 2622 tempus
1198 2558 1600 2616 enumerasset,
1648 2552 2018 2621 precationem

442 2656 605 2708 etiam
659 2651 836 2706 oﬂert.
881 2649 1019 2705 Cum
1069 2648 1156 2704 bis
1202 2648 1537 2702 conveniunt
1590 2663 1811 2717 quoque
1856 2647 2020 2702 verba

443 2746 747 2817 spiritualis
776 2742 1046 2799 cantionis
1079 2760 1093 2796 :

520 2856 539 2891 ι
577 2837 713 2905 Quia
763 2846 980 2905 tempus
1021 2842 1106 2889 est
1151 2830 1447 2889 miserendi
1498 2830 1637 2902 eius,
1687 2831 1814 2900 quia
1873 2832 2021 2887 venit

442 2941 676 3001 tempus.
698 2927 885 3001 [Vnns.
916 2923 1030 2998 15.]
1064 2925 1331 2993 Quoniam
1362 2922 1688 2993 placuerunt
1718 2920 2019 2977 servistuis

444 3024 651 3094 lapides
695 3022 839 3091 ejus,
891 3030 946 3075 et
996 3027 1160 3074 terra:
1200 3017 1321 3088 ejus
1350 3015 1780 3072 miserebuntur.
1816 3033 1833 3065 ι
1886 3014 2017 3069 Sion

445 3116 591 3170 enim
626 3110 976 3184 peramabilis
1005 3118 1091 3167 est
1125 3110 1308 3175 nobis,
1344 3108 1469 3163 licet
1499 3108 1655 3162 valde
1684 3108 1895 3162 deserta
1930 3108 2017 3162 sit.
2050 3140 2093 3198 ο

447 3209 642 3262 Amatu
689 3206 855 3261 etiam
890 3203 1039 3274 digni
1072 3209 1201 3258 sunt
1252 3202 1457 3272 lapides
1484 3199 1776 3262 destructi,
1806 3209 1859 3253 et
1888 3202 1905 3219 ‘
1931 3214 2023 3270 ag-

447 3316 638 3372 gerum
676 3300 770 3369 qui
800 3314 865 3353 ex
910 3297 1216 3367 direptione
1253 3294 1380 3351 facti
1409 3304 1537 3351 sunt
1569 3292 1831 3347 memoria
1861 3293 2027 3348 mise-

448 3391 742 3445 ricordiam
773 3389 934 3444 nobis
971 3387 1189 3458 ingerit.

521 3482 688 3540 Vens.
718 3482 807 3537 16.
856 3500 874 3533 ι
927 3482 994 3535 Et
1029 3480 1300 3535 timebunt
1330 3486 1518 3548 gentes
1556 3492 1753 3532 nomen
1784 3476 2023 3544 Domini,

447 3587 503 3633 et
526 3590 719 3632 omnes
751 3588 907 3645 reges
931 3582 1090 3627 terra:
1124 3569 1351 3641 gloriam
1391 3578 1561 3623 tuam.
1608 3586 1629 3620 ι
1662 3564 1798 3620 Nam
1836 3566 2027 3621 viden-

449 3684 530 3729 tes
569 3672 805 3727 reditum
851 3676 1123 3733 nostrum,
1165 3666 1509 3736 civitatisque
1552 3662 2023 3727 instaurationem,

447 3766 544 3836 qui
580 3763 901 3818 aﬂlictiones
949 3769 1167 3815 nostras
1225 3759 1438 3828 priores
1496 3762 1915 3823 conspexerant,
1973 3762 2028 3808 et

452 3874 625 3929 reges,
657 3866 711 3910 et
744 3853 1034 3925 principes,
1068 3861 1121 3906 et
1153 3850 1378 3910 subditi.
1417 3857 1566 3902 tuam
1605 3847 2027 3902 admirabuntur

449 3949 770 4021 potentiam,
828 3955 883 4000 et
907 3945 1181 4007 timentes,
1220 3951 1275 3996 te
1314 3941 1493 3996 solum
1530 3954 1652 3995 esse
1687 3939 1857 3994 Deum
1905 3954 2025 3995 cre-

448 4047 599 4099 dent.
634 4040 745 4096 Hoc
777 4054 904 4093 vero
929 4039 1146 4108 proprie
1174 4050 1239 4089 ac
1262 4048 1387 4089 vere
1415 4042 1538 4102 post
1568 4031 1660 4085 Dei
1692 4040 1745 4085 et
1778 4030 2027 4087 Salvato-

453 4137 528 4191 ris
572 4132 743 4189 nostri
776 4132 1204 4186 incarnationem
1266 4125 1512 4193 contigit.
1563 4123 1694 4179 Post
1725 4124 2026 4179 revocatio-

454 4244 576 4282 nem
626 4225 770 4279 enim
819 4223 1151 4286 Iudaeorum,
1186 4219 1366 4273 mirati
1420 4217 1639 4287 quidem
1691 4224 1820 4270 sunt
1862 4216 2024 4272 vicini

452 4317 601 4389 quod
638 4316 844 4371 factum
876 4313 1085 4378 fuerat;
1135 4311 1230 4366 sed
1261 4318 1471 4364 tantum
1521 4308 1697 4362 abfuit
1738 4318 1798 4362 ut
1837 4308 2023 4363 crede-

450 4423 572 4467 rent
621 4414 729 4464 Deo
785 4408 1189 4470 universorum,
1237 4414 1299 4458 ut
1350 4403 1484 4472 ipsis
1535 4401 1723 4456 eodem
1783 4411 2024 4471 tempore

2198 1994 2280 2049 ιδ’.
2339 2013 2360 2046 ι
2397 1995 2469 2048 Σὺ
2526 1997 2765 2059 ἀναστὰς
2821 1998 3185 2070 οίκτειρήσεις
3240 2000 3341 2073 τὴν
3390 2003 3561 2057 Σιὼν’
3622 2004 3704 2059 ὅτι

2124 2089 2319 2159 καιρὸς
2372 2087 2470 2141 τοῦ
2520 2090 2861 2160 οίκτειρῆσαι
2890 2090 3080 2158 αὐτὴν,
3136 2093 3218 2146 ὅτι
3247 2094 3374 2165 ἥκει
3421 2097 3637 2167 καιρός.
3679 2118 3697 2151 ι

2122 2180 2243 2245 Δὸς,
2274 2182 2432 2251 φησὶ,
2478 2180 2787 2251 μεταϐολὴν
2834 2182 3045 2251 ἀμείνω
3074 2185 3140 2254 τῇ
3174 2188 3459 2257 συμφορᾷ·
3510 2190 3538 2241 ό
3590 2189 3701 2262 γὰρ

2123 2272 2314 2344 καιρὸς
2342 2273 2432 2326 τὸν
2462 2272 2613 2327 ἔλεον
2643 2274 2886 2327 ἀπαιτεῖ.
2918 2276 3224 2329 Αίνίττεται
3258 2277 3317 2330 δὲ
3356 2278 3447 2331 διὰ
3489 2280 3694 2335 τούτων

2122 2366 2222 2436 τῆς
2259 2368 2372 2430 τοῖς
2409 2366 2785 2438 ἑϐδομήκοντα
2836 2367 3013 2424 ἔτεσιν
3046 2371 3493 2441 περιωρισμένης
3526 2390 3692 2442 τιμωο

2127 2458 2249 2528 ρίας
2276 2458 2337 2511 τὸ
2366 2458 2538 2524 τέλος.
2579 2459 2735 2513 Οῦτω
2765 2461 2859 2515 καὶ
2889 2463 2919 2515 ὁ
2958 2461 3263 2533 Θαυμάσιος
3299 2466 3522 2537 Δανιὴλ,
3576 2467 3697 2537 ἀριο

2124 2550 2345 2622 θμήσας
2372 2552 2470 2623 τῆς
2498 2554 2878 2623 αἰχμαλωσίας
2906 2554 3001 2608 τὸν
3018 2556 3233 2626 χρόνον,
3268 2558 3577 2631 προσφέρει
3610 2558 3704 2612 καὶ

2119 2642 2220 2713 τὴν
2261 2643 2561 2715 ἱκετηρίαν.
2591 2644 2817 2710 Τούτοις
2840 2646 3057 2718 συνᾴδει
3074 2649 3170 2701 καὶ
3197 2649 3295 2717 τῆς
3316 2650 3705 2720 πνευματικῆς

2124 2734 2393 2805 μελῳδίας
2421 2735 2491 2790 τὰ
2521 2737 2745 2807 ῥήματα
2764 2752 2779 2767 ’

2198 2846 2217 2878 ι
2248 2828 2372 2881 Ὅτι
2395 2828 2589 2900 καιρὸς
2604 2827 2699 2883 τοῦ
2724 2828 3067 2901 οίκτειρῆσαι
3090 2828 3283 2898 αὐτὴν,
3308 2829 3389 2883 ’ὁτι
3409 2830 3541 2900 ἣκει
3573 2848 3708 2886 και-

2125 2921 2238 2992 ρός.
2267 2921 2399 2995 [ιε’.]
2437 2922 2562 2975 Ὀτι
2614 2921 2917 2993 εὐδόκησαν
2950 2924 2998 2975 οί
3030 2920 3208 2975 δοῦλοί
3251 2940 3345 2975 σου
3367 2925 3494 2986 τοὺς
3517 2924 3710 2990 λίθους

2124 3016 2297 3087 αὐτῆς
2315 3017 2383 3082 θ’,
2412 3015 2619 3069 καὶτὸν
2649 3014 2776 3086 χοῦν
2827 3014 3000 3085 αὐτῆς
3037 3017 3462 3087 οίκτειρήσουσι.
3514 3038 3532 3070 ι
3567 3019 3708 3087 Τρι-

2127 3107 2363 3179 πόθητος
2388 3107 2497 3178 γὰρ
2516 3109 2650 3178 ἡμῖν
2679 3106 2838 3173 Σιὼν,
2870 3110 2964 3162 καὶ
3002 3108 3124 3163 λίαν
3155 3109 3255 3181 ἔρη
3267 3127 3364 3180 μος
3394 3111 3665 3180 γενομένη
3687 3126 3705 3139 ·

2127 3199 2443 3270 ἀξιέραστοι
2475 3200 2533 3254 δὲ
2561 3200 2657 3253 καὶ
2690 3202 2739 3254 οἱ
2766 3199 3201 3272 καταλελυμένοι
3255 3200 3417 3265 λίθοι,
3461 3202 3557 3254 καὶ
3591 3200 3708 3254 τῶν

2126 3295 2192 3346 ὲκ
2214 3293 2316 3363 τῆς
2346 3294 2669 3365 πορθήσεως
2698 3294 3082 3365 γεγενημένων
3100 3294 3377 3365 χωμάτων
3401 3296 3417 3326 ¹
3446 3296 3482 3367 ὴ
3511 3296 3703 3367 μνήμη

2124 3381 2304 3439 οἶκτον
2326 3386 2359 3455 ἡ
2367 3388 2458 3455 μίν
2495 3385 2792 3454 ἐντίθησιν.

2200 3483 2295 3541 ις’.
2320 3495 2338 3527 ι
2360 3477 2471 3530 Καὶ
2496 3476 2897 3547 φοϐηθήσονται
2924 3476 2992 3531 τὰ
3008 3475 3134 3547 ἔθνη
3157 3476 3218 3530 τὸ
3239 3476 3413 3547 δνομα
3433 3476 3642 3549 Κυρίου
3658 3479 3706 3542 ⁸,

2126 3570 2223 3621 καὶ
2252 3568 2453 3632 πάντες
2491 3570 2542 3622 οἱ
2569 3568 2809 3639 βασιλεῖς
2852 3566 2955 3638 τῆς
2981 3568 3083 3638 γῆς
3108 3568 3130 3600 ³
3177 3568 3279 3638 τὴν
3330 3567 3486 3632 δόξαν
3516 3585 3636 3621 σου.
3682 3588 3704 3619 ι

2138 3662 2411 3733 Ὀρῶντες
2448 3660 2562 3731 γάφ
2609 3660 2769 3732 ἡμῶν
2795 3660 2894 3732 τὴν
2915 3660 3197 3724 ἐπάνοδον,
3246 3661 3340 3713 καὶ
3374 3662 3475 3729 τὴν
3502 3660 3712 3714 οἰκοδο-

2129 3756 2259 3827 μίαν
2288 3756 2386 3827 τῆς
2417 3754 2646 3821 πόλεως,
2672 3755 2721 3807 oi
2750 3753 2847 3817 τὰς
2878 3756 3148 3825 προτέρας
3186 3753 3345 3824 ἡμῶν
3378 3753 3711 3822 θεασάμενοι

2128 3849 2434 3921 συμφορὰς,
2460 3851 2554 3902 καὶ
2573 3848 2835 3919 βασιλεῖς,
2859 3850 2953 3902 καὶ
2974 3849 3258 3919 ἄρχοντες,
3282 3848 3377 3900 καὶ
3389 3847 3709 3918 ἀρχόμενοι,

2126 3944 2500 4014 θαυμάσονταί
2522 3961 2617 3997 σου
2648 3944 2745 4015 τὴν
2770 3944 3020 4013 δύναμιν,
3051 3944 3147 3995 καὶ
3175 3941 3454 4005 δείσαντές
3484 3958 3544 3994 σε
3572 3941 3710 3994 Θεὸν

2127 4034 2267 4092 εἶναι
2289 4037 2448 4108 μόνον
2465 4036 2872 4090 πιστεύσουσιν.
2896 4036 3064 4089 Τοῦτο
3081 4035 3138 4088 δὲ
3158 4034 3364 4107 κυρίως
3383 4035 3477 4088 κα)⁸
3489 4033 3711 4105 ἀληθῶς

2129 4131 2270 4202 μετὰ
2290 4130 2389 4202 τὴν
2420 4128 2513 4183 τοῦ
2548 4128 2682 4183 Θεοῦ
2704 4130 2798 4182 καὶ
2822 4129 3075 4198 Σωτῆρος
3100 4127 3259 4199 ήμῶν
3288 4127 3445 4180 ἒνανθ
3456 4125 3709 4198 ρώπησιν

2126 4224 2340 4292 γέγονε.
2380 4221 2537 4277 Μετά
2580 4220 2689 4291 γὰρ
2719 4220 2817 4290 τὴν
2860 4218 3129 4273 Ἰουδαίων
3174 4217 3495 4289 ἀνάκλησιν,
3543 4215 3711 4269 eoas.

2130 4334 2313 4387 μασαν
2365 4316 2462 4386 μὲν
2513 4315 2575 4367 τὸ
2604 4313 2826 4382 γεγονὸς
2874 4313 2922 4365 οί
2982 4311 3281 4383 περίοικοι·
3342 4309 3593 4364 τοσοῦτον
3646 4309 3709 4363 δὲ

2128 4407 2377 4477 ἀπέσχον
2402 4403 2497 4459 τοῦ
2530 4403 2826 4457 πιστεῦσαι
2871 4401 2947 4473 τῷ
2976 4402 3085 4456 τῶν
3130 4402 3266 4456 ὅλων
3298 4402 3440 4473 Θεῷ,
3479 4402 3560 4454 ὅτι
3609 4400 3710 4453 τὸν

452 4497 652 4553 bellum
681 4495 983 4551 intulerint.
1011 4493 1277 4548 Caeterum
1308 4491 1412 4546 hoc
1447 4492 1568 4546 loco
1598 4506 1777 4546 sermo
1807 4491 2023 4545 divinus

2134 4496 2267 4567 πρὸς
2290 4494 2485 4557 αὐτοὺς
2512 4494 2653 4548 κατὰ
2680 4494 2873 4547 ταυτὸν
2897 4494 3098 4564 ῆραντο
3139 4494 3396 4563 πόλεμον.
3437 4492 3709 4546 Ἐνταῦθα

451 4591 698 4646 omnium
739 4589 978 4661 gentium
1004 4598 1058 4642 et
1092 4600 1278 4655 regum
1306 4584 1720 4639 conversionem
1760 4586 2022 4653 praecinit.

451 4684 696 4750 Quarum
715 4696 899 4737 rerum
928 4679 1066 4733 alias
1082 4677 1303 4748 quidem
1325 4676 1439 4745 jam
1464 4675 1731 4746 perfectas
1757 4667 2023 4742 videmus,

454 4777 590 4831 alias
623 4790 752 4831 vero
780 4774 989 4829 futuras
1016 4787 1137 4827 esse
1168 4784 1473 4841 speramus.
1512 4768 1725 4839 1320
1748 4767 1838 4822 Ait
1878 4770 2023 4824 enim

456 4870 674 4923 divinus
706 4866 1003 4937 Apostolus
1033 4884 1047 4919 :
1091 4883 1109 4916 ‹
1136 4863 1390 4919 Nondum
1415 4862 1558 4917 enim
1586 4862 1661 4916 illi
1694 4863 1879 4916 omnia
1900 4864 2029 4918 sub-

451 4962 594 5029 jecta
648 4957 899 5013 videmus
925 4958 973 5010 ι).
1018 4976 1037 5009 ι
1090 4957 1481 5013 Verumtamen
1534 4954 1719 5009 docuit
1763 4965 1810 5020 ο,
1862 4969 2024 5011 omne

456 5068 598 5121 genu
631 5051 732 5122 ipsi
771 5050 1097 5106 ﬂectendum
1125 5063 1266 5114 esse,
1292 5047 1625 5114 cmlestium,
1661 5048 2023 5115 terrestrium,

455 5153 511 5197 et
542 5141 900 5197 inlernorum.

555 5323 580 5360 ι)
614 5321 777 5375 llebr.
812 5336 867 5385 ιι,
906 5320 958 5373 8.
1071 5330 1093 5356 ο
1129 5317 1360 5389 Philipp.
1394 5334 1453 5384 ιι,
1496 5318 1579 5372 10.

2127 4590 2185 4643 δὲ
2211 4592 2240 4641 ὁ
2272 4588 2429 4656 λόγος
2462 4585 2694 4640 καὶτῶν
2728 4586 2897 4641 ἐθνῶν
2929 4586 3207 4649 ἁπάντων,
3248 4587 3344 4639 καὶ
3389 4585 3495 4639 τῶν
3545 4584 3707 4655 βασι-ο

2127 4682 2269 4735 λέων
2299 4679 2603 4751 μεταϐολὴν
2662 4678 3041 4751 προθεσπίζει.
3082 4672 3183 4731 ’Ὧν
3215 4678 3285 4731 τὰ
3347 4678 3443 4749 μὲν
3487 4678 3712 4747 ὁρῶμεν

2132 4776 2507 4844 γεγενημένα,
2532 4772 2602 4825 τὰ
2631 4772 2689 4826 δὲ
2727 4771 3022 4841 ἐλπίζομεν
3054 4770 3295 4823 ἔσεσθαι.
3337 4770 3476 4839 Φησὶ
3526 4770 3640 4841 γὰρ
3678 4771 3708 4822 ὁ

2129 4868 2271 4932 θεῖος
2320 4866 2678 4929 Ἀπόστολος·
2736 4884 2753 4915 ι
2794 4862 2963 4919 Οὔπω
3014 4864 3123 4935 γὰρ
3170 4864 3386 4935 ὁρῶμεν
3435 4864 3587 4933 αῦτῴ
3640 4864 3711 4916 τὰ

2131 4960 2311 5014 πάντα
2360 4956 2798 5027 ὑποτεταγμένα.
2864 4976 2883 5009 ι
2926 4956 3069 5009 Ἀλλ’
3124 4958 3274 5027 ὅμως
3315 4956 3577 5021 ἐδίδαξεν,
3624 4957 3707 5008 ὃτι

2135 5051 2285 5122 αὑτῷ
2311 5051 2519 5122 κάμψει
2554 5050 2662 5104 πᾶν
2692 5050 2824 5118 γόνυ
2856 5048 3216 5118 ἐπουρανίων,
3271 5049 3363 5102 καὶ
3418 5047 3707 5112 ἐπιγείων,

2134 5142 2229 5195 καὶ
2251 5140 2621 5209 καταχθονίων

1544 5494 1780 5551 VARUE
1819 5494 2201 5551 LECTIONES
2239 5496 2325 5551 ET
2365 5496 2596 5553 NOTAE.

525 5632 571 5665 "'
599 5632 720 5706 cod.
754 5630 1117 5706 1εᾳκλινούσῃ.
1219 5636 1265 5667 ’⁸
1293 5635 1414 5690 cod.
1448 5637 1471 5689 1
1508 5638 1777 5705 μιμεῖται.

469 5773 636 5829 Abest
662 5788 693 5823 a
723 5774 840 5825 cod.
870 5772 1019 5829 Vatic

1068 5650 1117 5709 ῃ.
1145 5706 1155 5709 Α
1219 5636 1265 5709 ’ἦ
1293 5635 1414 5690 cod.
1448 5637 1471 5689 1
1508 5638 1777 5709 μιμεῖται.
1833 5704 1861 5709 Α
1883 5634 1931 5709 "_
1954 5634 2023 5688 Pr

2161 5633 2328 5709 editio
2378 5634 2633 5709 habebat.
2662 5705 2672 5709 _
2700 5633 2886 5709 αῦτοῦ.

462 5703 491 5776 ¹Α
520 5704 758 5776 Κυρίου.
794 5702 920 5776 Reg.
957 5702 1114 5761 lectio
1145 5706 1199 5761 li.
1251 5708 1287 5762 l.
1320 5716 1402 5761 est
1442 5702 1533 5758 σου
1576 5702 1774 5774 Κύριε.
1830 5704 1936 5760 Sed
1992 5724 2020 5760 c

2134 5720 2156 5760 3
2208 5707 2329 5760 Ald.
2384 5716 2436 5761 et
2490 5705 2697 5776 Compl.
2750 5706 2951 5760 habent
3016 5704 3241 5773 Κυρίου.
3286 5734 3287 5737 η

2997 5633 3197 5701 ’Χωμ.
3243 5633 3412 5687 Abest
3438 5646 3470 5684 a
3496 5630 3623 5685 cod.
3661 5630 3714 5684 1.

3016 5704 3241 5755 Κυρίου.
3286 5734 3287 5737 η
3354 5702 3374 5732 ³
3412 5700 3529 5755 Τῆς
3573 5700 3714 5755 τῆς.

3456 5720 3529 5769 ης
3573 5720 3716 5771 γηςο
