3924 6486
216 377 340 442 1681

1605 393 1682 452 ΙΝ
1723 393 1922 451 PSAL.
1965 393 2058 450 Cl.

3305 382 3438 448 1682

281 492 365 559 ιζ’.
431 517 450 549 ι
511 501 630 556 Ὅτι
675 507 1017 578 οἰκοδομήσει
1058 510 1259 582 Κύριος
1311 515 1409 582 τὴν
1465 511 1626 570 Σιὼν.
1680 510 1764 564 καὶ

1945 507 2108 562 Vens.
2149 509 2232 562 ΓΙ.
2269 526 2286 558 ι
2327 508 2461 573 Quia
2493 506 2781 562 aediﬁcavit
2821 504 3083 560 Dominus
3112 502 3352 564 Sionem,
3384 509 3438 554 et

211 587 504 656 63:6ijcsmt
532 595 592 645 ἐν
628 599 692 666 τῇ
723 598 849 670 δόξῃ
888 601 1074 656 αὑτοῦ.
1128 623 1146 654 ι
1176 603 1398 674 Ἐπειδὴ
1445 605 1555 672 γὰρ
1584 604 1629 656 οἱ
1677 602 1776 666 τὰς

211 679 358 743 θείας
393 682 715 751 ἀγνοοῦντες
753 691 1084 761 οἰκονομίας.
1123 695 1408 749 ἀσθένειαν
1459 694 1773 764 ὑπελάμϐα-

212 787 296 821 νον
350 773 447 824 τοῦ
510 775 645 830 Θεοῦ
703 781 804 850 τὴν
863 783 1135 838 Ἰουδαίων
1201 786 1465 852 δουλείαν,
1527 786 1623 840 καὶ
1680 787 1778 856 τῆς

222 859 582 963 Ίῖροὲσαλὴμ
613 870 710 963 τὴν
761 873 1019 944 ἒρημίαν,
1071 877 1296 943 εἰκότως
1344 878 1502 943 δόξαν
1551 877 1779 932 ἐκάλεσε

213 955 302 1004 τοῦ
348 955 520 1021 Θεοῦ,
575 962 674 1026 τὴν
721 964 823 1034 τῆς
875 966 1084 1033 πόλεως
1134 971 1450 1041 νεουργίαν·
1485 973 1604 1026 ἀντὶ
1661 972 1776 1037 τοῦ,

215 1045 379 1100 Πάλιν
408 1050 510 1119 τῆς
539 1051 676 1107 Σιὼν
703 1056 1173 1130 οἱκοδομηθείσης,
1203 1063 1260 1115 ἐν
1281 1066 1348 1135 τῇ
1371 1062 1614 1136 προτέρᾳ
1652 1062 1779 1136 δόξῃ

217 1136 411 1200 πάντες
439 1139 664 1209 ὄψονται
688 1145 778 1199 τὸν
806 1147 913 1201 τῶν
942 1149 1077 1204 ὅλων
1106 1151 1258 1208 Θεόν.

286 1236 375 1299 ιη’.
415 1249 434 1281 ι
479 1234 808 1306 Ἐπέὄλεψεν
846 1240 937 1292 ἐπὶ
965 1242 1065 1312 τὴν
1095 1244 1402 1316 προσευχὴν
1435 1246 1543 1297 τῶν
1582 1263 1778 1298 ταπει-

215 1321 316 1373 νῶν
338 1322 380 1388 ⁸,
411 1325 505 1377 καὶ
525 1327 625 1380 οὐκ
655 1329 976 1393 ὲξουδένωσε
1017 1333 1116 1404 τὴν
1163 1334 1348 1406 δέησιν
1395 1337 1596 1392 αὐτῶν.
1643 1358 1661 1389 ι
1701 1339 1776 1393 Ού

131 1439 152 1462 ο
215 1417 590 1488 κατεφρόνησε
619 1422 748 1491 γὰρ,
777 1422 853 1486 ὡς
888 1425 1251 1495 αἰχμαλώτων
1280 1428 1375 1480 καὶ
1397 1427 1601 1482 δούλων
1621 1447 1634 1459 ’
1663 1430 1779 1483 ἀλλ’

216 1505 430 1570 ἐδέξατο
459 1511 558 1578 τὴν
584 1512 838 1578 ἱκετείαν,
874 1517 966 1568 καὶ
995 1515 1194 1570 δέδωκε
1226 1517 1325 1588 τὴν
1375 1518 1705 1591 ἐλευθερίαν.

283 1600 368 1652 ιϐ’.
413 1621 432 1653 ι
467 1602 897 1680 Γραφήτωκαῧτη
927 1610 1006 1672 εἰς
1035 1613 1230 1677 γενεὰν
1270 1614 1484 1684 ἑτέραν,
1527 1616 1621 1668 καὶ
1653 1616 1782 1680 λαὸς

212 1691 239 1742 6
266 1692 585 1762 κτιζόμενος
633 1694 836 1751 αἰνέσει
865 1700 955 1753 τὸν
985 1701 1205 1772 Κύριον,
1247 1723 1266 1757 ι
1321 1706 1539 1777 Ταύτην
1586 1707 1644 1761 δὲ
1681 1710 1780 1779 τὴν

213 1782 536 1854 εὐεργεσίαν
579 1789 944 1862 ,ἀνάγραπτον
997 1795 1077 1858 είς
1133 1797 1219 1848 ἀεὶ
1277 1799 1599 1870 ποιήσομεν·
1637 1799 1777 1854 ὥστε

1876 599 2237 664 conspicietur
2268 599 2320 654 in
2353 600 2518 670 gloria
2552 616 2669 654 sua.
2713 619 2731 650 ›
2775 597 3044 665 Quoniam
3076 595 3219 649 enim
3273 593 3310 646 ii
3342 591 3434 662 qui

1876 691 2200 760 ignorabant
2233 691 2446 747 divinas
2483 692 2938 762 dispensationes,
2974 688 3287 742 Judworum
3321 701 3438 738 ser-

1878 783 2120 847 vitutem,
2151 780 2651 854 Hierosolymzeque
2677 781 2984 835 vastitatem
3007 793 3036 830 a
3065 776 3160 829 Dei
3189 773 3438 829 imbecil-

1875 871 2022 924 litate
2050 870 2318 940 proﬁcisci
2353 871 2791 942 suspicabantur,
2819 871 2942 939 jure
2977 868 3201 939 gloriam
3251 865 3438 934 appel-

1877 963 2008 1017 lavit
2044 961 2138 1016 Dei
2173 963 2322 1018 urbis
2351 962 2824 1018 instaurationem.
2854 959 3020 1028 Quasi
3049 961 3196 1014 dicat
3225 975 3238 1012 :
3273 957 3439 1011 Sione

1877 1070 2068 1109 rursus
2118 1056 2400 1120 aedificata,
2459 1055 2512 1109 iu
2561 1055 2788 1125 pristina
2841 1053 3011 1124 gloria
3057 1051 3437 1105 universorum

1790 1179 1792 1181 -
1880 1149 2046 1202 Deum
2076 1162 2268 1203 onmes
2293 1157 2531 1203 cernent.

1953 1238 2113 1294 Vens.
2149 1239 2231 1294 18.
2271 1259 2288 1292 σ
2322 1239 2577 1310 Respexit
2610 1239 2674 1294 ad
2709 1239 3008 1292 orationem
3051 1233 3359 1298 humilium,
3389 1239 3442 1285 et

1880 1347 1983 1385 non
2018 1332 2223 1401 sprevit
2271 1347 2459 1401 preces
2507 1345 2715 1385 eorum.
2755 1347 2774 1382 ι
2813 1327 2929 1382 Non
2980 1327 3123 1381 enim
3174 1323 3438 1394 despexit,

1877 1424 2041 1479 veluti
2069 1426 2314 1493 captivos
2352 1431 2406 1477 et
2433 1439 2638 1488 servos,
2669 1421 2762 1477 sed
2789 1435 2976 1491 preces
3007 1417 3248 1481 admisit,
3273 1415 3442 1470 liber-

1878 1527 2152 1584 tatemque
2179 1515 2400 1585 largitus
2429 1527 2530 1569 est.

1952 1607 2112 1663 Vens.
2145 1609 2231 1664 l9.
2271 1627 2289 1658 σ
2329 1607 2613 1662 Scribatur
2643 1606 2756 1660 hazc
2787 1605 2842 1659 in
2872 1601 3216 1675 generatione
3247 1600 3444 1682 altera,

1879 1701 2181 1770 etpOpulus
2209 1700 2301 1769 qui
2339 1698 2615 1754 creabitur
2654 1697 2893 1752 laudabit
2924 1694 3232 1749 Dominum.
3277 1711 3296 1742 ι
3334 1690 3446 1744 Hoc

1881 1803 2063 1845 autem
2110 1789 2432 1844 beneﬁcium
2466 1791 2520 1842 in
2562 1787 2767 1842 litteras
2799 1786 3028 1840 relatum
3061 1797 3272 1852 semper
3315 1795 3443 1834 con-

210 1876 306 1927 καὶ
342 1879 472 1941 τοὺς
497 1881 823 1949 ἐσομένους⁵
852 1886 950 1956 τὴν
979 1885 1077 1957 σὴν
1115 1887 1524 1961 φιλανθρωπίαν
1563 1891 1764 1963 μαθεῖν.

1879 1883 2238 1947 servabimus,
2273 1890 2332 1936 ut
2370 1881 2574 1950 posteri
2609 1889 2755 1934 tuam
2787 1878 3172 1950 benignitatem
3202 1875 3439 1929 discant.

210 1969 373 2021 Λαὸν
401 1968 457 2023 δὲ
486 1973 825 2042 κτιζόμενον
847 1975 938 2028 τὸν
957 1977 1014 2044 ἐξ
1033 1979 1203 2032 ἐθνῶν
1240 1980 1568 2051 συλλεγέντα
1599 1986 1776 2051 καλεῖ,

209 2061 339 2129 περὶ
370 2056 435 2116 οὗ
463 2064 558 2115 καὶ
584 2065 611 2116 6
649 2066 921 2135 μακάριος
958 2067 1104 2138 λέγει
1133 2071 1342 2137 Παῦλος
1365 2089 1378 2102 ·
1418 2093 1436 2124 ι
1487 2074 1556 2127 Ei'
1580 2093 1664 2139 τις
1721 2077 1779 2130 ὲν

208 2153 431 2224 Χριστῷ
457 2156 617 2227 καινὴ
665 2159 864 2224 κτίσις.
899 2180 917 2212 ι
957 2163 1067 2215 Καὶ
1119 2163 1280 2228 αὐτὸς
1307 2165 1366 2218 δὲ
1413 2169 1441 2220 6
1495 2168 1778 2234 θεσπέσιος

206 2246 371 2298 Δαὸὶδ
396 2247 452 2298 ἐν
488 2247 565 2318 τῷ
596 2254 643 2301 κ’
668 2250 762 2303 καὶ
791 2257 839 2304 α’
861 2249 964 2322 ἔφη
987 2251 1187 2325 ψαλμῴ
1207 2270 1220 2284 ·
1259 2273 1278 2307 ι
1321 2255 1776 2330 Ἀναγγελήσεται

207 2337 286 2404 τῷ
318 2338 506 2409 Κυρίῳ
535 2340 696 2409 γενεὰ
735 2343 766 2413 ἡ
807 2343 1100 2418 ἐρχομένη,
1138 2347 1232 2400 καὶ
1268 2348 1630 2418 ἁναγγελοῦσι
1677 2355 1777 2422 τὴν

205 2427 560 2502 δικαιοσύνην
591 2434 755 2487 αὐτοῦ
789 2435 904 2507 λαῷ
943 2437 1021 2508 τῷ
1052 2439 1456 2510 τεχθησομένῳ,
1487 2443 1545 2496 δν
1585 2445 1776 2516 ἐποίη-

209 2533 307 2572 σεν
336 2523 364 2573 6
402 2521 620 2593 Κύριος.
662 2544 682 2578 ι
723 2521 890 2592 Οὗτος
913 2530 941 2582 ό
974 2529 1101 2595 λαὸς
1130 2532 1315 2586 καὶτὰ
1343 2533 1552 2588 παλαιὰ
1583 2537 1771 2591 καὶτὰ

206 2611 303 2664 νέα
325 2615 712 2686 παιδευόμενος
736 2623 828 2674 τὸν
869 2622 1220 2694 προσήκοντα
1268 2624 1436 2697 ὕμνον
1461 2625 1774 2699 ἀναπέμπει

207 2703 285 2773 τῷ
321 2705 535 2778 Σωτῆρι
556 2708 698 2780 Θεῷ.

276 2795 457 2868 κ⁹οκβ⁹.
493 2800 614 2854 Ὅτι
649 2800 912 2873 ἐξέκυψεν
955 2805 1012 2872 ἐξ
1043 2804 1214 2876 ὕφους
1238 2808 1396 2873 ἁγίου
1431 2809 1600 2864 αὑτοῦ
1653 2811 1769 2866 Κύ-

209 2901 340 2954 ριος,
372 2887 430 2952 ἐξ
455 2889 683 2959 ούρανοῦ
717 2892 811 2946 ἐπὶ
846 2893 946 2961 τὴν
976 2897 1076 2965 γῆν
1099 2895 1388 2967 ὲπέὸλεψε.
1412 2899 1516 2952 Τοῦ
1539 2900 1769 2956 ἀκοῦσαι

205 2975 297 3030 τοῦ
360 2980 668 3050 στεναγμοῦ
717 2982 826 3037 τῶν
865 2985 1274 3056 πεπεδημένων,
1300 2988 1392 3042 τοῦ
1444 2989 1600 3045 λῦσαι
1643 2994 1770 3056 τοὺς

205 3071 354 3131 υἱοὺς
388 3070 496 3122 τῶν
520 3071 977 3144 τεθανατωμένων
994 3077 1033 3132 ⁸.
1067 3077 1174 3130 Τοῦ
1199 3080 1519 3148 ἀναγγεῖλαι
1549 3085 1608 3136 ὲν
1629 3084 1768 3138 Σιὼν

203 3161 264 3212 τὸ
287 3160 457 3231 ὄνομα
483 3162 706 3232 Κυρίου,
738 3165 832 3217 καὶ
879 3165 977 3237 τὴν
1007 3167 1215 3221 αἴνεσιν
1253 3170 1415 3223 αὑτοῦ
1462 3173 1522 3226 ἐν
1568 3174 1766 3244 Ἰερου-

205 3248 407 3320 σαλήμ.
439 3269 457 3300 ι
494 3251 677 3304 Πάντα
698 3251 806 3324 γὰρ
834 3255 1047 3326 ἐφορῶν
1076 3258 1171 3310 καὶ
1200 3262 1556 3329 πρυτανεύων
1601 3266 1629 3317 ό
1660 3265 1766 3318 τῶν

202 3341 337 3394 ὅλων
362 3342 493 3405 Θεὸς
548 3343 655 3396 τῶν
709 3347 1108 3417 ἐφορωμόνωντ
1160 3350 1456 3421 ἐπήκουσε,
1509 3356 1605 3408 καὶ
1668 3357 1767 3426 τὴν

198 3433 299 3501 τῆς
329 3434 642 3505 ἐλευθερίας
664 3433 945 3508 ἐξενήνοχε
969 3439 1170 3509 ψῆφον,
1199 3439 1338 3496 ὥστε
1368 3445 1496 3509 τοὺς
1529 3449 1764 3520 πεπεδη-

202 3525 400 3594 μένους
430 3527 550 3580 ἀντὶ
575 3527 684 3580 τῶν
722 3528 1078 3601 ἀνῃρημένων
1128 3534 1466 3601 ἐπανελθεῖν,
1518 3539 1614 3592 καὶ
1659 3542 1758 3612 τὴν

195 3617 356 3670 πόλιν
385 3617 481 3689 τὴν
525 3618 786 3690 πατρῴαν
837 3621 1210 3694 οἰκοδομῆσαι,
1258 3627 1352 3680 καὶ
1414 3630 1662 3702 συνήθως
1705 3633 1764 3685 ὲν

196 3712 384 3783 ἐκείνῃ
413 3711 508 3783 τὴν
536 3710 676 3766 κατὰ
695 3712 786 3766 τὸν
810 3714 972 3785 νόμον
995 3715 1246 3787 λατρείαν
1277 3727 1667 3792 προσενεγκεῖν
1685 3726 1763 3798 τῷ

193 3801 334 3874 Θεῷ.

265 3893 483 3963 κγ’-κε’.
507 3913 527 3946 ε
565 3894 652 3948 Ἐν
678 3895 755 3966 τῷ
772 3897 1194 3968 ὲπισυναχθῆναι
1216 3901 1237 3932 ⁸
1254 3899 1415 3966 λαοὺς
1438 3903 1532 3956 ἐπὶ
1552 3906 1610 3958 τὸ
1631 3907 1762 3960 αὐτὸ

193 3989 288 4041 καὶ
322 3988 562 4057 βασιλεῖς
583 3991 626 4050 θ,
666 3989 760 4042 τοῦ
790 3989 1060 4044 δουλεύειν
1096 3993 1175 4062 τῷ
1203 3994 1416 4064 Κυρίῳ.
1460 3997 1759 4070 Ἀπεκρίθη

192 4078 408 4149 αὐτῷίο
459 4082 517 4133 ἐν
557 4080 661 4152 ὁδῷ
707 4081 888 4151 ἰσχύος
948 4083 1196 4150 αὑτοῦ¹¹,
1244 4086 1400 4158 τὴν¹²
1470 4088 1760 4162 ὀλιγότητα

191 4170 299 4222 τῶν
352 4172 574 4241 ἡμερῶν
617 4191 718 4243 μου
756 4175 1140 4243 ἀνάγγειλὸν¹³
1179 4194 1303 4247 μοι·
1337 4177 1414 4250 μὴ
1464 4179 1746 4255 ἀναγάγῃς

195 4263 333 4332 μεὲν
349 4264 536 4333 ἡμίσει
553 4265 774 4336 ἡμερῶν
789 4283 913 4334 μου.
944 4286 962 4318 ι
992 4267 1180 4334 Ὅταν,
1202 4269 1355 4340 φησὶ,
1380 4271 1479 4341 τῆς
1496 4273 1758 4327 ἐπανόδου

189 4355 460 4426 τύχωμεν,
496 4357 839 4427 ἀθροίσονται
866 4358 984 4412 λαοὶ
1007 4360 1049 4390 ¹⁸
1073 4361 1168 4412 καὶ
1197 4361 1458 4431 βασιλεῖς,
1509 4364 1606 4435 τὴν
1659 4365 1758 4434 σὴν

187 4446 558 4516 Θαυμάζοντες
602 4447 850 4517 δύναμιν.
893 4451 1204 4522 Τηνικαῦτα
1258 4452 1435 4506 τοίνυν
1486 4454 1757 4524 τοσαύτην

186 4537 379 4608 ἕξομεν
409 4539 772 4609 εὐφροσύνην,
813 4541 890 4603 ὡς
927 4543 1020 4594 καὶ
1049 4542 1308 4614 δεηθῆναί
1335 4562 1429 4598 σου
1465 4549 1564 4616 τῆς
1609 4547 1752 4615 ἁγα-

186 4631 432 4702 θότητος,
466 4633 785 4706 προσθήκην
813 4636 945 4706 ἡμῖν
978 4636 1114 4690 ἐτῶν
1141 4638 1492 4708 χαρίσασθαι,
1552 4642 1646 4695 καὶ
1681 4642 1757 4713 μὴ

186 4725 483 4793 μεσοῦντος
512 4727 669 4795 ἡμῶν
689 4728 731 4760 ¹⁵
769 4729 862 4781 τοῦ
901 4730 1093 4800 χρόνου
1121 4731 1200 4802 τῷ
1226 4732 1443 4805 θανάτῳ
1473 4733 1753 4804 παραδοῦ-

183 4835 305 4870 ναι·
332 4819 481 4873 ὁδὸν
511 4820 566 4873 δὲ
597 4823 810 4892 ἰσχύος
853 4824 1010 4878 καλεῖ
1042 4823 1139 4893 τὴν
1184 4825 1271 4879 διὰ
1315 4826 1413 4898 τὴν
1458 4828 1611 4899 ἰσχὺν
1655 4826 1752 4881 τοῦ

178 4910 316 4965 Θεοῦ
346 4914 785 4986 παρασχεθεῖσαν
828 4917 1106 4972 ἐπάνοδον.
1149 4935 1170 4971 ‹
1225 4918 1314 4972 Ἐν
1361 4921 1524 4990 γενεᾷ
1551 4919 1752 4987 γενεῶν

251 5113 276 5152 ἀ
305 5113 348 5170 ll
381 5115 510 5170 Cor.
533 5116 702 5183 v,17.
782 5130 805 5157 θ
835 5117 980 5174 Psal.
1019 5135 1133 5186 χχι,
1170 5118 1258 5189 52,

1878 1973 2141 2043 Populum
2171 1989 2301 2028 vero
2330 1975 2420 2043 qui
2459 1982 2688 2032 creatur,
2730 1971 2876 2024 illum
2915 1969 3051 2024 dixit
3081 1967 3172 2038 qui
3200 1982 3230 2020 e
3265 1963 3443 2036 genti-

1880 2063 1978 2119 bus
2014 2061 2280 2119 conﬂatus
2333 2070 2460 2117 est:
2506 2062 2572 2116 de
2611 2076 2720 2130 quo
2741 2069 2795 2114 et
2846 2059 3038 2114 beatus
3075 2056 3280 2111 Paulus
3322 2053 3439 2108 ait:

1882 2175 1900 2208 ι
1942 2154 1998 2210 Si
2021 2156 2146 2223 quis
2180 2156 2232 2208 in
2262 2153 2499 2219 Christo,
2532 2169 2669 2207 nova
2701 2161 2783 2206 est
2809 2160 3059 2206 creatura
3087 2147 3148 2214 τις
3189 2168 3206 2200 ι
3241 2155 3296 2200 et
3327 2148 3445 2217 ipse

1875 2247 2092 2303 divinus
2120 2246 2284 2301 David
2313 2246 2368 2300 in
2391 2244 2652 2301 vicesimo
2673 2244 2851 2313 primo
2880 2242 3088 2312 psalmo
3117 2256 3130 2292 :
3163 2258 3181 2291 ι
3213 2239 3445 2292 Annuu-

1867 2335 2098 2396 tiabitur
2124 2340 2356 2396 Domino
2384 2339 2659 2410 generatio
2683 2347 2930 2402 ventura,
2965 2343 3019 2390 et
3043 2332 3443 2388 annuntiabunt

1867 2433 2137 2504 justitiam
2167 2433 2287 2502 ejus
2319 2431 2519 2502 populo
2553 2430 2644 2502 qui
2681 2440 2959 2490 nascetur,
2990 2442 3152 2497 quem
3178 2424 3306 2479 fecit
3337 2421 3444 2477 Do-

1877 2528 2056 2584 minus
2087 2539 2133 2586 °.
2164 2545 2182 2578 ι
2214 2525 2314 2580 llic
2346 2525 2600 2595 populus,
2625 2531 2678 2576 et
2702 2521 2923 2592 antiqua
2955 2531 3008 2576 et
3032 2533 3170 2573 nova
3190 2516 3439 2580 edoctus,
3495 2537 3497 2539 ·

1875 2622 1891 2642 ⁶
1915 2627 2305 2690 congruentem
2341 2616 2471 2682 Deo,
2499 2615 2594 2686 qui
2627 2615 2855 2670 salutem
2893 2612 3123 2683 largitus
3152 2618 3256 2676 est,
3286 2609 3442 2680 hym-

1873 2729 2003 2767 num
2030 2713 2203 2768 olfert.

1945 2805 2105 2860 Vens.
2143 2803 2328 2859 20-22.
2371 2820 2389 2854 ι
2421 2801 2558 2868 Quia
2588 2799 2862 2871 prospexit
2890 2798 2957 2853 de
2990 2803 3180 2851 sancto
3213 2808 3312 2849 suo
3339 2806 3439 2847 ex-

1873 2899 2019 2953 celso
2050 2896 2312 2952 Dominus
2333 2934 2348 2958 ,
2379 2895 2444 2950 de
2476 2895 2614 2950 caelo
2652 2903 2854 2949 terram
2904 2889 3137 2960 aspexit.
3184 2887 3256 2944 Ut
3285 2885 3440 2941 audi—

1872 2999 1954 3044 ret
1977 2989 2205 3059 gemitus
2235 2988 2688 3057 compeditorum,
2744 2994 2803 3040 ut
2833 2983 3065 3038 solveret
3109 2981 3249 3036 ﬁlios
3274 2979 3439 3034 inter-

1870 3091 2200 3153 emptorum.
2233 3081 2438 3152 1321
2479 3079 2548 3135 Ut
2580 3080 2907 3135 annuntient
2939 3078 2994 3131 in
3038 3075 3202 3130 Sioue
3239 3088 3436 3128 nomen

1874 3176 2110 3239 Domini,
2141 3185 2193 3230 et
2238 3176 2453 3230 laudem
2493 3173 2612 3243 ejus
2648 3174 2702 3226 in
2755 3170 3153 3241 Hierosolyma.
3193 3187 3211 3220 ι
3239 3165 3437 3222 Omnia

1872 3269 2018 3324 enim
2062 3267 2354 3339 inspiciens
2399 3276 2454 3321 et
2502 3267 2791 3321 moderans
2846 3263 3222 3319 universorum
3271 3260 3437 3323 Deus,

1873 3362 2147 3432 inspectos
2173 3359 2468 3425 exaudivit,
2500 3358 2872 3427 libertatisque
2899 3355 3225 3412 sententiam
3251 3360 3441 3422 protuo

1873 3454 1954 3518 lit,
1990 3464 2048 3507 ut
2077 3452 2272 3522 captivi
2305 3467 2400 3521 pro
2433 3452 2771 3520 interemptis
2803 3449 3064 3514 redirent,
3097 3447 3441 3518 patriamque

1871 3547 2059 3600 urbem
2091 3547 2480 3606 instaurareut,
2527 3551 2580 3597 et
2611 3551 2874 3612 consueto
2909 3555 3064 3596 more
3099 3539 3152 3594 in
3186 3539 3274 3592 illa
3323 3537 3440 3591 cul—

1871 3649 1985 3694 tum
2017 3639 2316 3695 secundum
2341 3638 2511 3708 legem
2545 3635 2655 3689 Deo
2675 3644 3018 3708 praestarent.

1943 3907 2105 3962 Vens.
2135 3907 2323 3963 23-25.
2363 3925 2380 3957 ι
2421 3907 2556 3960 Cum
2583 3903 2917 3958 conveniunt
2949 3898 3135 3970 populi
3185 3897 3237 3951 in
3267 3910 3433 3950 unum

1866 4012 1921 4056 et
1947 4016 2116 4070 rcges,
2157 4011 2216 4053 ut
2247 3997 2484 4054 serviant
2516 3997 2766 4050 Domino.
2822 3991 3123 4062 Respondit
3155 3990 3204 4043 ei
3256 3989 3309 4042 in
3347 3987 3434 4041 via

1867 4091 2080 4146 virtutis
2131 4104 2284 4151 suae;
2316 4087 2635 4157 paucitatem
2695 4087 2902 4139 dierum
2947 4098 3192 4136 meorum
3243 4079 3431 4134 nuntia

1867 4181 1998 4234 mihi
2021 4196 2034 4245 ;
2059 4195 2125 4233 ne
2164 4175 2380 4231 auferas
2406 4191 2492 4231 me
2521 4175 2574 4229 iu
2604 4173 2831 4231 dimidio
2853 4175 3064 4227 dierum
3101 4185 3368 4225 meorum.
3408 4186 3426 4217 ι

1865 4275 2025 4339 Cum,
2057 4272 2255 4340 inquit,
2287 4269 2517 4324 reditum
2565 4266 2844 4323 consecuti
2888 4265 3172 4329 fuerimus,
3209 4278 3436 4333 congre-

1865 4365 2135 4436 gabuntur
2169 4362 2346 4433 pepuli
2379 4373 2433 4415 et
2458 4375 2636 4431 reges,
2680 4370 2826 4414 tuam
2859 4358 3194 4412 admirantes
3242 4365 3434 4426 poten-

1866 4459 2017 4513 tiam.
2049 4457 2204 4511 Tunc
2233 4457 2396 4526 igitur
2448 4463 2650 4508 tantam
2692 4451 3014 4506 habebimus
3061 4450 3324 4510 laztitiam,
3377 4457 3436 4501 ut

1865 4550 2155 4606 bonitatem
2185 4555 2332 4602 tuam
2363 4546 2734 4608 Obsecremus,
2773 4543 2904 4598 velis
2945 4543 3105 4597 nobis
3137 4558 3310 4595 annos
3337 4541 3434 4594 ad-

1864 4642 2012 4714 dere,
2047 4656 2146 4694 nec
2194 4640 2249 4694 in
2299 4639 2477 4694 medio
2506 4649 2668 4694 cursu
2702 4639 2825 4691 vitae
2858 4648 3056 4691 nostrae
3108 4652 3208 4690 nos
3258 4643 3431 4689 morte

1863 4731 2096 4788 allicere.
2153 4730 2297 4784 Viam
2331 4740 2512 4784 autem
2546 4730 2780 4794 virtutis,
2842 4736 3002 4782 vocat
3054 4725 3428 4780 fortitudinem

1862 4825 1957 4880 Dei
1993 4839 2090 4894 per
2133 4824 2498 4878 reversionem
2545 4839 2885 4877 concessam.
2924 4840 2942 4873 ε
2980 4822 3032 4874 In
3073 4821 3427 4892 generatione

1861 4919 2270 4990 generatiouum
2301 4916 2431 4970 anni
2460 4915 2559 4970 tui.
2621 4936 2637 4967 ι
2677 4917 2756 4970 Tu
2791 4917 2936 4970 enim
2972 4924 3223 4968 naturam
3259 4913 3431 4972 hach

1311 5299 1542 5356 VARIA‘S
1576 5296 1957 5354 LECTIONES
1988 5297 2074 5350 ET
2103 5296 2334 5352 NOT/E.

249 5455 272 5487 δ
297 5455 429 5512 Τῶν
451 5474 589 5533 (an.
622 5455 801 5533 Hebr.
822 5459 1090 5514 Solitarii.
1127 5528 1140 5533 _
1186 5459 1600 5533 ‘__‘Eo'op._cod.
1633 5463 1657 5516 1
1719 5462 1764 5515 ἐκ

1886 5480 1982 5533 σῳ.
2081 5461 2248 5517 ⁶Τῶν
2278 5466 2456 5520 τεθαγ
2482 5464 2644 5519 Hebr.
2683 5473 2892 5522 animi.
2971 5463 2990 5490 "
3020 5429 3214 5530 Ἐφοὲ.
3247 5461 3412 5533 ροάχι

175 5528 643 5603 ρλοςρυρομένωνᾷ-
687 5528 1013 5603 βἘσξισυγ.
1043 5528 1166 5603 cod.
1203 5528 1320 5584 Vat.
1388 5531 1764 5603 habeteuvax

1879 5528 1947 5586 αι.

1720 5603 1732 5619 Ι

180 5595 357 5651 Hebr.
389 5595 494 5661 rm:
539 5598 748 5653 alllixit.
810 5597 1017 5670 Symm.
1067 5600 1365 5653 ἐκάκωσεν.
1480 5602 1519 5632 ¹¹
1570 5602 1658 5656 Ἰσ

180 5665 403 5721 Kthibh.
438 5668 664 5721 Praestat
689 5676 869 5721 autem
903 5670 957 5721 h.
991 5671 1029 5721 l.
1059 5671 1216 5721 lectio
1247 5669 1340 5721 τοῦ
1375 5668 1489 5721 Kri.
1515 5680 1625 5721 ma.

2062 5535 2257 5605 9890'.
2295 5535 2455 5587 Hebr.
2507 5552 2683 5605 regna.
2795 5535 2837 5564 ¹⁰
2871 5529 3182 5605 ’.ἀπεκρίθη
3241 5529 3416 5605 αὐτῷζ

1724 5601 2062 5669 ἱοςάύτοῦ.
2115 5603 2241 5658 Ηῖιιο
2297 5601 2670 5674 interpretatio
2710 5605 2956 5672 sequitur
3009 5603 3292 5674 legionem
3327 5601 3420 5653 τοῦ

181 5620 343 5651 "cur.
389 5620 493 5661 mm
539 5620 748 5653 alﬂleln
811 5620 1017 5670 Dymm.
1067 5620 1365 5653 εκακωσεν.
1480 5620 1519 5632 ⁸⁵
1573 5620 1658 5656 ἰσ
1700 5620 1764 5656 υε

179 5665 415 5750 ξςιιιῑϋιι..
436 5668 869 5750 ξξιιεεειοιξιυῑεηι
903 5670 957 5722 h.
991 5671 1029 5725 l.
1059 5671 1216 5750 lectio
1247 5669 1340 5750 τοῦ
1375 5668 1489 5735 Kri,
1515 5680 1625 5730 τηε.

1879 5620 2062 5658 ιυτου.
2115 5620 2241 5658 nzec
2297 5620 2670 5674 Interpretatlo
2710 5620 2956 5672 sequitur
3011 5620 3292 5656 ιοιιιιοιιειη
3327 5620 3420 5653 του

1882 5677 1980 5744 τὴν
2015 5675 2320 5750 ἰσχύνῂμου.
2350 5677 2425 5728 lla
2450 5689 2666 5750 quoque
2700 5674 2892 5750 Syrus.
2941 5671 3173 5750 _"_T:r:nf
3193 5689 3420 5750 -μοω

180 5735 345 5816 ilebr.
379 5739 733 5816 Algbreuiavit.
768 5756 818 5816 s._
867 5756 1066 5816 paucos
1097 5740 1246 5816 fecit,
1273 5741 1381 5794 dics
1412 5759 1569 5816 ηεροδ.
1613 5735 1708 5816 “'3'
1729 5735 1953 5815 Ἀνάγγξ
1981 5735 2098 5812 μοὶξ
2130 5735 2220 5801 su".-
2253 5735 2481 5816 quuque'
2520 5735 2679 5800 habet
2713 5735 2902 5814 S'yrus.
2939 5743 3044 5798 Sed
3077 5735 3240 5798 Hebr.
3269 5735 3422 5807 Dico,

179 5804 323 5863 Deus
385 5809 484 5865 mi.
564 5811 604 5842 "
672 5804 1026 5865 Anon-col.
1089 5811 1112 5865 -l
1172 5825 1354 5880 praem.
1415 5813 1528 5866 καί.

1610 5813 1651 5844 ³⁸
1683 5817 1804 5867 cod.

1871 5822 1894 5869 '1
1958 5816 2105 5884 ἡμῖν.
