3924 6492
493 410 627 478 1683

1480 412 1960 473 THEODORE’I‘I
1993 409 2327 473 EPlSCOPl
2354 408 2719 469 CYRENSIS

3580 393 3735 458 1685

492 538 615 593 ﬁnis
650 546 945 607 expertem,
974 546 1027 593 et
1056 534 1213 591 facile
1237 540 1321 589 est
1353 532 1453 587 tibi
1486 531 1622 586 alios
1648 531 1816 584 etiam
1852 529 2047 597 longa!-

2181 527 2215 581 ἀ
2244 526 2338 596 ἔτη
2384 543 2498 578 σου.
2540 542 2558 576 ι
2584 524 2656 576 Σὺ
2685 521 2793 593 γὰρ
2825 519 3131 590 ἀπέραντον
3157 517 3299 587 ἔχεις
3326 513 3387 568 τδ
3422 507 3586 575 εἶναι,
3622 513 3733 564 καὶ

491 648 592 687 vos
622 631 821 686 facere.

562 838 723 896 Vens.
747 836 838 903 26,
860 836 949 891 2".
972 862 992 879 ι
1022 832 1182 888 Initio
1202 840 1285 899 tu,
1306 831 1553 892 Domine,
1570 842 1765 883 terram
1790 825 2055 887 fundasti,

492 941 547 989 et
580 946 743 1003 opera
769 943 1026 984 manuum
1050 937 1268 982 tuarum
1298 932 1428 979 sunt
1458 920 1605 976 creti.
1636 919 1744 990 Ipsi
1776 918 2055 987 peribunt,

498 1035 555 1077 tu
598 1031 780 1078 autem
813 1034 1121 1091 permanes.
1166 1035 1186 1069 ι
1232 1015 1372 1082 Quid
1408 1014 1551 1069 enim
1586 1013 1654 1066 ah
1680 1011 2052 1065 universorum

494 1114 698 1186 Opiﬁce
749 1113 865 1168 ﬁeri
902 1127 1009 1166 non
1054 1108 1285 1181 posset?
1316 1105 1529 1177 1322
1573 1104 1649 1158 Te
1692 1103 1907 1158 volente
1946 1101 2055 1170 jam

496 1202 1067 1266 exsistitterra,ccelos
1083 1203 1292 1272 quinon
1317 1209 1473 1253 erant
1500 1195 1673 1253 fecisti
1696 1205 1781 1251 :et
1814 1210 1939 1249 cum
1957 1193 2058 1247 ista

500 1298 851 1352 mutationem
884 1294 1184 1364 patiantur,
1235 1300 1292 1344 tu
1323 1287 1719 1344 immutabilem
1765 1283 1935 1339 habes
1960 1299 2058 1336 na-

500 1398 699 1442 turam.
741 1384 821 1439 Ex
848 1382 1132 1439 elementis
1178 1394 1342 1451 porro
1371 1394 1495 1449 qua:
1535 1377 1718 1432 omnia
1754 1374 2057 1437 continent,

502 1480 725 1534 aliarum
788 1490 971 1532 rerum
1010 1474 1253 1530 omnium
1299 1472 1478 1542 ipsum
1530 1468 1703 1524 fuisse
1755 1474 2058 1522 creatorem

501 1570 754 1627 ostendit.
784 1590 802 1621 ι
825 1570 892 1623 Ει
912 1582 1103 1622 omnes
1124 1565 1265 1620 sicut
1296 1562 1679 1618 vestimentum
1702 1565 2060 1620 veterascent,

500 1676 556 1722 et
585 1664 727 1719 sicut
762 1661 1095 1733 opertorium
1144 1658 1330 1713 volves
1379 1670 1496 1721 eos,
1525 1664 1580 1708 et
1624 1651 1999 1707 mutabuntur.
2037 1668 2054 1699 ι

506 1755 866 1827 Symmachus
890 1760 1070 1807 autem
1113 1751 1196 1806 sic
1230 1767 1247 1802 :
1276 1746 1345 1801 Et
1386 1762 1563 1801 omnes
1601 1745 1739 1799 sicut
1781 1740 2059 1796 vestimen-

2154 618 2335 691 ῥᾴδιόν
2379 635 2461 671 σοι
2522 616 2617 670 καὶ
2674 614 2801 677 τοὺς
2849 614 3044 675 ἄλλους
3085 610 3414 682 μακροϐίους
3474 607 3737 675 ἐργάσαο

2154 712 2299 766 σθαΰ.

2212 822 2441 888 κς’,κζ’.
2486 839 2503 872 ι
2540 818 2675 873 Κατ’
2706 818 2880 888 ἀρχὰς
2901 817 2989 878 σὺ,
3026 815 3221 885 Κύριε,
3254 812 3352 881 τὴν
3396 811 3500 880 γῆν
3532 808 3739 878 ἐθεμε-

2154 914 2373 978 λίωσας,
2402 912 2497 965 καὶ
2525 910 2662 981 ἔργα
2685 911 2794 963 τῶν
2835 909 3035 980 χειρῶν
3066 907 3160 961 σού
3192 907 3328 959 εἰσιν
3377 905 3426 957 οί
3477 900 3738 973 οὐρανοί.

2156 1004 2319 1057 Αὐτοὶ
2350 1002 2693 1063 ἀπολοῦνται,
2725 1003 2789 1055 σὺ
2823 1001 2878 1055 δὲ
2913 998 3209 1069 διαμένεις.
3269 1016 3286 1048 ι
3326 995 3391 1049 Τί
3445 994 3561 1063 γὰρ
3595 991 3742 1046 ἁδύ-

2157 1111 2317 1147 νατον
2340 1093 2418 1165 τῷ
2448 1093 2556 1146 τῶν
2585 1093 2721 1146 ὅλων
2752 1089 3110 1163 Δημιουργῷς
3159 1092 3226 1159 τῇ
3256 1090 3327 1158 τῇ
3380 1086 3444 1139 τὸ
3487 1080 3640 1138 εἶναι
3675 1084 3744 1135 σὺ

2156 1187 2413 1250 δέδωκας,
2464 1188 2590 1248 τοὺς
2621 1186 2885 1252 οὐρανοὺς
2939 1185 3015 1253 μὴ
3075 1182 3236 1246 ὄντας
3290 1180 3582 1243 ἐποίησας,
3640 1178 3744 1229 καὶ

2156 1282 2360 1334 τούτων
2386 1277 2683 1349 μεταϐολὴν
2709 1276 3033 1347 δεχομένων,
3065 1274 3131 1328 σὺ
3176 1273 3239 1326 τὸ
3265 1273 3539 1342 ἄτρεπτον
3560 1268 3741 1338 ἔχεις.

2172 1372 2305 1426 Ἀπὸ
2328 1370 2387 1424 δὲ
2412 1370 2520 1423 τῶν
2550 1368 2912 1440 περιεκτικῶν
2938 1364 3239 1436 στοιχείων,
3276 1365 3372 1417 xui.
3398 1362 3511 1415 τῶν
3548 1359 3741 1414 ἄλλων

2160 1462 2321 1516 αὐτὸν
2359 1461 2618 1517 ἁπάντων
2643 1459 2812 1524 ἔδειξε
2847 1457 3099 1529 ποιητήν.
3134 1475 3153 1507 ι
3188 1456 3297 1509 Καὶ
3329 1455 3533 1516 πάντες
3579 1452 3665 1513 ὡς
3692 1450 3738 1482 ⁸⁸

2162 1558 2376 1628 ἱμάτιον
2405 1552 2901 1622 παλαιωθήσονται,
2954 1548 3050 1602 καὶ
3078 1546 3213 1600 ὡσεὶ
3245 1544 3601 1615 περιϐόλαιον
3629 1540 3745 1594 ἑλί-

2164 1650 2274 1714 ξεις
2296 1648 2490 1710 αὐτοὺς
2512 1648 2551 1679 ¹⁷
2585 1645 2680 1700 καὶ
2700 1644 3120 1713 ἀλλαγήσονται.
3151 1657 3171 1691 ι
3225 1638 3283 1691 '0
3328 1637 3387 1690 δε
3430 1634 3742 1705 Σύμμαχος

2162 1740 2362 1803 οὕτως·
2385 1738 2494 1792 Καὶ
2536 1738 2757 1803 πάντες
2779 1737 2823 1769 ¹⁸
2873 1735 3070 1789 diost"
3114 1731 3347 1801 ἱμάτιον
3383 1726 3740 1790 παλαιωθή-

508 1858 617 1901 tum
648 1852 929 1908 senescent,
967 1851 1016 1896 et
1067 1841 1203 1895 sicut
1251 1839 1500 1891 a‘mictum
1556 1832 1786 1887 mutabit
1844 1846 1955 1895 eos,
2006 1838 2053 1881 et

2179 1850 2397 1897 γονται,
2426 1832 2523 1886 καὶ
2554 1831 2699 1886 ὡσεὶ
2738 1830 3123 1897 περιϐόλαιον
3137 1825 3183 1857 ⁸⁸
3229 1823 3517 1889 ἀλλάξεις
3540 1822 3586 1853 ἰ
3630 1822 3740 1874 αὐ-

507 1937 868 1994 mutabuntur.
915 1934 1113 1990 Omnia
1160 1932 1331 1996 enim,
1387 1944 1509 1998 quae
1532 1934 1857 1986 cernuntur,
1907 1936 2065 1977 sene-

508 2040 681 2098 scent,
725 2030 1285 2094 vestimentorumque
1322 2028 1649 2076 vetustatem
1681 2017 2065 2071 imitabuntur.

507 2124 589 2180 Tu
627 2134 808 2179 autem
836 2123 951 2192 ipsa
975 2117 1233 2180 mutabis,
1267 2124 1323 2169 et
1368 2111 1678 2177 renovabis,
1730 2118 1787 2164 et
1824 2109 2042 2162 incorru

508 2215 717 2285 ptibilia
748 2229 845 2284 pro
884 2206 1333 2278 corruptibilibus
1386 2204 1572 2259 facies.
1614 2202 1728 2258 Hoc
1760 2211 1814 2256 et
1854 2200 2072 2254 divinus

507 2305 797 2377 Apostolus
826 2302 1022 2373 inquit,
1055 2320 1074 2352 ι
1103 2298 1369 2365 Quoniam
1395 2304 1451 2352 et
1465 2296 1580 2365 ipsa
1612 2301 1861 2348 creatura
1891 2292 1909 2309 ‘
1936 2288 2073 2344 libe-

511 2400 719 2456 rabitur
752 2412 782 2452 a
820 2395 1080 2451 servitute
1108 2388 1477 2459 corruptionis
1512 2388 1578 2442 ad
1611 2386 1919 2441 libertatem
1948 2381 2065 2451 glo-

514 2492 605 2546 riae
634 2489 868 2545 ﬁliorum
897 2485 990 2541 Dei
1032 2484 1073 2539 ί.
1116 2501 1135 2534 ι

585 2629 747 2684 Vens.
773 2625 864 2680 28.
899 2644 918 2677 ι
956 2621 1036 2677 Tu
1078 2630 1257 2675 autem
1296 2618 1436 2673 idem
1472 2616 1590 2685 ipse
1627 2628 1709 2677 es,
1744 2620 1799 2666 et
1831 2612 1961 2665 anni
1998 2609 2072 2662 tui

515 2738 626 2777 non
662 2720 935 2777 deﬁcient.
977 2735 995 2769 ι
1031 2713 1113 2768 Tu
1164 2711 1406 2783 quidem,
1456 2708 1701 2768 Domine,
1745 2720 1835 2759 res
1865 2712 2076 2757 creatas

514 2817 793 2877 immutas,
833 2820 893 2865 ut
921 2810 1003 2863 vis
1037 2825 1051 2861 :
1081 2816 1137 2861 tu
1177 2812 1358 2858 autem
1392 2809 1642 2856 naturam
1676 2794 2072 2852 immutabilem

519 2918 569 2965 at
596 2906 897 2962 mutatione
931 2901 1267 2971 superiorem
1301 2896 1489 2950 habes.
1518 2894 1647 2947 Haec
1686 2889 1906 2959 quidem
1935 2886 2076 2941 divi-

515 3015 621 3057 nus
635 2996 926 3068 Apostolus
946 2994 1001 3048 in
1020 2991 1260 3062 Epistola
1289 2988 1355 3043 ad
1387 2985 1644 3039 Hebraeos
1673 2982 1795 3037 Filii
1827 2978 2077 3035 attribuit

518 3087 830 3162 proprietati
864 3088 911 3141 κ.
925 3084 1304 3139 Verumtamen
1333 3079 1386 3131 in
1418 3075 1558 3129 Filio
1580 3073 1793 3127 Patrem
1829 3076 2074 3123 contem-

2167 1923 2389 1989 τοὺς¹¹,
2440 1923 2538 1976 καὶ
2590 1918 3061 1990 ἀλλαγήσονται.
3114 1917 3369 1971 Ἀπαντα
3419 1913 3532 1983 γὰρ
3553 1914 3603 1944 ⁸³
3668 1911 3741 1965 τὰ

2167 2014 2421 2086 ὁρώμενα
2496 2012 2895 2083 καταγηράσει,
2969 2011 3066 2063 καὶ
3144 2007 3377 2080 ἱματίων
3435 2007 3740 2077 μιμήσεται

2169 2108 2501 2176 παλαιότητα
2520 2123 2535 2138 ο
2569 2106 2635 2158 σὺ
2667 2105 2724 2159 δὲ
2755 2104 2897 2158 αὐτὰ
2921 2102 3186 2171 ἀλλάξεις,
3216 2100 3312 2156 καὶ
3350 2100 3732 2169 νεουργήσεις,

2170 2204 2263 2257 καὶ
2302 2202 2555 2271 ἄφθαρτα
2587 2199 2835 2269 ποιήσεις
2874 2182 3007 2251 ἀντὶΔ
3057 2194 3333 2266 φθαρτῶν.
3366 2191 3537 2246 Τοῦτο
3568 2192 3663 2244 καὶ
3705 2192 3736 2243 ὁ

2172 2295 2457 2356 Θεσπέσιος
2471 2294 2517 2326 ’⁸
2532 2291 2851 2352 ’Δπόστολος
2871 2291 2976 2361 ἔφη
2993 2305 3007 2320 ·
3029 2288 3185 2341 «Ὅτι
3219 2287 3314 2340 καὶ
3343 2285 3484 2356 αὑτὴ
3505 2286 3537 2355 ἡ
3556 2284 3735 2345 κτίσις

2171 2384 2668 2457 ἐλευθερωθήσεται
2717 2383 2883 2438 amb"
2933 2381 3036 2450 τῆς
3085 2378 3333 2441 δουλείας
3370 2377 3474 2445 τῆς
3503 2375 3731 2444 φθορᾶς.

2170 2483 2251 2546 εἰς
2286 2480 2384 2551 τὴν
2413 2476 2722 2550 ἐλευθερίαν
2752 2477 2851 2545 τῆς
2875 2473 3032 2543 δόξης
3054 2472 3163 2527 τῶν
3187 2471 3393 2525 τέκνων
3419 2469 3515 2523 τοῦ
3544 2467 3734 2522 Θεοῦ.»

2243 2623 2349 2688 κη’.
2380 2636 2400 2669 ι
2436 2617 2510 2671 Σὺ
2540 2616 2596 2671 δὲ
2629 2617 2658 2670 ὁ
2689 2613 2850 2677 αὐτὸς
2866 2608 2937 2678 εἶ,
2976 2610 3071 2666 καὶ
3099 2610 3169 2664 τὰ
3193 2609 3288 2679 ἔτη
3320 2626 3410 2662 σου
3442 2607 3545 2661 ούκ
3576 2604 3748 2659 ἐκλεί-

2171 2711 2384 2782 ψουσιν.
2429 2728 2449 2761 ι
2479 2708 2590 2781 Τὴν
2638 2708 2735 2779 μὲν
2768 2706 2860 2761 οῦν
2913 2704 3090 2759 κτίσιν
3144 2699 3620 2775 μεταρρυθμίζεις
3675 2697 3749 2761 ὡς

2174 2801 2402 2865 ἐθέλεις,
2463 2800 2507 2853 ῶ
2569 2800 2855 2853 Δέσποταο
2909 2798 2973 2851 σὺ
3020 2796 3076 2850 δὲ
3129 2796 3395 2868 ἄτρεπτον
3453 2792 3610 2863 ἔχεις
3658 2792 3755 2859 τὴν

2175 2894 2359 2964 φύσιν,
2395 2899 2490 2948 καὶ
2534 2892 2870 2955 ἀλλοιώσεως
2910 2891 3218 2958 κρείττονα.
3271 2887 3456 2941 Ταῦτα
3496 2884 3692 2957 μέντοι
3727 2886 3755 2937 6

2177 2986 2318 3048 θεῖος
2349 2984 2672 3047 Ἀπόστολος
2698 2986 2764 3054 τῇ
2793 2984 2885 3037 τοῦ
2915 2982 3041 3036 Υίοῦ
3076 2980 3449 3054 περιτέθεικεν
3498 2978 3756 3045 ἰδιότητι,

2174 3080 2233 3131 ὲν
2263 3080 2328 3149 τῇ
2359 3077 2497 3147 πρὸς
2528 3075 2812 3148 Ἑϐραίους
2851 3074 3155 3145 Ἐπιστολῇ.
3204 3072 3341 3126 Ἀλλ’
3387 3072 3536 3141 ὅμως
3586 3072 3648 3122 έν
3681 3067 3758 3138 τῷ

516 3161 750 3255 plamur.
798 3180 930 3247 Qua:
956 3178 1102 3234 enim
1136 3177 1224 3231 ille
1261 3174 1408 3236 facit,
1450 3170 1564 3224 hzec
1600 3175 1654 3223 et
1682 3165 1850 3220 Filius
1884 3161 2073 3217 eodem

2179 3168 2293 3241 Υίῷ
2338 3168 2650 3241 θεωροῦμεν
2698 3168 2791 3222 τὸν
2830 3168 3071 3239 Πατέρα.
3128 3167 3196 3219 Ἀ
3236 3164 3343 3236 γὰρ
3364 3163 3429 3218 ἂν
3448 3165 3495 3195 ¹⁶
3543 3162 3760 3223 ἐκεῖνος

520 3276 684 3332 modo
713 3273 866 3336 facit,
897 3280 951 3327 et
973 3270 1161 3326 eadem
1208 3276 1403 3322 natura
1438 3264 1496 3319 in
1530 3272 1762 3331 utroque
1790 3254 2075 3328 cognosci-

2183 3265 2349 3329 ποιεῖ,
2385 3262 2557 3317 ταῦτα
2604 3261 2699 3315 καὶ
2740 3262 2768 3314 ὁ
2816 3260 2945 3324 Υἱὸς
3000 3258 3262 3321 ὡσαύτως
3298 3259 3478 3310 ποιεῖ·
3534 3254 3639 3308 καὶ
3697 3250 3757 3305 τὸ

521 3380 610 3425 tur
646 3383 662 3422 :
690 3382 849 3423 unam
883 3364 1027 3420 enim
1070 3376 1191 3417 esse
1222 3361 1489 3414 actionem
1532 3352 1816 3409 Trinitatis
1850 3350 2078 3405 scimus.

587 3567 752 3621 Vens.
783 3565 873 3620 29.
912 3582 929 3615 ι
978 3562 1101 3617 Filii
1132 3574 1414 3615 servorum
1470 3567 1686 3612 tuorum
1737 3550 2081 3612 habitahunt,

523 3666 579 3711 et
602 3671 788 3712 semen
823 3668 1014 3709 eorum
1048 3652 1102 3706 in
1142 3649 1401 3705 saeculum
1447 3646 1735 3715 dirigetur.
1776 3661 1795 3694 ι
1831 3640 2082 3712 Symma-

524 3749 662 3805 chus
688 3746 897 3817 1323
936 3744 1145 3815 posuit,
1190 3739 1535 3811 permanebit.
1583 3734 1865 3807 Signiﬁcat
1903 3740 2081 3788 autem

525 3841 651 3897 illos
680 3856 709 3894 a
740 3838 1000 3894 servitute
1040 3836 1300 3889 liberatos
1332 3829 1762 3899 Hierosolymam
1804 3824 2083 3879 habitatu-

525 3950 617 3991 ros
653 3948 771 3990 esse
801 3951 815 3986 :
845 3944 899 3986 at
947 3931 1141 3985 horum
1173 3943 1356 3984 semen
1394 3928 1447 3980 in
1476 3934 1735 3980 aaternum
1763 3936 2086 3992 permansu-

524 4045 646 4085 rum
678 4042 820 4084 esse.
873 4025 948 4080 De
978 4026 1081 4079 hoc
1109 4024 1319 4079 semine
1364 4021 1584 4074 divinus
1619 4016 1915 4087 Apostolus
1966 4013 2043 4068 ait
2072 4031 2084 4067 :

530 4138 551 4170 ε
612 4120 798 4172 Donec
838 4114 1023 4171 veniat
1061 4128 1271 4177 semen,
1316 4110 1459 4181 quod
1493 4108 1827 4179 promissum
1862 4116 1946 4161 est
1973 4106 2025 4158 ιι.
2063 4123 2080 4156 ι

530 4213 632 4266 Et:
670 4229 689 4261 ι
724 4208 1038 4263 Abrahamo
1069 4205 1227 4261 dicta:
1254 4211 1382 4259 sunt
1414 4200 1825 4271 promissiones,
1852 4206 1907 4252 et
1929 4195 2091 4252 semi-

528 4304 583 4359 ni
618 4303 758 4372 ejus.
797 4299 919 4354 Non
947 4298 1101 4362 dicit,
1141 4306 1195 4351 et
1221 4295 1542 4359 seminibus,
1568 4301 1827 4363 tanquam
1867 4291 1923 4345 in
1953 4290 2090 4344 mul-

528 4400 598 4450 tis
636 4412 649 4447 τ
680 4393 774 4449 sed
806 4401 1067 4460 tanquam
1093 4389 1146 4442 in
1181 4403 1308 4450 uno,
1362 4396 1416 4441 et
1455 4384 1647 4440 semini
1675 4394 1791 4449 tuo,
1827 4383 1969 4453 quod
2008 4392 2091 4438 est

528 4484 784 4539 Christus
827 4484 873 4537 ί.
926 4500 947 4533 ι
983 4479 1099 4535 Hoc
1129 4494 1312 4535 semen
1344 4477 1399 4531 in
1428 4485 1691 4531 :eternum
1725 4474 2087 4545 permanebit.

2181 3356 2373 3409 ταυτὸν
2418 3355 2518 3425 τῆς
2574 3352 2786 3423 φύσεως
2819 3353 2876 3405 ὲν
2906 3350 3155 3422 ἐκατέρῳ
3198 3346 3562 3421 γνωρίζεταιο
3616 3344 3753 3415 μίαν

2182 3447 2290 3525 γάρ
2321 3448 2480 3517 ἴσμεν
2502 3446 2601 3516 τὴν
2632 3446 2733 3515 τῆς
2767 3443 2991 3516 Τριὰδος
3018 3442 3318 3515 ἐνέργειαν.

2254 3558 2356 3613 κθ’.
2413 3576 2432 3610 ι
2474 3560 2535 3610 Ui
2572 3557 2678 3610 υἱοὶ
2709 3555 2818 3609 τῶν
2857 3554 3058 3609 δούλων
3088 3571 3180 3607 σου
3228 3548 3750 3620 κατασκηνὼσουσι,

2185 3651 2280 3704 καὶ
2307 3649 2366 3703 τὸ
2399 3650 2621 3721 σπέρμα
2653 3647 2832 3702 αὐτῶν
2860 3649 2941 3709 είς
2967 3645 3059 3699 τὸν
3088 3644 3261 3700 αἰῶνα
3276 3646 3323 3676 ³⁷
3375 3640 3749 3711 κατευθυνθή-

2187 3759 2357 3796 σεται.
2395 3760 2414 3794 ι
2451 3741 2509 3794 ’0
2541 3740 2599 3793 δὲ
2628 3738 2921 3809 Σύμμαχος
2943 3735 3211 3806 διαμενεῖ
3227 3735 3456 3789 τέθεικε.
3485 3733 3753 3803 Σημαίνει

2185 3835 2242 3888 δὲ
2267 3834 2341 3898 ὡς
2370 3836 2419 3887 oi
2452 3833 2549 3903 μὲν
2571 3833 2671 3901 τῆς
2701 3830 2945 3892 δουλείας
2976 3827 3380 3895 ἀπαλλαγέντες
3411 3826 3510 3894 τὴν
3548 3823 3751 3894 Ἰερου-

2190 3928 2371 3998 σαλὴμ
2400 3926 2705 3997 οἰκήσουσι,
2759 3923 2820 3976 τὸ
2869 3923 2927 3976 δὲ
2968 3920 3026 3985 ἐξ
3057 3922 3237 3976 αὐτῶν
3291 3918 3517 3990 σπέρμα
3558 3918 3649 3980 είς
3672 3914 3755 3968 τὸν

2188 4021 2360 4075 αἰῶνα
2416 4019 2677 4088 διαμενεῖ.
2741 4016 2876 4086 Περὶ
2908 4014 3097 4067 τούτου
3146 4013 3204 4066 δὲ
3239 4011 3333 4064 τοῦ
3383 4008 3754 4080 σπέρματοςὸ

2191 4114 2333 4175 θεῖος
2370 4110 2690 4172 Ἀπόστολος
2722 4107 2845 4178 ἔφη·
2880 4127 2898 4159 ι
2934 4108 3126 4176 Ἀχρις
3163 4098 3223 4159 οὗ
3262 4102 3389 4174 ἔλθῃ
3420 4103 3481 4155 τὺ
3532 4100 3761 4171 ,σπέρμα

2189 4206 2217 4259 ὃ
2247 4202 2659 4275 ὲπήγγελταιίδ.
2702 4220 2720 4252 ι
2753 4200 2883 4264 Καὶ,
2912 4216 2931 4251 ι
2967 4199 3056 4269 Τῷ
3090 4196 3340 4269 Ἀϐραὰμ
3382 4195 3698 4267 ἐρρήθησαν
3718 4193 3762 4223 ”

2190 4298 2248 4352 αἱ
2273 4295 2613 4366 ἐπαγγελίαι,
2644 4294 2738 4347 καὶ
2766 4291 2842 4361 τῷ
2865 4291 3139 4361 σπέρματι
3161 4286 3347 4343 αὑτοῦ.
3373 4288 3448 4340 Ού
3478 4286 3630 4354 λέγει
3656 4284 3767 4339 Καὶ

2191 4391 2303 4453 τοῖς
2330 4389 2636 4458 σπέρμασιν
2664 4384 2738 4446 ὡς
2770 4383 2861 4435 ἐπὶ
2887 4381 3118 4444 πολλῶν,
3149 4378 3266 4434 ἀλλ’
3292 4378 3367 4441 ὡς
3382 4378 3467 4447 ἐφ’
3491 4377 3632 4441 ἐνὸς,
3655 4376 3767 4431 Καὶ

2192 4478 2269 4551 τῷ
2298 4477 2571 4550 σπέρματί
2601 4493 2715 4541 σου,
2740 4476 2798 4537 ὃς
2828 4476 2946 4527 ἐστι
2974 4471 3229 4544 Χριστόςο
3263 4489 3280 4523 ι
3315 4468 3486 4522 Τοῦτο
3514 4467 3576 4521 τὸ
3596 4468 3766 4537 σπέρ-

529 4573 754 4629 Unitum
814 4570 958 4627 enim
1006 4584 1129 4625 cum
1172 4569 1279 4622 Deo
1326 4566 1524 4644 Verbo,
1577 4564 1937 4619 immortalem
1997 4564 2063 4617 ha

2202 4590 2276 4644 μα
2330 4572 2409 4634 εἰς
2436 4569 2527 4624 τὸν
2551 4568 2723 4622 αἰῶνα
2750 4567 3015 4637 διαμενεῖ.
3066 4563 3299 4619 Ἐνωθὲν
3353 4561 3462 4630 γὰρ
3524 4559 3605 4629 τῷ
3651 4559 3767 4628 Θεῷ

531 4670 623 4722 bet
651 4676 922 4729 naturam,
956 4672 1012 4717 et
1041 4642 1388 4717 credentibus
1417 4658 1581 4712 vitam
1606 4657 1868 4727 largitur,
1894 4670 2092 4711 secun-

531 4760 662 4811 clum
706 4758 880 4827 ipsius
923 4754 1138 4811 Domini
1177 4768 1364 4808 vocem
1396 4769 1410 4805 :
1449 4767 1469 4801 ι
1521 4749 1625 4816 Qui
1658 4749 1951 4804 manducat
1976 4764 2095 4803 car-

2200 4660 2358 4731 Λόγφ
2385 4658 2687 4729 ἀνώλεθρον
2720 4657 2831 4727 ἔχει
2880 4656 2941 4708 τὸ
2976 4651 3135 4721 εἶναι,
3188 4655 3284 4707 καὶ
3330 4652 3587 4723 δωρεῖται
3628 4650 3766 4720 ζωὴν

2200 4754 2312 4814 τοῖς
2371 4749 2708 4813 πιστεύουσι,
2754 4746 2895 4803 κατὰ
2937 4747 3036 4817 τὴν
3090 4745 3255 4799 αὐτοῦ
3310 4744 3516 4815 Κυρίου
3548 4746 3765 4814 φωνήνο

535 4867 656 4904 nem
702 4865 908 4913 meam,
958 4857 1013 4904 et
1060 4847 1200 4903 bibit
1249 4845 1568 4916 sanguinem
1623 4857 1828 4905 meum,
1862 4842 2007 4895 vivet
2040 4842 2075 4895 it

2207 4861 2225 4894 ι
2273 4843 2332 4896 Ὀ
2360 4843 2587 4913 τρώγων
2633 4859 2732 4913 μου
2788 4840 2887 4911 τὴν
2931 4840 3132 4909 σάρκα,
3193 4838 3291 4892 καὶ
3344 4839 3518 4890 πίνων
3567 4854 3676 4909 μου
3710 4833 3765 4888 τὸ

535 4952 797 4998 aeternum
841 4938 888 4994 i.
952 4960 972 4991 ι

612 5139 633 5180 ί
663 5140 823 5196 Rom.
851 5152 971 5203 vm,
1010 5136 1100 5193 2L
1174 5146 1201 5185 ε
1234 5134 1395 5191 Hebr.
1433 5152 1470 5200 ι,
1504 5133 1681 5189 10-12.
1758 5135 1783 5173 ιι
1814 5133 1986 5188 Galat.
2023 5148 2105 5198 nt,
2143 5133 2229 5187 19.

1613 5332 1847 5388 ἾΑΒΙᾸΞ
1888 5331 2269 5388 LECTIONES
2307 5331 2395 5387 ET

2200 4932 2342 5005 αἷμα
2366 4975 2380 4999 ,
2415 4934 2640 5005 ζήσεται
2667 4936 2745 4997 εἰς
2775 4933 2865 4986 τὸν
2903 4933 3095 4988 αἰῶνα.
3146 4952 3165 4985 ι

2314 5133 2327 5173 ί
2359 5132 2489 5189 ibid.
2522 5134 2609 5188 16.
2688 5135 2701 5184 i
2745 5135 2901 5191 Joau.
2935 5152 3012 5199 γι,
3049 5137 3139 5203 54,
3168 5135 3247 5193 58.

2462 5329 2699 5388 NOTAE.

616 5505 659 5534 “
690 5502 811 5558 cod.
844 5501 894 5554 Ι.
925 5498 1075 5553 ὡσεί.
1152 5498 1194 5530 "
1233 5496 1357 5552 Ἐλ.
1382 5496 1689 5551 αὑτ.Ηει)1’.
1722 5493 1955 5548 Mutabis
1983 5511 2068 5547 eos

2179 5535 2189 5547 .
2213 5494 2389 5549 talos.
2463 5493 2577 5549 Nisi
2596 5508 2786 5549 omnes
2815 5493 3026 5549 codices
3052 5494 3319 5551 versionis
3336 5495 3443 5549 τῶν
3470 5496 3527 5548 0'
3553 5510 3769 5550 consen-

544 5576 709 5629 tirent
736 5573 796 5626 in
824 5572 1055 5625 lectione
1090 5568 1308 5632 ἑλίξεις.
1340 5565 2073 5636 legendum,esseAvideretur

2179 5564 2295 5629 λάξε
2305 5584 2371 5628 ις.

545 5645 665 5697 cod.
729 5644 752 5696 1
788 5641 1010 5706 ἔνδυμα.
1051 5640 1123 5693 lta
1161 5655 1376 5707 quoque
1394 5633 1571 5707 habet
1624 5633 1813 5689 Montf.
1847 5635 1899 5688 in
1962 5634 2188 5707 Hexapl.
2243 5636 2331 5689 ad.
2357 5636 2425 5707 Ah.
2461 5636 2498 5693 l.

543 5714 789 5767 eamdem
821 5711 1103 5765 lectionem
1142 5706 1332 5762 tribuit
1365 5706 1585 5760 Nostro.

546 5785 590 5815 "
638 5782 789 5834 ‘And.
858 5781 975 5833 end.
1021 5776 1041 5830 1
1080 5780 1167 5832 ἐπ.
1274 5778 1319 5808 ’⁸
1373 5778 1491 5829 Ἂν.
1526 5777 1686 5831 Ahrst
1714 5793 1740 5831 a
1770 5776 1887 5830 cod.
1926 5778 1969 5829 l.

546 5852 922 5921 ἐπηγγείλατο.
997 5850 1041 5879 ²⁹
1063 5848 1182 5904 cod.
1220 5849 1238 5900 l
1280 5847 1594 5916 ἐρρέθησαν.

1660 5709 1704 5735 ¹¹
1735 5707 1852 5760 cod.
1908 5707 1929 5759 1
1962 5706 2120 5760 αὐτά.
2197 5707 2243 5737 ⁸³
2282 5705 2425 5775 Γιίρ.
2453 5705 2576 5760 cod.
2618 5707 2639 5759 1
2681 5720 2867 5772 praem.
2904 5705 3025 5771 μέν.

2451 5566 2497 5597 ¹⁸
2527 5566 2646 5620 cod.
2676 5564 2697 5616 1
2729 5566 2923 5617 πάντα.
3003 5565 3043 5595 ¹⁹
3095 5564 3219 5619 cod.
3253 5567 3275 5620 1
3336 5565 3431 5629 ὡς.
3513 5567 3560 5597 ὀ
3588 5566 3765 5631 Περιᾶ

2609 5635 2653 5665 ¹¹
2682 5635 2846 5689 Ἀλλ.
2877 5632 3067 5687 Montf.
3111 5636 3146 5688 Ι.
3182 5652 3232 5689 c.
3294 5637 3452 5689 habet
3485 5633 3699 5699 ἑλίξεις.
3724 5644 3768 5685 et

2618 5707 2639 5759 1
2681 5720 2867 5760 nraem.
2904 5705 3025 5760 μέν.
3102 5707 3147 5735 ⁸³
3178 5709 3361 5760 Θεσπ.
3396 5706 3517 5760 cod.
3558 5707 3580 5760 1
3618 5705 3763 5760 θεῖος.

3130 5712 3147 5735 ³
3178 5709 3361 5760 Θεσπ.
3396 5708 3517 5760 cod.
3558 5708 3580 5760 1
3618 5708 3763 5762 θεῖος.

2081 5778 2125 5809 ’⁷
2158 5775 2257 5844 Εἰς
2306 5772 2407 5831 τὼ⁸
2430 5776 2633 5833 αἰῶνα.
2671 5776 2830 5831 Hebr.
2874 5776 3065 5830 Coram
3100 5784 3165 5829 lc.
3242 5778 3285 5808 ³⁸
3316 5774 3565 5845 Ἐπήγγ.
3591 5775 3706 5831 cod.
3744 5772 3765 5827 ί
