3924 6484
184 311 331 378 1685

500 426 762 484 ΕΡΜΗΝ.
804 429 940 483 ΤΟΥ
974 432 1075 484 ΡΒ¹
1113 434 1433 488 ΨΔΛΜΟΥ.

247 547 323 592 α’.
358 559 378 591 ι
416 529 649 613 Ψαλμὸς
679 542 755 613 τῷ
789 544 1041 598 Δασίδ⁸ο.
1102 565 1121 599 ι
1162 549 1322 600 Δοκεῖ
1351 548 1452 617 μὲν
1485 550 1514 600 ό
1541 547 1755 618 ψαλμὺς

175 628 339 697 οὗτος
365 636 663 700 ἀκόλουθος
693 631 832 692 εἶναι
852 638 897 670 ³⁸
925 638 1004 709 τῷ
1033 641 1476 712 προτεταγμένῳ,
1505 643 1601 695 καὶ
1631 643 1754 696 κατ’

178 726 355 797 αὐτὴν
381 731 486 798 τὴν
523 728 804 784 ὑπόθεσιν.
854 731 942 784 Ἐν
973 734 1167 803 ἐκείνῳ
1203 734 1301 802 μὲν
1332 732 1461 803 γὰρ,
1487 734 1535 786 οἱ
1576 734 1677 796 τὰς
1698 735 1757 787 ὲν

180 816 468 872 Βαϐυλῶνι
497 819 788 889 συμφοράς
808 820 1221 890 ὀλοφυρόμενοι,
1237 821 1330 875 τὸν
1353 820 1485 875 Θεὸν
1514 823 1754 877 ἱκέτευον

177 910 281 979 τῆς
326 911 589 965 ἐπανόδου
636 914 819 981 τυχεῖν
846 927 860 942 ·
914 912 1147 967 ἐνταῦθα
1188 912 1245 966 δὲ
1291 915 1652 985 τετυχηκότες
1681 908 1757 968 ὧν

180 1005 394 1074 ᾔτησαν
423 1002 658 1072 ὑμνοῦσι
687 1003 776 1055 τὸν
798 1003 1115 1074 εὐεργέτην.
1163 1004 1304 1074 Ἐγὼ
1328 1006 1385 1059 δὲ
1406 1003 1557 1076 οἶμαι
1588 1008 1758 1059 πᾶσιν

181 1092 495 1166 ἀνθρώποις
530 1095 822 1165 ἁρμόττειν
860 1096 960 1166 τὴν
975 1097 1018 1129 ³¹
1053 1096 1328 1166 ὑμνῳδίαν
1361 1098 1453 1152 καὶ
1496 1098 1757 1166 πικροτέ-

186 1200 283 1255 ρας
316 1185 685 1253 ἀπαλλαγεῖσι
732 1185 992 1249 δουλείας,
1031 1187 1125 1240 καὶ
1162 1188 1410 1258 μείζονος
1441 1187 1757 1254 ἀξιωθεῖσιν

182 1275 520 1346 ἐλευθερίας.
552 1275 792 1347 Δηλώσει
816 1276 874 1329 δὲ
910 1277 1005 1331 καὶ
1043 1277 1153 1332 τῶν
1206 1280 1387 1351 ῥητῶν
1443 1282 1476 1351 ἡ
1526 1281 1753 1345 διάνοια,

185 1365 256 1430 ὡς
292 1366 436 1438 αὐτὴ
472 1367 676 1437 μᾶλλον
732 1372 766 1441 ἡ
803 1368 1058 1433 ὑπόθεσις
1108 1369 1325 1442 ἐκείνης
1371 1370 1713 1444 ἀληθεστέρα
1738 1389 1754 1404 ο

192 1458 473 1527 «Εὐλόγει,
490 1461 525 1531 ἡ
539 1461 686 1531 ψυχή
710 1478 834 1532 μου,
856 1460 948 1515 τὸν
970 1460 1196 1532 Κύριον,
1211 1462 1305 1516 καὶ
1323 1464 1582 1517 πάντατά
1606 1464 1756 1527 ἐντός

191 1567 289 1621 μου
314 1552 380 1604 τὸ
402 1550 575 1622 ὄνομα
607 1552 669 1606 τὸ
688 1552 844 1621 ἅγιον
871 1552 1058 1607 αὐτοῦ.
1099 1573 1118 1606 ι
1148 1554 1211 1607 Οἱ
1246 1554 1603 1626 εὐγνωμόνως
1629 1556 1760 1624 περὶ

189 1641 282 1705 τὰς
310 1642 471 1703 θείας
510 1642 740 1714 χάριτας
796 1644 1131 1715 διακείμενοι
1179 1647 1260 1708 είς
1298 1647 1569 1717 ὑμνῳδίαν
1619 1651 1758 1717 σφᾶς

190 1735 386 1798 αὐτοὺς
408 1735 761 1807 διεγείρουσι,
796 1738 888 1790 τὸν
910 1736 1203 1808 εὐεργέτην
1224 1733 1305 1801 οἷς
1333 1738 1558 1792 δυνατὸν
1595 1742 1756 1810 ἀμει-

1570 323 1651 384 IN
1684 321 1889 389 PSAL.
1920 321 2049 385 Cll‘.

1777 440 1834 497 Δ

3291 319 3443 386 1686‘

2259 432 2581 491 INTEBPR‘.
2619 432 2872 490 PSALMI
2900 435 3013 490 Cll.

1934 547 2092 602 Vnns.
2128 546 2177 600 l.
2223 564 2241 597 ι
2280 544 2530 602 Psalmus
2560 545 2770 601 Davidi.
2812 564 2830 597 ι
2870 544 2970 600 Hic
3006 546 3250 615 psalmus
3280 546 3429 601 vide-

1857 646 1945 691 tur
1994 636 2325 708 praecedenti
2355 638 2711 707 respondere,
2754 636 3006 705 idemque
3040 646 3427 706 argumentum

1857 731 2074 784 habere.
2128 729 2187 783 ln
2239 729 2333 784 illo
2364 731 2512 784 enim
2544 729 2908 796 calamitates,
2967 746 3107 802 quas
3151 731 3431 802 Babylone

1855 822 2201 892 patiebantur
2224 821 2601 891 deplorantes,
2630 822 2800 876 Deum
2829 822 3062 876 orabant
3099 830 3157 875 ut
3194 820 3438 876 reditum.

1855 924 2325 984 consequerentur
2380 913 2519 967 :hic
2568 928 2698 966 vero
2754 911 2845 966 illa
2902 926 3024 981 quas
3072 912 3453 980 eﬁlagitarant;

1855 1006 2161 1072 consecuti,
2204 1003 2449 1058 beneﬁcii
2484 1014 2765 1058 auctorem
2802 1003 3048 1057 laudant.
3103 1001 3215 1072 Ego
3243 1010 3452 1056 autem.

1856 1098 2050 1167 opinor
2082 1097 2229 1151 hunc
2255 1096 2517 1166 hymnum
2541 1095 2800 1150 omnibus
2826 1094 3140 1149 hominibus
3164 1108 3432 1163 congrue-

1856 1205 1936 1251 re.
1963 1190 2054 1260 Qui
2092 1190 2162 1243 ab
2192 1188 2459 1243 acerbiori
2518 1188 2777 1243 servitute
2832 1186 3043 1241 liberati
3078 1195 3226 1251 sunt,
3257 1199 3431 1253 majo-

1860 1284 2018 1353 rique
2067 1282 2320 1337 libertate
2353 1281 2536 1337 donati
2586 1280 2761 1335 fuere.
2807 1276 3215 1332 Demonstrabit
3265 1292 3431 1347 porro

1857 1378 2155 1431 verborum
2190 1390 2406 1439 sensus,
2442 1374 2547 1427 hoc
2565 1380 2948 1444 argumentum
2985 1372 3160 1440 magis
3198 1384 3321 1424 esse
3342 1384 3433 1423 ve-

1860 1481 2001 1531 rum,
2038 1482 2202 1536 quam
2240 1466 2370 1520 illud
2404 1483 2418 1519 :
2456 1482 2474 1515 ι
2510 1463 2764 1528 Benedic,
2798 1461 2980 1516 anima
3000 1475 3141 1527 mea,
3176 1459 3431 1522 Domino,

1858 1561 2107 1612 etomnia
2128 1573 2252 1629 qua;
2274 1559 2415 1612 intra
2438 1572 2524 1612 me
2544 1564 2691 1620 sunt,
2725 1555 2935 1610 nomini
2971 1564 3163 1609 sancto
3186 1554 3325 1624 ejus.
3359 1571 3379 1603 ι
3411 1554 3429 1575 ⁶

1859 1649 1960 1716 Qui
1988 1666 2114 1719 erga
2145 1650 2327 1705 divina
2358 1649 2621 1704 beneﬁcia
2661 1656 2817 1720 grato
2845 1647 3032 1701 animo
3067 1645 3245 1701 aﬂ‘ecti
3280 1653 3431 1709 sunt,

1862 1743 1929 1797 ad
1964 1742 2177 1797 divinas
2205 1740 2395 1796 laudes
2435 1739 2648 1810 seipsos
2676 1740 2937 1804 excitant,
2971 1737 3219 1794 beneﬁcii
3241 1743 3433 1790 aucto-

190 1829 434 1900 δόμενοι.
461 1830 699 1884 Δυνατὸν
736 1828 791 1883 δὲ
816 1830 1006 1900 ὑμνεῖν
1033 1829 1143 1891 ἀεὶ,
1174 1829 1270 1882 καὶ
1296 1829 1403 1882 τῶν
1429 1830 1757 1901 εὐεργεσιῶν

1875 1851 2001 1899 rem,
2032 1835 2231 1905 quibus
2264 1835 2446 1890 modis
2472 1844 2722 1904 possunt,
2756 1840 3195 1888 remunerantes.
3252 1829 3435 1884 Potest

190 1920 412 1977 ίναυλον
447 1923 767 1995 περιφέρειν
794 1923 895 1992 τὴν
955 1922 1200 1993 μνήμην.
1236 1915 1395 1975 Οὗτοι
1443 1923 1539 1975 καὶ
1583 1922 1759 1977 πάντα

189 2017 256 2070 τὰ
279 2017 433 2080 ἐντὸς
489 2016 829 2086 καθιεροῦσι,
879 2014 975 2068 καὶ
1003 2013 1181 2068 πάντα
1242 2014 1503 2084 λογισμὸν
1545 2018 1625 2080 εἰς
1668 2016 1757 2069 τὸν

191 2110 333 2164 θεῖον
363 2109 533 2179 ύμνον
565 2106 931 2163 ἀνακινοῦσιν.
976 2108 1174 2174 Ἐντὸς
1220 2109 1329 2177 γὰρ
1366 2109 1589 2163 ἐκάλεσε
1633 2112 1759 2175 τοὺς

191 2204 515 2274 λογισμοὺς,
557 2203 653 2257 καὶ
717 2201 817 2265 τὰς
870 2201 1221 2271 ἐνθυμήσεις,
1282 2201 1375 2256 καὶ
1422 2201 1601 2256 πάντα
1659 2204 1760 2274 τῆς

192 2296 366 2368 ψυχῆς
390 2294 461 2348 τά
483 2293 606 2365 κινή
616 2311 782 2365 ματα.

268 2474 334 2546 β’.
366 2493 386 2526 ι
424 2474 676 2543 Εὐλόγει,
719 2474 769 2542 ἡν
803 2472 949 2543 ψυχή
983 2489 1108 2542 μου,
1141 2472 1231 2524 τὸν
1280 2472 1507 2543 Κύριον,
1551 2475 1643 2528 καὶ
1686 2478 1761 2548 μὴ

195 2566 553 2621 ἱπιλανθάνου
600 2564 776 2627 πάσας
824 2564 923 2626 τάς
970 2562 1355 2626 ἀνταποδόσεις
1373 2563 1417 2596 ³³
1480 2563 1666 2621 αὐτοῦ.
1735 2584 1754 2619 ι

198 2658 364 2712 Πάλιν
392 2656 593 2725 ἑαυτὴν
624 2658 656 2727 ἡ
687 2654 834 2726 ψυχὴ
876 2654 1166 2726 διεγείρειν
1214 2654 1524 2709 διδάσκεται
1543 2657 1609 2719 ⁸³,
1665 2658 1761 2710 καὶ

198 2752 289 2820 τῆς
318 2750 489 2822 λήθης
517 2748 821 2815 ἐξελαύνειν
856 2747 918 2801 τὸ
948 2748 1131 2817 νέφος,
1164 2749 1259 2800 καὶ
1296 2747 1406 2800 τῶν
1432 2749 1761 2820 εὐεργεσιῶν

200 2841 661 2911 ἀνανεοῦσθαιτὴν
686 2841 925 2911 μνήμην.
953 2838 1064 2904 Τὰς
1092 2839 1271 2910 μέντοι
1299 2839 1760 2906 ἀνταποδόσεις,

199 2936 541 3005 εὐεργεσίας
570 2935 598 2986 ό
624 2933 918 3004 Σύμμαχος
945 2933 1186 3003 εἴρηκεν.
1209 2927 1341 2985 Εἶτα
1373 2931 1578 2996 ταύτας
1624 2933 1764 2987 κατὰ

203 3026 365 3100 μέρος
391 3026 633 3090 διέξεισι.

1870 1925 2082 1998 1324
2107 1936 2288 1980 autem
2315 1940 2530 1995 semper
2560 1924 2795 1984 laudari.
2831 1935 3202 1991 constansque
3227 1935 3435 1974 memo-

1867 2019 1946 2072 ria
1993 2016 2385 2073 beneﬁciorum
2430 2017 2602 2086 ipsius
2638 2015 2823 2071 animo
2858 2012 3219 2069 circumferri.
3267 2011 3333 2067 Hi
3381 2020 3437 2066 et

1865 2110 2047 2165 omnia
2079 2125 2200 2179 quae
2226 2109 2368 2163 intra
2401 2118 2528 2165 sunt
2550 2116 2892 2169 consecrant,
2925 2119 3255 2173 omnemque
3284 2104 3435 2174 cogi-

1867 2207 2123 2258 tationem
2161 2202 2229 2256 ad
2261 2201 2504 2256 divinam
2554 2200 2766 2255 laudem
2802 2198 3104 2268 appellunt.
3154 2194 3289 2250 Nam
3316 2212 3435 2267 quia

1864 2299 2009 2349 intra
2037 2302 2158 2349 sunt
2214 2293 2685 2358 ratiocinationes,
2736 2291 3228 2363 cogitationesque,
3272 2296 3436 2359 atque

1865 2401 2057 2441 omnes
2083 2384 2255 2439 animi
2288 2395 2470 2440 motus
2498 2384 2813 2453 appellavit.

1936 2477 2098 2533 Vens.
2129 2479 2182 2531 2.
2224 2496 2242 2529 ι
2278 2475 2530 2540 Benedic,
2568 2476 2749 2529 anima
2777 2487 2917 2539 mea,
2952 2471 3205 2536 Domino,
3238 2478 3291 2526 et
3323 2470 3435 2525 noli

1869 2571 2113 2626 oblivisci
2151 2569 2396 2624 omnium
2428 2568 2850 2623 retributionum
2875 2564 3013 2634 ejus.
3056 2584 3074 2617 ι
3110 2564 3325 2620 Rursus
3349 2578 3437 2619 se-

1870 2666 2042 2734 ipsam
2068 2662 2253 2716 anima
2280 2662 2521 2716 excitare
2547 2660 2797 2725 docetur,
2833 2657 3235 2727 oblivionisque
3266 2654 3439 2709 nebu-

1869 2756 1974 2810 lam
1998 2754 2290 2818 discutere,
2317 2762 2371 2807 et
2400 2751 2786 2807 beneﬁciorum
2806 2749 3127 2805 memoriam
3152 2761 3433 2804 renovare.

1871 2849 2260 2903 Retributiones
2309 2845 2530 2917 quidem
2585 2844 2835 2913 beneﬁcia
2870 2841 3237 2914 Symmachus
3275 2839 3434 2895 dixit.

1872 2940 2079 2996 Deinde
2106 2940 2224 2996 haec
2250 2938 2527 3010 sigillatim
2563 2936 2855 3008 percurrit.

257 3116 334 3183 γ’.
395 3137 415 3170 ι
481 3116 587 3171 Τὸν
644 3115 1026 3170 εὐῖλατεύοντα
1092 3114 1274 3178 πάσας
1324 3113 1421 3177 τὰς
1478 3115 1764 3186 ἀνομίας³³

1942 3121 2106 3179 Vens.
2159 3124 2211 3178 3.
2262 3140 2283 3174 ι
2322 3120 2426 3188 Qui
2480 3120 2715 3191 ignoscit
2750 3117 3005 3173 omnibus
3060 3111 3444 3185 iniquitatibus

203 3228 313 3276 σου,
369 3211 464 3263 τὸν
521 3209 748 3278 ἰώμενον
796 3208 978 3271 πάσας
1010 3206 1109 3269 τάς
1160 3206 1352 3271 νόσους
1385 3223 1504 3259 σου.
1547 3227 1567 3259 ι
1601 3202 1770 3271 Οὗτος

204 3305 304 3375 γάρ
337 3319 419 3355 σοι
464 3300 765 3371 δεδώρηται
805 3297 913 3352 τῶν
952 3297 1367 3369 ἁμαρτημάτων
1414 3297 1512 3369 τὴν
1536 3298 1730 3368 ἄφεσιν
1754 3315 1768 3330 ·

204 3389 351 3458 οὗτός
407 3410 494 3447 σοι
534 3393 857 3464 κεχάρισται
900 3390 1010 3445 τῶν
1057 3390 1404 3461 παθημάτων
1457 3390 1556 3462 τὴν
1604 3390 1770 3445 ίασιν.

205 3485 420 3540 Τούτων
447 3488 475 3538 ὁ
501 3484 830 3555 παρειμένος
859 3481 1197 3554 ἀπήλαυσεν.
1233 3482 1474 3536 Ἤκουσε
1505 3484 1616 3555 γὰρ
1634 3484 1774 3537 κατά

206 3579 415 3643 ταυτὸν,
454 3596 473 3630 ι
513 3576 815 3645 Ἀφέωνται
848 3576 906 3628 al
929 3575 1192 3645 ἁμαρτίαι
1212 3591 1329 3628 σου·
1368 3595 1386 3627 ι
1413 3576 1528 3641 καὶ,
1553 3592 1571 3627 ι
1602 3572 1775 3646 *Αρον

207 3672 291 3725 τὸν
328 3669 642 3741 κράϐδατόν
667 3685 784 3732 σου,
825 3668 919 3722 καὶ
949 3667 1127 3737 ὓπαγε
1169 3669 1248 3731 είς
1279 3669 1373 3720 τὸν
1408 3662 1557 3720 οἶκόν
1600 3685 1714 3723 σου.
1753 3688 1770 3719 ι

210 3762 390 3826 Οὕτως
418 3764 456 3831 ή
503 3759 828 3830 ἁμαρτωλὸς
862 3761 1001 3829 γυνὴ
1045 3759 1312 3829 τετύχηκε
1364 3759 1462 3825 τῆς
1497 3759 1772 3827 ἀφέσεως·

208 3856 377 3918 οὕτως
406 3856 434 3907 ό
459 3852 683 3925 λῃστὴς,
715 3851 887 3915 οὕτως
924 3852 975 3904 οἱ
1026 3851 1277 3916 τελῶναι,
1333 3851 1506 3915 οὕτως
1536 3853 1776 3917 ἅπαντες

210 3949 259 4001 οἱ
278 3946 691 4008 πιστεύσαντες.

277 4039 338 4094 δ’.
376 4058 395 4089 ι
425 4038 531 4091 Τὸν
562 4035 930 4108 λυτρούμενον
962 4036 1025 4089 ὲκ
1066 4036 1275 4106 φθορᾶς
1307 4034 1403 4106 τὴν
1437 4033 1583 4105 ζωήν
1611 4053 1725 4088 σου.
1754 4057 1773 4089 ι

213 4131 345 4194 Τοὺς
371 4131 471 4200 μὲν
496 4129 842 4200 ἀπαχθέντας
870 4131 927 4182 ὲν
955 4128 1235 4181 Βαϐυλῶνι
1264 4126 1639 4197 δορυαλώτους
1661 4128 1783 4181 ὅου·

214 4224 357 4286 λείας
388 4222 490 4293 μὲν
516 4221 882 4292 ⁴ἠλευθέρωσε,
906 4221 1005 4290 τῆς
1026 4220 1083 4274 δὲ
1114 4220 1357 4292 φθαρτῆς
1384 4222 1484 4274 οὐκ
1503 4206 1781 4292 ἀπήλλαξε

217 4315 415 4384 βιοτῆς.
453 4314 618 4383 Ἡμῖν
658 4313 716 4365 δὲ
775 4312 1094 4382 κεχάρισται
1144 4314 1246 4383 τῆς
1302 4314 1651 4378 ἀναστάσεως
1684 4313 1782 4377 τὰς

215 4407 449 4470 ἐλπίδας,
491 4409 586 4458 καὶ
616 4406 708 4458 τὸν
733 4405 1029 4477 ἀρραϐῶνα
1069 4404 1166 4458 τοῦ
1199 4404 1513 4476 πνεύματος
1551 4406 1774 4470 ἔδωκεν,

1875 3215 2006 3279 tuis,
2046 3216 2139 3284 qui
2171 3223 2328 3269 sanat
2355 3226 2549 3268 omnes
2577 3210 2921 3266 inﬁrmltates
2950 3218 3094 3263 tuas.
3131 3225 3149 3258 ι
3193 3203 3327 3259 Nam
3357 3204 3443 3258 hic

1874 3318 2222 3379 peccatorum
2276 3306 2488 3361 veniam
2530 3302 2883 3369 condonavit,
2932 3301 3022 3357 hic
3075 3298 3447 3371 perturbatio-

1876 3415 2005 3453 num
2045 3399 2337 3453 sanitatem
2368 3397 2466 3450 tibi
2499 3395 2729 3464 largitus
2759 3403 2859 3447 est.
2910 3380 3034 3446 Haec
3064 3390 3253 3445 omnia
3284 3402 3447 3458 para-

1876 3491 2072 3558 lyticos
2100 3497 2425 3543 consecutus
2449 3495 2553 3540 est.
2595 3482 2771 3538 Simul
2806 3484 2951 3537 enim
2984 3480 3193 3536 audivit
3228 3498 3241 3534 :
3281 3500 3301 3531 ‹
3339 3478 3448 3531 lle-

1879 3581 2041 3635 missa
2063 3588 2190 3634 sunt
2212 3587 2428 3647 peccata
2448 3585 2540 3630 tua
2559 3576 2621 3642 II;
2656 3594 2675 3627 ι
2699 3584 2753 3629 et
2780 3591 2792 3628 :
2824 3590 2843 3625 ι
2869 3572 3023 3627 Tolle
3047 3571 3245 3625 lectum
3272 3578 3446 3631 tuum,
3482 3623 3487 3627 ,

1876 3686 1928 3727 et
1956 3671 2093 3725 vade
2116 3670 2173 3723 in
2200 3669 2420 3722 domum
2452 3674 2601 3719 tuam
2632 3664 2706 3717 κ’.
2737 3681 2757 3715 ι
2799 3660 3063 3717 Similiter
3093 3659 3288 3712 mulier
3321 3672 3447 3726 pec-

1878 3764 2049 3820 catrix
2077 3761 2367 3817 sanitatem
2394 3774 2458 3812 ac
2500 3757 2715 3810 veniam
2758 3759 3051 3807 consecuta
3085 3758 3169 3805 est
3204 3747 3246 3802 ι.
3283 3747 3452 3801 Simi-

1879 3859 1999 3911 liter
2042 3858 2179 3909 latro
2212 3863 2272 3919 αι,
2320 3851 2573 3908 similiter
2620 3845 2921 3920 publicani,
2946 3843 3200 3900 similiter
3235 3855 3451 3903 omnes.

1883 3950 1977 4019 qui
2014 3945 2383 4003 crediderunt.

1948 4038 2113 4094 Vens.
2152 4036 2206 4091 4.
2246 4054 2265 4087 ι
2304 4034 2406 4102 Qui
2439 4031 2657 4087 redimit
2683 4032 2751 4085 de
2782 4027 3006 4083 interitu
3039 4026 3204 4080 vitam
3233 4035 3401 4079 tuam.
3427 4042 3474 4074 ι,

1884 4132 1993 4187 Eos
2035 4128 2255 4197 quidem
2297 4126 2390 4195 qui
2430 4122 2759 4195 Babylonem
2793 4121 2848 4174 in
2877 4119 3194 4173 servitutem
3233 4115 3477 4171 abducti

1881 4224 2053 4286 fuere,
2083 4236 2113 4274 a
2147 4219 2406 4275 servitute
2437 4214 2688 4271 liberavit
2718 4232 2732 4267 :
2760 4222 2815 4266 at
2861 4227 2931 4266 ex
2967 4210 3079 4264 vita
3114 4204 3457 4276 corruptioui

1881 4314 2119 4370 obnoxia
2150 4308 2378 4365 minime
2410 4304 2680 4360 liberavit.
2720 4302 2891 4356 Nobis
2937 4314 3065 4354 vero
3094 4296 3465 4352 resurrectio—

1882 4409 1970 4463 nis
2004 4421 2152 4475 spem
2182 4402 2413 4472 largitus
2437 4408 2544 4464 est,
2588 4397 2899 4468 pignusque
2938 4392 3163 4461 spiritus
3205 4387 3469 4459 praebuit,

217 4500 305 4553 καὶ
331 4497 423 4552 τὸν
461 4497 562 4567 τῆς
603 4495 912 4565 ἀφθαρσίας
943 4496 1091 4564 ἡμᾶς
1122 4495 1337 4548 ἐνέδυσε
1366 4494 1588 4565 χιτῶνα.
1621 4514 1639 4547 ι
1676 4497 1766 4550 Τὸι

1882 4511 1937 4559 et
1986 4511 2135 4554 veste
2171 4492 2596 4551 immortalitatis
2634 4504 2733 4544 nos
2768 4487 2970 4542 induit.
3010 4504 3029 4537 (
3076 4482 3181 4549 Qui
3232 4487 3477 4535 coronat.

219 4590 588 4660 στεφανοῦντά
617 4606 677 4642 σε
712 4590 769 4641 ὲν
795 4587 933 4641 ἐλέει
968 4588 1063 4641 καὶ
1094 4588 1417 4660 οἱκτιρμοῖς.
1444 4607 1565 4641 ι-ι
1590 4589 1785 4659 Χάριτί

216 4685 333 4737 ἐστε
353 4684 398 4715 ³⁸
423 4681 779 4752 σεσωσμένοι,
879 4696 1047 4751 φησιν
1073 4683 1100 4733 ό
1130 4679 1273 4742 θεῖος
1312 4679 1656 4744 Ἀπόστολος,
1688 4681 1785 4735 καὶ

216 4778 370 4831 τοῦτο
403 4777 507 4829 οὐκ
532 4774 591 4840 ἐξ
621 4773 776 4845 ὐμῶν
798 4791 812 4805 ο
842 4773 976 4828 Θεοῦ
1007 4776 1070 4827 τὸ
1097 4774 1290 4843 δῶρον,
1316 4775 1401 4827 ἵνα
1430 4777 1501 4845 μή
1538 4791 1624 4838 τις
1645 4792 1784 4827 καυο

220 4871 475 4940 χήσηται.
508 4887 526 4919 ι
552 4868 662 4920 Καὶ
682 4867 864 4930 πάλιν,
893 4886 911 4918 ι
940 4865 1171 4936 Χριστὸς
1192 4866 1399 4937 Ἰησοῦς
1414 4863 1577 4937 ἦλθεν
1600 4867 1679 4929 είς
1694 4868 1786 4919 τὸν

224 4964 423 5033 κόσμον
470 4959 832 5033 ἁμαρτωλοὺς
864 4959 1056 5023 σῶσαι,
1091 4951 1166 5011 ὧν
1217 4958 1432 5031 πρῶτός
1485 4961 1601 5029 είμι
1650 4958 1783 5027 ἐγώ.

1888 4606 1940 4650 te
1991 4588 2394 4650 misericordia,
2446 4593 2502 4641 et
2551 4580 3023 4637 miserationibus.
3067 4594 3086 4628 ι
3115 4604 3182 4616 —
3219 4592 3237 4624 ι
3273 4571 3476 4631 Gratia,

1882 4685 2073 4743 salvati
2098 4682 2248 4747 estis,
2268 4690 2328 4735 ut
2353 4679 2429 4733 ait
2450 4677 2670 4730 divinus
2697 4670 2996 4742 Apostolus
3022 4677 3047 4704 ιι
3084 4685 3097 4720 :
3129 4674 3182 4718 et
3209 4666 3312 4718 hoc
3343 4676 3452 4715 non

1885 4793 1952 4831 ex
1982 4774 2140 4831 vobis
2171 4789 2187 4831 :
2222 4772 2315 4826 Dei
2342 4765 2554 4839 1325
2584 4773 2668 4820 est
2702 4764 2930 4826 donum,
2966 4768 3027 4813 ut
3070 4769 3232 4811 nemo
3263 4753 3464 4825 glorie-

1885 4881 1995 4924 tur.
2037 4887 2055 4919 ι
2094 4866 2159 4920 Et
2185 4880 2380 4919 rursus
2413 4881 2426 4917 :
2465 4881 2483 4913 ι
2520 4859 2683 4915 Jesus
2723 4856 2978 4911 Christus
3012 4852 3167 4906 venit
3209 4852 3265 4904 in
3299 4863 3463 4906 muti,-

1893 4960 2047 5019 dum,
2089 4966 2147 5009 ut
2177 4961 2487 5023 peccatores
2517 4948 2699 5006 salvos
2720 4946 2946 5015 faceret,
2978 4956 3215 5013 quorum
3257 4940 3467 5009 primus

234 5055 391 5108 Ἀλλά
445 5054 533 5107 διά
591 5052 808 5107 τοῦτο⁸⁷
857 5052 1115 5123 ⁴ηλεήθην,
1154 5052 1242 5104 ἴνα
1298 5053 1356 5105 ὲν
1402 5052 1526 5121 ἐμοὶ
1586 5050 1766 5123 πρώτη

1897 5064 1997 5119 ego
2026 5062 2169 5103 sum.
2202 5044 2307 5100 Sed
2348 5044 2467 5099 ideo
2490 5039 2927 5097 misericordiam
2971 5042 3299 5090 consecutus
3320 5044 3467 5094 sum,

224 5144 523 5215 ἐνδείξηται
552 5144 787 5214 Χριστὸς
818 5142 1025 5215 Ἰησοῦς
1047 5142 1145 5213 τὴν
1172 5144 1351 5195 πᾶσαν
1379 5142 1543 5196 αὐτοῦ
1582 5160 1793 5213 μακρο-

1901 5151 1961 5196 ιιι
2000 5143 2052 5194 in
2083 5153 2171 5193 me
2204 5138 2381 5209 primo
2412 5133 2728 5191 ostenderet
2762 5129 3017 5185 Christus
3057 5124 3218 5180 Jesus
3252 5135 3469 5178 omnem

227 5237 445 5309 θυμίαν,
473 5237 609 5309 πρὸς
631 5235 982 5289 ὑποτύπωσιν
1030 5236 1139 5289 τῶν
1170 5234 1470 5305 μελλόντων
1514 5234 1761 5287 πιστεύει

1904 5229 2221 5303 patientiam
2280 5241 2461 5291 suam,
2504 5224 2571 5279 ad
2608 5217 3056 5277 informationem
3106 5228 3319 5276 eorum,
3377 5209 3472 5280 qui

296 5393 326 5432 κ
363 5392 557 5448 Matth.
596 5396 754 5459 tx,2.
806 5394 830 5432 ιι
863 5391 885 5417 ⁶
936 5391 1105 5446 Marc.
1160 5408 1220 5455 ιι,
1263 5391 1316 5445 ‘2.

1400 5390 1417 5428 ὶ
1463 5388 1593 5444 Luc.
1623 5404 1722 5453 vn,
1752 5395 1766 5442 4

1890 5388 1979 5442 48.
2053 5393 2094 5422 ω
2131 5382 2265 5438 Luc.
2308 5396 2465 5443 xxiii,
2505 5378 2597 5432 45.
2675 5387 2703 5415 ιι
2734 5376 2937 5446 Ephes.
2993 5388 3055 5435 ιι,
3081 5372 3136 5436 8,
3169 5372 3237 5427 9.-

1424 5526 1657 5582 VAllIIE
1685 5522 2066 5581 LECTIONES
2096 5523 2183 5576 ΕΤ
2217 5518 2448 5576 NOTAE.

302 5630 345 5662 ³ο
382 5632 577 5698 Ψαλμ.
616 5627 694 5693 τῷ
719 5630 854 5683 Δαό.
887 5629 1005 5698 θοαί.
1044 5628 1061 5679 l
1105 5623 1438 5694 ’Λλ).ηλούῖα.

232 5720 349 5770 την.
426 5701 470 5770 δέ
502 5697 745 5755 Ἀνταπ.
776 5700 898 5753 cod.
939 5697 1058 5770 Vat.
1091 5698 1341 5770 αίνέσεις.

235 5768 490 5826 ²⁴“Ἑστέ.
529 5770 650 5828 cod.
683 5770 705 5823 i
745 5785 931 5840 prtem.
969 5768 1093 5838 γάρ.

1538 5623 1580 5653 ³⁸
1606 5623 1786 5676 Ἀκόλ
1811 5617 1982 5674 εἶναι.
2033 5618 2197 5673 cod.l
2234 5612 2568 5668 ἀκολουθεῖν.

1445 5693 1488 5723 ³⁸
1517 5670 1766 5747 θοαί-[δ

1875 5670 2000 5743 ικει.
2041 5670 2289 5742 *δ’-ηερ.
2322 5686 2479 5738 lectio
2515 5684 2568 5737 h.
2604 5682 2640 5737 l.
2692 5670 3008 5740 οδιπάσαις
3052 5670 3169 5739 ταῖς
3201 5670 3471 5752 ἁνομίαις.

1173 5767 1212 5797 ³⁷
1251 5765 1351 5819 Διὰ
1387 5762 1578 5819 τοῦτο.
1613 5761 1733 5817 Dos.
1770 5763 1820 5815 in
1845 5763 1964 5817 cod.
2003 5760 2046 5813 l.

2644 5611 2691 5641 ’"
2732 5609 2869 5675 Τήν.
2904 5606 3023 5661 cod.
3065 5606 3089 5658 1
3125 5618 3312 5675 prtem.
3342 5601 3475 5675 ταύ-
