3924 6492
470 293 604 362 1637

1417 301 1919 364 THEODORETI
1941 303 2279 364 EPISCOPI
2307 304 2672 363 CYRENSIS

3576 302 3713 370 1688

466 412 726 468 credituri
751 425 879 470 sunt
900 417 975 472 illi
1006 418 1062 474 in
1082 418 1249 473 vitam
1279 426 1535 472 aeternam
1568 433 1608 474 °.
1652 435 1670 467 ι
1706 416 1904 472 Gratim
1931 419 2032 489 igi-

2140 419 2223 472 ἐπ’
2242 420 2391 490 αὐτῷ
2407 422 2486 481 εἰς
2500 420 2644 491 ζωὴν
2666 420 2903 477 αἰώνιον.
2918 421 3186 491 »Χάριτος
3207 424 3389 475 τοίνυν
3411 424 3506 477 καὶ
3529 425 3714 494 φιλανο

465 513 557 556 tur
583 513 637 557 et
668 505 773 560 ben
801 510 1025 578 gnitatis
1061 519 1144 565 est
1187 525 1410 565 corona.
1448 511 1540 564 Sic
1572 524 1791 579 quoque
1815 508 2031 562 divinus

461 588 632 648 Isaias
692 611 759 650 ex
800 613 1034 667 persona
1093 616 1306 669 sponsa:
1354 600 1625 654 exrlamat
1659 617 1672 652 :
1708 618 1727 649 ι
1788 598 2035 653 Exsultet

465 688 645 741 anima
684 704 805 745 mea
832 691 887 745 in
921 692 1170 757 Domino,
1208 693 1338 762 quia
1381 693 1555 746 induit
1587 707 1675 746 me
1704 693 2034 746 vestimento

463 777 679 844 salutis,
734 789 789 835 et
841 784 1024 837 tunica
1081 783 1280 838 laetitiae
1314 783 1674 839 circumdedit
1721 799 1829 847 me,
1877 783 2036 853 quasi

464 885 725 938 sponsum
780 875 1062 930 decoravit
1096 892 1182 932 me
1222 891 1450 939 corona,
1496 886 1550 930 et
1587 877 1741 945 quasi
1775 892 2032 946 sponsam

464 965 678 1016 ornavit
702 982 787 1018 me
812 968 1112 1023 monilibus
1148 971 1266 1025 suis
1296 980 1343 1022 Ρ.
1383 988 1400 1020 ι
1438 967 1505 1022 Ει
1526 970 1689 1039 paulo
1716 978 1840 1039 post
1870 989 1882 1023 :
1923 990 1940 1021 ι
1971 969 2038 1023 Ει

463 1058 572 1108 eris
599 1059 616 1076 '
646 1072 844 1111 corona
882 1060 1070 1129 gloria:
1120 1062 1172 1114 iu
1218 1077 1380 1115 manu
1416 1060 1653 1128 Domini,
1691 1072 1746 1116 et
1788 1062 2036 1116 diadema

466 1148 615 1214 regni
643 1150 696 1202 in
735 1166 897 1204 manu
931 1153 1023 1206 Dei
1057 1154 1134 1207 tui
1166 1164 1217 1207 ιι.
1262 1172 1278 1203 ι
1309 1152 1435 1208 Ilaec
1478 1163 1658 1208 autem
1694 1156 1879 1208 omnia
1910 1171 2035 1208 mu-

462 1253 594 1291 nera
637 1249 690 1294 et
721 1243 864 1296 dona
898 1245 1174 1313 sponsalia
1226 1256 1357 1301 sunt
1407 1248 1835 1316 sponsizsolam
1886 1249 2035 1301 enim

463 1328 621 1383 iidem
647 1348 843 1400 sponsa
872 1336 1071 1389 attulit.

534 1419 699 1476 Vens.
731 1424 784 1478 5.
826 1443 844 1476 ι
884 1424 988 1492 Qui
1032 1428 1203 1497 replet
1235 1429 1396 1486 bonis
1427 1430 1758 1485 desiderium
1793 1442 1970 1487 tuum.
2012 1453 2029 1483 ι

462 1510 732 1579 Quoniam
784 1528 869 1573 est
920 1521 1367 1590 concupiscentia
1416 1522 1817 1592 vituperabilis,
1870 1540 2035 1594 quam

462 1604 648 1659 divina
673 1607 754 1661 lex
779 1610 1056 1678 prohibet,
1084 1624 1229 1667 recte
1247 1614 1499 1682 apposuit
1522 1613 1692 1666 bonis.
1714 1612 1861 1667 Bona
1889 1615 2036 1669 enim

462 1709 652 1755 nostra
706 1704 977 1760 desideria
1006 1706 1271 1763 Dominus
1316 1708 1524 1779 implet.
1580 1728 1598 1759 ι
1650 1707 1825 1763 Petite
1870 1711 2038 1778 enim,

463 1792 732 1863 iuquit,’et
752 1797 969 1853 dabitur
997 1801 1171 1865 vobis,
1199 1801 1449 1871 quaerite,
1485 1810 1539 1857 et
1569 1801 1889 1869 invenietis;
1918 1804 2038 1872 pul-

462 1894 579 1941 sate
635 1897 688 1943 et
736 1891 1012 1960 aperietur
1060 1894 1212 1949 vobis
1260 1897 1489 1949 :omnis
1528 1896 1671 1949 enim
1724 1896 1817 1964 qui
1882 1897 2033 1965 petit,

460 1980 686 2049 accipit,
740 1990 793 2037 et
838 1987 932 2053 qui
975 1985 1193 2055 quaerit,
1242 1986 1466 2052 invenit,
1524 1997 1578 2042 et
1622 1988 1859 2057 pulsanti
1910 2005 2037 2059 ape-

460 2070 633 2125 rietur
660 2080 705 2126 ι’.
742 2091 761 2124 ι
798 2077 867 2112 -'——
903 2094 921 2125 ι
951 2073 1186 2141 Quaerite
1208 2087 1388 2132 autem
1416 2093 1639 2147 regnum
1662 2076 1778 2139 Dei.
1802 2077 2035 2147 etjusti-

461 2162 589 2216 tiam
610 2162 749 2232 ejus,
775 2175 828 2221 et
852 2168 966 2223 haec
994 2170 1177 2223 omnia
1200 2170 1348 2240 large
1365 2170 1859 2241 adjicienturvohis
1879 2179 2035 2227 ⁸.»-

464 2273 486 2306 ι
510 2254 878 2312 Renovabitur
900 2268 955 2313 ut
979 2260 1445 2330 aquiltejuveutus
1472 2272 1583 2316 tua.
1618 2282 1635 2314 ι
1666 2263 1817 2317 Hauc
1840 2279 2034 2318 rursus

458 2349 865 2403 renovationem
892 2351 1155 2406 Dominus
1180 2367 1275 2421 per
1299 2360 1554 2408 sanctum
1580 2355 1849 2424 baptisma
1874 2355 2034 2409 nobis

463 2438 679 2511 1326
727 2441 953 2497 donavit
987 2462 1000 2496 :
1033 2446 1353 2515 peccatique
1384 2446 1597 2501 senium
1632 2462 1663 2501 e
1717 2448 1898 2502 medio
1930 2448 2033 2502 tol-

458 2530 597 2597 lens,
633 2533 863 2602 juvenes
890 2551 921 2590 e
956 2538 1181 2592 senibus
1212 2538 1362 2593 fecit.
1388 2538 1642 2594 Consona
1673 2539 1758 2593 his
1781 2555 1877 2608 per
1903 2555 2031 2608 pro-

457 2624 678 2693 phelam
709 2624 904 2682 Isaiam
946 2630 1085 2686 Deus
1114 2631 1252 2686 dixit
1286 2650 1298 2685 :
1338 2651 1356 2683 ι
1405 2632 1800 2702 Exspectantes
1851 2641 2031 2686 autem

457 2728 581 2779 me,
646 2718 936 2774 mutabunt
990 2719 1401 2785 fortitudinem,
1452 2733 1508 2775 et
1557 2731 1773 2777 sument
1811 2735 2033 2792 :pennas

458 2812 518 2857 ut
547 2808 743 2876 aquilae
790 2810 835 2863 ί.
876 2829 895 2863 ι
950 2812 1221 2877 Quoniam
1260 2812 1406 2868 enim
1439 2828 1561 2867 cum
1600 2814 1769 2868 creati
1816 2828 2029 2878 sumus,

456 2895 675 2952 divinas
705 2899 992 2970 regiasque
1039 2912 1199 2958 notas
1248 2904 1586 2973 accepimus,
1627 2903 1824 2959 deinde
1868 2903 2033 2958 variis

457 2990 669 3058 peccati
700 2992 898 3047 studiis
946 3008 1041 3049 eas
1089 2994 1532 3058 obscuravimus,
1567 3003 1623 3049 et
1663 2994 2030 3064 corrupimus,

2135 509 2381 580 θρωπίας
2409 512 2437 562 6
2465 513 2746 579 στέφανος.
2780 510 2936 563 Οῦτω
2960 511 3055 564 καὶ
3093 513 3120 563 6
3147 512 3437 576 θεσπέσιος
3482 513 3715 577 Ἦσαῑας

2133 603 2197 654 ἐκ
2253 603 2545 673 προσώπου
2597 604 2696 671 τῆς
2736 603 2955 674 νύμφης
2995 603 3093 674 βοᾷ
3120 620 3134 633 ·
3169 624 3188 655 ι
3245 605 3627 674 Ἀγαλλιάσθω
3680 609 3716 678 ἡ

2131 693 2275 765 ψυχή
2317 711 2419 763 μου
2462 694 2556 746 ἐπὶ
2588 693 2665 764 τῷ
2712 694 2930 765 Κυρίῳ·
2984 695 3199 747 ἐνέδυσε
3231 696 3342 765 γάρ
3393 714 3461 766 με
3494 699 3716 765 ἱμάτιον

2134 784 2422 855 σωτηρίου,
2445 786 2540 838 καὶ
2568 783 2770 855 χιτῶνα
2814 786 3155 857 εὐφροσύνης
3184 787 3403 840 ὲνέδυσέ
3435 805 3502 855 με
3527 788 3571 819 ⁸⁸
3598 804 3611 815 ·
3640 790 3717 851 ὡς

2134 878 2353 946 νυμφίῳ
2383 878 2680 949 περιέϐαλέ
2720 895 2811 947 μοι
2867 880 3090 948 μίτραν,
3130 881 3227 932 καὶ
3282 880 3358 941 ὡς
3409 879 3636 949 νύμφην
3674 883 3715 913 θ’

2134 970 2515 1041 κατεκόσμησέ
2550 988 2615 1041 με
2646 971 2854 1037 κόσμῳ.
2888 991 2907 1023 ι
2931 973 3036 1025 Kal
3058 973 3364 1042 μετ’ὀλίγα,
3408 993 3427 1023 ι
3472 974 3584 1027 Καὶ
3618 973 3716 1043 ἔσῃ

2138 1062 2399 1131 στέφανος
2450 1064 2683 1130 κάλλους
2738 1067 2794 1118 ὲν
2826 1066 2971 1135 χειρὶ
3028 1067 3262 1137 Κυρίου,
3312 1068 3407 1120 καὶ
3474 1067 3719 1137 διάδημα

2138 1153 2471 1224 βασιλείαςδο
2502 1160 2560 1210 ἐν
2578 1158 2723 1227 χειρὶ
2755 1158 2893 1210 Θεοῦ
2932 1160 3107 1214 seu“.
3137 1179 3155 1211 ι
3193 1158 3381 1212 Ταῦτα
3409 1160 3467 1211 δὲ
3492 1159 3720 1213 ἅπαντα

2137 1246 2261 1301 ἒδνα
2282 1248 2376 1301 τοῦ
2404 1252 2640 1320 νυμφίου
2696 1251 2791 1303 καὶ
2834 1250 3003 1321 δῶρα.
3052 1251 3245 1304 Πίστιν
3296 1252 3404 1323 γὰρ
3445 1254 3479 1323 ἡ
3528 1252 3718 1321 νύμφη

2137 1342 2502 1413 προσενήνοχε
2546 1344 2738 1413 μόνην.

2208 1439 2267 1485 ε’.
2305 1453 2323 1484 ι
2362 1434 2465 1486 Τὸν
2524 1435 2887 1504 ὲμπιπλῶντα
2921 1438 2980 1489 ὲν
3019 1436 3249 1503 ἀγαθοῖς
3276 1437 3377 1507 τὴν
3404 1438 3718 1506 ἐπιθυμίαν

2140 1542 2234 1578 σου
2267 1527 2333 1581 δ’.
2367 1544 2385 1577 ι
2433 1527 2649 1597 Ἐπειδὴ
2682 1530 2829 1580 ἐστιν
2848 1528 3118 1599 ἐπιθυμία
3140 1529 3338 1599 eam},
3361 1531 3429 1599 ἢν
3452 1531 3481 1581 ὁ
3499 1532 3547 1561 ’⁵⁸
3574 1530 3719 1595 θεῖος

2139 1619 2301 1686 νόμος
2347 1618 2682 1689 ἀπαγορεύει
2723 1660 2738 1683 ,
2776 1620 2957 1683 καλῶς
2998 1620 3058 1673 τὸ
3089 1621 3159 1673 ἐν
3200 1621 3447 1689 ἀγαθοῖς
3478 1623 3719 1689 προστέ-

2144 1706 2313 1760 θεικε.
2350 1708 2461 1772 Τὰς
2489 1710 2596 1777 γὰρ
2630 1709 2842 1777 ἀγαθὰς
2869 1710 3027 1781 ὴμῶν
3057 1712 3357 1782 ἐπιθυμίας
3384 1715 3411 1765 6
3434 1715 3718 1784 Δεσπότης

2073 1783 2114 1837 Β
2140 1800 2340 1870 πληροῖ
2360 1816 2374 1830 ο
2408 1817 2427 1851 ι
2468 1786 2681 1854 Αἰτεῖτε
2712 1802 2843 1873 γὰρ,
2874 1804 3030 1872 φησὶ,
3079 1804 3175 1857 καὶ
3221 1804 3514 1874 δοθήσεται
3543 1783 3712 1874 ὑμῖν·

2139 1885 2351 1958 ζητεῖτε
2371 1888 2438 1955 ⁸⁸,
2468 1890 2563 1943 καὶ
2606 1891 2869 1961 εὑρήσετε
2889 1906 2902 1919 ·
2935 1895 3162 1963 κρούετε
3226 1895 3319 1947 καὶ
3362 1896 3715 1965 ἀνοιγήσεται

2139 1981 2267 2050 ὑμῖν
2286 2000 2297 2011 ·
2336 1984 2444 2044 πᾶς
2468 1982 2576 2054 γὰρ
2608 1985 2636 2037 6
2666 1985 2833 2036 αἰτῶν
2861 1986 3149 2055 λαμϐάνει,
3177 1986 3271 2040 καὶ
3296 1986 3324 2036 ὁ
3354 1986 3536 2056 ζητῶν
3561 1988 3713 2055 εὑρίο

2137 2088 2278 2135 σκει,
2304 2074 2395 2125 καὶ
2410 2073 2485 2143 τῷ
2500 2074 2747 2144 κρούοντι
2770 2077 3512 2147 ἀνοιγήσεται.›--ιΖητεῖτε
3532 2078 3591 2130 δὲ
3617 2080 3713 2148 τὴν

2137 2163 2415 2233 βασιλείαν
2438 2166 2531 2218 τοῦ
2555 2166 2711 2233 Θεοῦ,
2742 2169 2836 2221 καὶ
2876 2168 2977 2240 τὴν
3007 2166 3357 2237 δικαιοσύνην
3401 2169 3586 2235 αὐτοῦ,
3619 2171 3710 2222 καὶ

2132 2255 2307 2309 ταῦτα
2345 2258 2524 2310 πάντα
2552 2259 2615 2311 ὲκ
2637 2257 2899 2328 περισσοῦ
2941 2258 3377 2329 προστεθήσεται
3400 2259 3542 2328 ὑμῖν.
3578 2278 3598 2308 ι
3637 2287 3707 2300 -η

2141 2364 2159 2396 ι
2192 2346 2737 2418 Ἀνακαινισθήσεται
2761 2348 2833 2411 ὡς
2851 2349 3011 2401 ἀετοῦ
3030 2351 3062 2419 ἡ
3082 2350 3270 2419 νεότης
3300 2366 3416 2403 σου.
3444 2367 3462 2399 ι
3493 2350 3702 2418 Ταύτην

2134 2438 2297 2493 πάλιν
2320 2439 2417 2510 τὴν
2440 2442 2728 2511 νεουργίαν
2754 2443 2885 2513 ἡμῖν
2928 2444 2956 2494 6
2985 2442 3266 2512 Δεσπότης
3306 2442 3395 2495 διὰ
3418 2443 3511 2495 τού
3570 2459 3703 2495 παν-

2133 2532 2292 2600 αγίου
2326 2530 2705 2602 βαπτίσματος
2731 2531 2778 2563 ⁸⁵
2810 2533 3139 2603 ἐδωρήσατο,
3172 2535 3269 2585 καὶ
3309 2533 3411 2601 τῆς
3436 2532 3713 2602 ἁμαρτίας

2132 2624 2499 2700 ἀποξύσαςοτὸ
2526 2625 2724 2697 γῆρας,
2758 2626 2914 2689 νέους
2949 2626 3070 2680 ἀντὶ
3096 2625 3489 2695 γεγηρακότων
3522 2626 3715 2693 εἰργα-

2136 2735 2285 2771 σατο.
2318 2719 2534 2788 Συνῳδὶι
2578 2719 2789 2782 τούτοις
2811 2719 2899 2772 διὰ
2927 2719 2972 2750 ⁸⁸
3016 2718 3241 2771 Ἡσαΐου
3286 2718 3379 2770 τοῦ
3418 2718 3716 2787 προφήτου

2134 2810 2299 2879 φησὶν
2327 2812 2356 2865 ὁ
2388 2810 2558 2874 Θεός·
2598 2832 2615 2864 ι
2653 2814 2715 2865 οι
2748 2812 2804 2864 δὲ
2853 2810 3218 2879 ὑπομένοντές
3251 2827 3338 2879 με,
3382 2808 3717 2872 ἁλλὰξουσιν

2137 2901 2312 2971 ἰσχὺν,
2348 2904 2821 2975 πτεροφυήσουσιν
2849 2903 2925 2967 ὡς
2948 2904 3118 2957 ἀετοί.
3149 2921 3167 2954 ι
3224 2902 3441 2972 Ἐπειδὴ
3460 2900 3573 2969 γὰρ
3589 2901 3717 2961 τοὺς

2134 2992 2314 3055 θείους
2360 2993 2457 3047 καὶ
2508 2994 2823 3065 βασιλικοὺς
2864 2994 3364 3073 δημιουργηθέντες
3411 2992 3722 3059 ἐδεξάμεθα

456 3083 691 3152 mandet
735 3086 897 3141 nobis
934 3088 1293 3157 propheticus
1333 3102 1517 3143 sermo
1557 3088 1711 3158 regni
1748 3100 2032 3156 recupera-

2140 3087 2507 3157 χαρακτῆρας.
2528 3082 2652 3139 εἶτα
2683 3086 2903 3151 τούτους
2930 3086 3341 3159 ἠμαυρώσαμέν
3367 3103 3426 3138 τε
3457 3088 3550 3138 καὶ
3568 3085 3720 3151 διεφ-

455 3174 684 3229 tionem.
712 3173 877 3248 Regia
900 3179 1044 3233 enim
1070 3190 1154 3234 est
1184 3179 1299 3235 haec
1319 3180 1458 3246 avis,
1482 3180 1775 3249 aviumque
1800 3193 2028 3248 regnum

454 3264 505 3319 ei
535 3268 898 3324 commissum
932 3280 1037 3326 est.
1072 3271 1239 3327 Docet
1273 3287 1438 3342 porro
1472 3289 1572 3328 nos
1596 3272 1796 3327 divinae
1831 3270 2032 3325 libera-

455 3356 625 3412 litatis
652 3359 899 3416 modum.

2136 3176 2399 3248 θείραμεν
2428 3181 2542 3241 τοῖς
2586 3176 2948 3241 παντοδαποῖς
2975 3177 3074 3247 τῆς
3113 3177 3386 3247 ἁμαρτίας
3421 3172 3720 3243 ἐπιτηδεύ-

2140 3286 2326 3339 μασιν,
2359 3271 2699 3340 ὑπισχνεῖται
2728 3272 2858 3342 ἡμῖν
2890 3274 2918 3324 6
2951 3271 3291 3343 προφητικὸς
3319 3270 3476 3339 λόγος
3496 3269 3597 3339 τὴν
3618 3268 3721 3337 τῆς

2141 3362 2420 3432 βασιλείας
2452 3364 2774 3434 ἀνάκτησιν.
2808 3364 3099 3427 Βασιλικὸς
3148 3365 3257 3434 γὰρ
3292 3356 3447 3425 οὗτος
3478 3364 3508 3414 6
3538 3361 3714 3429 ὅρνις,

454 3448 694 3503 καὶτῶν
724 3450 945 3521 πτηνῶν
1000 3454 1101 3525 τὴν
1169 3456 1448 3525 βασιλείαν
1500 3454 1953 3526 πεπιστευμένος.
2014 3454 2267 3509 Διδάσκει
2314 3457 2371 3511 δὲ
2434 3458 2579 3527 ἡμᾶς
2636 3456 2730 3510 καὶ
2794 3456 2896 3527 τῆς
2938 3457 3089 3521 θείας
3120 3456 3433 3527 φιλοτιμίας
3472 3454 3562 3507 τὸν
3587 3453 3718 3523 τρό-

454 3557 578 3596 πον.

525 3628 692 3685 Vens.
731 3630 782 3685 6.
824 3652 842 3683 ι
890 3631 1174 3691 Exhibens
1214 3634 1625 3690 misericordias
1655 3634 1939 3696 Dominus,
1976 3646 2032 3689 ct

449 3720 716 3789 judicium
743 3724 999 3781 omnibus
1021 3726 1273 3796 injuriam
1303 3726 1652 3795 patientibus.
1707 3746 1725 3777 ι
1752 3758 1821 3768 -
1851 3745 1869 3777 ι
1909 3727 2028 3781 Non

454 3813 598 3867 enim
630 3815 698 3869 ob
726 3814 988 3885 justitias,
1020 3834 1160 3889 quas
1200 3818 1433 3875 fecimus
1464 3834 1588 3884 nos,
1616 3832 1675 3874 ut
1706 3821 1783 3874 ait
1812 3819 2031 3875 divinus

454 3906 774 3976 Apostolus,
820 3910 913 3963 sed
956 3912 1258 3966 secundum
1302 3928 1556 3982 magnam
1594 3914 2028 3969 misericordiam

454 4013 613 4054 suam
647 4001 830 4057 salvos
858 4017 957 4058 nos
990 4003 1120 4058 fecit
1148 4020 1242 4073 per
1272 4006 1552 4083 lavacrum
1580 4005 2030 4076 regenerationis,

454 4100 509 4147 et
538 4094 914 4149 renovationis
960 4094 1201 4164 Spiritus
1238 4099 1415 4152 sancti
1450 4110 1500 4155 ιι.
1544 4116 1562 4148 ι
1600 4098 1666 4152 Ει
1713 4114 1835 4153 cum
1873 4112 1973 4151 nos
2001 4111 2032 4150 a

454 4184 705 4237 veritatis
740 4183 966 4239 inimico
999 4186 1201 4255 injuria
1229 4187 1454 4243 allectos
1487 4190 1885 4258 conspexisset,
1922 4204 2024 4242 no-

455 4274 539 4328 his
572 4274 794 4343 quidem
826 4276 1216 4332 misericordiae
1245 4278 1423 4335 fontes
1470 4281 1702 4349 aperuit,
1738 4289 1931 4335 contra
1964 4282 2033 4334 il-

456 4366 568 4439 lum
610 4381 739 4420 vero
765 4366 971 4437 justam
1006 4370 1230 4437 protulit
1258 4377 1605 4427 sententiam.

526 4454 693 4511 Vens.
728 4459 779 4511 7.
822 4476 841 4509 ι
862 4456 1031 4514 Notas
1064 4460 1188 4515 fecit
1215 4463 1330 4517 vias
1357 4480 1488 4521 suas
1513 4464 1670 4529 Mosi,
1706 4466 1829 4520 ﬁliis
1865 4463 2031 4520 Israel

455 4548 767 4604 voluntates
802 4566 953 4605 suas.
982 4624 985 4627 δ
1016 4571 1034 4604 ι
1076 4551 1193 4608 Non
1237 4565 1417 4613 autem
1458 4558 1774 4627 pmnilentia
1830 4558 2027 4613 ductus

2204 3636 2277 3702 ς’.
2314 3656 2332 3689 ι
2386 3637 2561 3690 Ποιῶν
2606 3637 2973 3708 ἐλεημοσύνας
3029 3637 3057 3689 6
3103 3635 3309 3706 Κύριος
3338 3673 3354 3696 ,
3400 3632 3499 3686 καὶ
3536 3633 3719 3702 κρῖμα

2132 3732 2266 3783 πᾶσι
2290 3732 2401 3789 τοῖς
2424 3730 2824 3799 ἀδικουμένοις.
2840 3748 2963 3780 ›-«
2987 3729 3062 3781 Οὐ
3078 3727 3188 3797 γὰρ
3207 3727 3297 3779 διὰ
3318 3726 3415 3788 τὰς
3433 3723 3719 3778 δικαιοσύο

2131 3840 2249 3883 νας,
2282 3820 2347 3884 ἃς
2411 3813 2827 3893 ὲποιήσαμεν,ᾖ
2862 3836 3025 3890 φησιν
3076 3821 3105 3873 6
3166 3819 3313 3880 θεῖος
3358 3815 3715 3877 Ἀπόστολος,

2132 3915 2265 3968 ἀλλὰ
2309 3913 2453 3967 κατὰ
2505 3913 2567 3966 τὸ
2617 3913 2752 3966 πολὺ
2808 3912 2957 3976 ἔλεος
2990 3911 3179 3975 αὑτοῦ,
3206 3910 3413 3963 ἔσωσεν
3444 3910 3598 3979 ἡμᾶς
3627 3908 3718 3959 διὰ

2132 4007 2356 4077 λουτροῦ
2385 4006 2829 4073 παλιγγενεσίας,
2863 4006 2957 4059 καὶ
3002 4002 3424 4066 ἀνακαινώσεως
3455 4003 3502 4031 ⁴⁷
3545 3999 3717 4053 Πνεύ-

2137 4115 2304 4169 ματος
2347 4096 2523 4165 ἀγίου.
2564 4116 2582 4147 ι
2619 4097 2727 4149 Kal.
2776 4096 3110 4164 θεασάμενος
3144 4096 3291 4165 ἡμᾶς
3343 4091 3718 4162 ἠδικημένους

2134 4192 2237 4245 ὑπὸ
2264 4189 2359 4243 τοῦ
2393 4190 2491 4259 τῆς
2550 4188 2813 4259 ἀληθείας
2871 4187 3071 4258 ἐχθροῦ
3104 4226 3119 4251 ,
3153 4189 3287 4257 ἡμῖν
3345 4185 3443 4254 μὲν
3506 4181 3718 4251 ἡνέῳξε

2132 4282 2229 4343 τὰς
2289 4280 2383 4334 τοῦ
2419 4280 2571 4334 ἐλέου
2610 4279 2815 4349 πηγὰς,
2872 4279 2993 4332 κατ’
3024 4278 3233 4331 ἐκείνου
3276 4276 3335 4329 δὲ
3365 4274 3464 4344 τὴν
3496 4273 3717 4326 δικαίαν

2135 4374 2418 4443 ἐξενήνοχε
2450 4372 2649 4441 ψῆφον.

2205 4464 2270 4526 ζ’.
2300 4482 2318 4515 ι
2358 4461 2651 4533 Ἐγνώρισε
2678 4464 2778 4527 τὰς
2825 4463 2979 4525 ὁδοὺς
3027 4461 3193 4514 αὑτοῦ
3234 4458 3315 4529 τῷ
3355 4461 3565 4528 Μωσῇο
3600 4462 3718 4522 τοῖς

2134 4558 2266 4617 υἱοῖς
2302 4555 2515 4626 Ἰσραὴλ
2541 4555 2608 4607 τὰ
2637 4555 2922 4625 θελήματα
2959 4552 3145 4606 αὑτοῦ.
3181 4572 3199 4603 ι
3227 4553 3341 4604 Οὐκ
3364 4553 3431 4603 ὲκ
3466 4566 3721 4619 μεταμε-
3750 4581 3754 4586 -

458 4642 600 4696 hanc
630 4642 786 4697 nobis
808 4647 1147 4715 comparavit
1174 4647 1401 4703 salutem
1438 4668 1451 4703 :
1486 4651 1579 4705 sed
1612 4651 1727 4705 haec
1756 4658 1916 4705 antea
1936 4668 2031 4721 per

2140 4653 2282 4714 λείας
2318 4650 2374 4704 δὲ
2410 4650 2613 4716 ταύτην
2648 4650 2806 4719 ἡμῶν
2833 4646 3389 4718 δθὲπραγματεύσατο
3407 4646 3505 4712 τὴν
3532 4661 3721 4710 σωτη-

460 4730 753 4798 prophetas
797 4714 1175 4791 sanctissimos
1217 4738 1487 4807 praedixit,
1539 4748 1591 4794 et
1632 4754 1731 4808 per
1779 4714 2025 4795 divinum

2140 4746 2257 4815 ρίαν
2283 4761 2296 4774 ’
2327 4743 2439 4796 ἀλλ’
2463 4714 2871 4797 ἄνωθεν-ταῦτα
2912 4714 3002 4793 διά
3046 4714 3155 4791 τῶν
3204 4736 3503 4807 προφητῶν
3570 4752 3714 4805 προο

460 4820 643 4875 Mosen
684 4834 923 4878 uostram
960 4827 1303 4883 adumbravit
1337 4830 1591 4885 salutem.
1636 4829 1701 4885 Et
1730 4848 1879 4886 mare
1901 4850 2027 4887 san-

460 4916 694 4973 ctissimi
740 4919 1083 4991 baptismatis
1126 4924 1297 4996 ﬁgura
1334 4924 1456 4990 fuit,
1495 4927 1633 4997 lapis
1676 4943 1807 4983 vero
1840 4928 2030 4981 umbra

534 5129 604 5183 οι
634 5128 775 5181 Tim.
823 5142 862 5193 ι,
900 5132 987 5197 15,
1022 5133 1105 5188 l6.
1184 5144 1213 5183 Ρ
1242 5133 1349 5189 Isa.
1375 5149 1488 5199 ut,
1521 5133 1588 5187 10
1614 5150 1664 5189 .p
1697 5136 1799 5191 Isa.
1825 5149 1956 5195 uti,
1983 5133 2039 5192 5.

462 5211 488 5239 ιι
520 5199 624 5254 Tit.
667 5214 743 5261 ιιι,
772 5214 824 5255 v.

2135 4836 2415 4897 εθέσπισε,
2450 4835 2545 4887 καί¹
2575 4834 2664 4887 διὰ
2693 4833 2783 4886 τοῦ
2818 4830 3108 4884 θεσπεσίου
3147 4826 3347 4882 Μωσοῦ
3393 4826 3490 4896 τὴν
3516 4825 3724 4895 ἡμετέο

2140 4945 2240 4998 ραν
2266 4928 2672 4996 ὲσκιογράφησε
2721 4923 3018 4994 σωτηρίαν.
3045 4922 3154 4975 Καὶ
3174 4920 3271 4973 τοῦ
3314 4919 3590 4985 παναγίου
3619 4917 3718 4987 βα·

2120 5142 2140 5168 τ
2174 5129 2365 5183 Matth.
2391 5144 2484 5194 vu,
2516 5131 2567 5192 7,
2592 5132 2647 5183 8.
2725 5139 2748 5165 ³
2782 5126 2975 5182 Matth.
3010 5142 3083 5190 vi,
3115 5124 3206 5179 55.
3285 5129 3306 5160 ι
3340 5123 3444 5177 lsa.
3482 5136 3573 5182 χι,
3618 5118 3684 5174 3|

1600 5400 1836 5455 VARIA‘J
1871 5399 2254 5455 LECTIONES
2294 5401 2378 5457 ET
2416 5400 2650 5455 NOTAE.

536 5542 579 5572 ⁸⁸
619 5542 811 5596 Ἐνέδ.
868 5560 961 5609 με.
1012 5545 1195 5599 cod.l
1243 5543 1521 5665 παρέθηκέ
1589 5561 1695 5613 μοι.

536 5613 581 5665 il.
612 5612 662 5665 4.
740 5614 784 5643 δ’
823 5613 941 5665 Τὴν
972 5614 1124 5665 emo.
1154 5630 1287 5665 σου.
1348 5612 1486 5665 Iehr.
1532 5613 1603 5665 Os
1641 5624 1694 5665 tu

462 5613 581 5665 cod.
612 5612 662 5665 6.
740 5614 784 5643 δ’
823 5613 941 5679 Τὴν·
972 5614 1124 5669 ὲπιθ.
1154 5630 1287 5667 σου.

468 5682 515 5733 1.
594 5682 637 5754 "F
667 5684 858 5754 Βαπτ,
881 5684 999 5754 eod.
1028 5686 1045 5736 I
1090 5688 1419 5750 πνεύματος,
1458 5686 1689 5754 ascripta
1718 5695 1894 5740 tamen
1924 5683 2029 5739 alte

2140 5683 2359 5740 ectiouc.

468 5753 773 5823 καινὶσεως,
850 5752 894 5783 ⁵⁸
926 5755 1045 5807 eod.
1090 5756 1110 5809 l
1145 5757 1297 5824 ἡμῖν.

1806 5543 1850 5574 ³⁸
1876 5542 1997 5614 cod.
2037 5541 2060 5595 I
2113 5541 2318 5614 νύμφῃ.

1348 5612 1486 5667 Iebi‘.
1532 5612 1603 5668 03
1641 5624 1810 5667 tuum.
1885 5614 1931 5644 ⁸³
1977 5612 2056 5665 '0.
2087 5614 2206 5665 cod.
2244 5612 2485 5682 lﬂpt‘mm.
2514 5614 2625 5666 καί.

2431 5544 2474 5575 ¹⁵⁰
2524 5542 2645 5598 coll.
2696 5543 2717 5595 I
2768 5542 3050 5612 βασιλέως.
3179 5538 3232 5612 δῖ
3259 5540 3398 5612 Σοι).
3446 5534 3615 5612 Alicsl
3675 5547 3715 5612 .3

2701 5615 2746 5644 δ’
2768 5604 3006 5679 Ζητεῖτε
3033 5640 3101 5651 —-
3128 5608 3299 5679 ὑμῖν.Δ
3322 5609 3461 5679 Des.
3492 5606 3546 5679 in
3582 5604 3713 5679 cod.

2440 5686 2482 5715 ⁸⁵
2505 5683 2626 5738 Διά.
2660 5684 2780 5738 cod.
2819 5675 2847 5736 ι’
2878 5700 3063 5753 ρι’ωιιι.
3100 5675 3211 5735 καί.
3290 5676 3333 5709 ⁸⁷
3365 5676 3487 5732 cod.
3521 5676 3539 5728 ι
3575 5675 3709 5728 ἀναο
