3924 6496
238 307 383 374 163$

1666 315 1748 377 IN
1774 317 1978 376 PSAL.
2018 319 2143 379 CII.

3360 327 3498 390 1690

233 426 554 493 πτίσματος
576 427 611 494 ἡ
636 424 885 479 θάλασσα
908 424 1083 478 τύπον
1104 422 1341 490 ἐδέξατο·
1366 427 1399 496 ἡ
1432 426 1608 496 πέτρα
1633 425 1689 478 δὲ
1717 426 1815 479 τῶι¹

1931 427 2320 485 immortalium
2369 433 2635 498 rivorum,
2660 444 2714 489 et
2752 450 2948 490 manna
2972 436 3165 505 ,imago
3192 434 3298 490 cibi
3328 438 3496 492 coale-

232 516 533 571 ἀθανάτων
562 518 810 588 κρουνῶν
840 517 1129 587 ἀπεφάνθη
1157 508 1288 572 σκιά
1312 532 1326 548 ⁸
1357 518 1457 587 τῆς
1492 520 1817 588 ἐπουρανίου

232 608 298 661 δὲ
349 611 559 679 τροφῆς
605 610 771 663 είκὼν
812 611 873 664 τὸ
909 611 1109 680 μάννα.
1134 610 1245 664 Καὶ
1272 610 1322 662 τ’
1343 609 1479 665 ἄλλα
1512 610 1591 671 δέ,
1629 610 1718 662 ἵνα
1744 609 1820 680 μὴ

233 702 365 754 καθ’
398 701 629 756 ἕκαστον
656 702 1056 774 διεξέρχωμαι,
1084 701 1257 766 οὕτως
1286 702 1436 757 ἐστιν
1474 702 1655 773 εὑρεῖν
1686 702 1819 774 παρ’

235 794 477 857 ἐκείνοις
513 795 1026 867 ἐσκιογραφημένα.

311 892 385 954 η’.
429 905 448 938 ι
490 887 810 958 υίκτίρμων
856 889 950 940 καὶ
983 887 1234 957 ἐλεήμων
1274 888 1303 939 6
1329 885 1533 957 Κύριος
1557 927 1572 952 ,
1612 886 1821 958 μακρός

240 977 415 1046 θυμος
438 980 535 1031 καὶ
565 979 876 1042 πολυέλεος.
914 999 933 1031 ι
968 978 1186 1032 Τούτων
1234 978 1312 1045 δὲ,
1356 980 1541 1049 φησιν,
1569 980 1741 1034 αἴτιον
1771 978 1818 1010 ⁸⁸

239 1072 351 1123 τῶν
390 1071 612 1139 ἀγαθῶν
638 1074 670 1143 ἡ
691 1071 790 1141 τῆς
808 1071 956 1135 θείας
978 1071 1312 1142 ἀγαθὸτητος
1339 1071 1594 1137 ἄϐυσσος,
1624 1075 1653 1125 ὁ
1678 1072 1818 1143 ἀμέ-

237 1177 441 1231 τρητος
468 1160 643 1227 ἔλεος,
669 1161 772 1231 τῆς
798 1160 990 1231 φιλανθ
1001 1161 1211 1233 ρωπίας
1239 1161 1301 1215 τὸ
1329 1162 1583 1232 πέλαγος.

311 1338 375 1400 θ’,
411 1346 461 1392 ι’.
501 1357 522 1390 ι
559 1340 675 1393 Οὐκ
704 1341 785 1403 εἰς
819 1339 973 1404 τέλος
1011 1340 1422 1412 ὀργισθήσεται,
1446 1341 1567 1395 οὐδὲ
1598 1342 1681 1404 είς
1727 1341 1819 1395 τὸν

240 1431 413 1483 αἰῶνα
428 1433 611 1500 μηνιεῖ
624 1432 689 1485 ⁵ο.
713 1433 786 1485 Οὐ
808 1430 951 1485 κατὰ
970 1431 1070 1495 τὰς
1088 1431 1365 1503 ἁμαρτίας
1387 1432 1430 1464 ⁸⁸
1449 1432 1605 1502 ἡμῶν
1628 1432 1819 1503 ἐποίη-

248 1541 338 1576 σεν
402 1525 555 1593 ἡμῖν,
590 1523 708 1577 οὐδὲ
733 1523 875 1577 κατά
900 1524 999 1588 τὰς
1033 1525 1264 1593 ἀνομίας
1296 1526 1341 1556 ⁵⁸
1373 1524 1531 1595 ἡμῶν
1574 1525 1818 1578 ἀνταπέο

238 1617 411 1669 δωκεν
444 1618 597 1686 ἡμῖν.
634 1634 650 1666 ι
689 1616 801 1668 Οὐκ
830 1614 1090 1685 ἠνέσχετο
1120 1617 1242 1677 ταῖς
1291 1616 1600 1686 ἡμετέραις
1630 1617 1814 1687 ἀμαρ-

238 1710 381 1771 τίαις
417 1709 689 1779 μετρῆσαι
718 1708 815 1777 τὴν
831 1706 1123 1779 τιμωρίαν,
1147 1707 1269 1761 οὐδὲ
1292 1709 1385 1761 ἐπὶ
1405 1708 1656 1761 πλεῖστον
1692 1708 1815 1762 καθ’

238 1804 271 1871 ή
280 1800 397 1871 μῶν
425 1804 665 1855 ἐκτεῖναι
688 1801 734 1832 ⁵³
757 1800 855 1870 τὴν
888 1802 1287 1871 ἀγανάκτησιν.

310 1891 401 1953 ια’.
425 1891 511 1962 ιβ’.
535 1913 553 1945 ι
567 1892 688 1947 Ὅτι
705 1893 846 1946 κατὰ
867 1892 931 1945 τὸ
958 1892 1090 1961 ὕψος
1106 1892 1200 1945 τοῦ
1225 1891 1458 1962 οὐρανοῦ
1477 1892 1584 1946 ἀπὸ
1599 1892 1701 1962 τῆς
1716 1894 1820 1963 γῆς

236 1986 581 2056 ἐκραταίωσε
614 1984 817 2054 Κύριος
839 1988 886 2017 ⁸⁵
912 1984 973 2038 τὸ
1000 1984 1146 2046 ἕλεος
1158 1983 1345 2047 αὑτοῦ,
1364 1984 1456 2037 ἐπὶ
1480 1985 1607 2048 τοὺς
1628 1986 1821 2053 φοϐου-

239 2080 439 2148 μένους
498 2078 679 2131 αὑτόν.
722 2076 968 2129 Καθόσον
1036 2078 1332 2147 ἀπέχουσιν
1371 2076 1658 2130 Ἀνατολαὶ
1711 2076 1819 2128 ἀπὸ

238 2170 492 2241 Δυσμῶν,
524 2170 833 2240 ἐμάκρυνεν
862 2168 1128 2239 ἀφ’ἡμῶν
1149 2168 1248 2231 τὰς
1277 2169 1507 2240 ἀνομίας
1525 2170 1732 2240 ἡμῶν.»
1756 2169 1818 2222 EE

237 2264 331 2317 καὶ
366 2261 572 2315 τούτων
610 2255 736 2332 εὗρε
766 2261 1081 2332 μακρότερα
1119 2260 1484 2331 διαστήματα,
1505 2262 1725 2325 πάντως
1752 2261 1819 2315 ἂν

238 2357 337 2408 καὶ
370 2352 547 2408 ταῦτα
569 2356 649 2419 είς
677 2354 841 2424 μέσον
861 2353 1361 2426 παρήγαγεῷεῖξαι
1392 2354 1450 2408 τὸ
1465 2356 1692 2426 ἄπειρον
1720 2358 1819 2425 τῆς

243 2446 396 2510 θείας
429 2446 753 2514 φιλονεικῶν
780 2444 1120 2515 ἀγαθότητος
1144 2461 1159 2475 ·
1191 2443 1308 2499 ἀλλ’
1338 2445 1436 2514 οὐχ
1470 2437 1628 2515 εὗρεν
1672 2446 1699 2497 6
1727 2447 1819 2497 ἀν-

241 2537 810 2607 θρώπινοςλογισμὸς,
836 2535 961 2590 οὔτε
976 2536 1205 2607 οὐρανοῦ
1223 2536 1553 2607 ὑψηλότερον
1581 2538 1809 2607 μέτρον,

239 2631 367 2685 οὔτε
392 2630 490 2683 τοῦ
531 2630 698 2700 μέσου
748 2629 849 2699 τῆς
897 2629 1140 2699 ἑσπέρας
1181 2629 1277 2683 καὶ
1308 2630 1407 2700 τῆς
1435 2628 1575 2701 ἐῴας
1608 2629 1822 2700 μακρό-

240 2741 297 2777 τε
308 2740 423 2794 ρον.

311 2814 402 2884 ιγ’.
441 2832 461 2867 ι
491 2813 685 2878 Καθὼς
740 2811 1025 2882 οἰκτείρει,
1058 2811 1245 2883 πατὴρ
1287 2812 1459 2877 υἱοὺς,
1511 2813 1817 2885 ᾠκτείρησε

240 2905 448 2978 Κύριος
498 2909 625 2972 τοὺς
684 2912 1054 2983 φοϐουμένους
1099 2912 1283 2967 αὐτόν.
1322 2932 1340 2965 ι
1373 2913 1716 2985 Δημιουργδς
1738 2913 1816 2985 ε’ὺν

164 3016 167 3017 ⁷
241 3002 332 3055 καὶ
362 3004 620 3074 ποιητὴς,
657 3006 970 3078 ἐμιμήσατο
990 3008 1196 3078 πατρὸς
1233 3009 1568 3080 άγαθότητα,
1594 3013 1689 3064 καὶ
1710 3012 1814 3081 τὴν

1919 520 2038 574 stis.
2067 520 2133 574 Et
2159 521 2287 588 alia,
2311 539 2377 577 ne
2417 524 2629 596 singula
2658 541 2997 596 percurram,
3024 528 3209 582 videre
3239 537 3327 583 est
3347 530 3492 599 apud

1920 611 2042 667 illos
2068 614 2272 683 pariter
2308 616 2659 695 adumbrata.

1992 880 2204 951 1327
2237 879 2400 938 Vens.
2432 884 2448 904 ‘
2476 882 2529 939 8.
2578 902 2597 937 ι
2642 884 2949 947 Miserator,
2982 895 3040 939 et
3073 884 3391 941 misericors
3411 897 3498 943 est

1918 971 2185 1028 Dominus
2219 990 2233 1026 :
2267 974 2627 1045 longanimis,
2667 986 2722 1031 et
2754 978 3048 1032 admodum
3097 979 3431 1035 misericors.
3470 999 3491 1032 ι

1916 1065 2085 1119 Porro
2124 1066 2343 1130 horum,
2376 1066 2573 1137 inquit,
2606 1067 2853 1123 omnium
2892 1070 3161 1123 bonorum
3212 1086 3379 1125 causa
3412 1082 3498 1126 est

1915 1155 2112 1210 divinae
2150 1156 2414 1212 bonitatis
2456 1160 2710 1229 abyssus,
2752 1160 3018 1214 immensa
3066 1158 3400 1227 benignitas,
3441 1171 3497 1216 et

1917 1248 2305 1303 misericordia:
2336 1251 2578 1320 pelagus.

1988 1337 2151 1394 Vens.
2186 1338 2347 1401 9,10.
2377 1358 2395 1390 ι
2433 1338 2549 1392 Non
2571 1340 2623 1392 in
2649 1350 2969 1409 perpetuum
3017 1343 3282 1396 irascetur
3310 1339 3492 1400 nobis,

1916 1444 2096 1497 neque
2127 1429 2178 1482 in
2221 1438 2485 1484 aeternum
2520 1431 2969 1487 comminabitur.
3027 1432 3145 1486 Non
3190 1431 3494 1487 secundum

1916 1528 2137 1589 peccata
2177 1530 2362 1574 nostra
2385 1520 2509 1576 fecit
2544 1523 2729 1588 nobis,
2752 1538 2927 1591 neque
2954 1525 3257 1580 secundum
3292 1521 3496 1591 iniqui-

1918 1619 2059 1665 tates
2104 1624 2322 1668 nostras
2369 1613 2620 1668 retribuit
2667 1614 2844 1669 nobis.
2899 1633 2917 1665 ι
2960 1612 3079 1668 Νοη
3127 1614 3273 1668 enim
3321 1610 3499 1682 potuit

1918 1704 2242 1772 supplicium
2284 1705 2485 1758 nostris
2531 1705 2768 1773 peccatis
2824 1706 3025 1773 metiri,
3077 1720 3256 1774 neque
3289 1704 3498 1760 diutius

1847 1776 1890 1831 Β
1922 1798 2057 1851 iram
2095 1806 2287 1851 contra
2318 1812 2418 1851 nos
2452 1797 2801 1865 protendere.

1994 1888 2154 1942 νέης.
2183 1889 2270 1954 11,
2316 1889 2403 1943 12.
2446 1907 2463 1940 ι
2504 1888 2774 1954 Quoniam
2822 1889 3121 1943 secundum
3155 1887 3496 1945 altitudinem

1920 1983 2043 2037 cmli
2074 1998 2104 2036 a
2137 1990 2297 2047 terra,
2324 1997 2575 2051 magnam
2607 1981 2737 2037 fecit
2768 1982 3039 2035 Dominus
3064 1980 3494 2036 misericordiam

1920 2091 2077 2130 suam
2124 2090 2250 2145 erga
2292 2074 2545 2129 timentes
2597 2090 2743 2129 eum.
2790 2075 3065 2140 Quantum
3099 2075 3264 2129 distat
3302 2072 3498 2129 Oriens

1919 2168 1988 2221 ab
2019 2166 2335 2229 Occidente,
2371 2165 2528 2235 longe
2558 2167 2791 2221 removit
2812 2183 2841 2220 a
2872 2167 3029 2220 nobis
3059 2167 3371 2236 iniquitates
3395 2180 3496 2219 no-

1918 2268 2082 2313 stras.
2144 2277 2163 2309 ›
2207 2256 2263 2311 Si
2299 2258 2543 2326 longiora
2586 2258 2669 2313 his
2700 2259 2874 2327 spatia
2903 2259 3155 2313 invenire
3204 2259 3495 2328 potuisset,

1918 2352 2146 2403 omnino
2176 2359 2230 2404 et
2258 2351 2375 2419 ipsa
2407 2352 2461 2404 in
2493 2351 2733 2405 medium
2761 2351 3058 2418 attulisset,
3094 2352 3293 2406 divina;
3341 2351 3497 2404 boni-

1918 2439 2043 2493 tatis
2082 2437 2505 2508 profunditatem
2538 2440 2827 2496 ostendere
2859 2444 3090 2510 cupiens
3122 2459 3135 2494 :
3168 2427 3261 2495 sed
3297 2441 3496 2495 huma-

1917 2544 1988 2584 na
2036 2544 2189 2584 mens
2240 2546 2339 2585 nec
2388 2532 2529 2586 coelo
2583 2531 2961 2586 sublimiorem
3007 2546 3345 2595 mensuram,
3393 2545 3498 2587 nec

1916 2629 2040 2674 ortu
2066 2630 2119 2675 et
2149 2635 2349 2676 occasu
2380 2622 2738 2693 longinquius
2767 2621 3120 2676 intervallum
3160 2621 3387 2676 invenit.

1986 2821 2151 2876 Vens.
2184 2823 2271 2877 15.
2304 2840 2322 2873 ι
2377 2820 2664 2888 Quomodo
2701 2822 2999 2876 miseretur
3044 2829 3198 2890 pater
3226 2820 3493 2889 filiorum,

1916 2914 2179 2968 misertus
2218 2922 2303 2967 est
2350 2912 2613 2967 Dominus
2660 2930 2850 2968 eorum
2901 2913 2995 2983 qui
3052 2913 3246 2967 timent
3284 2928 3430 2967 eum.
3466 2931 3487 2965 ι

1914 3006 2049 3060 Cum
2080 3007 2151 3060 sit
2178 3006 2355 3076 opifex
2389 3015 2443 3060 et
2472 3006 2745 3069 conditor,
2778 3007 2952 3077 patris
2981 3006 3282 3061 bonitatem
3313 3006 3496 3061 imita-

242 3094 409 3164 αὐτὴν
440 3097 572 3167 περὶ
599 3100 725 3162 τοὺς
756 3099 993 3163 οἰκέτας,
1022 3101 1089 3172 ἢν
1119 3101 1299 3173 πατὴρ
1314 3105 1358 3137 ⁵⁵
1390 3104 1518 3173 περὶ
1539 3105 1665 3166 τοὺς
1687 3106 1813 3157 παῖ-

1930 3113 2003 3152 ;us
2023 3106 2144 3152 est:
2173 3096 2535 3166 eamdemque
2567 3112 2697 3166 erga
2741 3097 2999 3165 famulos,
3035 3113 3199 3169 quem
3238 3106 3389 3167 pater
3415 3111 3497 3152 er-

241 3186 354 3252 δας,
384 3188 774 3260 φιλοστοργίαν
805 3190 1101 3256 ἐπέδειξεν.

312 3362 394 3417 ιδ’.
428 3380 447 3413 ι
492 3363 614 3416 Ὅτι
666 3364 828 3427 αὐτὸς
867 3364 1009 3433 ἐγνω
1052 3368 1114 3419 τὸ
1166 3366 1395 3438 πλάσμα
1434 3370 1612 3440 ἡμῶν,
1645 3370 1814 3442 ἐμνή-

243 3454 342 3526 σθη
364 3456 409 3488 σθ
434 3456 519 3509 ὅτι
541 3453 669 3525 χοῦς
701 3455 889 3526 ἐσμεν.
924 3476 945 3508 ι
980 3451 1103 3511 Οἶδε
1150 3459 1260 3529 γάρ
1287 3460 1316 3511 6
1347 3461 1683 3532 δημιουργὸς
1712 3464 1812 3533 τῆς

245 3547 456 3617 φύσεως
478 3547 637 3619 ἡμῶν
666 3548 765 3620 τὴν
791 3549 1099 3614 ἀσθένειαν,
1134 3546 1243 3604 οἶδε
1266 3552 1359 3606 καὶ
1392 3553 1558 3608 πόθεν
1591 3554 1813 3609 διεπλά-

246 3639 475 3710 σθημεν,
507 3640 606 3693 καὶ
632 3639 737 3693 ποῦ
772 3640 936 3695 πάλιν
961 3642 1310 3714 χωρήσομεν.

244 3862 249 3867 .
316 3815 398 3872 ιε’.
429 3836 449 3869 ι
488 3817 832 3889 Ἀνθρωπος,
865 3818 998 3871 ὡσεὶ
1038 3818 1229 3890 χόρτος
1252 3819 1310 3874 αἱ
1366 3821 1572 3891 ἡμέραι
1618 3822 1809 3889 αὐτοῦ,

240 3907 373 3961 ὡσεὶ
396 3908 557 3971 ἄνθος
582 3908 674 3962 τοῦ
706 3909 878 3980 ἀγροῦ
908 3908 1082 3971 οὕτως
1113 3909 1423 3982 ἐξανθήσει.
1456 3930 1476 3963 ι
1506 3912 1671 3965 Οὐδὲν
1688 3914 1813 3984 χόρ-

243 4016 336 4054 του
375 4001 469 4053 καὶ
500 3999 695 4063 ἄνθους
724 4000 1135 4071 διενηνόχαμεν,
1166 4000 1194 4053 ὃ
1234 4002 1294 4065 ἐν
1331 3997 1428 4073 ἦρι
1465 4002 1565 4073 μὲν
1602 4003 1802 4074 τέθηλε

246 4095 385 4164 μετά
424 4092 596 4164 βραχὺ
624 4093 683 4146 δέ
728 4094 1052 4165 μαραίνεται
1087 4095 1182 4149 καὶ
1204 4094 1436 4167 διαρρεῖ.

317 4191 413 4250 ις’.
449 4204 466 4235 ι
509 4185 630 4237 Ὅτι
660 4183 879 4254 πνεῦμα
903 4186 1117 4256 διῆλθεν
1132 4188 1189 4239 ἐν
1205 4166 1376 4253 αὐτῷ,
1395 4166 1488 4239 καθ.
1513 4185 1611 4255 οὐχ
1632 4184 1811 4257 ὑπάρ-

242 4277 345 4343 ξει,
373 4277 469 4330 καὶ
500 4277 544 4310 ⁵⁷
574 4276 674 4330 οὐκ
724 4277 1088 4345 ἐπιγνώσεται
1132 4278 1213 4331 ἐτι
1260 4277 1350 4330 τὸν
1376 4278 1542 4332 τόπον
1562 4279 1750 4335 αὑτοῦ.
1788 4298 1807 4331 ι

253 4374 313 4425 ὐ
345 4372 403 4424 δὲ
430 4371 727 4441 Σύμμαχος
748 4369 921 4433 οὕτως
942 4388 956 4401 ·
983 4372 1106 4424 Ὅτι
1128 4370 1364 4439 πνεῦμα
1387 4369 1679 4439 διέρχεται
1702 4374 1812 4426 αὺ-

1918 3202 1984 3257 ga
2046 3186 2203 3253 filios,
2251 3186 2503 3243 affectum
2534 3187 2804 3244 exhibuit.

1987 3365 2155 3422 Vens.
2194 3368 2281 3423 u.
2317 3386 2338 3418 ι
2375 3368 2645 3434 Quoniam
2674 3368 2791 3440 ipse
2821 3354 3075 3440 cognovit
3116 3368 3495 3424 formationem

1917 3468 2160 3514 nostram
2189 3498 2203 3523 ,
2251 3460 2567 3515 recordatus
2611 3468 2733 3522 est,
2782 3460 3059 3529 pulverem
3104 3474 3206 3514 nos
3260 3475 3401 3514 esse.
3466 3476 3488 3511 ι

1916 3550 2079 3607 Novit
2122 3551 2268 3605 enim
2314 3550 2493 3621 opifex
2546 3562 2755 3606 natura:
2808 3561 3011 3606 nostrae
3049 3550 3496 3616 imbecillitatem,

1918 3645 2041 3712 scit,
2064 3646 2208 3700 unde
2230 3643 2453 3699 formati
2482 3659 2694 3706 sumus,
2726 3653 2779 3698 et
2804 3658 2916 3713 quo
2951 3657 3144 3698 rursus
3174 3643 3378 3697 abituri
3404 3658 3499 3696 su-

1918 3752 2067 3791 unus.

1990 3826 2156 3882 Vens.
2191 3827 2279 3882 15.
2318 3846 2338 3879 ι
2377 3824 2574 3891 Homo,
2626 3826 2771 3881 sicut
2798 3825 2983 3881 fendm
3036 3825 3154 3882 dies
3202 3827 3345 3892 ejus,
3374 3835 3496 3880 tan-

1918 3935 2079 3990 quam
2109 3919 2210 3975 ﬂos
2252 3919 2367 3989 agri
2399 3918 2478 3973 sic
2505 3917 2787 3972 elllorebit.
2826 3936 2845 3969 ι
2880 3916 3029 3972 Nihil
3059 3933 3091 3973 a
3124 3917 3340 3988 1328
3370 3916 3496 3971 feno

1917 4022 1972 4067 et
2015 4027 2047 4066 a
2091 4011 2222 4067 flore
2265 4009 2595 4075 differimus,
2641 4011 2736 4079 qui
2783 4010 3003 4079 quidem
3053 4025 3221 4063 verno
3253 4020 3498 4080 tempore

1917 4106 2081 4168 viret,
2110 4104 2273 4175 paulo
2301 4111 2424 4174 post
2454 4118 2585 4156 vero
2616 4103 2919 4174 languescit
2947 4112 3004 4158 et
3032 4102 3245 4157 difﬂuit.

1986 4195 2153 4250 Vens.
2197 4194 2283 4250 16.
2316 4214 2335 4247 ι
2370 4194 2641 4261 Quoniam
2675 4194 2901 4264 spiritus
2926 4192 3275 4263 pertransibit
3309 4192 3491 4255 illum,

1918 4297 1974 4345 et
2003 4306 2108 4343 non
2142 4288 2375 4357 amplius
2422 4288 2545 4352 erit,
2583 4303 2683 4343 nec
2716 4295 3006 4358 cognoscet
3051 4287 3283 4356 amplius
3317 4285 3495 4341 locum

1919 4397 2101 4437 suum.
2144 4399 2163 4432 ι
2201 4380 2566 4450 Symmachus
2604 4389 2785 4435 autem
2812 4380 2892 4434 sic
2920 4396 2935 4433 :
2968 4378 3239 4444 Quoniam
3280 4378 3497 4445 spiritus

240 4465 368 4529 τὸν,
401 4460 530 4518 εἶτα
553 4468 666 4531 οὺχ
716 4463 991 4531 ὑπάρχει.
1017 4492 1087 4504 -
1120 4464 1361 4531 Πνεῦμα
1386 4464 1484 4535 τὴν
1505 4464 1685 4536 ψυχὴν
1720 4466 1809 4519 λέ-

1930 4472 2195 4529 )θνῑναηδὶι
2242 4473 2434 4541 ipsum,
2475 4472 2663 4527 deinde
2697 4489 2801 4527 non
2844 4480 2942 4526 est.
2974 4501 3043 4511 ——
3074 4470 3335 4539 Spiritum
3370 4484 3497 4523 vero

242 4575 329 4626 γει
350 4576 363 4586 ο
398 4552 468 4629 ἧς
493 4556 777 4627 παρούσης
799 4558 892 4609 καὶ
914 4558 980 4627 ζῇ
1007 4555 1068 4608 τὸ
1086 4555 1268 4624 σῶμα,
1300 4556 1395 4610 καὶ
1410 4558 1628 4627 ἐνεργεῖ
1646 4574 1659 4588 ·
1679 4559 1817 4611 ἁπο-

242 4651 459 4718 πτάσης
514 4649 571 4702 δὲ
624 4647 1055 4701 κατασϐέννυται
1112 4648 1208 4701 καὶ
1248 4648 1549 4718 φθείρεται,
1575 4650 1651 4713 ὼς
1684 4651 1819 4720 μηδὲ

240 4742 367 4804 τοὺς
398 4740 700 4812 προτέρους
745 4739 1203 4807 ἐπιγινώσκεσθαι
1257 4742 1627 4811 χαρακτῆρας,
1684 4744 1820 4813 μηδέ

236 4833 632 4902 γινώσκεσθαι,
661 4833 737 4896 ώς
762 4832 923 4885 τοῦτο
958 4831 1051 4885 τοῦ
1077 4832 1270 4897 δεῖνος,
1312 4835 1490 4887 ἐκεῖνο
1519 4833 1614 4886 τοῦ
1645 4834 1818 4897 δεῖνος

241 4930 303 4979 τὸ
334 4927 517 4994 σῶμα.
550 4926 661 4979 Καὶ
689 4924 847 4979 τοῦτο
881 4926 979 4979 ῖδοι
1012 4943 1094 4987 τις
1115 4926 1181 4978 ἂν
1207 4925 1596 4997 ἀκριϐέστερον
1618 4926 1810 4980 διακύ-

241 5019 349 5086 ψας
393 5020 475 5080 εἰς
512 5018 715 5086 τάφονο
750 5017 929 5070 πάντα
977 5016 1087 5085 γάρ
1128 5016 1329 5085 ὁμοίως
1360 5016 1570 5088 φθορᾶς
1602 5018 1810 5086 γίνεται

236 5111 628 5181 παρανάλωμα
660 5149 676 5175 ,
707 5110 805 5164 καὶ⁵
853 5110 981 5173 τοὺς
1022 5108 1324 5179 προτέρους
1369 5113 1725 5181 χαρακτῆρας
1749 5110 1810 5163 οὐ

245 5201 524 5266 διασώζει.

1916 4566 2151 4620 animam
2195 4563 2450 4631 appellat,
2497 4579 2603 4633 qua
2636 4571 2903 4633 praesente
2945 4577 3148 4630 corpus
3185 4569 3239 4615 et
3278 4560 3411 4613 vivit
3443 4571 3498 4614 et

1916 4662 2192 4721 operatur,
2228 4667 2355 4707 cum
2389 4653 2644 4718 evolavit,
2685 4652 3056 4721 exstinguitur
3088 4660 3143 4706 et
3188 4651 3495 4719 corrumpi-

1917 4757 2048 4803 tur:
2086 4748 2161 4802 ita
2200 4755 2388 4804 utnec
2417 4749 2630 4817 priores
2667 4760 2808 4802 nota:
2849 4755 3239 4818 agnoscantur,
3276 4760 3376 4799 nec
3411 4746 3496 4798 in-

1916 4838 2190 4907 telligatur
2226 4840 2327 4891 hoc
2356 4852 2558 4906 corpus
2586 4838 2732 4891 illius
2757 4836 2947 4900 fuisse,
2981 4845 3035 4890 et
3062 4837 3164 4889 hoc
3194 4834 3366 4891 illius.
3394 4834 3493 4888 At-

1915 4946 2022 4999 que
2054 4929 2157 4985 hoc
2189 4929 2591 4997 deprehendere
2647 4929 2875 5000 quilibet
2928 4928 3147 4998 poterit,
3181 4930 3200 4949 ⁶
3235 4928 3281 4983 si
3314 4929 3365 4981 in
3402 4942 3493 4981 se-

1916 5020 2099 5089 pulcra
2127 5019 2377 5088 inspiciat
2401 5021 2662 5075 attentius
2699 5037 2713 5073 :
2745 5019 2931 5073 omnia
2961 5034 3108 5073 enim
3150 5018 3270 5088 pari
3301 5032 3492 5070 corru-

1918 5111 2100 5181 ptione
2143 5119 2477 5179 atteruntur,
2515 5113 2882 5182 pristiuasque
2917 5118 3081 5166 notas
3118 5125 3225 5166 non
3261 5123 3491 5164 conser-

1927 5214 2077 5262 vant.

1321 5397 1552 5455 VARl/E
1592 5399 1974 5456 LECTIONES
2006 5402 2093 5457 ΕΤ
2127 5402 2358 5459 ΝΟΤίΕ.

312 5559 360 5593 ⁵⁵
392 5560 514 5615 cod.
551 5559 573 5614 1
612 5559 777 5614 αἰτία.
854 5560 900 5591 ⁸ο
937 5559 1088 5626 Μὴν.
1122 5558 1283 5614 llebr.
1316 5559 1577 5624 Servabit,
1606 5576 1680 5615 sc.
1708 5562 1815 5614 iran

1930 5578 2047 5614 cam.
2121 5562 2165 5592 ⁵⁸
2200 5561 2431 5629 Ἀμαρτ.
2453 5562 2573 5615 coal.
2604 5559 2627 5612 1
2658 5561 2905 5629 ἀνομίας.

613 5631 673 5701 ⁸1
692 5630 812 5684 cod.
837 5633 859 5685 1
888 5624 1214 5683 ἐπεκτεῖναι.
1256 5700 1261 5701 ν
1290 5632 1337 5661 ⁵⁵
1362 5629 1585 5699 Ἐκράτ.
1616 5631 1815 5701 Κύριος

1930 5624 2353 5686 εῦτᾞτωυοίὶιί
2394 5632 2453 5701 f’
2484 5629 2683 5698 Πατήρ
2705 5624 2870 5685 Abest
2898 5647 2925 5682 a
2947 5629 3068 5683 cod.
3100 5629 3145 5679 l.
3181 5627 3251 5701 _§‘
3271 5624 3478 5694 Ἔμνή,

246 5631 538 5700 ἁμαρτίας.

246 5698 386 5780 σρη.
453 5702 574 5758 cod.
632 5698 807 5756 Vatic.
877 5701 1038 5757 habet
1102 5700 1386 5772 μνήσθητι.

247 5786 381 5835 ειαε.

2981 5561 3026 5589 ⁸¹
3070 5561 3272 5623 Ἀνομ.
3300 5555 3419 5608 cod.
3454 5554 3478 5609 1

1509 5701 1555 5732 ⁸⁷
1586 5697 1713 5756 Κ(ιῖ
1746 5732 1814 5743 —

1930 5702 2068 5757 ιτοῦ.
2141 5702 2305 5758 llebr.
2382 5698 2493 5755 Nec
2570 5697 2814 5771 agnoscet
2868 5716 2985 5754 cum
3049 5697 3278 5769 amplius
3337 5701 3487 5779 locus
