3924 6488
426 286 553 354 ιῦθι

1415 294 1901 355 THEODORETI
1939 294 2281 359 EPISCOPI
2321 301 2692 367 CYRENSIS

3549 314 3684 379 1692

496 402 659 473 Vens.
693 403 778 469 17,
822 403 907 458 18.
955 425 971 456 ι
1011 404 1388 461 Misericordia
1427 415 1611 459 autem
1660 402 1875 458 Domini
1929 403 1997 457 ab

2171 407 2259 469 ιζ’,
2282 410 2371 480 ιη’.
2407 430 2425 463 ι
2464 412 2538 465 Τὸ
2568 415 2627 467 δέ
2656 417 2805 482 ἔλεος
2838 421 2932 473 τοῦ
2966 423 3175 495 Κυρίου
3203 424 3311 478 ἀπὸ
3343 426 3442 479 τοῦ
3459 427 3685 491 αἰῶνος,

423 505 626 550 sterno
690 511 862 565 usque
913 499 968 553 in
1007 509 1296 563 aeternum,
1332 513 1496 567 super
1526 497 1777 551 timentes
1822 510 1946 550 eum
1986 516 1997 549 :

423 598 479 640 et
503 586 721 651 justitia
752 590 900 644 illius
927 591 983 645 in
1016 591 1158 647 ﬁlios
1200 592 1457 646 ﬁliorum.
1516 573 1610 645 llis
1640 587 1737 658 qui
1782 597 2004 644 servant

425 676 609 730 {cadus
647 677 788 745 ejus,
832 690 885 733 et
923 696 1194 735 memores
1217 690 1347 736 sunt
1395 680 1780 734 mandatorum
1832 678 2002 748 ipsius

427 777 487 822 ut
518 768 721 824 faciant
742 786 829 825 ea.
875 791 893 822 ι
941 771 1141 826 Natura
1192 773 1359 843 igitur
1398 772 1479 827 sic
1512 771 1720 842 fragilis
1755 779 1839 826 est
1870 789 1881 823 :
1908 770 2002 825 sed

425 862 610 916 divina
661 864 1043 920 misericordia
1090 866 1410 920 diuturnam
1455 864 1621 918 vitam
1652 862 1900 932 largitur,
1951 870 2006 917 et

422 953 649 1023 justiti-az
716 959 1220 1012 remunerationem
1278 957 1584 1027 majoribus
1648 956 1884 1010 debitam
1934 954 2003 1009 ad

426 1056 677 1116 posteros
705 1064 878 1119 usque
911 1062 1219 1105 conservat.
1257 1051 1348 1105 Sic
1376 1066 1605 1120 regnum
1652 1051 1723 1103 ad
1753 1059 2003 1120 quartam

432 1154 610 1208 usque
640 1141 953 1210 progeniem
979 1140 1113 1197 Jelm
1141 1144 1401 1207 servavit,
1425 1144 1551 1197 licet
1576 1140 1867 1212 perfectam
1894 1141 2007 1211 pie-

429 1240 594 1287 talem
630 1233 857 1288 minime
890 1234 1161 1297 habuerit.
1197 1237 1291 1291 sed
1325 1236 1377 1290 in
1420 1237 1692 1307 principio
1729 1237 1881 1309 regni
1912 1253 2005 1293 ze-

429 1324 541 1378 lum
574 1326 900 1380 ostenderit.
935 1325 1025 1382 Sic
1053 1327 1242 1383 divino
1270 1327 1463 1384 Davidi
1494 1330 1877 1385 inexstinctam
1907 1345 2005 1400 ge-

428 1417 573 1469 neris
599 1416 893 1471 scintillam
940 1420 1258 1484 custodivit,
1306 1423 1525 1479 tametsi
1568 1424 1725 1478 multi
1761 1422 1913 1492 impii
1951 1422 2007 1476 in

427 1508 605 1564 medio
634 1510 967 1565 exstiterint.
1009 1513 1162 1569 Hauc
1192 1524 1398 1574 autem.
1433 1517 1635 1587 inquit,
1679 1516 2002 1571 misericor-

2106 499 2199 551 καὶ
2253 500 2356 565 ἓως
2421 504 2518 558 τοῦ
2573 508 2772 574 αἰῶνος
2820 513 2915 565 ἐπὶ
2941 517 3073 580 τούς
3094 518 3467 587 φοϐουμένους
3495 521 3685 587 αὐτὸν,

2105 591 2199 643 καὶ
2228 593 2260 662 ἡ
2291 593 2611 667 δικαιοσύνη
2650 601 2817 656 αὐτοῦ
2857 606 2954 658 ἐπὶ
2986 608 3123 672 υίοτς
3150 610 3197 642 ⁸⁸
3224 610 3379 665 υἱῶν.
3420 609 3550 674 Τοῖς
3580 628 3695 679 φυ-

2104 682 2365 740 λάσσουσι
2388 689 2486 761 τὴν
2517 692 2785 765 διαθήκην
2808 698 2999 765 αὐτοῦ,
3032 701 3126 755 καὶ
3173 704 3548 775 μεμνημένοις
3575 705 3689 757 τῶν

2104 775 2334 831 ἐντολῶν
2376 780 2542 835 αὐτοῦ
2572 824 2588 848 ,
2620 785 2717 838 τοῦ
2764 789 2989 859 ποιῆσαι
3039 794 3232 857 αὐτάς.
3272 813 3291 845 ο
3336 795 3400 848 Ἠ
3436 795 3538 865 μὲν
3591 795 3688 849 οὖν

2106 866 2269 935 φύσις
2297 869 2472 935 οὕτως
2502 875 2665 947 ἐπίκη
2677 895 2770 948 ρος
2797 896 2811 909 ·
2838 881 2871 949 ἡ
2904 880 2961 933 δέ
3002 881 3125 936 θεία
3157 884 3544 956 φιλανθρωπία
3590 886 3690 939 τὸν

2108 960 2321 1029 μακρὸν
2349 963 2525 1018 αἰῶνα
2553 968 2838 1039 χαρίζεται
2874 971 3046 1043 βιοῦν,
3079 976 3177 1029 καὶ
3207 977 3401 1048 μέχρις
3438 978 3691 1046 ἐγγόνων

2104 1051 2355 1125 διατηρεῖ
2381 1055 2476 1126 τὴν
2504 1063 2616 1124 τοῖς
2648 1062 2937 1131 προγόνοις
2968 1065 3332 1139 ὀφειλομένην
3352 1070 3451 1141 τῆς
3470 1070 3691 1125 δικαιο-

2107 1142 2275 1214 σύνης
2296 1144 2590 1202 ἀντίδοσιν.
2622 1149 2779 1205 Οὕτω
2815 1152 2893 1225 τῷ
2928 1153 3069 1226 Ἰηοῦ
3101 1158 3146 1189 ⁸³
3203 1158 3370 1229 μέχρι
3410 1160 3690 1230 τετάρτης

2105 1237 2298 1301 γενεᾶς
2354 1236 2450 1309 τὴν
2488 1238 2767 1309 βασιλείαν
2827 1246 3121 1319 τετήρηκε,
3166 1250 3262 1303 καί
3303 1267 3388 1303 τοι
3423 1251 3561 1321 μηδὲ
3593 1268 3687 1305 τε·

2106 1327 2257 1381 λείαν
2303 1332 2588 1387 εὐσέϐειαν
2626 1340 2991 1411 κτησαμένῳ.
3029 1342 3148 1395 ἁλλ’
3175 1343 3232 1396 ἐν
3279 1346 3346 1414 τῇ
3404 1344 3547 1416 ἀρχῇ
3579 1344 3688 1415 τῆς

2110 1419 2389 1490 βασιλείας
2417 1426 2813 1501 ἐπιδειξαμένῳ
2836 1433 2930 1485 τὸν
2954 1432 3142 1504 ζῆλον.
3178 1435 3339 1490 Οὐτω
3371 1437 3452 1508 τῷ
3476 1436 3686 1499 θεσπε-

2110 1511 2210 1581 σίῳ
2240 1513 2406 1567 Δαϐὶδ
2438 1514 2702 1572 ἄσϐεστον
2732 1520 3021 1594 διετήρησε
3052 1526 3144 1579 τὸν
3172 1527 3267 1580 τοῦ
3304 1528 3500 1596 γένους
3525 1546 3689 1584 σπιν-

427 1602 570 1655 diam
602 1617 661 1657 se
691 1605 1134 1662 custodientibus
1165 1606 1341 1663 fcedus
1369 1608 1489 1677 ejus
1531 1608 1906 1679 praebiturum.
1942 1607 2004 1662 Et

2114 1601 2273 1675 θῆρα,
2308 1608 2405 1659 καὶ
2434 1609 2607 1662 ταῦτα
2635 1611 2848 1666 πολλῶν
2877 1613 3160 1672 δυσσεϐῶν
3202 1620 3260 1672 ἐν
3300 1620 3453 1691 μέσῳ
3485 1621 3685 1691 βεϐλα-

436 1705 545 1745 non
582 1692 903 1763 simpliciter
934 1696 1019 1762 iis,
1049 1698 1141 1766 qui
1166 1697 1546 1752 mandatorum
1584 1698 1705 1767 ejus
1734 1714 2008 1754 memores

429 1780 641 1838 fuerint
670 1803 683 1837 :
716 1785 810 1840 sed
856 1786 945 1852 iis,
979 1786 1073 1856 qui
1108 1802 1271 1856 opera
1306 1788 1519 1859 1329
1552 1789 1731 1844 verbis
1778 1789 2003 1855 addunt,

427 1884 482 1928 et
506 1875 806 1931 secundum
839 1892 902 1932 ea
930 1894 1084 1933 suam
1120 1878 1363 1950 dirigunt
1394 1878 1584 1934 vitam.

508 2140 670 2198 Vens.
738 2144 823 2199 19.
883 2163 902 2196 ι
939 2144 1203 2201 Dominus
1256 2148 1310 2201 in
1366 2149 1509 2204 caelo
1562 2150 1773 2219 paravit
1820 2150 2003 2205 sedem

427 2251 607 2301 suam,
637 2245 691 2290 et
716 2253 945 2305 regnum
985 2240 1156 2308 ipsius
1184 2241 1441 2296 omnibus
1470 2242 1808 2297 dominatur.
1836 2263 1853 2295 ι
1892 2242 2006 2298 Hoc

428 2327 610 2382 simile
631 2339 714 2384 est
748 2331 817 2385 iis
850 2345 972 2400 quae
999 2330 1052 2384 in
1088 2332 1196 2385 alio
1223 2332 1433 2401 psalmo
1467 2334 1611 2388 dicta
1641 2344 1766 2389 sunt
1794 2352 1807 2387 :
1845 2353 1864 2385 ι
1898 2336 2003 2402 Qui

428 2421 486 2474 in
515 2422 749 2477 excelsis
778 2424 983 2478 habitat
1004 2464 1019 2485 .
1049 2436 1104 2479 et
1136 2424 1366 2479 humilia
1398 2427 1624 2495 respicit
1647 2436 1694 2482 ν.
1733 2447 1751 2479 ι
1794 2426 2003 2481 Etenim

430 2510 534 2566 hoc
560 2511 612 2564 in
644 2512 764 2565 loco
793 2528 974 2568 sermo
999 2516 1353 2584 propheticus
1378 2530 1479 2572 nos
1502 2516 1684 2579 docet,
1716 2518 2004 2575 universo-

430 2614 550 2653 rum
584 2599 875 2657 Dominum
906 2604 962 2657 in
989 2603 1129 2659 crelo
1155 2605 1374 2674 quidem
1401 2606 1600 2662 habere
1628 2608 1850 2674 solium,
1884 2609 2007 2664 uni-

427 2692 573 2747 versi
623 2704 804 2750 autem
835 2698 1024 2753 mundi
1071 2699 1379 2754 machinam
1412 2699 1687 2769 inspicere
1724 2712 1780 2758 et
1814 2705 2004 2760 mode-

431 2785 566 2849 rari,
604 2788 803 2858 quippe
835 2789 929 2859 qui
979 2792 1223 2845 omnium
1275 2790 1460 2861 Opifex
1498 2802 1624 2860 est,
1666 2804 1722 2850 et
1768 2811 1863 2851 rex
1893 2837 1911 2861 ,
1953 2808 2007 2852 et

428 2877 711 2933 dominus.

502 2964 668 3022 Vens.
687 2968 811 3024 20.‹
840 2968 1149 3027 Benedicite
1172 2972 1425 3040 Domino,
1450 2991 1643 3033 omnes
1662 2979 1838 3049 angeli
1861 2979 2002 3049 ejus,

2110 1697 2410 1765 στηκότων.
2442 1699 2643 1755 Τοῦτον
2676 1703 2754 1769 δὲ,
2804 1707 2986 1777 φησὶν,
3018 1707 3195 1777 ὀρέξει
3224 1710 3315 1763 τὸν
3374 1710 3523 1765 ἔλεον
3570 1720 3688 1779 τοῖς

2109 1789 2441 1856 φυλάσσουσι
2470 1792 2568 1865 τὴν
2596 1793 2863 1867 διαθήκην
2896 1799 3087 1854 αὐτοῦ.
3116 1801 3227 1854 Καὶ⁸
3252 1801 3351 1872 οὐχ
3374 1803 3568 1868 ἁπλῶς
3586 1823 3687 1875 με-

2109 1882 2406 1953 μνημένοις
2452 1885 2561 1939 τῶν
2620 1888 2849 1941 ἐντολῶν
2876 1890 3066 1959 αὐτοῦ,
3099 1892 3215 1945 ἀλλ’
3239 1895 3535 1950 ἐπιτιθεῖσι
3568 1900 3686 1960 τοῖς

2105 1972 2287 2040 λόγοις
2316 1975 2388 2029 τὰ
2415 1976 2569 2047 ἔργα,
2596 1980 2690 2031 καὶ
2713 1980 2854 2035 κατὰ
2878 1979 3084 2045 ταύτας
3111 1983 3204 2036 τὸν
3240 1988 3446 2040 οἰκεῖον
3478 1988 3681 2059 ῥυθμί-

2106 2062 2259 2126 ζουσι
2290 2065 2422 2136 βίον.

2180 2158 2266 2214 ιϐ’.
2305 2178 2324 2210 ι
2367 2161 2571 2232 Κύριος
2594 2163 2653 2215 ὲν
2676 2164 2753 2234 τῷ
2785 2165 3002 2237 οὐρανῷ
3033 2169 3298 2238 ἡτοίμασε
3351 2170 3447 2224 τὸν
3487 2172 3677 2243 θρόνον

2105 2251 2290 2315 αὐτοῦ,
2340 2254 2503 2325 καὶὴ
2556 2255 2804 2325 βασιλεία
2859 2258 3025 2312 αὐτοῦ
3073 2261 3292 2315 πάντων
3347 2263 3613 2329 δεσπόζει.
3643 2286 3664 2321 ι

2105 2344 2274 2397 Τοῦτο
2287 2344 2432 2399 ἔοικε
2458 2350 2573 2412 τοῖς
2593 2350 2653 2401 ἐν
2682 2351 2855 2422 ἑτέρῳ
2869 2352 3178 2423 εἰρημένοις
3202 2354 3404 2426 ψαλμῷ
3431 2372 3446 2387 θ
3481 2375 3501 2408 ι
3534 2359 3591 2411 '0
3614 2361 3671 2412 ἐν

2106 2436 2330 2507 ὑψηλοῖς
2384 2440 2671 2505 κατοικῶν,
2704 2442 2801 2495 καὶ
2827 2442 2898 2496 τὰ
2949 2445 3183 2498 ταπεινὰ
3228 2446 3468 2517 ἐφορῶν.
3514 2467 3533 2499 ι
3568 2449 3679 2501 Καὶ

2106 2528 2215 2600 γὰρ
2241 2530 2477 2584 ἐνταῦθα
2502 2533 2531 2584 ό
2561 2532 2899 2604 προφητικὸς
2930 2535 3079 2605 ἡμᾶς
3112 2535 3353 2590 διδάσκει
3387 2537 3574 2606 λόγος,
3605 2539 3681 2603 ὡς

2106 2622 2164 2673 ἐν
2193 2622 2410 2694 οὐρανῷ
2443 2624 2541 2694 μὲν
2585 2624 2699 2696 ἔχει
2730 2625 2823 2678 τὸν
2854 2625 3048 2698 θρόνον
3078 2628 3188 2682 τῶν
3226 2630 3363 2683 ὅλων
3390 2634 3417 2684 ό
3444 2630 3682 2701 Κύριος,

2106 2715 2282 2787 ἐφορᾷ
2326 2716 2386 2770 δέ
2424 2718 2519 2771 καὶ
2547 2717 2877 2789 πρυτανεύει
2903 2722 2970 2791 τῇ
3020 2721 3200 2775 κτίσει
3226 2722 3293 2789 ⁸⁸,
3320 2721 3414 2777 ἅτε
3434 2724 3502 2797 δὴ
3533 2726 3684 2779 τεά-ν-

2104 2826 2211 2861 των
2260 2807 2354 2874 ⁴ὣν
2422 2811 2754 2883 δημιουργὸς
2786 2850 2803 2878 ,
2850 2811 2945 2865 καὶ
3002 2812 3280 2883 βασιλεὺς,
3326 2817 3421 2870 καὶ
3481 2817 3688 2872 δεσπό-

2105 2916 2227 2970 της.

2178 2998 2244 3045 κ’.
2279 3009 2298 3043 ι
2327 2991 2612 3060 Εὐλογεῖτε
2633 2992 2724 3045 τδν
2762 2992 2989 3065 Κύριον,
3023 2995 3223 3060 πάντες
3248 2996 3299 3048 oi
3323 2996 3545 3063 ἄγγελοι
3581 2999 3684 3052 αὐ-

430 3073 681 3131 poteutes
704 3065 925 3132 virtute,
951 3066 1214 3126 facientes
1235 3072 1461 3127 verbum
1488 3074 1655 3137 illius,
1687 3078 1753 3131 ad
1777 3080 2002 3134 audien-

2114 3079 2215 3145 τοῦι,
2249 3082 2465 3135 δυνατοὶ
2498 3082 2664 3151 ἰσχύϊ,
2694 3083 2976 3147 ποιοῦντες
3015 3084 3108 3138 τὸν
3143 3085 3302 3153 λόγον
3351 3086 3544 3151 αὐτοῦ,
3576 3089 3679 3142 τοῦ

430 3156 555 3210 dam
587 3172 775 3212 vocem
807 3174 1121 3215 sermonum
1147 3163 1289 3231 ejus.
1317 3184 1335 3216 ι
1379 3165 1574 3222 Merito
1607 3169 1860 3226 calestes
1892 3173 2005 3227 vir-

432 3258 575 3304 tutes
604 3248 657 3303 in
687 3252 1151 3307 communionem
1176 3256 1501 3324 hymnorum
1543 3261 1851 3318 accersivit.
1887 3264 2004 3321 Non

430 3341 576 3397 enim
615 3350 795 3411 potest
840 3343 1081 3399 humana
1121 3354 1316 3401 natura
1347 3349 1510 3420 digne
1541 3361 1591 3407 te
1622 3353 1875 3412 beneﬁcii
1908 3374 2007 3411 au-

432 3445 637 3490 ctorem
667 3435 919 3491 laudibus
954 3439 1209 3508 prosequi
1243 3458 1255 3493 :
1285 3441 1625 3523 incorporea.
1649 3464 1779 3504 vero
1801 3461 1855 3504 et
1882 3467 2008 3505 san-

432 3532 535 3577 cta:
578 3533 819 3590 naturas,
853 3542 977 3596 qua;
1026 3528 1255 3584 liberam
1291 3532 1361 3586 ab
1398 3533 1777 3594 aﬁectionibus
1806 3541 2009 3596 habent

436 3615 645 3681 vitam,
701 3616 910 3674 idonea:
966 3629 1094 3676 sunt
1149 3623 1219 3677 ad
1282 3625 1467 3680 divina
1528 3629 1785 3687 mandata
1843 3634 2007 3703 perﬁ-

432 3710 655 3768 cienda.

505 3801 666 3860 Vens.
704 3806 795 3861 Si.
837 3826 855 3859 ι
895 3807 1206 3865 Benedicite
1254 3810 1519 3878 Domino,
1551 3831 1741 3874 omnes
1771 3820 2002 3878 virtutes

2107 3174 2336 3229 ἀκοῦσαι
2385 3175 2486 3244 τῆς
2541 3177 2725 3245 φωνῆς
2762 3177 2870 3231 τῶν
2926 3177 3100 3247 λόγων
3143 3178 3333 3235 αὐτοῦ.
3384 3201 3403 3234 ι
3438 3182 3681 3246 sum;

2106 3269 2207 3331 τὰς
2256 3267 2522 3339 ἀοράτους
2547 3268 2809 3339 δυνάμεις
2855 3272 2935 3334 είς
2968 3271 3256 3324 κοινωνίαν
3274 3273 3375 3344 τῆς
3401 3272 3681 3345 ὐμνῳδίας

2106 3360 2385 3416 ἐκάλεσεν.
2419 3360 2535 3414 Οὐκ
2553 3360 2770 3433 ἀπόχρη
2796 3361 2902 3432 γὰρ
2925 3364 2958 3433 ή
2983 3362 3303 3431 ἀνθρωπεία
3325 3364 3487 3435 φύσις
3508 3366 3676 3433 ἀξίως

2109 3452 2297 3521 ὑμνεῖν
2330 3468 2389 3503 σε
2422 3451 2464 3483 ⁸⁸
2486 3451 2579 3505 τὸν
2618 3452 2914 3524 εὐεργέτην
2935 3470 2949 3484 ·
2983 3454 3042 3507 αἱ
3068 3454 3123 3507 δὲ
3154 3454 3438 3525 ἀσώματοι
3477 3459 3572 3509 καὶ
3614 3459 3675 3512 αἱ

2108 3545 2263 3611 ἅγιαι
2285 3543 2499 3613 φύσεις,
2530 3544 2821 3615 ἐλευθέραν
2867 3544 3088 3615 ἔχουσαι
3139 3545 3481 3618 παθημάτων
3506 3547 3680 3619 ζωὴν,

2112 3636 2294 3689 ἱκαναὶ
2325 3636 2566 3713 πληροῦν
2588 3636 2654 3690 τὰ
2689 3637 2810 3691 θεῖα
2856 3638 3280 3709 προστάγματα.

2146 3797 2151 3803 ’
2179 3824 2284 3872 κα’.
2314 3837 2332 3869 ι
2360 3817 2652 3886 Εὐλογεϊτε
2673 3818 2764 3872 τὸν
2781 3817 3008 3890 Κύριον,
3025 3821 3197 3875 πᾶσαι
3219 3822 3276 3875 αἱ
3297 3823 3559 3892 δυνάμεις
3573 3826 3680 3878 αὐ-

431 3894 553 3964 ejus
575 3938 588 3959 .
631 3898 868 3954 ministri
904 3898 1067 3969 'ejus,
1099 3902 1195 3971 qui
1236 3901 1415 3958 facitis
1450 3905 1778 3963 voluntatem
1811 3912 1950 3978 ejus.
1983 3932 2001 3964 ι

2114 3911 2227 3974 τοῦ,
2278 3912 2587 3981 λειτουργοὶ
2637 3911 2804 3965 αὐτοῦ
2856 3913 3136 3978 ποιοῦντες
3162 3915 3224 3968 τὸ
3268 3915 3480 3986 θέλημα
3510 3918 3555 3948 ⁶¹
3582 3919 3681 3970 αὐ-

432 3986 586 4042 Multi
616 3998 670 4043 et
697 3992 831 4045 varii
873 4002 1002 4048 sunt
1034 3993 1343 4049 caelestium
1375 3996 1615 4052 ordines.
1662 4000 2003 4073 Principatus

2114 4004 2226 4058 τοῦ.
2268 4023 2287 4056 ι
2324 4004 2503 4060 Πολλὰ
2528 4004 2625 4059 καὶ
2684 4003 2921 4076 διάφορα
2949 4005 3057 4060 τῶν
3089 4006 3356 4079 οὐρανίων
3382 4009 3426 4040 ⁸⁸
3448 4008 3518 4061 τὰ
3542 4009 3682 4078 τάγ-

432 4079 615 4145 enim,
655 4090 710 4135 et
739 4081 1039 4141 Potestates
1060 4126 1075 4148 ,
1115 4095 1169 4140 et
1192 4084 1398 4141 Throni
1422 4129 1436 4153 ,
1470 4100 1525 4144 et
1562 4088 1964 4152 Dominationes
1989 4137 2004 4161 ,

2116 4115 2262 4166 ματα
2286 4113 2299 4128 ⁸
2343 4098 2535 4169 Ἀρχαὶ
2576 4099 2683 4167 γὰρ
2727 4098 2824 4153 καὶ
2863 4098 3151 4164 Ἐξουσίαι,
3187 4102 3284 4155 καὶ
3326 4102 3537 4173 Θρόνοι,
3580 4105 3682 4156 καὶ

433 4180 489 4225 et
521 4169 806 4242 Seraphim
832 4215 848 4241 ,
877 4186 929 4230 et
956 4176 1251 4233 Cherubim
1282 4219 1297 4242 ,
1332 4189 1387 4235 et
1413 4183 1519 4236 alia
1555 4188 1776 4241 nomina
1806 4192 1821 4208 '
1850 4189 2004 4245 nobis

2114 4185 2469 4256 κυριότητες,
2509 4187 2603 4240 καὶ
2632 4187 2905 4259 Σεραφὶμ,
2933 4189 3027 4241 καὶ
3054 4190 3355 4260 Χερουϐὶμ,
3373 4169 3483 4245 ⁷κα)⁸
3509 4193 3681 4263 ἔτερα

435 4267 643 4336 ignota,
679 4275 737 4321 ut
766 4267 842 4321 ait
873 4268 1093 4326 divinus
1118 4273 1413 4342 Apostolus
1438 4286 1465 4312 ι
1489 4294 1503 4342 ;
1537 4278 1630 4333 sed
1657 4280 1837 4335 omnia
1863 4282 2004 4337 duo-

2114 4278 2246 4347 ἡμῖν
2277 4276 2515 4347 ὀνόματα
2540 4279 2817 4346 ἄγνωστα,
2844 4272 3061 4352 φησιν
3084 4282 3113 4332 ό
3151 4279 3295 4345 θεῖος
3323 4283 3643 4346 Ἀπόστολος
3662 4300 3677 4314 ο

436 4356 540 4411 bus
568 4357 654 4414 his
682 4360 997 4416 nominibus
1025 4364 1287 4433 prapheta
1317 4370 1748 4438 comprehendit.
1780 4374 2003 4442 Angelos

2114 4367 2248 4420 ἀλλὰ
2272 4370 2447 4421 πάντα
2470 4368 2560 4421 διὰ
2582 4368 2691 4421 τῶν
2716 4367 2812 4422 δύο
2839 4369 3046 4424 τούτων
3086 4371 3368 4443 ὀνομάτων
3404 4376 3432 4427 ό
3458 4391 3681 4443 προφη-

433 4449 586 4504 enim
628 4454 875 4516 vocavit,
924 4460 1183 4524 tanquam
1230 4457 1430 4515 divinis
1476 4462 1743 4518 mandatis
1783 4481 2003 4534 operam

2114 4459 2257 4524 τικδς
2322 4460 2725 4531 συμπριέλαϐε
2746 4460 2907 4528 λόγος
2935 4463 2981 4493 ⁸⁸
3007 4504 3020 4518 .
3039 4464 3364 4533 Ἀγγέλους
3418 4467 3518 4536 μὲν
3566 4467 3681 4537 γὰρ

435 4550 723 4608 navantes,
747 4544 1044 4617 divinaque
1072 4547 1239 4604 verba
1268 4554 1701 4610 transmittentes
1726 4573 1739 4608 :
1774 4554 2004 4613 Virtutes

2114 4551 2385 4618 ἐκάλεσεν,
2435 4551 2512 4617 ὡς
2560 4554 2672 4615 τοῖς
2718 4552 2885 4617 θείοις
2935 4554 3344 4626 ὐπουργοῦντας
3394 4556 3680 4628 προστάγ-

432 4650 561 4690 vero
583 4677 599 4702 ,
625 4646 883 4706 tanquam
918 4640 1247 4700 sulﬁcientes
1274 4644 1339 4699 ad
1373 4646 1641 4716 imperata
1665 4651 1967 4717 peragenda
1989 4691 2004 4716 ,

433 4735 489 4781 et
514 4727 706 4798 agendi
736 4730 847 4784 vim
876 4746 907 4786 a
932 4733 1215 4791 conditore
1237 4751 1333 4806 per
1361 4736 1535 4807 ipsam
1567 4746 1821 4794 naturam
1852 4756 2008 4798 acce-

435 4826 655 4887 perunt.

507 4994 668 5052 Vens.
716 4998 807 5053 22.
852 5018 872 5052 ‹
902 4998 1213 5058 Benedicite
1257 5004 1509 5072 Domino,
1560 5010 1772 5082 1330
1819 5014 2003 5069 omnia

434 5102 601 5157 opera
628 5091 747 5160 ejus
770 5133 786 5157 ,
819 5090 875 5146 in
907 5093 1059 5149 omni
1088 5094 1211 5150 loco
1239 5096 1633 5158 dominationis
1662 5103 1801 5174 ejus.
1840 5124 1856 5157 ι
1894 5104 2003 5161 Ne-

507 5272 533 5299 '
563 5263 705 5320 Psal.
737 5282 913 5333 xxx",
946 5272 1031 5327 l5.
1110 5286 1138 5314 κ
1171 5272 1385 5331 Coloss.
1415 5295 1454 5343 ι,
1490 5278 1579 5332 16.

2113 4660 2267 4714 μασι,
2294 4644 2387 4696 καὶ
2410 4646 2533 4707 τοὺς
2560 4643 2737 4706 θείους
2754 4643 2947 4711 λόγους
2981 4645 3483 4717 διαπορθμεύοντας
3514 4665 3527 4679 ο
3558 4652 3678 4702 Δυ-

2108 4735 2314 4806 νάμεις
2341 4735 2418 4799 δὲ,
2449 4736 2523 4798 ὡς
2551 4734 2745 4799 ἱκανὰς
2772 4734 2835 4788 τὸ
2867 4736 3225 4806 κελευόμενον
3258 4737 3539 4807 πράττειν,
3571 4740 3679 4792 καὶ

2110 4828 2170 4881 τὸ
2202 4828 2427 4882 δυνατὸν
2453 4828 2512 4881 ἐν
2535 4830 2599 4899 τῇ
2639 4830 2801 4897 φύσει
2849 4827 3001 4899 παρὰ
3051 4826 3144 4880 τοῦ
3174 4828 3530 4899 πεποιηκότος
3571 4828 3677 4883 λα·

2112 4918 2322 4982 δόντας.

2180 5011 2285 5081 κβ’.
2322 5031 2339 5061 ‹
2378 5010 2663 5080 Εὐλογείτε
2678 5010 2766 5064 τὸν
2783 5010 3006 5081 Κύριον,
3032 5010 3209 5064 πάντα
3234 5011 3303 5065 τὰ
3324 5010 3460 5082 ἔργα
3482 5011 3676 5076 αὐτοῦ,

2111 5108 2169 5160 ἐν
2203 5108 2365 5157 παντὶ
2397 5103 2545 5175 τόπῳ
2565 5103 2666 5171 τῆς
2691 5102 3009 5166 δεσποτείας
3028 5103 3071 5135 ⁸⁸
3088 5101 3275 5156 αὐτοῦ.
3306 5122 3325 5155 ι
3353 5102 3489 5157 Οὐδέ
3510 5102 3678 5157 τοῦτο

1547 5430 1779 5490 ῩΑΒΙᾸΞ
1814 5435 2193 5494 LECTIONES
2216 5438 2303 5493 ET
2331 5437 2563 5494 NOT/E.

503 5576 709 5659 {ilice1
729 5582 887 5639 lectio
915 5583 1160 5659 h._l._est
1192 5587 1359 5652 υἱούς.
1435 5590 1480 5621 δ’
1505 5590 1625 5646 cod,
1656 5592 1680 5645 1
1721 5592 1889 5647 Ἰούδα
1927 5634 1940 5656 ,
1975 5610 2004 5649 ε

2114 5611 2276 5650 errore
2329 5596 2558 5659 librarii,
2597 5602 2653 5649 ut
2713 5595 2945 5650 violetur.

1471 5662 1514 5736 δῖ
1544 5661 1665 5716 cod.
1700 5661 1869 5736 Vatic.
1925 5666 2086 5721 habet
2137 5666 2206 5719 τὰ
2238 5666 2536 5736 θελήματα.

436 5645 481 5675 ⁶¹
517 5649 742 5729 ’.Υμνεῖν
769 5668 860 5729 σε.
897 5657 1021 5729 cod.
1046 5656 1071 5710 1
1101 5645 1357 5729 ὐμνῆσαῖ.

437 5718 609 5795 ..φάει
644 5722 837 5790 χορός,
859 5725 1092 5811 ascripta
1123 5718 1339 5798 {tamen
1397 5730 1624 5788 lectione
1686 5733 1873 5790 altera.

3048 5596 3094 5627 °°
3130 5594 3255 5650 cod.
3284 5597 3303 5650 ί

2649 5666 2838 5736 “cod.
2865 5666 2885 5718 1
2920 5666 3275 5736 ἐπουρανίων.

3341 5594 3439 5664 τὴν
3467 5594 3677 5652 κτίσιν.

3385 5666 3431 5699 rt
3456 5665 3670 5735 Δάτος.

1984 5737 2028 5769 ⁸⁸
2056 5739 2237 5791 Δεσπ.
2270 5737 2387 5794 cod.
2421 5735 2590 5792 Vatic.
2628 5735 2789 5793 habet
2814 5735 3144 5801 δυναστείας.
