3924 6492
277 351 304 417 ἕ
321 358 424 419 693

1634 362 1710 427 ΙΝ
1754 366 1956 425 PSAL.
1990 364 2151 425 CIII.

3382 366 3518 432 1691

270 472 392 531 τοίς,
438 470 717 537 Ἰουδαίοις
755 474 1039 545 ἁρμόττει.
1069 476 1304 529 Ἐκεῖνοι
1347 475 1455 547 γὰρ
1487 477 1591 529 ὐπὸ
1619 476 1728 528 τῶν
1756 480 1843 529 ἀν-

1949 493 2055 547 que
2088 477 2192 532 hoc
2218 475 2421 533 Iudaeis
2443 478 2713 548 congruit.
2744 477 2825 531 llli
2852 477 2998 532 enim
3031 494 3154 533 cum
3185 479 3254 532 ab
3283 479 3391 544 his,
3422 480 3517 548 qui

270 562 726 632 δραποδισάντων
760 562 889 637 ᾆσαι
942 568 1376 639 προσταχθέντες
1425 572 1489 621 ἐκ
1538 568 1645 621 τῶν
1694 569 1849 640 ᾠδῶν

275 652 443 718 Σιὼν,
480 655 691 724 ἔφασαν
747 659 947 730 ἔννομα
996 659 1252 731 δρῶντες,
1299 681 1317 714 ι
1356 662 1479 725 Πῶς
1506 662 1713 733 ᾄσομεν
1749 663 1849 733 τὴν

276 745 425 817 ᾠδὴν
455 748 664 819 Κυρίου
694 752 784 803 ἐπὶ
809 753 913 820 γῆς
943 753 1229 824 ἀλλοτρίας
1255 771 1269 820 ;
1315 774 1332 805 ι
1385 755 1544 825 Ἡμῖν
1569 755 1625 807 δὲ
1648 757 1674 807 ὀ
1706 754 1849 817 θεῖος

290 837 621 905 ’Δπόστολος
664 848 972 918 παρεγγυᾷ,
1002 850 1060 901 ἐν
1103 851 1267 902 παντὶ
1295 850 1446 920 τόπῳ
1476 853 1850 921 προσευχομέ-

278 949 409 995 νους
435 933 614 1005 αἴρειν
641 936 790 1000 ὁσίας
820 939 863 970 ⁶⁶
892 941 1102 1013 χεῖρας.
1139 940 1311 995 Τοῦτο
1367 942 1463 996 καὶ
1515 944 1543 996 6
1573 943 1847 1012 Δεσπότης

278 1024 521 1094 Χριστὸς
567 1026 705 1098 πρὸς
738 1028 836 1099 τὴν
891 1032 1222 1103 Σαμαρεῖτιν
1256 1033 1382 1105 ἔφη,
1416 1052 1435 1086 ι
1476 1034 1670 1105 Ἀμὴν,
1700 1035 1847 1105 ἀμὴν

278 1113 425 1183 λέγω
477 1133 603 1181 σοι,
644 1118 825 1186 γύναι,
854 1120 936 1174 ὃτι
971 1123 1191 1193 ἔρχεται
1240 1122 1360 1195 ὥρα
1390 1164 1405 1189 ,
1437 1125 1533 1178 καὶ
1557 1126 1649 1179 νῦν
1674 1127 1845 1190 ἐστιν,

277 1204 367 1257 ὅτε
393 1203 519 1259 οὐτε
548 1209 605 1259 έν
633 1208 713 1278 τῷ
740 1209 890 1281 τόπῳ
921 1210 1098 1283 τούτῳ
1116 1253 1130 1277 ,
1165 1211 1289 1267 οὐτε
1338 1215 1397 1267 έν
1451 1215 1849 1286 Ἰεροσολύμοις

281 1299 727 1369 προσκυνήσουσι
755 1300 835 1371 τῷ
867 1303 1062 1374 Πατρί.
1096 1302 1324 1375 Πνεῦμα
1368 1305 1478 1376 γὰρ
1506 1308 1535 1359 6
1570 1306 1722 1371 Θεὸς,
1751 1306 1847 1360 καὶ

276 1387 408 1449 τοὺς
432 1390 871 1457 προσκυνοῦντας
904 1394 1066 1449 αὐτὸν
1110 1397 1168 1450 ὲν
1197 1397 1468 1467 πνεύματι
1494 1398 1589 1451 καὶ
1619 1397 1848 1470 ἀληθείᾳ

277 1475 714 1547 δεῖπροσκυνεζν.
728 1500 850 1532 ι-ι
865 1483 1109 1552 Εὐλόγει,
1125 1486 1156 1555 ή
1172 1485 1316 1557 ψυχή
1334 1503 1457 1555 μου,
1479 1488 1568 1540 τὸν
1585 1487 1807 1558 Κύριον.
1821 1506 1840 1538 ι

280 1566 583 1638 Σύμφωνον
616 1571 693 1640 τῷ
722 1574 999 1644 προοιμίῳ
1024 1574 1084 1628 τὸ
1115 1574 1288 1639 τέλος.
1328 1577 1580 1641 Καλέσας
1610 1576 1718 1649 γὰρ
1766 1578 1847 1641 εἰς

281 1660 571 1713 κοινωνίαν
630 1661 732 1732 τῆς
776 1664 1052 1735 ὑμνῳδίας
1091 1666 1193 1731 τὰς
1240 1668 1437 1739 νοητὰς
1459 1667 1667 1734 οὐσίας,
1699 1668 1844 1722 διδά-

282 1767 404 1804 σκει
430 1753 527 1805 καὶ
553 1755 723 1825 ἡμᾶς,
771 1755 847 1819 ὠς
890 1756 1111 1812 δυνατὸν
1146 1760 1426 1832 γεραίρειν
1466 1760 1559 1814 τὸν
1583 1762 1843 1833 Ποιητὴν,

282 1844 375 1895 καὶ
409 1843 696 1915 ἰσόμετρον
720 1849 787 1919 τῇ
840 1846 1068 1920 δυνάμει
1103 1851 1440 1923 προσφέρειν
1460 1853 1553 1906 τὸν
1579 1853 1843 1924 χαριστή-

287 1951 401 2003 ριον
432 1936 623 2009 ὕμνον.

589 2049 855 2106 ΕΡΜΗΝ.
888 2052 1025 2106 ΤΟΥ
1067 2054 1167 2106 PI"
1227 2056 1548 2112 ΨΑΛΜΟΥ.

350 2160 422 2208 α’.
458 2172 478 2206 t
525 2156 753 2228 Ψαλμός
797 2161 877 2230 τῷ
937 2162 1100 2216 Δαδεδ
1122 2166 1184 2220 ⁸⁷.
1225 2184 1245 2217 ι
1289 2167 1355 2221 Ἦ
1398 2166 1494 2221 τοῦ
1574 2171 1844 2239 παναγίου

284 2246 602 2319 Πνεύματος
632 2250 795 2322 χάρις
831 2253 893 2306 οὐ
931 2253 1091 2324 μόνον
1111 2255 1309 2328 ἠθικὴν
1360 2259 1456 2311 καὶ
1509 2258 1845 2331 δογματικὴν

282 2338 630 2395 διδασκαλίαν
667 2344 781 2407 τοῖς
820 2343 1132 2416 ἀνθρώποις
1196 2349 1518 2420 προσφέρει,
1579 2350 1716 2405 ἀλλὰ
1745 2352 1843 2405 καὶ

284 2431 427 2495 ὅπως
464 2433 650 2503 ὑμνεῖν
680 2438 945 2507 προσήκει
993 2438 1085 2491 τὸν
1112 2440 1621 2513 Ποιητὴν-ἀκριὸὦς
1646 2446 1842 2498 ἐκπαισ-

282 2524 446 2577 δεύει.
484 2527 668 2582 Διάτοι
689 2528 846 2582 τοῦτο
874 2529 1023 2586 τόνδε
1070 2532 1421 2604 συγγέγραφε
1466 2534 1558 2588 τὸν
1603 2535 1839 2607 ψαλμὸν,

280 2613 358 2684 τῷ
391 2618 652 2689 μακαρίῳ
677 2620 842 2674 Δαϐὶδ
870 2622 1128 2694 ὑπουργῷ
1157 2625 1476 2696 χρησαμένη
1504 2641 1518 2656 '
1541 2626 1617 2691 ὡς
1635 2629 1701 2682 ἂν
1734 2629 1841 2698 μά-

282 2711 468 2783 θοιμεν
531 2713 770 2779 ἅπαντες
802 2755 818 2781 ,
848 2717 988 2771 τίσιν
1016 2717 1232 2789 ,ὕμνοις
1280 2719 1387 2792 χρὴ
1423 2723 1516 2774 τὸν
1544 2722 1842 2794 εὐεργέτην

278 2804 625 2873 ἀμείϐεσθαι.
664 2806 776 2871 Τὰς
808 2808 991 2879 μέντοι
1016 2811 1200 2874 κοινὰς
1248 2812 1567 2882 εὐεργεσίας
1604 2813 1842 2868 ἐνταῦθα

278 2894 521 2961 διέξεισι,
576 2898 673 2951 καὶ
723 2898 964 2953 δείκνυσι
1009 2903 1239 2973 ποιητὴν
1268 2904 1524 2958 ἁπάντων
1552 2906 1710 2976 ὁμοῦ,
1746 2906 1842 2961 καὶ

277 2990 547 3060 πρύτανιν
565 2990 655 3044 τὸν
685 2991 795 3045 τῶν
817 2992 954 3046 ὅλων
978 2992 1129 3048 Θεόν.
1165 2986 1187 3047 ἱ
1213 2994 1503 3066 Εὐλόγει,ἡ
1535 2997 1679 3070 ψυχή
1712 3015 1840 3067 μου,

277 3084 371 3134 τὸν
392 3082 616 3152 Κύριον,
660 3103 680 3135 ι
722 3084 991 3138 Ἐκαστον
1012 3086 1295 3151 εὐσεϐείας
1327 3089 1593 3158 τρόφιμον
1647 3090 1839 3160 ὑμνεῖν

277 3150 521 3227 διδάσκει
548 3175 639 3228 τὸν
680 3175 976 3247 εὐεργέτην
1009 3176 1162 3231 Θεόν.
1207 3196 1226 3229 ι
1264 3150 1505 3250 Κύριε-ό
1540 3150 1839 3252 Θεός1μου,
1867 3150 1912 3212 c

277 3266 353 3329 ὡς
381 3267 826 3338 ηέμεγαλύνθης
888 3269 1124 3341 σφόδραῑ
1167 3289 1187 3323 ι
1241 3272 1572 3337 Ἐπιτάσεως
1606 3274 1703 3328 καὶ
1759 3276 1844 3327 ὲν·

276 3355 456 3410 ταῦθα
507 3357 571 3410 τὸ
616 3358 717 3425 ὡς.
751 3359 824 3412 Τὸ
870 3359 928 3413 δὲ
974 3359 1388 3429 ἐμεγαλύνθης
1425 3364 1492 3429 ⁶’,
1526 3364 1626 3417 οὐκ
1671 3363 1841 3435 αὐξή-

279 3466 421 3515 σεως
451 3451 495 3483 ⁷⁸
521 3450 838 3522 δηλωτικὸν,
879 3451 1015 3507 ἀλλὰ
1066 3451 1162 3506 τοῦ
1186 3451 1531 3526 ’ἀμετρήτου
1580 3453 1843 3525 μεγέθους

281 3544 639 3613 σημαντικόν.
667 3543 823 3599 Οὕτω
852 3545 961 3617 γὰρ
989 3547 1083 3599 καὶ
1106 3547 1134 3599 6
1173 3545 1472 3618 Σύμμαχος
1507 3548 1839 3618 ἡρμήνευσε,

278 3635 391 3689 Kal
417 3637 457 3668 ⁷¹
488 3639 522 3691 ό
546 3638 688 3704 ead;-
696 3656 815 3707 μου
846 3641 1037 3709 μέγας
1068 3639 1114 3670 ⁷⁸
1147 3639 1203 3693 εἷ
1228 3639 1486 3708 σφόδρα.
1506 3641 1580 3693 Οὐ
1611 3640 1718 3712 γὰρ
1749 3657 1843 3710 μι-

280 3728 416 3796 κρὸς
452 3725 529 3780 ὢν
582 3727 948 3799 ὲμεγαλύνθη,
979 3728 1119 3783 ἀλλὰ
1143 3729 1306 3799 φύσει
1362 3730 1539 3799 μέγας
1578 3729 1655 3783 ὣν
1684 3729 1843 3783 τοῦτο

279 3818 394 3878 τοῖς
416 3816 700 3870 εὐσεϐέσιν
717 3817 761 3848 ⁷⁸
784 3818 998 3889 ἐδείχθη
1027 3835 1040 3847 '
1063 3818 1161 3891 οὐχ
1176 3817 1321 3871 ἅπαν
1352 3819 1413 3871 τὸ
1441 3818 1694 3893 μέγεθος,
1726 3818 1841 3872 ἀλλ’

275 3909 404 3961 ὅσον
436 3909 469 3978 ὴ
501 3906 665 3977 φύσις
693 3908 803 3962 τῶν
836 3909 1142 3979 ἀνθρώπων
1176 3908 1389 3980 ἐχώρει.
1426 3928 1444 3962 ι
1482 3909 1845 3981 Ἐξομολὸγη-

279 4014 367 4052 σιν
404 4000 501 4053 καὶ
520 4000 1001 4072 μεγαλοπρέπειαν
1030 4003 1075 4034 ⁷⁵
1102 4002 1362 4056 ὲνεδύσω.
1397 4022 1416 4055 ι
1461 4004 1521 4055 ὐ
1545 4003 1843 4075 Σύμμαχος

276 4085 472 4152 οὕτως,
509 4090 740 4159 ’Υμνον
791 4093 889 4147 καὶ
950 4093 1231 4157 εὐδοξίαν
1281 4092 1579 4163 ήμφιὰσω.
1624 4096 1843 4151 Οὐκέτι

277 4181 388 4251 γάρ
424 4198 482 4235 σε
516 4182 805 4250 ἀγνοοῦσιν
833 4186 882 4237 οἰ
922 4185 1032 4238 τῶν
1080 4184 1188 4239 σῶν
1234 4185 1595 4250 ἀπολαύοντες
1627 4188 1671 4219 ⁷⁸
1702 4187 1842 4255 ἀγα·

279 4277 410 4342 θῶν,
438 4273 559 4328 οὐδὲ
598 4278 709 4335 τοῖς
746 4276 985 4341 εἰδώλοις
1005 4277 1067 4331 τὸ
1095 4276 1187 4330 σὸν
1229 4276 1392 4340 σέϐας
1417 4276 1839 4348 προσφέρουσιν,

276 4368 417 4422 ἀλλά
461 4383 522 4419 σε
578 4366 847 4436 ὑμνοῦσι,
880 4368 973 4422 καί
1017 4385 1098 4422 σοι
1122 4368 1184 4422 τὸ
1209 4369 1308 4439 τῆς
1357 4368 1664 4437 δοξολογίας
1696 4368 1841 4422 ἐκτί-

277 4478 431 4515 νουσι
471 4461 515 4492 ⁷⁸
554 4461 734 4531 χρέος.

350 4553 415 4623 β’.
453 4571 473 4604 ι
524 4548 988 4624 Ἀναδαλλόμενος
1015 4553 1132 4623 φῶς
1170 4553 1245 4618 ὡς
1285 4553 1522 4624 ἱμάτιον.
1559 4570 1578 4604 ι
1619 4552 1839 4623 Συνῳδὰ

277 4640 487 4704 τούτοις
513 4642 555 4672 ⁷⁷
583 4642 678 4695 καὶ
698 4644 726 4695 6
766 4642 1087 4707 Ἀπόστολος
1118 4642 1221 4715 ἔφη
1261 4658 1278 4677 ο
1317 4662 1336 4696 ι
1389 4644 1447 4696 '0
1482 4644 1642 4713 μόνος
1674 4643 1843 4715 ίέχων

278 4733 580 4788 ἀθανασίαν
605 4776 620 4800 ,
668 4734 782 4802 φῶς
836 4735 1000 4790 οἰκῶν
1040 4737 1352 4806 ἀπρόσιτον.
1383 4756 1401 4788 ι
1425 4735 1693 4790 Τοσοῦτον
1734 4736 1843 4808 γάρ

278 4827 425 4881 ἐστιν
452 4829 627 4880 ἐκεῖνο
664 4826 728 4881 τὸ
768 4827 902 4896 φῶς,
942 4827 1018 4892 ὡς
1056 4828 1259 4899 μηδένα
1305 4828 1563 4895 πελάζειν
1597 4827 1839 4899 τολμᾷν·

278 4919 609 4989 ἀποστρέφει
644 4920 753 4991 γὰρ
791 4921 889 4985 τὰς
919 4921 1071 4991 ὄψεις
1109 4923 1142 4992 ἡ
1179 4921 1279 4991 τῆς
1314 4920 1507 4991 αἴγλης
1540 4920 1838 4991 ὑπερϐολή.

282 5010 349 5064 El
373 5010 483 5081 γὰρ
509 5014 536 5065 ὁ
562 5013 821 5084 αἰσθητὸς
840 5012 1000 5067 τοῦτο
1023 5016 1197 5067 ποιεῖν
1215 5014 1366 5084 ἥλιος
1389 5013 1691 5082 ἀναγκάζει
1713 5013 1839 5076 τοὺς

351 5240 381 5282 1
417 5232 557 5290 Psal.
594 5249 825 5301 cum,
857 5233 909 5287 1.
987 5242 1010 5269 κ
1048 5233 1066 5287 l
1102 5233 1244 5288 Tim.
1281 5250 1354 5298 ιι,
1387 5234 1439 5287 8.

1516 5246 1541 5272 ε
1578 5230 1737 5287 Joan.
1775 5244 1861 5295 IV,
1894 5228 1997 5299 Ωιι,
2025 5228 2096 5282 25
2118 5267 2133 5294 ,
2169 5228 2261 5284 24.

1947 585 2041 624 eos
2079 569 2131 623 in
2162 571 2483 625 servitutem
2514 571 2856 625 abduxerant
2877 611 2893 636 ,
2921 570 3144 640 aliquod
3175 568 3359 624 Sionis
3387 585 3519 623 can-

1950 663 2113 716 ticum
2147 676 2345 718 canere
2369 663 2511 733 jussi
2547 672 2770 727 essent,
2794 662 3051 717 dixerunt
3078 661 3182 732 legi
3217 670 3467 732 parentes
3499 680 3513 715 :

1952 774 1971 806 ε
2000 754 2286 821 Quomodo
2328 756 2674 811 cantabimus
2718 755 2993 810 canticum
3034 753 3251 809 Domini
3283 756 3338 808 in
3370 762 3516 808 terra

1947 848 2229 917 peregrina
2256 849 2325 902 Π
2347 867 2366 899 ι
2414 846 2580 903 Nobis
2610 863 2739 902 vero
2763 847 2982 902 divinus
3011 847 3302 916 Apostolus
3329 847 3519 914 ιπερὶ-

1946 937 2025 1005 pit
2050 946 2095 1003 ι,
2128 938 2181 992 in
2210 939 2356 993 omni
2384 939 2504 994 loco
2528 950 2746 993 orantes
2778 939 3026 995 attollere
3056 955 3250 994 manus
3276 948 3515 993 sanctas.

1947 1026 2062 1085 Hoc
2111 1030 2274 1085 etiam
2326 1031 2588 1086 Dominus
2634 1030 2886 1086 Christus
2934 1030 3293 1086 Samaritana:
3341 1031 3513 1085 dicit:

1952 1140 1972 1175 ι
2002 1121 2301 1189 Vere,vere
2333 1122 2457 1177 dico
2489 1123 2585 1177 tibi
2620 1121 2737 1178 fore
2788 1131 2849 1177 ut
2878 1123 3060 1177 veniat
3083 1124 3217 1177 hora
3241 1165 3255 1187 ,
3282 1131 3339 1178 et
3371 1139 3517 1176 nunc

1945 1224 2061 1281 est,
2095 1214 2313 1284 quando
2344 1231 2520 1285 neque
2550 1216 2604 1268 in
2643 1224 2828 1269 monte
2858 1215 2986 1279 hoc,
3023 1230 3201 1285 neque
3231 1216 3286 1269 in
3322 1213 3517 1269 Hiero-

1947 1306 2172 1377 solymis
2197 1306 2499 1361 adorabunt
2520 1306 2759 1362 Patrem.
2790 1306 3034 1376 Spiritus
3056 1308 3203 1362 enim
3230 1314 3317 1361 est
3342 1306 3511 1369 Deus,

1945 1407 1999 1452 et
2021 1413 2117 1452 eos
2150 1397 2242 1468 qui
2265 1398 2496 1452 adorant
2518 1414 2666 1463 eum,
2694 1399 2745 1453 in
2777 1399 2972 1469 spiritu
3000 1408 3057 1453 et
3088 1399 3321 1454 veritate
3344 1414 3513 1468 Opor-

1946 1497 2021 1542 tet
2037 1489 2262 1545 adorare
2278 1502 2327 1544 ι.
2364 1507 2382 1543 ι
2410 1520 2478 1529 -
2507 1509 2526 1542 ι
2555 1489 2811 1555 Benedic,
2841 1489 3023 1544 anima
3043 1506 3183 1556 mea,
3208 1490 3457 1545 Domino.
3489 1507 3510 1540 ι

1944 1578 2095 1636 Finis
2128 1581 2925 1638 accommodatusestexordio.
2944 1580 3078 1637 Cum
3106 1582 3249 1636 enim
3281 1582 3335 1636 in
3366 1597 3516 1635 como

1945 1674 2257 1728 munionem
2287 1674 2487 1728 divinae
2533 1674 2872 1746 symphonia:
2909 1674 3224 1744 spirituales
3259 1675 3516 1730 substan-

1949 1768 2050 1823 tias
2081 1767 2400 1833 accivisset,
2433 1768 2596 1823 docet
2634 1778 2688 1823 et
2725 1784 2824 1824 nos
2873 1783 2971 1838 pro
3015 1768 3224 1824 viribus
3254 1767 3515 1822 Condito-

1949 1873 2060 1912 rem
2096 1860 2369 1913 honorare
2389 1897 2403 1921 ,
2452 1858 2825 1928 hymnumque
2848 1858 3148 1927 gratiarum
3175 1858 3409 1912 actionis
3436 1854 3516 1910 fa-

1944 1948 2134 2003 cultati
2163 1955 2367 2003 nostra:
2393 1962 2579 2017 parem
2611 1947 2831 2003 offerre.

2327 2059 2647 2116 INTERPR.
2678 2053 2955 2115 'PSALMI
2992 2059 3128 2116 Clll.

2014 2178 2177 2235 Vens.
2218 2180 2271 2234 1.
2346 2198 2366 2233 ι
2414 2179 2667 2235 Psalmus
2711 2179 2920 2235 Davidi.
2969 2198 2989 2231 ι
3048 2178 3287 2248 Spiritus
3341 2180 3515 2235 sancti

1943 2271 2113 2341 gratia
2158 2287 2266 2327 non
2300 2273 2464 2326 modo
2497 2273 2758 2327 moralem
2813 2281 2867 2325 et
2901 2272 3266 2342 dogmaticam
3313 2271 3517 2326 doctri-

1940 2379 2066 2418 nam
2098 2365 2409 2419 bominibus
2433 2365 2609 2429 atl‘ert,
2637 2380 2828 2420 verum
2860 2365 3024 2419 etiam
3054 2365 3331 2435 quomodo
3351 2365 3516 2420 Crea-

1941 2463 2115 2510 torem
2158 2456 2378 2511 laudare
2402 2456 2711 2518 conveniat,
2733 2465 2988 2510 accurate
3033 2456 3215 2510 docet.
3254 2454 3517 2526 Propter-

1940 2560 2001 2600 ea
2030 2547 2175 2601 hunc
2202 2546 2534 2615 conscripsit
2575 2548 2865 2617 psalmum,
2903 2545 3064 2600 beato
3100 2545 3303 2600 Davide
3338 2545 3509 2599 mini-

1940 2644 2055 2692 stro
2070 2652 2193 2703 usa,
2214 2646 2272 2691 ut
2298 2636 2580 2692 discamus
2606 2651 2818 2697 omnes,
2841 2636 3043 2705 quibus
3067 2634 3328 2690 laudibus
3358 2634 3519 2689 bene-

1940 2726 2049 2781 ﬁcii
2080 2734 2359 2782 auctorem
2386 2727 2718 2782 remunerari
2752 2736 3026 2794 oporteat.
3054 2724 3386 2781 Communia
3414 2724 3516 2794 igi-

1942 2823 2032 2866 tur
2057 2814 2317 2869 beneticia
2348 2816 2450 2868 hoc
2477 2814 2597 2868 loco
2623 2816 2993 2883 persequitur,
3017 2812 3368 2882 ostenditque
3395 2811 3519 2864 uni-

1938 2919 2221 2958 versorum
2256 2904 2420 2959 simul
2464 2905 2714 2975 opiﬁcem
2739 2944 2754 2967 ,
2793 2912 2850 2959 et
2896 2905 3299 2984 moderatorem
3346 2901 3516 2956 Deum

1940 3008 2082 3051 esse.
2101 3012 2121 3047 ι
2144 2993 2396 3059 Benedic,
2414 2996 2620 3066 1331
2640 2995 2821 3049 anima
2843 3009 2985 3059 mea,
3008 2995 3289 3049 Domino.)
3318 2992 3521 3048 Unum-

1941 3100 2212 3156 quemque
2254 3086 2469 3155 pietatis
2498 3087 2781 3141 alumnum
2826 3086 2998 3142 Deum
3046 3084 3293 3140 beneﬁcii
3328 3093 3519 3138 aucto-

1943 3191 2056 3231 rem
2094 3176 2349 3231 laudibus
2382 3177 2639 3247 prosequi
2687 3178 2871 3231 docet.
2926 3195 2946 3228 ι
2981 3175 3208 3230 Domine
3233 3175 3377 3229 Deus
3407 3174 3515 3240 mi,

1941 3283 2106 3338 quam
2154 3268 2536 3339 magniﬁcatus
2604 3285 2663 3325 es
2699 3268 2877 3323 valde.
2908 3287 2926 3320 ι
2978 3268 3466 3338 Exaggerationem
3499 3267 3515 3288 ‘

1950 3362 2058 3417 hoc
2090 3362 2255 3416 etiam
2286 3362 2409 3417 loco
2430 3402 2445 3427 ,
2476 3378 2634 3433 quam
2667 3361 2956 3431 signiﬁcat.
2983 3360 3118 3415 lllud
3175 3375 3323 3421 vero,
3393 3356 3516 3415 Ma-

1940 3454 2217 3523 gniﬁcatus
2285 3470 2381 3517 es,
2451 3469 2558 3508 non
2615 3455 3009 3517 incrementum
3082 3451 3361 3521 designat,
3420 3448 3517 3504 sed

1942 3546 2263 3601 immensam
2292 3541 2719 3616 magnitudinem
2752 3545 2973 3599 indicat.
2998 3542 3088 3598 Sic
3115 3544 3260 3597 enim
3292 3550 3345 3596 et
3370 3540 3519 3611 Sym-

1942 3638 2168 3693 machus
2198 3638 2586 3708 interpretatus
2611 3647 2712 3702 est,
2742 3637 2878 3691 Deus
2911 3638 3004 3698 mi,
3025 3652 3246 3706 magnus
3268 3652 3321 3689 es
3342 3634 3517 3689 valde.

1943 3722 2061 3780 Non
2092 3725 2236 3779 enim
2267 3740 2390 3780 cum
2422 3734 2566 3779 esset
2601 3740 2801 3794 parvus
2829 3764 2844 3788 ,
2898 3739 3130 3794 magnus
3174 3722 3351 3778 factus
3398 3731 3515 3788 est,

1942 3817 2035 3873 sed
2069 3832 2191 3872 cum
2226 3826 2418 3872 natura
2454 3833 2682 3885 magnus
2714 3825 2887 3881 esset,
2922 3816 3027 3870 hoc
3056 3816 3162 3885 piis
3196 3815 3518 3871 hominibus

1942 3914 2381 3969 demonstratum
2413 3922 2538 3968 est:
2576 3927 2685 3966 non
2719 3920 2827 3966 tota
2855 3911 3190 3979 magnitudo,
3224 3910 3315 3965 sed
3341 3925 3516 3979 quan-

1944 4012 2054 4058 tam
2096 4003 2337 4057 humana
2364 4011 2559 4056 natura
2591 4001 3057 4070 comprehendere
3086 4009 3284 4070 potest.
3324 4017 3343 4051 ι
3371 3999 3517 4054 Con—

1944 4093 2236 4149 fessionem
2273 4100 2329 4147 et
2365 4092 2616 4146 decorem
2650 4090 2894 4145 induisti.
2928 4109 2946 4141 ι
2996 4089 3357 4160 Symmachus
3396 4089 3514 4143 sic:

1944 4183 2177 4237 Laudem
2203 4193 2253 4237 et
2284 4182 2511 4253 gloriam
2538 4181 2783 4236 induisti.
2820 4180 2938 4235 Non
2968 4182 3112 4236 enim
3141 4180 3400 4249 amplius,
3422 4178 3516 4248 qui

1944 4275 2054 4329 tuis
2092 4271 2452 4344 perfruuntur
2484 4273 2683 4337 bonis,
2732 4282 2783 4326 te
2823 4272 3076 4343 ignorant
3102 4312 3117 4337 ,
3159 4287 3335 4342 neque
3364 4281 3514 4326 tuum

1944 4367 2206 4421 honorem
2235 4364 2552 4420 simulacris
2581 4363 2858 4429 deferunt,
2885 4365 2976 4419 sed
2999 4372 3051 4417 te
3074 4363 3315 4428 laudant,
3345 4370 3398 4417 et
3422 4361 3519 4416 tibi

1873 4489 1920 4546 Β
1946 4459 2131 4531 gloriae
2153 4459 2396 4513 debitum
2427 4459 2692 4528 pendunt.

2013 4551 2179 4607 Vens.
2217 4551 2273 4605 2.
2328 4569 2346 4601 ι
2373 4551 2624 4605 Amictus
2673 4549 2882 4604 lumine
2924 4549 3068 4604 sicut
3120 4547 3465 4603 vestimento.
3492 4561 3512 4596 ι

1947 4641 2201 4697 Consona
2237 4641 2324 4696 bis
2353 4641 2650 4710 Apostolus
2684 4655 2904 4711 qnoquc
2943 4640 3115 4696 dicit:
3167 4656 3186 4689 ι
3221 4636 3325 4704 Qui
3369 4636 3519 4691 solus

1948 4733 2112 4803 habet
2157 4732 2622 4786 immortalitatem
2647 4774 2662 4796 ,
2697 4732 2873 4788 lucem
2918 4732 3231 4787 inhabitans
3271 4730 3517 4783 inacces-

1948 4825 2163 4880 sibilem
2191 4824 2243 4877 δ.
2302 4842 2320 4875 ι
2356 4824 2529 4878 Tanta
2562 4825 2710 4878 enim
2738 4834 2823 4880 est
2858 4823 2949 4879 illa
2986 4823 3107 4881 lux.
3139 4833 3198 4875 ut
3234 4835 3394 4875 nemo
3426 4834 3522 4890 ap-

1949 4917 2313 4986 propinquare
2372 4917 2569 4970 audeat
2611 4934 2624 4969 :
2683 4914 3046 4970 redundantia
3095 4912 3241 4968 enim
3294 4911 3518 4965 luminis

1948 5010 2122 5066 visum
2156 5008 2369 5063 avertit.
2407 5007 2465 5062 Si
2491 5009 2636 5064 enim
2677 5007 2758 5063 sol
2796 5023 2957 5078 quem
2992 5008 3262 5064 sentimus
3296 5002 3400 5058 hoc
3436 5001 3519 5055 fa-

2332 5227 2406 5282 1’l
2436 5227 2577 5283 Tim.
2610 5242 2704 5292 v1,
2743 5226 2830 5282 16.

1366 5407 1595 5465 VARUE
1632 5406 2013 5466 LECTIONES
2050 5406 2138 5461 ET
2174 5405 2417 5461 NOTAE.

352 5582 400 5617 ⁸⁸
426 5583 549 5638 cod.
573 5586 597 5639 Ι
619 5582 821 5644 ὁσίους.
845 5595 969 5652 qua:
991 5586 1075 5652 est
1101 5574 1385 5652 rec._lectio
1412 5575 1527 5652 l._c_.
1552 5642 1572 5652 Δ
1602 5576 1645 5609 ⁸⁷
1683 5576 1843 5652 Varla

1960 5572 2039 5652 τῷ
2063 5570 2398 5652 Δαϐίδῳοιξ.
2426 5564 2865 5652 ρ”ᾼλληλούῖατη
2904 5564 2962 5652 ,(⁸
2995 5558 3518 5652 ςΩςᾼεᾼὺςειιξιΙοοό.

284 5651 305 5705 1
340 5662 393 5707 et
421 5670 452 5707 a
492 5666 637 5709 textu
663 5642 882 5706 τῶνῖΥί
984 5650 1027 5682 ⁸⁸
1066 5650 1183 5704 cod.
1215 5646 1240 5699 1
1278 5642 1637 5717 ὲμεγαλύνθη.

1748 5637 2160 5710 τολῡξήσεως.
2193 5642 2315 5697 cod.
2354 5640 2373 5710 l
2415 5637 2711 5710 ἀξιώσεωςο

2822 5634 2867 5666 ⁷⁸
2896 5635 3027 5687 Kal.
3079 5635 3199 5689 cod.
3233 5633 3259 5687 1
3314 5630 3512 5699 Κύριε.

282 5700 327 5756 δ’
675 5700 1279 5801 ,ν1-έμεγαλύινύης.
1311 5700 1324 5717 ⁸
1355 5700 1402 5748 τί
1423 5700 1841 5801 οοόιρζερσεδοῦ

1947 5700 1981 5769 .’
2024 5715 2071 5745 ⁷⁸⁵
2098 5700 2321 5801 IlI-eral.
2350 5709 2428 5801 ita
2464 5700 2625 5764 habet
2660 5706 3009 5801 cpdex‘Allex.
3041 5704 3093 5785 lu
3115 5704 3235 5758 cod.
3265 5700 3378 5755 Vat.
3415 5703 3516 5781 leg.

283 5795 631 5865 εὐπρέπειαν.
726 5795 771 5825 ⁷⁸
799 5792 923 5848 cod.
966 5791 985 5845 ι
1018 5790 1434 5851 ἀπολαύσαντες.

1535 5786 1580 5818 ⁷⁸
1606 5785 1962 5840 Ἐκτίι-ουσι.
1994 5784 2111 5841 cod.
2140 5783 2164 5836 l
2201 5780 2557 5851 ἀπονέμουσι.

2668 5778 2712 5809 ⁷⁷
2745 5776 2867 5832 cod.
2905 5773 2931 5829 f
2971 5774 3162 5844 τούτῳ.
