3924 6500
408 324 544 395 1695

1358 332 1852 392 THEODORETI
1912 332 2254 392 EPISCOPI
2324 333 2696 394 CYRENSIS

3520 325 3668 390 1696

404 462 527 500 cere
561 447 705 518 cogit
740 463 833 503 eos
855 491 869 512 ,
914 449 1008 518 qui
1044 447 1257 502 avidius
1287 448 1486 502 intueri
1521 459 1811 511 conantur,
1850 448 1976 516 quis

2081 447 2372 517 ἀπλήστως
2388 447 2630 518 καθορᾷν
2654 444 3050 517 πειρωμένους,
3075 446 3159 509 τίς
3177 444 3362 508 ἱκανὸς
3382 442 3476 495 τοῦ
3496 443 3672 510 ἀπροα

406 549 586 610 potest
634 543 969 597 inaccessam
1017 546 1193 597 lucem
1241 540 1635 612 contemplari?
1685 540 1780 594 Est
1816 539 1981 610 igitur

406 644 460 687 ct
487 635 601 703 ipse
632 635 721 689 lux
751 652 899 697 vera.
922 646 977 691 et
1002 636 1258 691 amicitur
1283 634 1490 689 lumine
1519 634 1661 689 sicut
1683 634 1981 688 vestimen-

409 739 464 781 to
489 769 504 792 ,
532 743 587 782 et
618 730 794 783 lucem
835 728 1268 796 inaccessibilem
1300 727 1598 790 inhabitat,
1649 735 1702 779 et
1730 726 1901 781 nubes
1928 734 1984 780 et

406 819 587 890 caligo
614 822 665 874 in
694 823 929 876 circuitu
954 822 1092 890 ejus,
1121 830 1174 875 et
1200 820 1382 889 posuit
1414 818 1666 873 tenebras
1694 816 1979 872 latibulum

408 929 601 967 suum:
634 925 686 969 et
720 916 832 968 haec
865 916 1090 968 minime
1125 922 1315 967 contra
1354 927 1412 966 se
1446 911 1673 965 invicem
1704 920 1979 982 pugnant,

408 1005 669 1074 quoniam
697 1009 977 1061 inaccessa
1023 1006 1114 1059 lux
1158 1005 1226 1058 iis
1262 1003 1356 1073 qui
1388 1004 1598 1073 1332
1632 1018 1979 1072 nequaquam

410 1099 583 1169 ipsam
622 1115 844 1153 cernere
888 1108 1150 1169 possunt,
1210 1097 1351 1151 idem
1397 1107 1480 1152 est
1520 1098 1665 1167 quod
1708 1098 1883 1168 caligo
1928 1109 1984 1155 et

407 1191 665 1245 tenebrae.
708 1191 843 1246 Nam
884 1206 1060 1261 neque
1091 1208 1150 1244 ea
1181 1206 1302 1259 qua:
1338 1191 1390 1244 in
1423 1190 1536 1254 illo,
1566 1206 1743 1259 neque
1768 1206 1832 1245 ea
1860 1208 1981 1261 qua:

407 1284 463 1336 in
492 1284 575 1338 his
601 1292 726 1338 sunt
746 1324 759 1343 .
792 1283 1035 1353 conspici
1068 1292 1315 1353 possunt.
1347 1282 1413 1335 Et
1440 1283 1542 1338 hoc
1577 1284 1742 1354 igitur
1762 1292 1817 1338 et
1847 1285 1980 1341 illud

408 1369 647 1425 declarat
675 1374 914 1427 divinam
950 1383 1200 1428 naturam
1247 1374 1474 1430 minime
1512 1374 1757 1444 conspici
1797 1392 1978 1446 posse.

414 1482 433 1515 ‹
473 1462 786 1521 Extendens
805 1467 1005 1521 coelum
1037 1467 1179 1522 sicut
1208 1468 1423 1534 pellem.
1452 1486 1470 1517 ι
1517 1467 1622 1521 Per
1651 1467 1767 1523 haec
1799 1470 1980 1537 operis

410 1555 725 1611 facilitatem
760 1557 967 1614 docuit.
1007 1558 1160 1613 Sicut
1206 1560 1353 1612 enim
1398 1559 1610 1614 homini
1653 1560 1844 1629 pellem
1888 1576 1983 1615 ex-

411 1648 630 1703 tendere
668 1649 825 1703 facile
871 1658 991 1714 est,
1042 1661 1095 1704 et
1138 1650 1549 1705 tabernaculum
1595 1650 1809 1706 eliicere
1850 1670 1864 1706 :
1904 1653 1983 1707 sic

408 1738 556 1797 Deus
612 1758 794 1797 rerum
853 1747 1100 1798 omnium
1137 1744 1387 1798 conditor
1435 1745 1685 1814 ingentes
1715 1744 1979 1799 caelorum

409 1835 573 1889 orbes
605 1836 849 1891 extendit
886 1839 1054 1892 verbo
1085 1837 1203 1892 solo
1231 1851 1383 1892 usus.

478 1924 645 1981 Vens.
694 1929 747 1982 5.
807 1947 825 1980 ι
856 1929 1069 1999 Tegens
1115 1930 1273 1999 aquis
1316 1930 1598 1984 ccenacula
1641 1945 1759 1985 sua.
1794 1948 1813 1982 ι
1866 1929 1981 1986 lloc

406 2020 571 2073 etiam
601 2020 791 2075 beatus
820 2020 995 2077 Moses
1015 2024 1223 2078 docuit.
1253 2022 1343 2075 Ait
1370 2023 1515 2076 enim
1548 2022 1714 2077 Deum
1739 2022 1973 2078 dixisse:

410 2128 430 2160 ι
464 2109 582 2166 Fiat
630 2112 1029 2168 ﬁrmamentum
1086 2115 1138 2168 in
1202 2113 1380 2168 medio
1433 2129 1700 2182 aquarum
1734 2126 1755 2153 ο
1791 2155 1806 2181 ,
1851 2134 1869 2166 ι
1927 2123 1981 2169 et

405 2202 811 2258 distinctionem
867 2204 1032 2259 faciat
1070 2205 1212 2259 inter
1246 2219 1450 2274 aquas,
1483 2221 1605 2275 qua:
1650 2214 1776 2259 sunt
1817 2220 1981 2274 super

404 2295 830 2360 firmamentum,
861 2308 913 2353 et
943 2299 1085 2352 inter
1114 2313 1304 2363 aquas,
1345 2314 1466 2368 qua:
1496 2307 1624 2353 sunt
1662 2298 1765 2353 sub
1794 2298 1979 2351 ﬁrma-

405 2399 610 2443 mento.
651 2408 668 2439 ι
707 2388 922 2445 Ponens
963 2391 1161 2445 nubem
1204 2408 1491 2447 ascensum
1546 2408 1705 2448 suum
1733 2433 1748 2456 ,
1786 2391 1978 2445 ambu-

404 2480 523 2534 lans
555 2498 720 2550 super
748 2485 940 2551 pennis
972 2494 1279 2540 ventorum.
1317 2506 1336 2538 ι
1382 2485 1483 2540 Per
1534 2488 1648 2540 haec
1677 2485 1981 2555 'providen-

403 2573 533 2627 tiam
572 2578 911 2645 iquocunque
940 2584 1316 2645 penetrantem
1352 2577 1673 2632 declaravit.
1721 2576 1980 2631 Praesidet

402 2665 569 2731 enim,
604 2666 801 2737 inquit,
834 2677 887 2723 et
924 2669 1098 2722 ventis
1128 2677 1182 2723 et
1216 2670 1472 2733 nubibus,
1504 2678 1558 2723 et
1592 2668 1709 2738 ipse
1736 2685 1829 2724 eas
1858 2684 1979 2722 mo-

402 2759 661 2823 deratur,
726 2768 779 2815 et
824 2762 1129 2832 gubernat,
1184 2767 1202 2784 "
1255 2772 1308 2816 et
1348 2762 1666 2823 utilitatem.
1707 2779 1829 2834 quae
1853 2762 1980 2817 hinc

400 2849 757 2917 producitur,
789 2862 1098 2922 opportune
1127 2852 1373 2923 largitur.
1407 2851 1578 2907 Porro
1606 2854 1781 2917 jsimul
1823 2854 1980 2909 docet

400 2940 638 2995 divinam
668 2953 918 2998 naturam
959 2943 1161 3013 ubique
1190 2944 1383 2999 adesse
1404 2984 1419 3008 ,
1464 2953 1518 2999 et
1550 2944 1614 2998 ad
1644 2945 1823 2998 omnia
1854 2961 1979 3014 per-

400 3032 605 3086 volare.
663 3030 934 3097 Quoniam
990 3034 1134 3087 enim
1191 3043 1481 3088 ventorum
1540 3045 1732 3089 natura
1792 3052 1976 3090 rerum

2088 540 2238 592 σίτου
2295 541 2473 609 φωτὸς
2533 543 2591 593 ἐν
2643 539 2896 611 περινοίᾳ
2925 538 3180 606 γενέσθαι
3218 556 3233 603 ;
3260 538 3418 589 Ἔστι
3447 536 3545 604 μὲν
3574 530 3675 586 οὖν

2086 633 2179 684 καὶ
2207 632 2372 695 αὑτὸς
2405 633 2520 702 φῶς
2554 632 2809 702 ἀληθινόν
2834 647 2847 660 ⁸
2880 630 3250 684 ἀναϐάλλεται
3270 629 3329 682 δέ
3350 629 3446 681 καὶ
3474 628 3519 658 ⁷⁸
3549 626 3673 695 φῶς

2085 724 2161 788 ῶς
2193 726 2429 794 ἱμάτιον,
2459 726 2553 779 καὶ
2581 725 2699 793 φῶς
2719 726 2858 777 οἱκεί
2881 724 3199 793 ἀπρόσιτον,
3226 722 3323 774 καὶ
3344 720 3546 789 νεφέλη
3571 719 3674 771 καὶ

2085 812 2284 881 γνόφος
2312 813 2498 884 κύκλῳ
2546 811 2712 866 αὑτοῦ
2732 851 2748 875 ,
2780 812 2875 864 καὶ
2921 810 3074 863 ἔθετο
3106 809 3297 871 σκότος
3338 806 3673 879 ἀποκρυφὴν

2085 902 2273 957 αὑτοῦ.
2298 904 2409 957 Καὶ
2429 903 2528 956 οὑκ
2545 901 2763 957 ἐναντία
2780 901 2952 954 ταῦτα
2975 900 3250 971 ἀλλήλοις·
3277 900 3338 952 τὸ
3356 900 3466 969 γὰρ
3492 899 3675 968 ἀπρό-

2086 1011 2233 1048 σιτον
2264 994 2379 1064 φῶς
2403 996 2516 1059 τοῖς
2542 996 2677 1065 ὁρᾷν
2717 992 2793 1066 μὴ
2840 992 3171 1062 δυναμένοις
3224 992 3300 1061 τῷ
3335 992 3523 1061 γνόφῳ
3576 990 3676 1043 καὶ

2084 1084 2164 1155 τῷ
2194 1084 2378 1138 σκότει
2403 1085 2598 1139 ταυτόν
2630 1087 2800 1138 ἐστιν.
2832 1082 2970 1137 Οὔτε
2996 1084 3105 1154 γὰρ
3133 1081 3202 1135 τὰ
3232 1084 3288 1136 ἐν
3318 1080 3519 1151 τούτῳ,
3544 1079 3677 1132 οὔτε

2083 1178 2151 1233 τὰ
2179 1179 2236 1230 ἐν
2267 1176 2463 1246 ἐκείνῳ
2510 1176 2737 1230 δυνατὸν
2787 1174 3047 1229 κατιδεῖν.
3106 1173 3216 1227 Καὶ
3267 1171 3427 1226 τοῦτο
3479 1170 3676 1242 μέντοι

2083 1272 2307 1323 κάκεῖνο
2340 1268 2438 1338 τῆς
2464 1266 2615 1331 θείας
2645 1266 2864 1337 φύσεως
2892 1264 3042 1337 δηλοί
3089 1264 3149 1317 τὸ
3177 1264 3432 1333 ἀόρατον.
3472 1280 3491 1313 ι
3547 1261 3676 1313 Ἐκ-

2081 1362 2277 1415 τείνων
2296 1361 2388 1413 τὸν
2421 1358 2649 1430 οὐρανὸν
2678 1358 2813 1411 ὡσεὶ
2841 1357 3047 1428 δέρῤιν.
3083 1374 3101 1407 ι
3140 1356 3252 1426 Τὴν
3276 1355 3374 1424 τῆς
3397 1353 3675 1424 δημιουρ-

2082 1452 2208 1521 γίας
2230 1450 2482 1506 εὐκολίαν
2511 1449 2603 1504 διὰ
2622 1449 2829 1503 τούτων
2856 1448 3112 1513 ἐδίδαξεν.
3142 1448 3232 1511 Ὠς
3260 1448 3369 1516 γὰρ
3386 1446 3487 1499 ἀνθ
3499 1443 3674 1514 ρώπῳ

2085 1545 2268 1617 ῥᾴδιον
2323 1545 2508 1617 δέῤῥιν
2545 1545 2785 1597 ἐκτεῖναι
2838 1544 2934 1597 κα)⁵
2968 1541 3196 1610 ποιῆσαι
3223 1540 3452 1611 σκηνὴν,
3492 1538 3675 1601 οὕτως

2083 1634 2112 1686 6
2149 1634 2258 1688 τῶν
2288 1634 2425 1688 ὅλων
2456 1633 2591 1697 Θεὸς
2629 1638 2698 1687 τά
2735 1631 2949 1704 μεγάλα
2975 1632 3085 1686 τῶν
3112 1631 3358 1702 οὐρανῶν
3373 1630 3672 1684 διεπέτασε

2085 1727 2248 1798 κήτη,
2279 1726 2424 1797 λόγῳ
2454 1725 2604 1796 μόνῳ
2638 1725 3009 1797 χρησάμενος.

2149 1930 2220 1992 γ’.
2254 1941 2274 1975 ς
2317 1922 2376 1975 Ὀ
2413 1922 2693 1991 στεγάζων
2741 1923 2798 1974 ἐν
2834 1920 2989 1974 ὑδασι
3022 1920 3094 1975 τὰ
3117 1921 3347 1992 ὑπερῷα
3404 1919 3601 1975 αὑτοῦ.
3641 1940 3663 1972 ι

2079 2015 2250 2069 Τοῦτο
2298 2016 2393 2070 καὶ
2447 2017 2477 2069 6
2543 2015 2816 2085 μακάριος
2869 2013 3076 2080 ἐδίδαξε
3108 2013 3339 2083 Μωσῆς.
3371 2014 3521 2082 Ἔφη
3554 2013 3665 2084 γὰρ

2079 2108 2170 2162 τὸν
2198 2108 2331 2162 Θεὸν
2356 2108 2662 2179 εἰρηκέναι,
2702 2126 2720 2157 ι
2751 2106 3047 2178 Γενηθήτω
3096 2106 3391 2177 στερέωμα
3423 2108 3479 2159 ἐν
3504 2106 3663 2177 μέσῳ

2078 2201 2171 2254 τοῦ
2209 2200 2398 2263 ὓδατος
2420 2201 2487 2266 ⁷³,
2520 2220 2537 2252 ι
2575 2200 2668 2253 καὶ
2703 2200 2855 2252 ἔσται
2878 2196 3204 2271 διαχωρίζον
3226 2198 3498 2269 ἀναμέσον
3522 2198 3655 2251 ὓδα-

2077 2293 2206 2355 τος¹
2257 2292 2351 2345 τοῦ
2407 2294 2594 2345 ἐπάνω
2648 2292 2743 2344 τοῦ
2803 2289 3213 2361 στερεώματος,
3251 2291 3344 2343 καὶ
3384 2290 3653 2359 ὰναμέσον

2075 2384 2170 2437 τοῦ
2202 2383 2394 2445 ὕδατος
2424 2383 2518 2437 τοῦ
2537 2383 2799 2436 ὑποκάτω
2824 2381 2917 2434 τοῦ
2950 2380 3353 2454 στερεὼματος.
3372 2402 3387 2433 ι
3413 2382 3472 2435 'U
3488 2382 3655 2444 τιθεὶς

2077 2475 2214 2546 νέφη
2238 2476 2337 2546 τὴν
2364 2474 2619 2529 ἐπίϐασιν
2640 2474 2805 2529 αὑτοῦ
2833 2474 2900 2539 ⁸ο,
2928 2476 2955 2528 ὁ
2983 2475 3306 2546 περιπατῶν
3336 2476 3429 2528 ἐπὶ
3456 2473 3662 2547 πτερύ-

2078 2584 2190 2636 γων
2216 2567 2454 2637 ἀνέμων.
2491 2586 2509 2619 ›
2538 2567 2635 2620 Διά
2662 2567 2870 2620 τούτων
2906 2567 3007 2637 τὴν
3048 2567 3333 2637 πανταχοῦ
3363 2568 3665 2639 διήκουσαν

2079 2661 2617 2732 ἐδήλωσειπρόνοιαν.
2640 2660 2945 2729 Ἐφέστηκε
2977 2658 3276 2732 γὰρ,φησὶ,
3309 2661 3400 2713 καὶ
3428 2660 3669 2729 ἀνέμοις

2079 2757 2173 2809 καὶ
2198 2755 2416 2823 νέφεσιν
2443 2769 2457 2783 ⁶
2490 2754 2587 2807 καὶ
2613 2753 2776 2815 αὐτὸς
2804 2753 2976 2806 ἰθύνει
3009 2754 3206 2818 ταῦτα,
3239 2754 3331 2806 καὶ
3365 2753 3621 2824 κυϐερνᾷ
3648 2770 3664 2783 ο

2078 2849 2172 2903 καὶ⁹
2196 2847 2294 2919 τὴν
2319 2846 2570 2900 ἐντεῦθεν
2604 2846 2883 2918 φυομένην
2901 2848 2981 2909 εἰς
3007 2846 3200 2917 καιρὸν
3222 2846 3406 2899 δίδωτι
3438 2846 3665 2917 χρείαν.

2078 2942 2328 2996 Διδάσκει
2359 2940 2415 2993 δέ
2445 2938 2589 2992 κατά
2611 2938 2831 3004 ταυτὸν,
2862 2938 2936 3002 ὡς
2957 2941 2991 3010 ή
3028 2938 3149 2992 θεία
3187 2940 3351 3008 φύσις
3374 2940 3662 3009 πανταχοῦ

2081 3036 2314 3105 πάρεστι
2344 3074 2359 3098 ,
2382 3031 2477 3084 καὶ
2506 3034 2617 3092 τοῖς
2648 3033 2816 3084 πᾶσιν
2871 3030 3189 3100 ἐφίπταται.
3216 3032 3261 3063 ⁸⁸
3303 3032 3526 3104 Ἐπειδὴ
3550 3033 3666 3104 γὰρ

398 3121 641 3174 omnium
674 3122 1017 3176 sensibilium
1049 3136 1133 3177 est
1163 3124 1502 3179 velocissima
1552 3126 1793 3195 (puncto
1824 3128 1969 3180 enim

2081 3127 2184 3181 τῶν
2218 3123 2494 3196 αἰσθητῶν
2540 3123 2796 3176 ἁπάντων
2840 3123 3076 3196 ὀξυτάτη
3120 3124 3230 3177 τῶν
3256 3125 3532 3197 ἀνέμωνή
3559 3125 3668 3195 (pti-

400 3214 658 3282 temporis
688 3214 756 3267 ah
784 3229 982 3269 occasu
1024 3216 1090 3268 ad
1121 3226 1300 3269 ortum
1327 3216 1626 3283 percurrit,
1667 3225 1720 3270 et
1756 3217 1823 3270 ab
1848 3228 1969 3271 ortu

400 3303 466 3355 ad
493 3306 827 3372 occasum),
875 3320 981 3357 non
1014 3304 1295 3359 inveniens
1327 3306 1380 3359 in
1414 3306 1763 3363 semibilihus
1810 3309 1971 3363 aliam

399 3392 695 3446 celeritatis
750 3394 1085 3447 exactiorem
1130 3394 1581 3460 similitudinem,
1624 3396 1756 3450 dicit
1803 3396 1973 3452 Deum

401 3500 565 3554 super
590 3484 784 3554 pennis
809 3496 1095 3540 ventorum
1124 3486 1268 3549 velli,
1297 3502 1390 3556 per
1422 3487 1535 3542 haec
1565 3490 1768 3558 ubique
1792 3489 1971 3559 ipsum

401 3576 593 3632 adesse
632 3577 939 3634 declarans.
978 3578 1291 3643 Invenimus
1331 3590 1512 3635 autem
1557 3582 1680 3636 ﬁliis
1712 3582 1876 3638 Israel
1920 3585 1973 3638 in

401 3668 548 3722 nube
570 3670 946 3723 universorum
973 3670 1141 3724 Deum
1171 3672 1520 3740 apparuisse,
1560 3680 1614 3726 et
1640 3672 1693 3725 in
1727 3673 1977 3728 taberna-

402 3757 527 3811 culo
577 3772 671 3826 per
717 3758 916 3812 nubem
969 3774 1025 3813 se
1074 3762 1521 3830 conspiciendum
1573 3763 1875 3831 praebuisse
1922 3764 1973 3820 ἀ.

408 3848 616 3918 1333
670 3849 809 3915 Quin
850 3859 904 3904 et
944 3866 1067 3905 cum
1109 3851 1368 3906 Salomon
1403 3852 1625 3907 domum
1663 3854 1974 3920 dedicaret,

402 3940 577 3994 nubes
619 3940 840 3995 domum
882 3943 1095 4011 operuit
1122 3955 1181 4007 θ,
1230 3952 1284 3997 et
1311 3945 1589 4013 ,Dominus
1626 3944 1879 4002 Christus
1922 3949 1977 4001 in

403 4043 588 4088 monte
617 4034 791 4090 tribus
822 4036 1082 4103 apostolis
1116 4037 1452 4106 splendidam
1484 4039 1631 4093 circa
1673 4055 1731 4094 se
1778 4041 1977 4095 nubem

404 4125 647 4179 ostendit
689 4125 748 4189 ί,
794 4139 847 4180 et
891 4142 1015 4181 cum
1059 4138 1433 4184 assumeretur
1464 4132 1490 4171 8
1522 4172 1539 4198 ,
1586 4130 1760 4187 nubes
1799 4131 1978 4187 lucida

406 4217 645 4289 suscepit
676 4236 802 4274 eum
833 4221 902 4276 ab
936 4222 1113 4278 oculis
1144 4238 1359 4279 eorum.

2080 3233 2197 3279 σις’
2228 3218 2285 3270 ἐν
2325 3216 2525 3285 ἀκαρεῖ
2545 3215 2652 3284 γὰρ
2677 3215 2783 3268 ἀπὸ
2828 3214 2937 3269 τῶν
2990 3216 3264 3285 ἐσπερίων
3297 3218 3392 3269 ἐπὶ
3436 3217 3537 3289 τὴν
3588 3218 3665 3271 ἕω

2076 3308 2369 3380 διατρέχει,
2398 3307 2494 3360 καὶ
2515 3305 2621 3359 ἀπὸ
2663 3310 2760 3377 τῆς
2794 3306 2869 3360 έω
2918 3308 3057 3378 πρὸς
3096 3308 3193 3381 τὴν
3241 3310 3483 3381 ἑσπέραν
3508 3326 3521 3339 ·
3562 3312 3661 3381 οὐχ

2075 3405 2251 3476 εὑρὼν
2279 3404 2473 3473 ἐτέραν
2529 3403 2930 3475 ἀκριϐεστέραν
2968 3405 3026 3457 ἐν
3056 3407 3172 3469 τοῖς
3223 3405 3504 3477 αἰσθητοῖς
3532 3406 3655 3470 ὀξύ-

2074 3514 2235 3569 τητος
2262 3496 2471 3561 εἰκόνα,
2500 3496 2597 3548 ἐπὶ
2646 3497 2937 3567 πτερύγων
2982 3497 3203 3568 ἀνέμων
3242 3499 3349 3568 ἔφη
3379 3500 3475 3553 τὸν
3524 3499 3661 3551 Θεὸν

2076 3588 2413 3660 ἐποχεῖσθαι,
2475 3587 2756 3657 πανταχοῦ
2798 3588 2963 3642 αὐτὸν
3013 3593 3273 3659 παρεῖναι
3313 3590 3405 3644 διὰ
3453 3591 3664 3644 τούτων

2077 3679 2423 3751 παραδηλῶν.
2478 3679 2821 3749 Εὑρίσκομεν
2859 3679 2918 3733 δὲ
2952 3681 3047 3735 καὶ
3091 3684 3205 3746 τοῖς
3259 3684 3400 3747 υίοῖς
3438 3684 3665 3754 Ἰσραὴλ

2078 3773 2135 3824 ἐν
2162 3771 2361 3844 νεφέλῃ
2386 3770 2476 3824 τὸν
2500 3770 2610 3823 τῶν
2633 3771 2771 3824 ὅλων
2809 3773 3147 3840 ἐπιφανέντα
3178 3774 3313 3827 Θεόν
3333 3791 3346 3803 ·
3380 3777 3475 3830 καὶ
3502 3778 3560 3827 ἐν
3592 3780 3662 3847 τῇ

2080 3868 2252 3937 σκηνῇ
2282 3866 2371 3918 διὰ
2400 3865 2633 3935 νεφέλης
2673 3866 2772 3936 τὴν
2810 3866 3019 3920 οἰκείαν
3048 3867 3422 3939 ποιησάμενον
3458 3870 3668 3937 ἐπιφὰο

2077 3976 2245 4013 νειαν.
2274 3957 2385 4011 Καὶ
2412 3959 2596 4027 μέντοι
2650 3956 2746 4010 τοῦ
2779 3958 3127 4028 Σολομῶντος
3160 3961 3256 4015 τὸν
3287 3956 3435 4015 οἷκον
3466 3964 3665 4029 ἐγκαι-

2078 4052 2337 4118 νίζοντος,
2367 4052 2568 4121 νεφέλη
2602 4050 2693 4106 τὸν
2715 4047 2867 4105 οἷκον
2901 4052 3143 4123 ἐκάλυψε
3164 4070 3177 4083 ·
3207 4056 3302 4108 καὶ
3328 4058 3356 4109 6
3378 4057 3665 4127 Δεσπότης

2078 4144 2313 4215 Χριστὸς
2341 4146 2396 4197 ἐν
2420 4143 2499 4215 τῷ
2524 4144 2641 4215 όρει
2670 4146 2784 4207 τοῖς
2813 4145 2995 4215 τρισὶν
3024 4147 3355 4210 ἀποστόλοις
3383 4148 3666 4219 φωτεινὴν

2082 4237 2211 4307 περί
2236 4237 2395 4291 αὑτὸν
2422 4236 2655 4307 νεφέλην
2687 4236 2937 4303 ὑπέδειξε
2966 4254 2982 4268 ⁶
3009 4239 3104 4291 καὶ
3131 4238 3663 4310 ἀναλαμϐανὸμενον

2078 4330 2276 4402 νεφέλη
2331 4330 2570 4401 φωτεινὴ
2615 4329 2891 4384 ὑπέλαϐεν
2936 4331 3047 4385 ἀπὸ
3098 4333 3208 4387 τῶν
3232 4333 3530 4405 ὀφθαλμῶν
3554 4335 3661 4388 αύ-

2082 4440 2210 4480 των.

480 4508 642 4569 Vsss.
673 4512 729 4570 4.
766 4532 784 4564 ι
821 4510 1049 4570 Faciens
1079 4516 1300 4587 angelos
1330 4532 1459 4572 suos
1494 4517 1750 4587 spiritus,
1782 4528 1837 4572 et
1867 4518 1972 4572 mi-

2144 4516 2209 4569 δ’.
2247 4534 2265 4566 ι
2315 4515 2373 4569 'U
2421 4512 2591 4568 ποιῶν
2637 4516 2767 4578 τοὺς
2805 4516 3076 4584 ἀγγέλους
3114 4516 3282 4569 αὑτοῦ
3319 4517 3613 4587 πνεύματα
3647 4537 3662 4549 ·

404 4603 611 4661 nistros
642 4621 771 4662 suos
800 4606 976 4677 ignem
1010 4617 1275 4662 urentem.
1312 4627 1329 4660 ι
1369 4607 1620 4664 Ostendit
1650 4609 1829 4678 ipsum
1863 4612 1980 4679 opi-

406 4697 561 4750 licem
595 4712 716 4752 esse
752 4713 860 4752 non
898 4698 1062 4752 modo
1096 4698 1393 4753 visibilium
1429 4715 1645 4761 rerum,
1683 4699 1777 4754 sed
1807 4700 1975 4754 etiam

407 4785 783 4842 invisibilium.
804 4785 1037 4842 Eosdem
1067 4800 1248 4845 autem
1275 4799 1329 4843 et
1353 4789 1575 4858 spiritus
1599 4797 1653 4844 et
1675 4788 1853 4857 ignem
1878 4804 1974 4859 ap-

406 4878 666 4949 pellavit,
709 4882 1005 4949 pmentiam
1052 4890 1105 4937 et
1148 4882 1489 4937 velocitatem
1547 4898 1643 4952 per
1684 4892 1979 4953 utrumque

408 4971 633 5028 docens.
656 4971 824 5029 Velox
844 4975 989 5030 enim
1015 4984 1099 5031 est
1127 4975 1353 5045 spiritus
1375 4984 1590 5039 natura,
1626 4985 1818 5044 potens
1850 4991 1979 5030 vero

407 5065 489 5118 vis
518 5065 1033 5137 ignis.‘Angelorum
1058 5076 1238 5122 autem
1264 5066 1567 5121 ministerio
1593 5068 1981 5122 universorum

409 5155 552 5212 Deus
579 5157 772 5227 dignos
803 5159 1051 5216 homines
1084 5158 1357 5215 beneficiis
1386 5158 1587 5225 allicit,
1640 5169 1693 5214 et
1730 5159 1981 5230 indignos

540 5386 672 5441 Gen.
707 5400 760 5451 ι,
801 5385 851 5439 7.

952 5385 978 5424 ἀ
1014 5385 1184 5441 Exod.
1213 5402 1301 5451 χι,
1333 5385 1428 5441 54⁸
1463 5382 1625 5438 Num.
1656 5399 1731 5446 ιχ,
1761 5384 1850 5444 15.
1882 5383 1968 5435 16.
2047 5389 2069 5419 ο
2110 5378 2152 5432 ll
2183 5380 2361 5435 Paral.
2392 5383 2560 5449 v.15,
2593 5383 2679 5438 14.

2074 4605 2169 4659 καὶ
2199 4606 2331 4669 τοὺς
2359 4601 2707 4675 λειτουργοὺς
2743 4602 2911 4657 αὑτοῦ
2942 4605 3052 4675 πῦρ
3097 4605 3322 4675 φλέγον.
3357 4625 3376 4657 ι
3415 4607 3669 4675 Ἔδειξεν

2075 4698 2137 4751 οὐ
2160 4699 2269 4751 τῶν
2294 4696 2507 4768 ὁρατῶν
2538 4696 2702 4749 αὑτὸν
2730 4696 2913 4767 μόνον,
2949 4697 3086 4751 ἀλλὰ
3119 4699 3215 4750 καὶ
3264 4699 3377 4751 τῶν
3405 4700 3667 4769 ἀοράτων

2074 4789 2409 4861 δημιουργόν
2441 4803 2456 4818 ⁸
2508 4789 2637 4852 τοὺς
2685 4788 2743 4841 δὲ
2804 4790 3003 4853 αὑτοὺς
3042 4792 3140 4844 καὶ
3196 4791 3512 4862 πνεύματα,
3565 4795 3669 4846 καὶ

2082 4882 2193 4953 πῦρ
2215 4881 2652 4954 προσηγόρευσε,
2688 4881 2749 4935 τὸ
2776 4882 3002 4937 δυνατὸν
3024 4885 3119 4937 καὶ
3151 4886 3212 4938 τὸ
3262 4886 3401 4956 ταχὺ
3425 4885 3493 4939 δι’
3526 4888 3670 4940 ἐκαο

2083 4976 2259 5048 τέρων
2291 4976 2579 5030 διδάσκων.
2634 4976 2815 5041 Ὀξεῖα
2855 4976 2955 5045 μὲν
2987 4976 3098 5047 γὰρ
3127 4977 3224 5031 τοῦ
3288 4978 3600 5049 πνεύματος
3630 4980 3666 5047 ἡ

2089 5068 2269 5138 φύσις,
2310 5066 2510 5139 ἰσχυρά
2537 5066 2595 5121 δὲ
2639 5066 2736 5121 τοῦ
2775 5067 3009 5140 πυρὸςή
3045 5068 3319 5140 ἐνέργεια.
3374 5069 3671 5138 Ἀγγέλοις

2084 5161 2143 5214 δέ
2176 5159 2457 5233 χρώμενος
2486 5160 2785 5231 ὑπουργοῖς
2816 5162 2845 5214 6
2871 5159 2980 5214 τῶν
3004 5162 3143 5216 ὅλων
3170 5161 3324 5231 Θεὸς,
3361 5169 3454 5223 καὶ
3497 5163 3667 5230 εὐερ-

2763 5382 2783 5422 ΐ
2821 5382 3012 5441 Matth.
3033 5402 3165 5452 xvn,
3199 5385 3252 5441 5.
3336 5388 3360 5426 ⁸
3391 5384 3515 5441 Act.
3546 5404 3584 5453 I,
3612 5388 3667 5443 9.

1509 5545 1742 5600 VARle
1778 5541 2153 5599 LECTIONES
2191 5543 2280 5598 ET
2319 5542 2552 5600 NOTAE.
2980 5554 2994 5589 ο

483 5709 532 5738 ’⁸
566 5709 691 5762 Kal.
733 5709 900 5762 Abest
928 5724 955 5761 a
980 5708 1100 5764 cod.
1122 5709 1167 5763 l.

416 5774 465 5809 "
495 5780 615 5833 cod.
660 5781 681 5832 ί
717 5779 1025 5847 ἐφίσταται.

1246 5710 1290 5740 ⁷⁹
1316 5709 1582 5774 Ὕδατος.
1613 5707 1735 5765 cod.
1769 5707 1791 5761 l
1827 5705 1951 5762 add.
1983 5723 2000 5760 δ

2089 5703 2305 5769 ὓδατος.
2380 5706 2427 5738 ⁸⁰
2461 5705 2578 5776 Τὴν
2604 5706 2760 5763 ἐπίϐ.
2792 5707 3176 5765 neminem.
3204 5707 3435 5763 Currum
3487 5723 3674 5763 suum.
