3924 6492
204 319 351 387 1697

1612 337 1694 398 ΙΝ
1732 336 1937 397 PSAL.
1980 341 2137 401 CUI.

3331 342 3467 407 1698

198 438 366 503 γετεῖ
387 436 520 502 τοὺς
553 436 765 504 ἀξίους,
810 440 907 495 καὶ
941 441 1166 507 κολάζει
1194 445 1321 508 τοὺς
1344 446 1645 510 ἐναντίους.
1700 452 1767 503 An

1898 453 2107 522 plectit.
2143 454 2351 511 Idcirco
2380 469 2432 509 et
2464 457 2605 526 ignis
2636 458 2904 523 meminit,
2939 456 3198 528 puniendi
3235 457 3343 511 vim
3368 457 3467 511 dc-

194 528 371 582 τοῦτο
401 531 498 583 καὶ
529 532 707 602 πυρὸς
760 533 1168 605 ἐμνημόνευσε,
1199 537 1299 609 τὴν
1350 538 1679 613 κολαστικὴν
1700 559 1793 614 ση-

196 619 421 687 μαίνων
449 620 753 691 ἐνέργειαν.

278 716 340 762 ε’.
374 729 395 762 ι
434 712 495 764 '0
525 712 799 783 θεμελιῶν
828 714 927 787 τὴν
959 716 1069 788 γῆν
1114 718 1209 771 ἐπὶ
1238 718 1283 751 ⁸³
1328 719 1428 791 τὴν
1488 721 1789 792 ἀσφάλειαν

195 802 401 873 αὑτῆς.
438 821 458 855 ι
507 804 565 857 Ὀ
602 805 659 859 δὲ
706 806 961 874 Ἀκύλας,
982 811 1126 863 καὶὸ
1170 811 1483 883 Σύμμαχος,
1531 816 1631 869 ἐπὶ
1678 815 1788 884 τῆς

196 894 393 965 ἔδρας
431 898 645 967 αὐτῆς.
688 917 707 952 ι
758 902 835 954 Οὐ
863 901 1186 973 κλιθήσεται
1234 907 1314 969 εἰς
1344 906 1434 959 τὸν
1455 909 1627 963 αίῶνα
1691 909 1785 963 τοῦ

195 990 422 1053 αἰῶνος.
468 1010 488 1043 ι
523 992 703 1060 Αὐτὴν
735 993 844 1063 γὰρ
886 995 972 1062 ἐφ’
1018 996 1217 1068 ἑαυτὴν
1266 998 1524 1070 ἑδράσας,
1553 1001 1785 1056 δέδωκεν

192 1082 339 1153 αὐτῇ
368 1082 432 1137 τὸ
459 1083 744 1155 ἀκίνητον,
779 1086 877 1139 καὶ
894 1085 1087 1141 τοῦτον
1135 1089 1386 1160 διαμενεί
1425 1092 1517 1146 τὸν
1558 1094 1782 1164 τρόπον,

195 1177 290 1244 ἐφ’
315 1179 443 1231 ὅσον
470 1179 536 1232 ἂν
569 1180 736 1244 αὐτὸς
766 1181 1039 1253 ἐθελήσει.
1062 1182 1221 1237 Οῦτω
1242 1187 1338 1239 καὶ
1363 1187 1600 1259 ἀλλαχοῦ
1623 1207 1780 1261 φησι,

203 1267 485 1337 Κρεμνῶν
514 1272 620 1338 γῆν
650 1271 738 1323 ἐπ’
767 1273 1005 1337 οὐδενός.

276 1367 351 1424 ς’.
392 1380 409 1412 ι
447 1362 722 1426 Ἀδυσοος
750 1363 797 1394 ⁸³
821 1364 898 1429 ὡς
947 1366 1165 1436 ἱμάτιον
1200 1366 1260 1420 τὸ
1299 1369 1646 1441 περιϐόλαιον
1682 1372 1779 1425 αύ-

196 1451 317 1505 τοῦ.
362 1472 383 1504 ι
428 1455 503 1506 Τὸ
524 1457 712 1509 αὑτοῦ
740 1458 862 1510 ἀντὶ
887 1458 1207 1529 τοῦάὺτῆς
1228 1460 1275 1492 ⁸⁵
1303 1462 1573 1519 τέθεικεν.
1622 1464 1780 1520 Οὕτω

198 1546 314 1615 γὰρ
342 1548 439 1599 καὶ
474 1549 502 1600 ὁ
536 1548 775 1612 Ἀκύλας
801 1551 896 1604 καὶ
948 1552 976 1603 ὁ
1024 1552 1325 1608 Θεοδοτίων
1375 1556 1734 1626 ήρμήνευσαν
1760 1573 1777 1590 ο

202 1640 273 1691 Ἀ
284 1638 526 1692 600001-
546 1639 690 1693 ὡσεὶ
706 1640 935 1709 ἔνδυμα
956 1644 1303 1711 περιέϐαλες
1319 1646 1531 1715 αὐτήν.
1566 1651 1778 1704 "A6120-

197 1742 322 1781 σον
350 1728 409 1781 δὲ
443 1729 601 1782 καλεί
624 1730 724 1801 τὴν
749 1732 924 1802 ὑγρὰν
949 1734 1141 1786 οὐσίαν
1162 1736 1194 1805 ἡ
1216 1734 1336 1788 θεία
1368 1737 1584 1806 Γραφή.
1620 1736 1775 1792 Οὕτω

1891 547 2128 602 clarans.

1959 710 2127 766 Vens.
2177 711 2232 765 5.
2294 729 2313 762 ι
2350 709 2609 765 Fundans
2653 720 2852 765 terram
2906 726 3072 781 super
3112 710 3461 765 stabilitatem

1888 817 2065 869 suam.
2100 822 2118 856 ι
2159 804 2351 873 Aquila
2377 819 2506 858 vero
2541 812 2595 857 et
2642 802 3005 876 Symmachus
3029 846 3043 870 ,
3087 818 3243 872 super
3291 801 3465 856 sedem

1885 894 2047 963 ejus:
2078 924 2147 934 -—-
2180 914 2197 947 ι
2228 894 2344 949 Non
2394 896 2750 951 inclinabitur
2790 896 2844 948 in
2884 894 3146 951 saeculum
3185 893 3391 948 saeculi.
3435 910 3455 943 ι

1884 986 2017 1040 Nam
2048 1003 2171 1042 cum
2205 989 2376 1058 ipsam
2409 1005 2572 1059 super
2601 988 2835 1058 seipsam
2880 986 3228 1050 fabricasset,
3262 986 3462 1039 immo~

1886 1078 2150 1134 bilitatem
2181 1079 2331 1135 dedit
2360 1080 2430 1146 ei,
2464 1090 2519 1135 et
2554 1081 2656 1135 hoc
2679 1082 2840 1135 modo
2868 1078 3242 1149 permanebit,
3277 1091 3459 1146 quan-

1884 1172 1977 1227 diu
2011 1174 2127 1238 ipse
2155 1174 2409 1229 voluerit.
2455 1173 2548 1229 Sic
2582 1184 2636 1229 et
2672 1174 2801 1229 alibi
2833 1175 2909 1228 ait
2939 1191 2954 1227 :
3013 1191 3031 1225 ι
3060 1171 3164 1238 Qui
3202 1168 3459 1241 appendit

1884 1274 2086 1319 terram
2116 1280 2280 1335 super
2313 1265 2543 1320 nihilum
2570 1266 2620 1319 ιι.
2658 1284 2678 1317 ι

1954 1355 2099 1411 Vens
2140 1356 2194 1410 6.
2224 1374 2242 1406 ι
2264 1355 2511 1428 Abyssus
2536 1357 2679 1412 sicut
2700 1358 3090 1434 vestimentum
3114 1366 3201 1412 est
3220 1356 3456 1411 amictus

1880 1448 2019 1518 ejus.
2057 1469 2076 1499 ι
2112 1450 2289 1503 Αὐτοῦ
2318 1466 2416 1519 pro
2450 1450 2620 1520 αὐτῆς
2653 1451 2856 1519 posuit.
2886 1448 2977 1505 Sic
3006 1449 3151 1503 enim
3178 1449 3373 1518 Aquila
3401 1457 3457 1504 ct

1883 1538 2183 1595 Theodotio
2211 1541 2557 1611 interpretati
2607 1550 2753 1606 sunt,
2783 1541 2984 1612 Abysso
3015 1540 3452 1595 sicut‘indumen-

1879 1641 1932 1684 to
1962 1631 2184 1685 induisti
2229 1632 2423 1701 ipsam.
2455 1630 2744 1686 Humitlam
2782 1642 2962 1686 autem
3005 1642 3254 1685 naturam
3293 1633 3451 1702 abys-

1878 1738 1996 1777 sum
2026 1738 2198 1778 sacra:
2231 1723 2449 1779 Littera:
2480 1733 2814 1792 nuncupant.
2849 1722 2940 1779 Sic
2964 1724 3127 1779 etiam
3162 1724 3214 1779 in
3248 1724 3452 1794 princi-

194 1820 292 1874 καὶ
326 1821 386 1871 έν
414 1821 559 1891 ἀρχῇ
589 1821 689 1891 τῆς
724 1822 958 1884 κτίσεως
987 1824 1015 1875 ὁ
1051 1824 1321 1896 μακάριος
1367 1825 1470 1897 ἔφη
1524 1827 1767 1897 Μωσῆς·

1882 1816 1971 1885 pio
2001 1816 2294 1870 ereationis
2324 1816 2516 1871 beatus
2549 1816 2687 1869 dixit
2731 1815 2907 1870 Moses
2935 1832 2948 1868 :
3004 1833 3023 1867 ι
3060 1814 3229 1869 Terra
3268 1823 3447 1870 autem

199 1930 220 1963 ι
275 1912 341 1965 Ἠ
384 1912 442 1966 δὲ
478 1913 547 1983 γῆ
595 1909 663 1985 ἦν
721 1914 954 1986 ἀόρατος
997 1918 1091 1969 καὶ
1133 1918 1642 1984 ἁκατασκεύαστος,
1677 1922 1773 1975 καὶ

192 2004 391 2066 σκότος
425 2008 613 2060 ἐπάνω
650 2007 748 2077 τῆς
782 2008 1047 2063 ἀϐύσσου.
1087 2028 1107 2061 ι
1150 2009 1365 2083 Ἐπειδὴ
1411 2013 1592 2066 τοίνυν
1635 2032 1772 2067 παν-

191 2098 429 2167 ταχόθεν
462 2098 649 2151 ὕδασιν
680 2101 713 2168 ἠ
740 2099 813 2169 γῆ
845 2101 1180 2173 περιέχεται,
1218 2103 1312 2157 καὶ
1345 2103 1412 2157 τὰ
1432 2105 1644 2175 μεγάλα
1673 2105 1772 2175 μὲν

191 2190 288 2241 καὶ
320 2190 553 2243 άπλωτα
604 2191 815 2263 πελάγη
851 2193 1057 2264 ταύτης
1110 2195 1228 2247 ἐστὶ
1291 2196 1468 2267 τέρμα
1493 2198 1560 2261 ⁸⁵,
1601 2197 1772 2268 μέσην

189 2283 250 2335 δὲ
281 2284 456 2355 αὐτὴν
487 2284 767 2355 δια-τέμνει
824 2286 986 2357 ἕτερα
1039 2288 1177 2342 ἄττα
1206 2287 1430 2342 πλείονα
1454 2290 1520 2354 ⁸⁸,
1544 2290 1772 2354 εἰκότως

189 2374 301 2444 ἔφη
326 2372 428 2443 τὴν
460 2370 704 2427 ἄϐυσσον
730 2374 985 2447 καθάπερ
1019 2377 1236 2447 ἱμάτιον
1254 2379 1567 2462 ἐπικεῖσθαι
1588 2384 1654 2453 τῇ
1675 2384 1768 2454 γῇ.

269 2566 289 2598 r
313 2547 438 2601 Ἐπὶ
464 2550 574 2602 τῶν
605 2551 778 2620 ὀρέων
814 2554 1103 2623 στήσονται
1127 2555 1172 2587 ⁸⁷
1203 2555 1389 2612 ῦδατα.
1414 2557 1602 2633 [ζ’,η’.]
1636 2562 1769 2616 Ἀπὸ

190 2642 570 2711 ἐπιτιμήσεως
625 2661 720 2697 σου
772 2645 1098 2714 φεύξονται·
1152 2649 1260 2702 ἀπὸ
1314 2651 1496 2721 φωνῆς
1542 2652 1770 2723 βροντῆς

191 2750 282 2786 σου
312 2734 703 2796 δειλιάσουαν.
749 2738 1158 2794 Ἀναὸαίνουσιν
1188 2742 1314 2812 ὅρη,
1373 2745 1469 2797 καὶ
1505 2746 1768 2800 καταόαί-

188 2842 340 2877 νουσι
374 2826 559 2893 πεδία,
594 2829 674 2892 είς
705 2828 797 2881 τὸν
822 2829 987 2883 τόπον
1027 2831 1084 2884 ὃν
1108 2831 1479 2902 ἐθεμελίωσας
1502 2836 1704 2900 αὐτοῖς.
1742 2856 1761 2889 ι

187 2916 285 2970 Διὰ
314 2919 541 2973 πάντων
569 2919 816 2975 διδάσκει
839 2921 934 2974 τοῦ
959 2922 1096 2977 Θεοῦ
1126 2924 1226 2996 τὴν
1280 2927 1624 2997 προμήθειαν
1672 2932 1768 2997 ἐφη

186 3010 435 3063 εστῶσαν
458 3015 527 3083 τῇ
560 3012 755 3067 κτίσει.
791 3014 996 3068 Τούτου
1015 3016 1174 3088 χάριν
1216 3017 1326 3091 γὰρ
1367 3018 1464 3083 τὰς
1485 3020 1594 3074 τῶν
1624 3020 1767 3093 ὀρῶν

186 3102 442 3172 κορυφὰς
475 3105 508 3174 ἡ
538 3103 781 3160 θάλαττα
827 3109 1138 3180 μιμουμένη
1187 3112 1299 3171 τοῖς
1350 3111 1606 3181 κύμασιν,
1662 3113 1762 3166 οὐκ

184 3196 477 3259 ἐπικλύζει
509 3196 609 3269 τὴν
638 3199 870 3271 ἤπειρον
897 3217 910 3230 ο
959 3202 1099 3255 άλλά
1144 3201 1399 3274 καθάπερ
1448 3204 1610 3274 ἡμεῖς
1658 3205 1758 3276 τὴν

186 3287 418 3361 βροντὴν
443 3292 896 3363 κατεπτήχαμεν,
944 3291 1118 3358 οὕτως
1152 3295 1335 3365 ἐκείνη
1383 3295 1476 3348 τὸν
1506 3296 1759 3366 κείμενον

182 3382 353 3436 δέδιεν
374 3384 522 3455 ὅρον.
553 3384 626 3437 Τὸ
650 3384 728 3451 δὲ,
758 3403 779 3436 ι
829 3385 955 3440 Ἐπὶ
979 3386 1089 3440 τῶν
1123 3388 1263 3458 ὁρέω
1278 3388 1603 3459 νστήσονται
1628 3388 1756 3442 ὓδα-

181 3492 268 3540 τα,
306 3495 327 3528 ι
361 3476 486 3529 ἀντὶ
514 3477 610 3530 τοῦ
631 3518 646 3543 ,
695 3479 782 3542 Ὠς
804 3477 931 3549 ὅρος
969 3478 1201 3551 ἕστηκεο
1238 3480 1300 3534 τὸ
1327 3481 1403 3548 δὲ,
1438 3499 1457 3532 ι
1509 3481 1759 3536 Ἀναῦαί-

181 3584 368 3620 νουσιν
400 3568 528 3639 ὅρη,
561 3588 580 3622 ι
609 3569 730 3623 ἀντὶ
758 3570 876 3637 τοῦ,
919 3570 1009 3636 Ὠς
1041 3572 1164 3644 ὅρη.

252 3661 320 3714 θ’.
380 3678 399 3712 ι
433 3660 625 3731 Ὅριον
674 3660 821 3726 ἔθου,
877 3661 907 3716 ὃ
965 3663 1029 3717 οὐ
1088 3665 1588 3736 παρελεύσεταιθθο
1637 3666 1756 3721 οὐδὲ

181 3750 577 3822 ἐπιστρέφουσι
605 3753 847 3824 καλύψαι
877 3755 978 3827 τὴν
1000 3757 1123 3827 γῆν.
1167 3777 1185 3807 ι
1213 3758 1541 3829 Αἰσχύνεται
1587 3758 1684 3829 μὲν
1710 3761 1755 3792 ⁸ο

182 3843 284 3914 τὴν
316 3844 614 3917 ψάμμονή
666 3845 935 3914 θάλασσα,
990 3848 1085 3902 καὶ
1127 3849 1318 3921 μέχρις
1376 3850 1594 3922 ἐκείνης
1630 3852 1757 3905 λυτ-

182 3932 356 3998 τῶσα,
392 3934 649 4006 καθάπερ
679 3936 887 4007 χαλινῷ
908 3937 987 4008 τῷ
1016 3938 1127 4009 ὅρῳ
1150 3938 1229 4010 τῷ
1258 3940 1385 4011 θείῳ
1414 3942 1753 4015 κωλυομένη,

179 4027 596 4097 ἀναχαιτίζεται
619 4030 807 4094 πάλιν,
842 4032 1033 4096 καὶείς
1056 4033 1298 4087 τούπίσω
1327 4038 1512 4107 χωρεῖ.

255 4120 311 4175 ι’.
354 4138 374 4172 ι
426 4121 485 4176 '0
510 4121 928 4187 ὲξαποστέλλων
982 4128 1169 4197 πηγὰς
1204 4128 1262 4179 ἐν
1299 4128 1589 4201 φάραγξιν,
1628 4130 1756 4185 ἀνα-

183 4212 351 4281 μέσον
381 4213 496 4268 τῶν
556 4215 731 4285 ὀρέων
777 4216 1207 4272 διελεύσονταιθθ
1257 4220 1426 4274 ὕδατα
1448 4221 1515 4275 θί.
1554 4241 1573 4275 ι
1621 4220 1753 4278 Εἶτα

177 4305 277 4374 τὴν
312 4305 521 4360 τούτων
552 4307 906 4364 ὑποδείκνυσι
941 4312 1151 4382 χρείαν.

250 4402 342 4459 ια’,
378 4396 466 4467 ιβ’.
479 4417 499 4450 ι
518 4398 772 4453 Ποτιοῦσι
788 4401 968 4457 πάντα
986 4403 1055 4457 τὰ
1068 4405 1232 4475 θηρία
1247 4407 1339 4460 τοῦ
1357 4408 1529 4479 ἀγροῦ
1549 4424 1562 4439 ·
1580 4427 1751 4481 προσ-

1875 1920 1997 1965 erat
2019 1910 2329 1975 invisibilis,
2359 1919 2414 1964 et
2436 1910 2738 1972 incondita,
2764 1919 2816 1964 et
2840 1910 3075 1964 tenebrae
3100 1919 3257 1963 erant
3286 1924 3453 1978 super

1876 2002 2067 2058 faciem
2086 2004 2271 2075 abyssi
2290 2001 2333 2055 ι.
2361 2022 2379 2054 ι
2406 2001 2674 2069 Quoniam
2702 2003 2868 2072 igitur
2886 2012 3027 2069 terra
3059 2002 3272 2074 1334
3292 2001 3450 2071 aquis

1875 2098 2116 2167 undique
2160 2098 2433 2168 cingitur,
2482 2105 2536 2152 et
2574 2112 2770 2167 magna
2820 2096 3042 2162 quidem
3083 2098 3288 2161 maria,
3327 2111 3450 2166 qute

1873 2191 2115 2261 navigari
2153 2205 2262 2245 non
2290 2198 2546 2258 possunt,
2577 2197 2735 2243 terra:
2774 2198 2902 2244 sunt
2940 2188 3141 2242 limites
3177 2204 3241 2242 ac
3272 2189 3407 2242 fines
3428 2230 3443 2251 ,

1872 2290 1926 2335 et
1956 2282 2061 2335 alia
2094 2283 2112 2304 ¹
2145 2282 2402 2350 plurima,
2431 2294 2550 2348 qua:
2589 2278 2885 2332 transmitti
2928 2286 3176 2345 possunt,
3210 2278 3445 2330 mediam

1871 2372 2045 2441 ipsam
2077 2382 2292 2437 secant,
2326 2372 2453 2441 jure
2483 2371 2560 2426 ait
2588 2371 2847 2441 abyssum
2886 2368 3031 2424 sicut
3064 2369 3447 2423 vestimentum

1826 2538 1836 2551 '
1870 2475 2030 2521 terrm
2065 2464 2404 2519 incumbere.

1944 2577 1962 2609 ι
1999 2557 2173 2627 Super
2214 2566 2428 2611 montes
2463 2555 2686 2610 stabunt
2718 2569 2894 2623 aquae.
2936 2551 3127 2625 [Vens
3164 2552 3214 2613 7,
3253 2550 3331 2623 8.]
3367 2552 3446 2606 Ab

1871 2650 2242 2719 increpatione
2274 2658 2361 2704 tua
2395 2650 2634 2719 fugient,
2665 2665 2695 2703 a
2724 2663 2855 2703 voce
2894 2647 3097 2702 tonitru
3144 2647 3217 2701 tui
3257 2646 3447 2699 formi-

1869 2742 2096 2797 dabunt.
2131 2742 2449 2797 Ascendunt
2484 2752 2721 2805 montes,
2751 2751 2805 2795 et
2833 2741 3173 2796 descendunt
3228 2740 3441 2808 campi,

1868 2836 1922 2889 in
1954 2836 2130 2889 locum
2160 2850 2319 2904 quem
2361 2832 2601 2888 fundasti
2634 2835 2733 2888 eis.
2766 2852 2784 2884 ›
2826 2832 2926 2887 Per
2954 2833 3134 2886 omnia
3164 2830 3322 2885 docet
3346 2829 3441 2885 Dei

1868 2926 2264 2996 providentiam
2297 2926 2461 2981 rebus
2493 2925 2753 2979 omnibus
2800 2924 2995 2979 Creatis
3033 2924 3437 2994 praisidentem.

1868 3017 2001 3073 Nam
2053 3028 2337 3088 prepterea
2383 3034 2534 3073 mare
2578 3018 2834 3073 ﬂuctibus
2881 3017 3102 3071 imitans
3170 3016 3438 3069 montimn

1866 3111 2129 3179 vertices,
2165 3111 2535 3164 continentem
2584 3126 2691 3163 non
2742 3109 2967 3163 inundat
2998 3126 3010 3161 :
3052 3108 3144 3162 sed
3179 3106 3440 3176 quemad-

1862 3204 2087 3258 modum
2121 3219 2219 3259 nos
2254 3204 2456 3258 tonitru
2489 3203 2991 3273 perhorrescimus,
3029 3201 3108 3257 sic
3134 3201 3264 3255 illud
3291 3200 3440 3271 posi-

1862 3303 1978 3347 tum
2008 3295 2302 3349 terminum
2332 3294 2505 3348 timet.
2538 3293 2671 3349 Illud
2709 3313 2726 3344 ι
2757 3294 2934 3363 Super
2964 3302 3175 3347 montes
3217 3293 3439 3346 stabunt

1862 3402 2054 3456 aquae,
2088 3406 2107 3437 ι
2150 3386 2293 3441 idem
2327 3394 2412 3441 est
2457 3401 2520 3442 ac
2562 3396 2822 3455 tanquam
2864 3395 3076 3440 montes
3122 3394 3435 3451 steterunt;

1861 3481 1993 3535 illud
2014 3481 2201 3548 etiam,
2229 3499 2248 3533 ι
2273 3481 2592 3537 Ascendunt
2614 3491 2843 3547 montes,
2872 3500 2891 3531 ›
2920 3481 3062 3535 idem
3090 3495 3152 3534 ac
3177 3490 3435 3550 tanquam

1859 3586 2096 3633 montes.

1930 3666 2095 3726 Vens.
2125 3669 2180 3725 9.
2212 3687 2231 3719 ι
2262 3668 2578 3724 Terminnm
2618 3670 2869 3735 posuisti,
2917 3685 3077 3739 quem
3112 3685 3218 3723 non
3252 3678 3433 3725 trans-

1863 3763 2211 3831 gretlientur,
2253 3778 2429 3832 neque
2474 3772 2863 3817 convertentur
2896 3766 3113 3830 operire
3153 3773 3372 3815 terram.
3406 3782 3425 3812 ι

1860 3853 2007 3906 Mare
2043 3853 2260 3923 quidem
2296 3868 2517 3907 arenam
2546 3861 2844 3914 reveretur,
2886 3861 2939 3905 et
2972 3868 3143 3921 usque
3175 3853 3241 3906 ad
3284 3854 3429 3908 illam

1855 3945 2069 4007 furens,
2118 3945 2266 3999 velut
2292 3945 2448 4000 freno
2469 3988 2482 4009 ,
2514 3942 2696 3998 divino
2727 3944 2957 3998 termino
2989 3945 3307 4010 coercitum,
3342 3962 3429 4001 re-

1856 4038 2091 4092 ﬂectitur
2120 4037 2315 4091 iterum
2335 4076 2349 4099 ,
2386 4045 2441 4091 et
2470 4046 2771 4090 retrorsum
2803 4035 2969 4090 cedit.

1933 4125 2092 4182 Vens.
2132 4125 2219 4180 10.
2264 4146 2283 4178 ι
2311 4125 2579 4182 Emittens
2606 4125 2783 4182 fontes
2824 4127 2876 4180 in
2927 4127 3298 4193 convallibus,
3343 4128 3428 4182 in-

1857 4229 1938 4275 ter
1979 4218 2215 4274 medium
2263 4218 2532 4272 montium
2583 4218 2991 4279 pertransibunt
3041 4233 3216 4289 aquaa.
3253 4239 3271 4271 ι
3322 4219 3427 4275 De-

1856 4313 1981 4367 inde
2018 4313 2217 4367 horum
2252 4312 2540 4367 utilitatem
2566 4311 2928 4367 demonstrat.

1924 4401 2095 4459 Vens.
2125 4405 2214 4471 Η,
2251 4402 2335 4459 12.
2371 4423 2390 4457 ι
2422 4403 2693 4460 Potabunt
2721 4419 2912 4458 omnes
2945 4404 3133 4460 bestiae
3160 4405 3303 4476 agri;
3331 4422 3423 4461 ex-

183 4485 429 4552 δέξονται
451 4490 498 4521 ’³
523 4490 747 4563 όναγροι
776 4495 857 4557 είς
906 4494 1066 4565 δίψαν
1096 4497 1296 4554 αὐτῶν.
1359 4499 1475 4553 Ἐπ’
1500 4502 1641 4554 αὐτὰ
1683 4504 1750 4556 τὰ

1881 4498 2182 4566 spectabunt
2215 4497 2405 4567 onagri
2455 4496 2509 4551 in
2549 4496 2640 4551 siti
2682 4512 2803 4551 sua.
2844 4496 3019 4566 Super
3062 4513 3125 4552 ea
3174 4499 3421 4554 volucres

179 4581 407 4633 natandi
461 4582 558 4635 τοῦ
611 4585 844 4655 ούρανοῦ
879 4588 1315 4660 κατασκηνώσει,
1358 4593 1421 4644 ὲκ
1451 4593 1616 4664 μέσου
1645 4594 1753 4649 τῶν

178 4674 405 4743 πετρῶν
434 4676 480 4707 ⁹³
509 4674 744 4730 δώσουσι
786 4681 994 4749 φωνήν.
1032 4698 1051 4732 ι
1107 4682 1220 4736 Καὶ
1267 4683 1425 4738 τοῦτο
1458 4688 1554 4756 τῆς
1600 4685 1750 4751 θείας

176 4767 445 4837 Προνοίας
464 4773 766 4843 τεκμήριον
798 4774 1074 4844 μέγιστον,
1106 4777 1166 4829 τὸ
1193 4779 1271 4848 μὴ’
1302 4779 1463 4847 μόνον
1502 4782 1607 4835 τῶν
1651 4783 1743 4834 ἀνσ-

1856 4590 1978 4645 εωιί
2005 4588 2350 4651 babitabunt,
2377 4587 2443 4642 de
2468 4587 2647 4641 medio
2669 4598 2946 4657 petrarum
2971 4588 3177 4641 dabunt
3201 4603 3413 4643 voces.)

1850 4683 1917 4737 Et
1946 4684 2047 4738 hoc
2072 4682 2369 4736 maximum
2395 4690 2477 4736 est
2504 4690 2883 4751 argumentum
2910 4679 3420 4744 divinaProviden-

1850 4777 1960 4840 tiae,
1992 4790 2099 4829 non
2135 4774 2296 4828 modo
2329 4773 2612 4828 hominum
2649 4772 3002 4843 indigentiam
3038 4770 3247 4845 1335
3284 4789 3418 4845 sup-

180 4859 437 4931 θρὼπων,
462 4863 599 4916 ἀλλὰ
648 4866 746 4918 καὶ
786 4866 897 4919 τῶν
927 4866 1137 4937 ἀλόγων
1194 4871 1291 4941 τὴν
1322 4872 1510 4942 χρείαν
1530 4873 1575 4905 ⁸⁸
1609 4875 1750 4943 πλη-

1881 4870 2027 4936 lere,
2065 4883 2255 4925 verum
2306 4870 2469 4922 etiam
2513 4868 2820 4922 brutorum.
2862 4866 3153 4938 Propterea
3206 4879 3417 4925 montes

246 5042 425 5100 IIJob.
462 5061 623 5114 ιινι,
667 5048 724 5101 7.
805 5050 823 5089 ὶ
869 5047 1009 5107 Gen.
1041 5068 1096 5117 ι,
1130 5051 1184 5106 1.

1276 5227 1513 5283 VARIAS
1554 5228 1939 5285 LECTIONES
1962 5230 2050 5283 ET
2078 5228 2306 5285 NOTAE.

247 5330 291 5361 δ’
317 5331 455 5414 Ἐπί
484 5360 552 5371 -—
578 5334 789 5401 αὐτῆς.
826 5335 989 5391 Hebr.
1023 5336 1190 5414 Super
1211 5339 1359 5414 bases
1392 5358 1540 5414 suos.
1603 5342 1767 5414 S_ymn

1881 5343 1956 5395 ιπὶ
1975 5413 1979 5414 ν
2000 5343 2161 5414 ἕδρας
2190 5343 2377 5414 αὐτῆς.

2486 5347 2532 5376 ⁸³
2567 5346 2867 5412 Ἀὅυσσος
2889 5378 2957 5387 -
2979 5346 3183 5401 αὐτοῦ.
3243 5346 3409 5403 Hebr.

180 5400 383 5487 Abysso
419 5412 669 5487 tanquan
707 5400 842 5487 ueste
868 5400 1120 5487 aperuisti
1150 5426 1287 5487 eam.
1313 5412 1505 5481 Aquila
1538 5400 1767 5487 etg'lv'uheo

1881 5453 1891 5466 .
1923 5400 2157 5487 ἄϐυσσον
2215 5414 2290 5487 ὡς
2315 5400 2549 5487 ’ἔνδυμα
2604 5400 2921 5487 περιέϐαλες
2952 5400 3179 5486 αὐτὴν(
3219 5419 3263 5449 ⁸⁵

177 5472 383 5550 αὐτῆς.
428 5476 561 5550 _c_od.
589 5475 869 5550 ίέαυτῆς.
899 5472 962 5550 ’ἦῆ
985 5478 1107 5536 cod.
1144 5480 1169 5532 l
1203 5472 1471 5550 τέρματα.

1581 5483 1627 5513 88
1658 5483 1765 5537 "At

1881 5485 2143 5538 πλείονα.
2176 5486 2296 5539 cod.
2333 5486 2357 5539 1
2397 5483 2689 5554 πλεόμενα.
2717 5486 2966 5540 Eamdem
2998 5483 3280 5543 lectionem
3314 5491 3411 5544 ba-

178 5541 361 5625 bttisse
389 5541 841 5625 videtur-(Samia.
919 5548 963 5579 ³⁷
1002 5551 1122 5604 cod.
1154 5551 1175 5601 l
1216 5541 1489 5625 στήσεται.
1568 5552 1613 5584 ⁸⁸
1644 5551 1767 5607 Rec.

1881 5557 1966 5625 :tio
1994 5554 2046 5608 h.
2078 5554 2113 5609 l.
2146 5564 2226 5608 est
2249 5541 2692 5625 παρελεύσονται.
2769 5558 2813 5589 ⁸³
2845 5556 2990 5611 Μέν.
3022 5541 3409 5615 Abesta'cbd.

178 5610 227 5662 1.
301 5612 349 5642 ’°
387 5613 511 5666 cod.
547 5615 568 5666 1
603 5614 961 5671 διελεύσεται.

177 5680 220 5761 ξ³
248 5678 372 5759 Τιῖξν
399 5682 650 5761 «supra.
682 5686 758 5738 Ita
790 5704 1010 5761 quoque
1039 5688 1208 5761 Syrus
1254 5692 1416 5745 vertit
1442 5693 1583 5746 inter
1612 5704 1767 5746 monti

1881 5693 1964 5747 Sed

176 5747 416 5807 frondes.
495 5747 540 5786 δ’
567 5753 690 5824 Τὴν
722 5747 948 5825 χρὲιίινῖ.
992 5759 1045 5814 In
1081 5749 1212 5817 .cod.
1251 5764 1274 5814 1
1309 5763 1524 5832 ponitur
1558 5772 1680 5835 post
1705 5766 1767 5819 ἀν

1881 5782 2021 5820 νίκων.

1072 5621 1115 5650 ⁸⁸
1147 5619 1388 5674 "ream.
1412 5622 1578 5676 Abest
1611 5637 1640 5675 a
1682 5631 1830 5677 textu
1862 5623 2025 5679 Hebr.

2129 5627 2173 5657 ⁹¹
2202 5624 2422 5699 Προσδ.
2457 5624 2618 5699 Hebr.
2655 5626 2943 5696 Frangent,
2980 5646 3026 5682 s.
3052 5629 3437 5699 restinguent.’

2012 5695 2063 5750 in
2097 5705 2240 5753 textu
2272 5695 2435 5754 Hebr.
2468 5697 2569 5768 leg.
2599 5706 2782 5762 tam?)
2808 5695 2950 5787 pars
2978 5700 3115 5756 inter
3153 5695 3410 5756 arborum
