3924 6486
500 304 627 366 1699
1474 306 1965 369 THEODORETI
2008 306 2346 370 EPISCOPI
2377 312 2741 374 CYRENSIS
3598 308 3748 372 1700

490 440 687 480 secans
717 424 862 480 viam
900 427 1059 497 aquis
1115 426 1277 492 fecit,
1328 436 1389 483 ut
1435 444 1541 483 non
1588 429 1765 483 solum
1824 428 2061 483 homines

2178 430 2325 501 ροῦν.
2357 433 2457 487 Διὰ
2486 432 2649 486 τοῦτο
2685 434 2785 504 ὅρη
2840 434 3053 504 τέμνων
3096 435 3360 505 παρόδους
3389 437 3502 497 τοῖς
3547 431 3755 486 ὕδασιν

495 516 699 571 aﬂatim
744 518 976 574 fontium
1026 520 1173 576 rivus
1216 521 1509 587 haberent,
1548 522 1639 576 sed
1668 520 1828 575 etiam
1869 535 2061 591 genera

2175 524 2506 594 ἐτεκτήνατο
2534 542 2547 555 ⁸
2581 526 2721 579 ὥστε
2765 528 2840 596 μὴ
2873 528 3035 597 μόνον
3078 527 3399 599 ἀνθρώπους
3446 528 3591 597 ἔχειν
3632 527 3749 591 ὰφ-

499 604 678 657 omnia
720 609 1063 663 terrestrium
1096 624 1490 679 aereorumque
1521 610 1903 664 animantium.
1934 608 2066 663 Illud

498 696 676 743 autem
699 732 713 754 ,
764 710 783 742 ι
816 692 1225 763 Exspectabunt
1263 697 1453 763 onagri
1487 697 1538 750 in
1570 696 1658 750 siti
1699 712 1819 750 sua.
1850 716 1867 749 ι
1910 694 2071 765 Sym-

499 783 727 839 machus
760 785 840 841 sic
870 788 1035 841 vertit
1066 805 1080 841 :
1120 787 1395 842 Recreabit
1427 805 1622 857 onager
1650 791 1797 843 sitim
1825 806 1998 843 suam.

569 1059 735 1117 Vens.
777 1060 867 1114 i3.
910 1079 929 1112 ι
972 1060 1178 1131 Rigans
1204 1070 1419 1115 montes
1444 1077 1476 1116 e
1510 1064 1806 1119 omnaculis
1840 1066 1976 1127 suis,
2006 1066 2071 1119 de

499 1153 680 1209 fructu
706 1169 932 1222 operum
964 1163 1185 1209 tuorum
1213 1156 1501 1209 satiabitur
1527 1165 1693 1211 terra.
1724 1176 1742 1207 ι
1771 1157 1885 1212 Non
1910 1159 2071 1212 modo

496 1246 714 1301 inferne
744 1261 1011 1315 aquarum
1045 1257 1297 1301 naturam
1332 1259 1622 1317 praeparat,
1657 1258 1709 1304 et
1739 1265 1909 1319 aquas
1947 1266 2069 1305 sca-

496 1342 668 1396 turire
720 1340 872 1410 facit,
927 1343 1021 1396 sed
1057 1358 1289 1411 superne
1336 1344 1499 1399 etiam
1533 1361 1630 1415 per
1662 1346 1839 1402 nubes
1872 1346 2068 1417 irriga-

498 1434 702 1489 tionem
756 1434 933 1490 aﬂ'ert.
980 1434 1183 1490 Deinde
1218 1436 1529 1503 utilitatem,
1564 1453 1685 1507 quae
1715 1438 1842 1493 hinc
1872 1441 2065 1505 oritur,

498 1523 789 1594 signiﬁcat.

572 1614 737 1671 Vens.
772 1619 859 1671 Η.
904 1636 922 1668 ι
955 1617 1270 1675 Producens
1306 1619 1490 1674 fenum
1519 1622 1807 1691 jumentis,
1853 1634 1907 1679 et
1947 1625 2069 1680 her-

500 1722 622 1762 uam
656 1709 907 1763 servituti
937 1711 1243 1774 hominum,
1268 1721 1326 1765 ut
1344 1713 1542 1767 educas
1562 1730 1755 1783 panem
1777 1716 1843 1771 de
1865 1724 2061 1772 terra.)

498 1798 688 1854 Oritur
717 1802 862 1854 enim
897 1802 1083 1869 herba,
1108 1802 1426 1872 etjumenta
1456 1804 1509 1859 in
1544 1809 1560 1825 ⁶
1585 1822 1746 1862 usum
1785 1808 2064 1865 hominum

432 1920 435 1921 ν
500 1899 625 1945 nata
661 1893 831 1946 nutrit
869 1910 881 1944 :
914 1893 1135 1949 aluntur
1164 1904 1344 1950 autem
1379 1906 1433 1950 et
1474 1895 1685 1954 fructus
1716 1916 1813 1970 per
1841 1902 2063 1969 imbres,

2173 614 2342 680 θόνως
2392 616 2462 670 τὰ
2511 618 2729 688 νάματα
2761 618 2868 672 τῶν
2920 619 3112 689 πηγῶν
3138 637 3154 651 ·
3190 618 3327 673 ἀλλὰ
3364 618 3587 671 καὶτῶν
3612 633 3751 687 χερ-

2188 708 2380 770 σαίων,
2408 708 2505 761 καὶ
2555 709 2663 762 τῶν
2700 711 3020 782 ἀεροπόρων
3049 710 3204 775 ζώων
3238 712 3309 763 τὰ
3356 711 3513 779 γένη.
3544 703 3624 762 Τδ
3663 709 3746 770 δὲ,

2178 818 2197 850 ⁴
2237 801 2635 870 Προσδέξονται
2656 796 2881 873 δναγροι
2903 805 2983 867 είς
3012 803 3173 873 δίψαν
3230 803 3433 857 αὐτῶν.
3480 822 3497 854 ι
3529 805 3557 854 ὁ
3582 802 3744 867 Σύμ-

2174 906 2345 961 μαχος
2390 892 2564 955 οὕτως
2599 896 2973 964 ήρμήνευσεν,
3006 895 3435 960 Ἀνακτήσεται
3483 893 3748 962 δναγρος

2171 983 2363 1052 δίψαν
2382 986 2570 1040 αὐτοῦ
2591 989 2654 1042 ⁹⁵.

2243 1084 2332 1145 ιγ’.
2371 1098 2388 1129 ι
2428 1079 2671 1143 Ποτίζων
2693 1081 2795 1152 ὅρη
2820 1084 2884 1135 ἐκ
2916 1082 3021 1135 τῶν
3064 1070 3329 1152 ὑπερῴων
3362 1079 3533 1135 αὑτοῦ
3564 1096 3580 1111 ·
3634 1078 3748 1132 ἀπὸ

2171 1170 2389 1239 καρποῦ
2418 1170 2527 1223 τῶν
2549 1170 2728 1242 ἔργων
2778 1189 2872 1225 σου
2896 1173 3330 1245 χορτασθήσεται
3372 1175 3405 1243 ή
3448 1172 3547 1243 γῆ.
3584 1191 3604 1223 ι
3666 1172 3747 1224 Ού

2169 1262 2278 1332 γὰρ
2311 1262 2470 1332 μόνον
2502 1263 2749 1318 κάτωθεν
2779 1265 3093 1329 ἀναϐλύζει.
3136 1266 3229 1319 καὶ
3247 1266 3292 1297 ’⁸
3318 1264 3749 1335 παρασκευάζει

2168 1350 2278 1403 τῶν
2310 1352 2521 1407 ὑδάτων
2550 1353 2651 1425 τὴν
2685 1354 2882 1423 φύσιν·
2938 1356 3120 1409 ἀλλ”τ
3170 1356 3377 1410 ἄνωθεν
3425 1356 3514 1409 διὰ
3561 1356 3750 1425 νεφῶν

2168 1446 2269 1518 τὴν
2300 1448 2521 1519 ἀρδείαν
2572 1450 2895 1523 προσφέρει.
2934 1444 3068 1504 Εἶτα
3102 1450 3203 1522 τὴν
3235 1450 3490 1505 ἐντεῦθεν
3524 1448 3747 1503 ὐποδείι

2172 1555 2361 1592 κνυσιν
2386 1538 2679 1608 ὠφέλειαν.

2243 1632 2302 1685 ιδ’
2311 1673 2323 1686 ,
2363 1651 2381 1684 ι
2417 1633 2475 1685 ’0
2509 1632 2877 1698 ἐξανατέλλων
2925 1633 3118 1705 χόρτον
3153 1637 3265 1699 τοῖς
3321 1637 3548 1706 κτήνεσι
3575 1653 3592 1667 σ
3648 1637 3745 1690 καὶ

2167 1725 2335 1794 χλόην
2366 1728 2432 1797 τῇ
2491 1726 2707 1798 δουλείᾳ
2747 1725 2859 1779 τῶν
2914 1726 3240 1797 ἀνθρώπων,
3298 1727 3393 1781 τοῦ
3440 1727 3744 1797 ἐξαγαγεῖν

2168 1816 2335 1887 ἄρτον
2357 1817 2422 1870 ὲκ
2444 1816 2542 1887 τῆς
2578 1820 2701 1887 γῆς.
2741 1838 2759 1869 ι
2790 1817 3114 1889 Φύεταιγὰρ
3148 1820 3179 1888 ή
3211 1820 3339 1884 πόα,
3380 1820 3479 1873 καὶ
3526 1820 3744 1891 διατρὲ-

2169 1925 2261 1977 φει
2284 1908 2353 1960 τὰ
2378 1910 2575 1978 κτήνη,
2597 1911 2667 1963 τά
2694 1911 2775 1973 είς
2795 1910 2984 1981 χρείαν
3009 1909 3312 1982 ἀνθρώπων
3342 1913 3695 1983 γεγενημένα
3724 1930 3738 1943 ·

497 1992 552 2033 et
584 1981 787 2035 maturi
838 1983 991 2047 lium,
1047 1993 1101 2038 et
1150 1985 1465 2043 hominibus
1507 2001 1904 2058 proponuntur.
1956 1992 2061 2049 Hoc

2172 1998 2462 2067 τρέφονται
2501 1999 2558 2052 δὲ
2611 2000 2707 2052 καὶ
2744 2001 2793 2053 ei
2836 2001 3038 2072 καρποὶ
3091 1981 3181 2054 διὰ
3235 2002 3343 2055 τῶν
3400 1981 3597 2065 ὑετῶν,
3650 2005 3741 2056 καὶ

494 2080 550 2125 et
581 2071 634 2125 in
669 2073 778 2126 alio
807 2074 886 2127 ait
914 2075 1123 2144 psalmo
1157 2094 1171 2128 :
1209 2096 1228 2129 ι
1267 2076 1529 2135 Homines
1568 2090 1622 2135 e‘t
1666 2082 1911 2151 jumenta
1956 2086 2069 2141 sal-

498 2162 672 2225 vabis,
696 2161 924 2218 Domine
952 2162 996 2217 ἱ.
1030 2184 1049 2216 ι
1086 2164 1467 2223 Verumtamen
1497 2170 1566 2224 ob
1593 2171 1872 2229 hominum
1908 2192 2066 2234 usum

497 2254 660 2308 etiam
692 2255 937 2325 jumenta
971 2254 1325 2326 perfruuntur
1361 2259 1461 2315 hac
1496 2263 1856 2331 providentia.

575 2523 735 2580 Vens.
774 2527 861 2581 15.
909 2546 927 2578 ι
966 2527 1032 2581 Ει
1061 2530 1247 2584 vinum
1297 2531 1537 2587 laetiﬁcat
1585 2551 1679 2590 cor
1717 2537 1972 2603 hominis,
2009 2534 2095 2596 ut'

496 2618 767 2673 exhilaret
817 2619 1010 2675 faciem
1051 2623 1172 2677 oleo
1204 2640 1218 2677 :
1250 2633 1305 2679 et
1349 2627 1506 2694 panis
1538 2643 1632 2683 cor
1669 2630 1908 2686 hominis
1938 2647 2069 2687 con-

496 2704 697 2760 ﬁrmat.
744 2725 761 2757 ι
830 2706 1192 2778 Symmachus
1250 2714 1454 2769 clarius
1510 2714 1650 2770 dixit
1700 2735 1713 2771 :
1763 2717 2066 2776 Producens

495 2798 675 2867 fenum
703 2800 964 2869 jumentis
986 2844 1001 2868 ,
1046 2812 1096 2856 et
1129 2803 1343 2858 herbam
1378 2808 1500 2860 usui
1532 2807 1820 2876 hominum,
1854 2824 1909 2865 ut
1936 2814 2068 2867 edu-

493 2907 583 2946 cas
622 2892 793 2945 cibum
824 2910 888 2947 ea;
925 2905 1088 2962 terra,
1121 2906 1169 2950 et
1200 2899 1381 2950 vinum
1411 2899 1643 2970 lwtiﬁcet
1678 2919 1769 2956 cor
1808 2904 2064 2972 hominis,

493 2982 725 3037 illustrat
759 2986 949 3056 faciem
981 2988 1115 3051 oleo,
1147 2999 1195 3043 et
1223 2992 1373 3058 panis
1401 3009 1492 3045 cor
1512 2993 1743 3049 hominis
1773 2998 2061 3064 conﬁrmet.

493 3074 574 3129 Ad
607 3076 711 3132 hoc
744 3078 912 3143 enim,
948 3079 1144 3148 inquit,
1180 3080 1323 3137 Deus
1355 3085 1737 3141 universorum
1770 3097 1926 3143 terrae
1948 3091 2067 3159 plu-

495 3167 612 3223 vias
646 3170 906 3225 continue
938 3173 1272 3242 suppeditat.
1306 3184 1366 3229 ut
1397 3176 1612 3250 1336
1633 3179 1814 3235 omnis
1849 3183 2065 3251 generis

493 3257 706 3329 fructus
746 3262 1028 3329 producat,
1062 3273 1117 3318 et
1153 3281 1290 3333 pane
1316 3268 1534 3337 quidem
1582 3270 1863 3325 hominum
1904 3283 2063 3327 natu-

494 3366 612 3404 ram
647 3353 934 3407 conﬁrmet
965 3365 1019 3409 et
1046 3357 1177 3421 alat,
1224 3358 1351 3411 vino
1399 3375 1527 3414 vero
1562 3361 1815 3428 lastiticet,
1851 3365 2063 3432 jucun-
2088 3357 2132 3415 (Ξ

494 3444 815 3514 dioremque
864 3444 1058 3500 efﬁciat
1095 3448 1281 3513 vitam,
1326 3449 1448 3503 oleo
1492 3461 1674 3507 autem
1727 3470 1833 3509 non
1885 3458 2063 3512 solum

494 3534 644 3589 intus
691 3536 897 3590 nutriat
956 3552 1228 3607 corpora,
1290 3555 1477 3595 verum
1536 3542 1697 3598 etiam
1748 3544 1881 3600 foris
1937 3548 2063 3601 illu-

492 3633 649 3680 stret.
1001 3644 1005 3649 '

569 3887 729 3943 Vens.
762 3890 848 3944 i6.
884 3889 1286 3950 Saturabuntur
1318 3895 1463 3965 ligna
1495 3902 1692 3971 campi.
1728 3920 1749 3956 ι
1784 3902 2061 3974 Hebraeus,

490 3988 547 4035 et
602 3982 783 4035 caeteri
832 3983 1197 4053 interpretes,
1256 3986 1430 4058 Ligna
1475 3990 1689 4047 Domini
1740 4009 2061 4065 posuerunt.

492 4071 631 4128 Cum
681 4074 846 4144 igitur
899 4075 1208 4134 fructuosas
1251 4081 1479 4139 arbores
1528 4088 1889 4155 exposuisset,
1932 4093 2064 4148 satis

491 4168 738 4237 apposite
785 4168 949 4223 etiam
999 4173 1266 4227 sterilium
1317 4176 1645 4233 mentionem
1696 4180 1843 4251 fecit,
1877 4194 2063 4257 utpote

491 4258 638 4326 quod
668 4258 798 4327 ipsae
818 4276 1037 4329 quoque
1064 4264 1341 4332 praebeant
1358 4268 1672 4327 hominibus
1691 4280 2061 4333 necessarium

493 4365 676 4404 usum.
725 4350 939 4407 idcirco
968 4364 1022 4409 et
1055 4356 1267 4411 Domini
1314 4359 1462 4428 ipsas
1494 4365 1785 4434 appellavit
1820 4386 1834 4422 :
1865 4371 2064 4442 quippe

493 4459 615 4514 quae
650 4446 783 4516 ipsa:
828 4463 927 4503 sua
982 4457 1176 4519 sponte
1211 4453 1481 4522 oriantur,
1520 4468 1574 4511 et
1603 4472 1711 4511 non
1744 4474 1909 4513 mauu
1948 4463 2060 4516 ela-

489 4538 719 4602 boratae,
757 4540 849 4593 sed
891 4540 1078 4595 divino
1115 4543 1280 4598 verbo
1307 4547 1415 4600 sint
1444 4549 1743 4617 producta.
1771 4549 2058 4621 Pr0pterea

490 4628 698 4685 infert:
741 4650 760 4683 ι
800 4632 865 4686 Et
913 4633 1061 4687 cedri
1108 4633 1325 4703 Libani,
1372 4654 1508 4708 quas
1557 4641 1835 4710 plantasti.
1873 4662 1892 4695 ι
1938 4644 2055 4699 Non

488 4723 636 4775 enim
674 4738 960 4778 nemorum
994 4726 1234 4784 cultores
1265 4730 1433 4800 aliqui
1462 4732 1561 4786 has
1589 4734 1923 4803 plantarum.
1964 4739 2056 4792 sed

488 4813 731 4867 divinum
789 4814 1032 4873 Verbum
1089 4823 1358 4877 montium
1412 4824 1653 4881 culmina
1708 4827 1795 4881 his
1842 4828 2057 4885 abunde

487 4906 828 4961 convestivit.
885 4907 952 4963 Et
999 4910 1192 4967 Libani
1241 4915 1461 4984 quidem
1519 4918 1666 4972 velut
1719 4920 2053 4976 celeberrimi

487 4999 816 5054 mentionem
849 5000 1082 5071 faciens,
1113 5017 1167 5061 et
1200 5010 1487 5063 cedrorum
1521 5027 1642 5080 quae
1672 5012 1725 5066 in
1754 5013 1873 5083 ipso
1903 5024 2052 5083 sunt,

486 5089 625 5146 alios
651 5092 817 5146 etiam
851 5104 1066 5152 montes
1109 5108 1164 5153 et
1200 5101 1424 5156 arbores
1458 5118 1554 5173 per
1590 5104 1705 5161 hmo
1737 5105 2014 5163 iudicavit.

581 5281 598 5331 i
642 5281 788 5340 Psal.
826 5301 988 5353 xxxv,
1018 5286 1075 5341 6.

2170 2091 2374 2162 ὦριμοι
2405 2092 2669 2161 γίνονται,
2703 2094 2797 2147 καὶ
2826 2096 2937 2157 τοῖς
2957 2093 3267 2165 ἀνθρώποις
3308 2094 3731 2166 προσφέρονται.

2168 2186 2340 2240 Τοῦτο
2367 2187 2463 2241 καὶ
2494 2187 2553 2240 ἐν
2601 2187 2773 2258 ἑτέρῳ
2803 2188 2905 2258 εφη
2932 2186 3161 2258 ψαλμῷ⁸
3199 2208 3218 2240 ι
3271 2188 3612 2259 Ἀνθρώπους
3637 2192 3731 2243 καὶ

2167 2277 2342 2346 κτήνη
2391 2275 2609 2343 σώσεις,
2630 2276 2823 2349 Κύριε.
2860 2298 2878 2329 ι
2920 2278 3061 2332 Ἀλλ’
3098 2280 3248 2349 ὅμως
3275 2279 3364 2333 διὰ
3381 2279 3479 2351 τὴν
3502 2280 3605 2333 τῶν
3635 2284 3729 2333 ἀν-

2167 2368 2401 2441 θρώπων
2421 2370 2614 2440 χρείαν
2653 2371 2842 2425 καὶτὰ
2869 2373 3044 2443 κτήνη
3079 2372 3284 2443 ταύτης
3335 2373 3600 2425 ἀπολαύει
3634 2377 3724 2445 τῆς

2168 2459 2534 2531 προμηθείας.

2242 2553 2323 2608 ιε’.
2357 2572 2375 2605 ι
2409 2554 2517 2607 Καὶ
2553 2550 2697 2619 οἶνος
2729 2556 3008 2625 εὐφραίνει
3038 2556 3267 2627 καρδίαν
3287 2555 3605 2627 ἀνθρώπου,
3644 2556 3734 2609 τοῦ

2171 2646 2415 2716 ἱλαρῦναι
2454 2646 2747 2717 πρόσωπον
2793 2650 2849 2700 ὲν
2884 2648 3052 2719 ἐλαίῳ
3078 2664 3095 2679 ο
3154 2649 3249 2702 καὶ
3281 2648 3445 2720 ἄρτος
3498 2650 3739 2721 καρδίαν

2166 2738 2455 2810 ἀνθρώπου
2492 2739 2759 2810 στηρίξει.
2795 2759 2812 2789 ι
2872 2740 3211 2812 Σαφέστερον
3266 2741 3319 2794 δὲ
3346 2744 3374 2795 ό
3428 2743 3739 2814 Σύμμαχος

2165 2834 2387 2903 εἴρηκεν
2416 2850 2428 2861 ·
2471 2832 2857 2888 Ἑκϐλαστῶν
2896 2835 3115 2904 χόρτον
3150 2834 3274 2900 τοῖς
3314 2835 3592 2901 κτήνεσι,
3639 2837 3739 2889 καὶ

2163 2924 2364 2991 χλόην
2378 2922 2455 2989 τῇ
2483 2921 2731 2990 δουλείᾳ
2758 2921 2874 2975 τῶν
2891 2922 3215 2990 ἀνθρώπων
3233 2940 3247 2954 ·
3272 2923 3359 2990 είς
3380 2925 3444 2978 τὸ
3470 2924 3739 2994 ὲκφῦσαι

2161 3014 2393 3085 τροφὴν
2420 3015 2539 3069 ἀπὸ
2566 3014 2701 3084 γῆς.
2731 3014 2828 3069 καὶ
2866 3012 3036 3069 οἶνον
3082 3016 3428 3085 εὐφραίνειν
3482 3016 3740 3085 καρδίαν·

2161 3108 2476 3177 ἀνθρώπου
2498 3125 2511 3139 ·
2553 3109 2826 3162 στίλϐειν
2865 3110 3195 3177 πρόσωπον
3216 3109 3345 3162 er“
3379 3110 3583 3175 ἐλαίῳ,
3634 3110 3739 3162 καὶ

2162 3199 2346 3268 ἄρτον
2391 3200 2645 3268 καρδίαν
2687 3197 3002 3267 ἀνθρώπου
3040 3196 3363 3267 στηρίζειν,
3415 3199 3540 3251 Ἐπὶ³
3574 3199 3739 3253 τοῦτο

2162 3292 2290 3363 γὰρ,
2332 3294 2516 3364 φησὶν,
2553 3294 2581 3344 ό
2606 3292 2717 3344 τῶν
2742 3291 2876 3345 ὅλων
2902 3291 3035 3354 Θεὸς
3062 3293 3129 3363 τῇ
3164 3294 3235 3361 τῇ
3272 3292 3401 3354 τοὺς
3429 3291 3622 3354 ὑετοὺς
3649 3290 3735 3344 δι-

2162 3384 2376 3455 ηνεκῶς
2398 3387 2647 3455 χορηγεῖ,
2682 3383 2822 3437 ὥστε
2856 3384 2983 3448 τοὺς
3028 3383 3404 3447 παντοδαποὺς
3433 3383 3733 3454 βλαστῆσαι

2166 3478 2435 3547 καρποὺς,
2472 3477 2571 3530 καὶ
2603 3475 2753 3547 ἄρτῳ
2799 3477 2897 3546 μὲν
2941 3474 3193 3547 στηρίξαι
3220 3477 3265 3508 ⁹⁹
3298 3477 3393 3528 καὶ
3439 3475 3732 3545 διαθρέψαι

2164 3569 2271 3621 τῶν
2316 3567 2623 3639 ἀνθρώπων
2678 3566 2775 3637 τὴν
2808 3568 2969 3635 φύσιν
2996 3584 3010 3597 ο
3046 3566 3173 3636 οἴνῳ
3226 3566 3281 3618 δὲ
3313 3565 3585 3636 εὐφρᾶναι
3636 3567 3735 3619 καὶ

2166 3659 2579 3731 θυμηρεστέραν
2609 3659 2948 3729 ἐργάσασθαι
2986 3658 3086 3730 τὴν
3111 3659 3290 3729 ζιζωήν⁹
3350 3657 3515 3729 ἐλαίῳ
3560 3658 3620 3711 δὲ
3671 3660 3730 3711 ού

2168 3753 2327 3822 μόνον
2347 3750 2558 3805 ἔνδοθεν
2587 3750 2900 3822 διαθρέψαι,
2916 3749 3051 3805 ἀλλὰ
3074 3753 3167 3804 καὶ
3185 3749 3386 3817 ἔξωθεν
3410 3749 3731 3821 λαμπρῦναι

2163 3845 2233 3897 τὰ
2263 3843 2511 3914 σώματα.

2237 3942 2334 4002 ις’.
2367 3955 2387 3988 ι
2427 3935 2905 4008 Χορτασθήσονται
2930 3936 2999 3989 τὰ
3050 3934 3183 4000 ξύλα
3208 3935 3309 3996 ,τοῦ
3366 3935 3573 3992 πεδίου.
3612 3956 3632 3990 ι
3675 3936 3732 3990 '0

2162 4025 2220 4080 δὲ
2256 4026 2529 4099 Ἐϐραῖος,
2572 4028 2668 4081 καὶ
2690 4027 2740 4079 οἱ
2768 4027 2950 4080 λοιποὶ
2968 4029 3009 4091 ⁸,
3030 4027 3143 4082 τοῦ
3172 4029 3397 4097 Κυρίου
3424 4028 3730 4084 τεθείκασι.

2162 4120 2456 4185 Διεξελθὼν
2488 4120 2556 4173 τὰ
2581 4120 2860 4191 κάρπιμα,
2920 4120 3235 4189 ἀναγκαίως
3267 4122 3602 4191 μνημονεύει
3640 4122 3733 4175 καὶ

2159 4213 2269 4267 τῶν
2324 4213 2615 4283 ἀκάρπων,
2648 4212 2725 4275 ὡς
2757 4212 3064 4279 ἀναγκαίαν
3120 4214 3233 4276 τοῖς
3275 4211 3590 4283 ἀνθρώποις
3638 4214 3732 4267 καὶ

2160 4306 2340 4359 αὐτῶν
2377 4306 2726 4377 παρεχόντων
2770 4307 2982 4376 χρείαν.
3038 4304 3139 4358 Διὰ
3197 4304 3355 4358 τοῦτο
3388 4307 3481 4359 καὶ
3518 4309 3735 4377 Κυρίου

2160 4398 2300 4454 αὐτὰ
2348 4398 2796 4470 προσηγόρευσεν
2821 4416 2834 4428 ·
2880 4397 2955 4462 ὡς
2994 4398 3263 4466 αὑτοφυᾶ,
3304 4400 3399 4452 καὶ
3430 4400 3492 4452 ού
3546 4403 3732 4473 χειρό-

2159 4507 2367 4561 κμητα,
2413 4489 2552 4543 ἀλλὰ
2597 4488 2676 4560 τῷ
2705 4488 2835 4559 θείῳ
2880 4489 3023 4560 λόγῳ
3054 4488 3451 4561 βλαστήσαντα.
3510 4492 3605 4545 Διδ
3630 4495 3730 4546 καὶ

2159 4582 2440 4654 ἐπήγαγεν
2456 4600 2471 4614 ο
2499 4601 2517 4634 ι
2537 4581 2601 4635 Ai
2622 4582 2801 4653 κέδροι
2818 4580 2912 4634 τοῦ
2929 4581 3186 4642 Λιϐάνου,
3218 4581 3285 4644 ἃς
3308 4582 3616 4650 ἐφύτευσας
3633 4585 3678 4637 ⁸.
3705 4603 3725 4634 ο

2087 4696 2135 4754 ο
2163 4673 2301 4727 Οὔτε
2335 4674 2443 4744 γὰρ
2474 4672 2773 4742 ἀλσοκόμοι
2825 4673 2972 4736 τινὲς
3016 4672 3222 4726 τούτων
3275 4674 3577 4744 γεγένηντο
3624 4692 3730 4743 φυ-

2163 4766 2553 4837 τουργοί’άλλ⁹
2603 4767 2631 4819 ό
2669 4765 2813 4828 θεῖος
2852 4765 3024 4833 Λόγος
3068 4765 3405 4837 ἀμφιλαφεῖς
3463 4765 3563 4828 τὰς
3620 4767 3731 4818 τῶν

2161 4857 2302 4928 ὀρῶν
2330 4856 2573 4928 κορυφὰς
2606 4857 2924 4927 εἰργάσατο.
2976 4856 3082 4910 Τοῦ
3140 4856 3324 4926 μέντοι
3375 4856 3614 4911 Λιϐάνου
3654 4858 3729 4918 ὡς

2160 4949 2434 5020 ἐπισήμου
2471 4948 2871 5021 μνημονεύσας,
2932 4948 3164 5002 καὶτῶν
3191 4950 3252 5001 ἐν
3300 4947 3450 5017 αὐτῷ
3494 4948 3727 5019 κέδρων,

2161 5045 2254 5095 καὶ
2278 5041 2448 5097 τᾶλλα
2480 5040 2581 5113 ὅρη
2610 5041 2705 5097 καὶ
2736 5040 2926 5112 δένδρα
2955 5038 3042 5093 διὰ
3068 5039 3270 5093 τούτων
3296 5039 3566 5109 ἐδήλωσεν
3592 5042 3634 5094 ³.

1532 5444 1767 5504 VARUE
1822 5446 2205 5507 LECTIONES
2242 5452 2329 5508 ΕΤ
2361 5451 2587 5510 ΝΟΤΕ.

628 5600 847 5657 Αὐτοῦ.
876 5600 998 5654 cod.
1032 5598 1055 5653 1
1083 5601 1295 5657 ἑαυτοῦ.

1402 5605 1449 5639 ’⁸
1483 5606 1613 5658 Καί.
1637 5604 1804 5661 Abest
1834 5623 1861 5662 a
1894 5608 2014 5665 cod.
2044 5612 2094 5664 1.

2168 5611 2213 5642 ’⁷
2262 5610 2433 5665 Ἀλλ’.
2470 5610 2589 5666 cod.
2625 5611 2650 5665 1
2685 5610 2956 5675 ἀλλὰ,καί.
3031 5610 3078 5645 ’⁸
3106 5615 3228 5668 Ἐν.
3257 5613 3423 5668 Abest
3446 5628 3477 5665 a
3506 5614 3634 5669 cod.
3671 5614 3722 5667 i.

486 5670 682 5755 f’cod.
716 5674 733 5724 ι
772 5669 1043 5755 στηρίσαι.
1121 5675 1844 5755 Οιηλῑοιι-τοί.ἕρκει-Μοιριῆ⁵
1873 5680 1925 5733 iu
1959 5678 2061 5755 ll‘ex

2172 5720 2187 5755 ._
2216 5681 2280 5734 ad
2310 5684 2373 5755 Διι.
2399 5682 2684 5755 lihquilaa
2716 5692 2772 5755 et.
2796 5669 3157 5755 Theodotioni
3183 5685 3421 5740 vindicat
3453 5684 3723 5755 interpre-

487 5740 746 5795 tationem
779 5740 873 5795 τοῦ
907 5740 1089 5795 πεδίου
1121 5743 1346 5815 Κυρίου.

1447 5745 1466 5775 ¹
1504 5746 1699 5815 Ἐφύτ.
1749 5748 1911 5805 Hebr.
1949 5750 2061 5820 plan

2172 5752 2231 5805 it.
2356 5745 2557 5818 Ἐδήλῖ
2588 5752 2707 5808 cod.
2748 5754 2771 5807 1
2805 5754 3229 5824 ἐμνημόνευσεν.
