3924 6486
239 319 369 388 Ῑῖῧί

1624 322 1705 387 ΙΝ
1741 326 1944 384 PSAL.
1979 322 2137 384 CIII.

3357 324 3489 388 1702

314 438 407 501 ιζ’.
446 455 465 487 ι
512 436 661 491 Ἐκεῖ
685 436 942 506 στρουθία
960 437 1369 492 έννοσσεύσουσι
1394 455 1408 469 ο
1435 438 1531 492 τοῦ
1552 436 1776 508 ὲρωδιοῦ
1793 436 1816 464 ⁸
1841 487 1846 497 ε

1990 433 2159 490 Vens.
2208 434 2295 488 17.
2354 454 2371 486 ι
2409 435 2485 489 lbi
2532 449 2782 506 passeres
2832 433 3187 491 nidiﬁcabunt
3223 455 3235 491 :
3278 434 3485 492 herodii

235 532 266 598 ἡ
303 528 569 581 κατοικία
603 529 820 599 ἡγεῖται
840 527 1044 583 αὐτῶν.
1080 548 1099 581 ι
1145 528 1203 583 '0
1226 530 1283 583 δὲ
1327 530 1558 593 Ἀκύλας
1601 528 1814 593 οὕτως·

249 620 414 674 Ἐκεῖ
437 619 618 687 ὄρνεα
646 620 1107 675 νοσσεύσουσιν
1128 637 1144 652 ·
1189 620 1406 691 ἐρωδιῷ
1425 624 1446 655 ⁸
1477 620 1684 675 ἐλάται
1728 617 1813 674 οἳ·

199 722 203 738 ¹
242 728 353 776 avoc
406 710 591 776 αὐτῷ.
638 710 737 764 ’0⁸
790 711 849 764 δὲ
901 711 1218 784 Σύμμαχος,
1278 714 1495 767 Ὅπου⁷
1532 712 1817 781 στρουθία

236 805 664 870 ὲννοσσεύσει,
722 804 805 871 τῷ
844 806 1076 860 Imm“
1115 805 1383 873 βόρατον
1432 803 1691 871 οικησις.
1734 804 1818 857 Τὰ

236 900 347 971 γὰρ
374 900 517 954 αύτά
540 900 733 972 δένδρα
763 900 931 970 ἄλλην
962 900 1060 969 μὲν
1076 896 1383 969 ἀνθρώποις
1409 897 1621 967 χρείαν,
1649 896 1815 967 ἄλλην

237 990 296 1042 δὲ
328 992 447 1052 τοῖς
473 990 687 1059 ὀρνέοις
738 991 1009 1060 παρέχει·
1058 986 1368 1058 ἀνθρώποις
1422 988 1522 1056 μὲν
1569 986 1679 1060 γὰρ
1736 990 1816 1047 εἰς

239 1058 589 1151 κατασκευὴν
617 1058 1132 1153 οίκιῶνήὲπιτήδεια
1155 1095 1170 1111 ο
1204 1078 1314 1132 τῶν
1345 1079 1402 1134 δὲ
1447 1058 1650 1149 ὀρνέων
1677 1079 1816 1133 αὐτὰ

239 1171 455 1242 δέχεται
482 1173 582 1236 τάς
618 1174 880 1243 οἰκήσεις.

310 1267 403 1331 ιη’.
444 1280 465 1312 ι
500 1263 641 1333 Ὀρη
666 1262 736 1315 τὰ
757 1261 938 1333 ὑψηλὰ
966 1263 1089 1325 ταῖς
1117 1260 1337 1331 ἐλάφοις
1359 1260 1379 1291 ⁸
1404 1278 1419 1293 ο
1452 1261 1629 1334 πέτρα
1647 1279 1815 1315 κατα-

242 1351 391 1420 φυγὴ
412 1352 527 1414 τοῖς
558 1351 790 1420 λαγωοῖς
819 1352 884 1406 ⁸ο.
924 1372 942 1405 ι
984 1353 1058 1405 Ού
1080 1355 1297 1425 παρορᾷ
1330 1371 1447 1417 σου,
1477 1356 1662 1425 φησὶν,
1698 1354 1816 1409 οὐδὲ

239 1442 306 1495 τὰ
337 1444 550 1514 σμικρά
581 1443 622 1474 ³⁸
661 1444 767 1497 τῶν
795 1443 950 1509 ζώων
1000 1446 1033 1517 ἠ
1070 1447 1320 1515 πρόνοια,
1358 1446 1494 1500 ἀλλά
1547 1449 1668 1510 ταῖς
1716 1447 1817 1518 μὲν

241 1532 461 1603 ἐλάφοις
483 1534 691 1599 ἔδωκας
711 1537 1035 1607 ἐνδιαίτημα
1060 1537 1161 1600 τὰς
1196 1538 1306 1589 τῶν
1354 1538 1496 1608 ὀρῶν
1519 1537 1772 1611 ’κορυφάς
1798 1556 1812 1571 ·

239 1627 353 1685 τοῖς
379 1624 436 1678 δὲ
482 1627 867 1698 σμικροτέροις
896 1628 1005 1681 τῶν
1047 1627 1224 1692 ζώων,
1282 1628 1381 1692 τὰς
1433 1629 1541 1681 τῶν
1598 1630 1817 1700 πετρῶν

242 1716 572 1782 καταδύσεις

1914 527 2111 582 domus
2136 527 2246 581 dux
2280 538 2365 582 est
2408 544 2619 583 eorum.
2659 546 2677 580 ι
2728 527 2920 600 Aquila
2955 543 3082 583 vero
3106 529 3227 584 sic:
3259 528 3343 583 Ibi
3368 546 3486 583 aves

1915 618 2287 687 nidiﬁcabunt,
2313 618 2514 673 herodii
2534 620 2721 673 domus
2745 621 2939 675 abietes
2958 629 3099 673 sunt.
3128 619 3489 691 Symmachus

1914 727 2046 767 vero
2076 731 2091 767 :
2134 710 2236 766 Ubi
2266 728 2503 780 passeres
2538 711 2909 781 nidiﬁcabunt,
2950 713 3109 766 milvo
3145 714 3289 767 abies
3338 714 3488 767 habi-

1915 806 2074 857 tatio.
2114 802 2250 858 Nam
2283 804 2509 859 arbores
2538 804 2742 859 eaedem
2772 806 2938 859 alium
2983 805 3295 860 hominibus
3327 821 3485 859 usum

1916 895 2178 964 praebent,
2212 902 2267 949 et
2313 896 2480 950 alium
2523 897 2716 951 avibus
2751 915 2764 950 :
2807 897 3118 953 hominibus
3160 898 3377 966 quidem
3419 899 3487 951 ad

1918 989 2207 1043 domorum
2240 997 2577 1043 structuram
2610 998 2737 1044 sunt
2766 1000 2925 1060 aptae,
2958 990 3137 1045 avium
3175 1001 3353 1046 autem
3386 992 3487 1044 do-

1917 1099 2038 1138 mos
2070 1084 2202 1155 ipsa:
2228 1084 2520 1155 rccipiunt.

1991 1261 2154 1319 Vens.
2186 1263 2273 1318 18.
2306 1282 2326 1316 ι
2357 1262 2567 1320 Montes
2595 1265 2793 1321 excelsi
2822 1266 3019 1335 cervis,
3038 1278 3188 1338 petra
3215 1268 3484 1341 refugium

1920 1355 2129 1427 1337
2168 1355 2470 1426 leporibus.
2509 1375 2528 1409 ι
2591 1356 2711 1413 Tua
2762 1360 3121 1429 providentia,
3167 1361 3373 1431 inquit.
3419 1380 3488 1418 ne

1916 1447 2205 1516 perexigua
2245 1445 2463 1516 quidem
2517 1447 2747 1519 despicit
2796 1450 3094 1506 animantia
3131 1469 3144 1506 :
3183 1454 3275 1508 sed
3311 1453 3487 1508 cervis

1917 1538 2136 1608 quidem
2192 1538 2462 1594 montium
2507 1537 2636 1609 iuga
2687 1541 2984 1610 hospitium
3015 1544 3030 1562 ‘
3062 1542 3229 1609 dedit,
3277 1544 3487 1613 exiguis

1920 1646 2048 1686 vero
2076 1631 2405 1687 animalibus
2443 1646 2702 1687 saxorum
2733 1649 3043 1689 cavernas.

315 1808 404 1863 ιθ’.
446 1828 466 1859 ‹
512 1810 766 1882 Ἐποίησε
798 1810 1031 1883 σελήνην
1082 1813 1163 1875 είς
1210 1814 1458 1885 καιρούς.
1490 1830 1509 1864 ι
1567 1812 1649 1865 Τὰ
1676 1812 1814 1867 κατά

1987 1810 2151 1869 Vnus.
2186 1813 2273 1869 19.
2316 1832 2335 1866 ι
2372 1812 2520 1870 Fecit
2551 1815 2737 1870 lunam
2767 1832 2865 1886 pro
2900 1817 3255 1887 temporibus.
3291 1837 3309 1871 ι
3340 1818 3478 1876 Cum
3550 1794 3553 1797 Ι

240 1905 345 1972 γῆν
387 1904 607 1957 ἅπαντα
652 1903 961 1971 διεξελθὼν,
1011 1905 1250 1959 καὶτῶν
1297 1905 1550 1976 ἀοράτων
1602 1906 1817 1975 φύσεων

243 1992 345 2063 τὴν
382 1984 751 2064 δημιουργίαν
778 1994 980 2060 δείξας,
1008 1996 1103 2049 καὶ
1135 1996 1242 2049 τῶν
1264 1996 1509 2067 οὐρανῶν
1534 1983 1818 2065 ὑποδείξας

241 2084 340 2155 τὴν
358 2086 600 2155 ποίησιν,
620 2086 716 2139 καὶ
736 2087 845 2139 τῶν
864 2090 1049 2160 φωστή
1057 2105 1167 2158 ρων
1186 2091 1420 2142 ποιεῖται
1445 2089 1545 2160 τὴν
1570 2089 1818 2161 μνήμην,

242 2175 290 2229 οἶ
328 2176 476 2231 κατὰ
533 2176 634 2248 τὴν
680 2178 949 2248 τετάρτην
980 2179 1197 2250 ἡμέραν
1231 2181 1500 2248 ἐγένοντο.
1530 2182 1640 2235 Καὶ
1668 2182 1817 2250 λέγει

242 2267 343 2336 τὴν
371 2268 471 2337 τῆς
503 2269 731 2339 σελήνης
760 2269 1123 2341 δημιουργίαν
1176 2271 1265 2326 διὰ
1302 2272 1401 2342 τὴν
1448 2273 1554 2325 τῶν
1612 2273 1819 2344 καιρῶν

244 2361 576 2432 γεγενῆσθαι
629 2362 981 2418 διδασκαλίαν
1005 2379 1032 2401 οε
1074 2366 1127 2417 ai
1172 2365 1280 2434 γάρ
1319 2364 1492 2435 αὐτῆς
1517 2366 1558 2398 ⁸³
1592 2367 1818 2420 ἀλλοιώ-

250 2471 365 2517 σεις
413 2455 728 2526 μετρεῖσθαι
785 2456 879 2509 τὸν
922 2457 1114 2528 χρόνον
1156 2458 1659 2530 παρασκευάζουσι.
1710 2460 1817 2514 Τοῦ

245 2548 355 2620 γὰρ
382 2548 553 2619 μηνὸς
578 2551 639 2601 τὸ
670 2549 870 2621 μέτρον
903 2550 1042 2620 αὑτὴ
1078 2553 1243 2615 ποιεῖ⁹
1271 2553 1329 2604 έν
1360 2551 1649 2616 τοσαύταις
1678 2553 1817 2625 ἡμέ-

248 2657 369 2711 ραις
392 2641 436 2672 ¹³
464 2640 705 2708 αὖξουσά
734 2659 794 2695 τε
824 2643 918 2696 καὶ
971 2642 1256 2712 φθίνουσα.
1292 2663 1310 2695 ι
1373 2644 1433 2698 '0
1462 2644 1617 2716 ἥλιος
1678 2646 1818 2715 ἔγνω

247 2734 346 2803 τὴν
374 2733 528 2787 δύσιν
554 2732 739 2789 αὑτοῦ.
777 2754 796 2786 ι
830 2736 943 2788 Ούκ
958 2734 1198 2806 ἔμψυχος
1231 2736 1328 2803 ὢν,
1364 2737 1483 2790 οὐδὲ
1508 2736 1650 2808 λόγῳ
1677 2738 1819 2807 χρώ-

252 2842 446 2894 μενος·
479 2826 615 2880 ἀλλὰ
647 2826 790 2880 κατὰ
834 2826 926 2880 τὸν
987 2827 1132 2881 θεῖον
1192 2828 1317 2899 όρον
1367 2828 1590 2891 ὁδεύων,
1645 2829 1819 2893 οὕτως

248 2918 392 2968 ποιεῖ
419 2914 526 2987 τὴν
566 2915 779 2986 ἡμέραν
808 2917 1158 2986 φαινόμενος,
1194 2920 1290 2971 καὶ
1317 2917 1417 2986 τὴν
1458 2917 1630 2971 νύκτα
1680 2936 1817 2989 κρυ-

251 3008 517 3078 πτόμενος
548 3020 564 3036 ⁸
595 3007 690 3061 καὶ
722 3008 814 3061 τὸν
846 3008 1009 3061 αύτδν
1056 3009 1253 3081 δρόμον
1291 3009 1403 3080 ἔχει
1451 3011 1557 3074 ἀεὶ,
1598 3010 1693 3064 καὶ
1749 3012 1817 3065 τά

255 3099 429 3169 μέτρα
462 3098 742 3167 φυλάττει.

320 3189 391 3243 κ’.
438 3208 457 3241 ι
492 3188 655 3242 Ἐθου
689 3189 899 3253 σκότος,
928 3190 1019 3243 καὶ
1041 3190 1259 3259 ἐγένετο
1294 3190 1409 3258 νύξ.
1445 3210 1463 3244 ι
1519 3194 1819 3263 Ἀναγκαία

252 3283 344 3334 καὶ
374 3282 583 3353 ταύτης
612 3283 645 3354 ἡ
680 3283 841 3353 χρεία
872 3298 886 3312 θ
920 3285 984 3353 τῇ
1024 3283 1122 3354 μὲν
1146 3283 1242 3338 τοῦ
1274 3286 1450 3354 φωτὸς
1472 3282 1820 3359 ὑποχωρήσει

256 3376 622 3447 συνισταμένη
651 3392 664 3406 ⁸
694 3376 1007 3431 ἀνάπαυσιν
1026 3378 1068 3407 ⁸⁸
1094 3376 1153 3429 δὲ
1173 3378 1285 3441 τοῖς
1316 3375 1621 3448 ἀνθρώποις
1670 3395 1821 3449 ιπαρ-

254 3465 509 3536 εχομένη.

335 3577 353 3609 ι
409 3560 501 3613 Ἑν
532 3560 669 3631 αὐτῇ
700 3556 1066 3615 διελεύσονται
1094 3561 1138 3591 ⁸⁵
1180 3559 1356 3613 πάντα
1408 3562 1479 3613 τὰ
1509 3561 1674 3633 θηρία
1726 3562 1821 3616 τοῦ

256 3649 487 3724 δρυμοῦ.
522 3648 678 3723 [κα’.]
707 3651 947 3722 Σκύμνοι
985 3649 1287 3721 ὠρυόμενοι
1310 3650 1405 3704 τοῦ
1442 3651 1823 3722 ἀρπάσαι,καὶ

260 3744 491 3815 ζητῆσαι
519 3746 673 3816 παρὰ
710 3744 805 3797 τοῦ
831 3743 969 3797 Θεοῦ
994 3745 1036 3776 ¹⁶
1069 3743 1271 3814 βρῶσιν
1307 3744 1511 3809 αὐτοῖς.
1542 3764 1561 3796 ι
1614 3746 1674 3798 Ἦ
1716 3747 1823 3817 γὰρ

261 3834 353 3900 νὺξ
376 3835 494 3897 τοῖς
531 3835 629 3905 μὲν
658 3832 967 3904 ἀνθρώποις
992 3833 1310 3887 ἀνάπαυλαν
1354 3834 1821 3905 πραγματεύεται,

260 3926 442 3979 ἄδειαν
478 3925 536 3979 δὲ
569 3928 680 3988 τοῖς
740 3924 953 3996 θηρίοις
1018 3925 1270 3996 παρέχει,
1304 3925 1442 3979 ὥστε
1488 3926 1756 3991 πεινώσας
1780 3928 1822 3958 ¹⁷

260 4018 537 4089 ἐμπλῆσαι
563 4017 946 4088 γαστέρας.Τὺ
964 4018 1041 4081 δὲ,
1082 4035 1101 4069 ι
1129 4019 1367 4088 Ζητῆσαι
1389 4018 1537 4090 παρὰ
1564 4018 1657 4073 τοῦ
1690 4019 1822 4072 Θεοῦ

263 4111 463 4183 βρῶσιν
478 4112 687 4173 αὐτοῖς,
722 4130 739 4161 ι
773 4110 896 4163 ἀντὶ
913 4109 1028 4173 τοῦ,
1056 4110 1166 4163 Καὶ
1180 4110 1389 4174 τούτοις
1408 4114 1439 4182 ή
1456 4110 1575 4165 θεία
1599 4111 1825 4182 Πρόνοια

262 4203 488 4274 παρέχει
533 4201 632 4273 τὴν
680 4203 893 4273 χρείαν.
936 4202 1009 4255 Τὸ
1064 4202 1164 4273 μὲν
1198 4202 1307 4275 γὰρ
1362 4204 1513 4274 παρά
1552 4202 1647 4257 τοῦ
1692 4202 1824 4257 Θεοῦ

262 4298 453 4361 αἰτεῖν,
488 4295 758 4363 λογικῶνσ
809 4294 871 4348 τὸ
918 4295 976 4349 δὲ
1010 4296 1218 4365 ζητεῖν,
1273 4296 1369 4348 καὶ
1410 4294 1519 4348 τῶν
1561 4295 1774 4365 ἀλόγων
1806 4311 1821 4326 ⁸

263 4389 375 4441 ἀλλ’
407 4389 559 4459 ὅμως
586 4387 681 4441 καὶ
705 4386 918 4451 τούτοις
941 4388 970 4439 ὁ
989 4385 1125 4450 Θεὸς
1186 4385 1284 4457 τὴν
1332 4386 1635 4454 ἀναγκαίαν
1683 4403 1823 4457 παρ-

263 4480 373 4553 έχει
399 4482 631 4553 τροφήν.

330 4573 438 4644 κβ’,
473 4580 582 4640 κγ’.
628 4592 646 4625 ι
687 4571 985 4625 Ἀνέτειλεν
1014 4572 1044 4624 ό
1072 4570 1244 4642 ἥλιος,
1276 4570 1369 4622 καὶ
1396 4570 1818 4641 συνήχθησανιιι,

263 4668 357 4719 καὶ
389 4666 470 4729 είς
506 4664 607 4728 τὰς
675 4664 915 4735 μάνδρας
959 4662 1142 4715 αὐτῶν
1199 4659 1668 4731 κοιτασθήσονται.
1711 4659 1828 4725 Ἐξ-

265 4756 542 4810 ελεύσεται
584 4756 869 4826 ἄνθρωπος
918 4753 1012 4806 ἐπὶ
1046 4752 1107 4806 τὸ
1140 4752 1301 4824 ἔργον
1348 4751 1516 4807 αὑτοῦ
1541 4769 1555 4783 ·
1592 4753 1687 4806 καὶ
1733 4754 1827 4806 ἐπὶ

264 4849 359 4920 τὴν
388 4848 653 4919 ἐργασίαν
685 4844 851 4901 αὑτοῦ
890 4844 995 4908 ἕως
1015 4845 1275 4915 ἑσπέρας.
1313 4862 1332 4896 ι
1399 4843 1579 4897 Ἡλίου
1638 4843 1694 4897 δὲ
1737 4844 1833 4898 ἀν-

270 4941 533 5012 ίσχοντος,
561 4939 629 4992 τὰ
660 4939 758 5010 μὲν
799 4939 879 5000 είς
906 4936 1004 5000 τὰς
1032 4936 1239 4999 οἰκείας
1267 4934 1590 4998 καταδύσεις
1614 4937 1784 5007 χωρεῖ
1810 4948 1824 4963 ·

264 5034 313 5087 oi
372 5032 429 5085 δὲ
467 5031 745 5101 ἄνθρωποι
793 5028 886 5082 τὸν
922 5028 1023 5098 τῆς
1070 5026 1405 5097 προτεραίας
1428 5027 1469 5059 ¹⁹
1499 5026 1824 5091 ἀποθέμενοι

266 5123 453 5189 πόνον,
512 5120 814 5192 προθύμως
880 5116 1044 5172 πάλιν
1104 5118 1163 5169 έν
1215 5117 1333 5179 τοῖς
1395 5114 1576 5186 έργοις
1633 5114 1823 5185 διημε-

269 5226 541 5281 ρευουσιν.

1927 1905 2202 1959 terrestria
2238 1907 2423 1961 omnia
2465 1918 2786 1977 persecutus
2816 1918 2982 1977 esset,
3026 1910 3491 1982 invisibiliumque

1918 2008 2235 2049 naturarum
2267 1995 2627 2061 creationem,
2669 2010 2735 2049 ac
2765 1996 3028 2051 caelorum
3074 1997 3488 2066 productionem

1918 2086 2545 2149 demonstrasset,etiam
2582 2086 2933 2141 Iuminarium
2969 2087 3298 2142 mentionem
3339 2086 3487 2151 facit,

1919 2194 2040 2248 quae
2066 2189 2268 2249 quarto
2298 2179 2389 2233 die
2419 2178 2563 2233 facta
2594 2177 2748 2233 fuere
2777 2196 2791 2233 :
2820 2187 2875 2234 et
2920 2178 3053 2235 dicit
3086 2180 3229 2234 lunre
3255 2181 3489 2236 creatio-

1921 2286 2041 2325 nem
2070 2270 2138 2325 ob
2166 2280 2469 2341 temporum
2501 2270 2805 2324 doctrinam
2839 2269 3038 2326 factam
3065 2286 3216 2339 esse;
3248 2272 3492 2341 quando—
3575 2252 3587 2266 ’

1918 2361 2136 2430 quidem
2188 2359 2306 2428 ejus
2358 2360 2687 2414 mutationes
2724 2360 2828 2416 hoc
2876 2359 3134 2427 eﬂlciunt,
3173 2372 3233 2417 ut
3276 2373 3491 2433 tempus

1920 2452 2025 2508 sub
2061 2467 2373 2507 mensuram
2404 2454 2585 2509 cadat.
2620 2454 2738 2524 Ipsa
2773 2456 2917 2509 enim
2948 2469 3258 2509 mensuram
3288 2455 3493 2509 mensis

1919 2543 2102 2609 eﬂicit,
2135 2560 2260 2599 cum
2289 2554 2367 2599 tot
2398 2547 2593 2601 diebus
2627 2556 2840 2603 crescat
2899 2554 2953 2602 et
3003 2546 3301 2601 decrescat.
3345 2566 3363 2598 ι
3400 2547 3491 2602 Sol

1920 2637 2176 2708 cognovit
2199 2652 2455 2694 occasum
2484 2654 2667 2694 suum.
2710 2660 2729 2693 ι
2767 2639 2883 2695 Non
2919 2640 3063 2709 quod
3092 2641 3365 2696 animatus
3399 2642 3490 2707 sit,

1922 2746 2098 2802 neque
2144 2732 2289 2802 quod
2347 2732 2558 2787 ratione
2609 2743 2835 2788 utatur:
2867 2734 2962 2788 sed
3012 2733 3157 2803 quod
3202 2749 3269 2788 ex
3303 2734 3493 2789 divino

1920 2825 2237 2897 przeseripto
2270 2826 2373 2881 iter
2404 2825 2647 2893 faciens,
2692 2828 2773 2881 sic
2815 2842 3081 2897 apparens
3126 2828 3267 2881 diem
3299 2826 3489 2891 eﬂleit,
3544 2874 3547 2875 ν

1921 2928 1975 2973 ει
2005 2928 2242 2985 noctem,
2274 2921 2617 2983 delitescens,
2655 2937 2925 2992 suumque
2968 2938 3187 2977 cursum
3240 2927 3490 2977 eumdem

1923 3027 2139 3083 semper
2171 3022 2339 3081 tenet,
2373 3025 2425 3070 et
2450 3031 2735 3071 mensuras
2763 3026 3068 3070 conservat.

1995 3188 2162 3243 Vens.
2193 3188 2283 3243 20.
2315 3206 2337 3243 ι
2373 3188 2612 3245 Posuisti
2647 3188 2919 3255 tenebras,
2949 3198 3003 3243 et
3034 3187 3173 3244 facta
3210 3198 3294 3244 est
3326 3205 3484 3244 nos»

1922 3281 2277 3337 Necessarius
2316 3293 2399 3337 est
2427 3283 2589 3336 etiam
2623 3281 2786 3352 hujus
2821 3297 2996 3337 usus:
3027 3282 3166 3337 lucis
3212 3282 3356 3337 enim
3402 3298 3491 3338 ra-

1921 3390 2079 3430 cessu
2115 3386 2233 3430 orta
2264 3391 2394 3441 nox,
2429 3378 2671 3445 requiem
2707 3374 3031 3431 mortalibus
3054 3375 3279 3444 praebet.

2001 3574 2019 3604 ι
2075 3554 2131 3608 In
2184 3554 2299 3619 ipsa
2356 3555 2769 3625 pertransibunt
2823 3568 3016 3609 omnes
3078 3553 3267 3609 bestia:
3322 3554 3488 3609 silvae.

1924 3644 2134 3719 [νεεδ.
2193 3645 2285 3717 21]
2329 3645 2507 3700 Catuli
2555 3646 2770 3700 leonum
2822 3645 3115 3715 rugientes,
3170 3653 3229 3699 ut
3259 3647 3489 3715 rapiant,

1923 3746 1978 3791 et
2005 3748 2252 3807 quaarant
2280 3752 2310 3790 a
2346 3736 2454 3791 Deo
2484 3752 2664 3791 eseam
2700 3736 2825 3789 sibi.
2861 3754 2880 3786 ι
2932 3733 3048 3789 Nox
3089 3736 3231 3789 enim
3264 3738 3494 3790 homini-

1924 3828 2027 3883 bus
2060 3829 2297 3899 quietem
2338 3839 2624 3897 procurat,
2665 3827 3013 3883 securitatem
3049 3842 3177 3880 vero
3218 3826 3346 3881 feris
3382 3827 3492 3882 lur-

1925 3924 2090 3991 gitur,
2137 3933 2197 3977 ut
2228 3922 2531 3976 esurientes
2568 3929 2785 3975 ventres
2832 3919 3106 3987 expleant.
3153 3916 3288 3972 illud
3330 3934 3492 3980 vero.

1930 4015 2145 4086 1338
2178 4032 2196 4065 ι
2230 4022 2290 4067 ut
2317 4020 2562 4082 quaerant
2592 4026 2625 4065 a
2652 4009 2762 4063 Deo
2791 4024 2972 4064 escam
3018 4008 3143 4072 sibi,
3180 4028 3199 4061 ι
3234 4009 3373 4063 idem
3414 4022 3497 4062 est

1925 4111 2095 4181 quod,
2124 4109 2297 4163 Etiam
2332 4107 2418 4162 his
2439 4106 2622 4161 divina
2645 4102 2993 4158 Providentia
3026 4101 3331 4156 necessaria
3358 4117 3495 4171 prae-

1925 4201 2038 4256 bet.
2062 4197 2196 4253 Nam
2229 4212 2259 4251 a
2286 4196 2397 4250 Deo
2421 4195 2640 4265 quidem
2667 4192 2964 4263 postulare,
2989 4199 3073 4245 est
3099 4192 3309 4245 ratione
3335 4204 3493 4247 uten-

1927 4294 2090 4357 tium,
2121 4304 2371 4362 quaerere
2396 4304 2548 4354 vero,
2583 4288 2748 4341 etiam
2780 4286 2995 4341 ratione
3026 4286 3327 4341 carentium
3362 4305 3376 4340 :
3404 4302 3495 4341 ve-

1927 4394 2235 4439 rumtamen
2257 4380 2419 4436 etiam
2442 4380 2528 4434 his
2549 4378 2691 4434 Deus
2711 4379 3077 4433 necessarium
3104 4378 3493 4432 nutrimentum

1850 4500 1895 4554 ι)
1928 4479 2113 4532 donat.

1994 4566 2160 4621 Vens.
2193 4565 2283 4631 ‘22,
2318 4564 2411 4620 23.
2490 4582 2508 4617 ι
2553 4562 2719 4617 Ortus
2766 4571 2853 4618 est
2903 4562 3018 4625 sol,
3077 4570 3131 4616 et
3183 4560 3495 4630 congregati

1925 4668 2091 4723 sunt,
2141 4664 2196 4711 et
2237 4656 2291 4710 in
2342 4654 2615 4709 cubilibus
2661 4652 2778 4707 suis
2834 4652 3265 4707 collocabuntur.
3316 4651 3496 4704 Exibit

1926 4751 2093 4805 homo
2130 4748 2199 4804 ad
2242 4763 2382 4818 opus
2412 4762 2595 4811 suum,
2636 4756 2690 4801 et
2719 4747 2785 4801 ad
2815 4747 3185 4814 operationem
3216 4760 3370 4799 suam
3404 4759 3493 4797 us-

1928 4857 2037 4912 que
2065 4843 2132 4897 ad
2164 4856 2468 4911 vesperam.
2511 4859 2529 4892 ›
2567 4837 2791 4893 Oriente
2824 4838 2970 4901 sole,
3021 4837 3137 4892 hac
3176 4837 3392 4907 quidem
3437 4838 3491 4890 in

1931 4950 2031 4990 sua
2078 4935 2246 4989 lustra
2307 4932 2593 4987 discedunt
2634 4946 2650 4986 :
2692 4930 2940 4985 homines
2989 4944 3117 4985 vero
3170 4945 3199 4983 a
3245 4930 3493 4999 pridiano

1927 5026 2113 5081 labore
2137 5024 2386 5090 recreati,
2431 5031 2684 5094 prompte
2711 5038 2902 5077 rursus
2943 5022 2995 5076 in
3041 5022 3319 5077 laboribus
3347 5022 3491 5077 diem

1926 5120 2154 5175 ducunt.
3036 5130 3039 5133 ‘

1362 5293 1595 5349 VARIE
1633 5294 2013 5352 LECTIONES
2052 5295 2139 5349 ET
2176 5292 2410 5350 ΝΟΤᾹῙ.

331 5401 354 5432 ⁸
375 5398 487 5453 Τοῦ
513 5427 583 5437 -
611 5394 827 5451 αὐτῶν.
854 5394 1016 5450 Hebr.
1072 5392 1310 5457 Ciconia,
1370 5393 1562 5447 abiete:
1599 5391 1785 5462 domus
1816 5393 1955 5462 pejus.

264 5473 305 5500 ιε
325 5469 380 5520 ου
411 5497 482 5507 ..-
511 5467 767 5533 οἴκησις.
797 5464 921 5521 Des.
961 5465 1015 5518 in
1039 5465 1159 5518 cod.
1192 5464 1243 5533 1.

270 5538 434 5592 l’luhr.
474 5535 729 5590 Ibicibus.
835 5537 879 5567 “
912 5541 999 5589 Λα

1346 5464 1366 5493 ⁷
1407 5463 1609 5515 Ὅπου.
1651 5459 1915 5517 Μοηιΐξί.
1959 5477 2008 5518 C.
2052 5462 2197 5515 ἐκεῖ(
2283 5462 2305 5493 ⁸
2334 5459 2525 5514 Montf.
2559 5460 2596 5513 Ι.
2633 5476 2682 5515 c.
2718 5461 2900 5514 ίκτῖνι.

1002 5533 1190 5603 τωοῖς.
1228 5532 1376 5603 Hanc
1405 5534 1606 5587 codicis
1640 5534 1805 5603 Alex.
1830 5532 2112 5587 lectionem
2157 5534 2267 5595 τοῖς
2296 5529 2883 5603 Ogvindicatilieron.
2932 5530 2986 5584 in
3035 5530 3176 5603 epist
3203 5528 3412 5603 adsim
3433 5540 3487 5580 et

2055 5392 2077 5423 ⁵
2113 5391 2234 5446 cod.
2278 5390 2589 5461 1ηὲρωδιοῦ.
2643 5388 2835 5443 Montf.
2872 5392 2985 5446 l.c.
3042 5387 3205 5442 habet
3258 5387 3484 5458 ὲρωδίῳ.

2055 5462 2197 5515 ἐκεῖ(
2283 5462 2305 5493 ⁸
2334 5459 2525 5514 Montf.
2559 5460 2596 5513 Ι.
2633 5476 2682 5515 c.
2718 5461 2900 5514 ίκτῖνι.
3003 5459 3024 5491 ⁹
3054 5457 3192 5522 Ταῖς
3216 5457 3483 5526 ἐλάφοις.

265 5584 859 5662 ἔὲἑιῖιῖιᾞόἇῖἢιίο.
895 5584 1486 5675 ιὲᾷζ⁴χᾎὶρόχρζιλῖιοιξζ
1510 5584 1717 5675 τωρωι
1736 5584 1749 5675 ς
1767 5584 1841 5658 ne

2165 5584 2697 5675 β’έΣώ-οιιηίειιίὶε.
2742 5584 2808 5675 ς¹¹
2844 5584 3240 5675 Σμικρᾴί-οοό..
3272 5597 3297 5651 1
3330 5597 3488 5675 habet

268 5679 468 5795 tim
498 5686 895 5795 θίιὲξτδίεὲἒᾞ
919 5672 1291 5795 mm?
1364 5674 1410 5776 ἰέ
1430 5673 1559 5795 ἓὲἓ·
1577 5672 1868 5795 ι¹

269 5742 314 5778 ⁵⁸
334 5742 490 5802 Δὶελ.
519 5742 683 5804 Hebr.
708 5742 894 5806 ἦκτπὶ
917 5742 1256 5827 proreptabit.
1364 5745 1409 5776 ¹⁶
1430 5744 1550 5797 cod.
1577 5742 1602 5798 1
1629 5742 1707 5811 τῷ
1733 5742 1873 5867 Θεῗ,

264 5819 560 5889 ριεωπάς
596 5882 613 5893 θ
636 5818 677 5850 ¹⁸
704 5819 826 5875 cod.
867 5815 1038 5872 Vattc.
1070 5814 1511 5885 συναχθήσονται.
1590 5814 1633 5848 ¹⁹
1662 5813 1782 5869 cod.
1852 5881 1860 5887 ι

269 5742 314 5778 ⁵⁸
334 5742 490 5802 Δὶελ.
519 5742 683 5804 Hebr.
708 5742 894 5806 ἦγε-πη
917 5742 1256 5812 proreptabit.

1966 5672 2010 5711 ¹³
2052 5670 2331 5739 Ἡμέραις.
2351 5673 2518 5725 Abest
2542 5687 2572 5724 a
2602 5671 2719 5726 cod.
2752 5671 2797 5724 Ι.
2876 5666 2919 5701 ¹⁷⁵
2946 5666 3067 5725 cod.
3095 5671 3119 5723 1
3145 5666 3482 5723 ἀνάπαυλαν.

1907 5757 2027 5810 quae
2050 5751 2135 5796 est
2171 5743 2327 5799 lectio
2358 5741 2488 5799 edit.
2530 5740 2651 5799 Ald.
2692 5751 2743 5798 et
2776 5740 2983 5811 Contpl.
3061 5740 3100 5773 ⁸⁷
3124 5742 3283 5794 Πειν.
3313 5739 3434 5793 eod.
3456 5739 3482 5791 1

1875 5813 2165 5883 προτέρας.
