3924 6486
459 343 594 408 1703

1449 340 1935 407 THEODORETI
1973 337 2311 398 EPISCOPI
2362 332 2727 395 CYRENSIS

3556 323 3707 388 1704

521 453 795 510 Vens.2i.
823 473 841 505 ι
866 454 1039 521 Quam
1069 457 1410 527 magnilicata
1428 468 1555 511 sunt
1590 471 1753 525 Opera
1781 464 1895 517 tua,
1927 452 2032 505 Do~

2204 450 2300 503 κδ’.
2326 466 2342 498 t
2390 447 2479 510 Ὠς
2510 442 2854 517 ἐμεγαλύνθη
2880 442 2950 495 τὰ
2979 440 3114 510 ἔργα
3146 456 3263 504 σου,
3286 439 3459 510 Κύριε
3482 440 3497 493 l
3519 438 3707 492 πάντα

453 546 617 612 mine,
652 546 837 600 omnia
872 548 1151 618 sapienter
1190 546 1387 602 fecisti.
1426 565 1445 598 ι
1486 546 1708 615 Singula
1735 560 1855 614 quae
1883 544 2026 598 dicta

454 650 583 693 sunt
614 641 959 709 perpendens
1015 638 1312 710 Propheta,
1349 649 1402 694 et
1424 654 1673 709 magnam
1714 638 1807 691 Dei
1850 638 2029 706 provi-

450 732 690 786 dentiam
742 732 1011 800 cogitans,
1066 732 1119 784 in
1168 731 1343 784 media
1388 729 1699 783 narratione
1744 729 1798 782 in
1840 728 2028 782 laudes

453 821 725 889 prorupit,
755 821 965 883 dicens,
1003 821 1186 875 omnia
1224 820 1315 873 Dei
1360 834 1523 887 opera
1563 818 1936 883 admirabilia,
1976 829 2030 871 et

454 914 818 967 admiratione
864 913 1055 983 digna,
1116 922 1279 981 atque
1333 912 1599 980 sapientia
1648 913 1845 966 referta
1885 926 2027 965 esse.

454 1007 588 1061 Nam
634 1018 845 1062 noctem
885 1024 914 1061 a
958 1009 1240 1062 nonnullis
1288 1008 1469 1077 impiis
1515 1008 1804 1062 calumniis
1843 1008 2031 1077 exagi-

454 1112 645 1165 tatam,
692 1101 988 1155 admodum
1030 1101 1215 1154 utilem
1262 1101 1489 1167 invenit,
1536 1103 1555 1123 ⁶
1587 1101 1909 1170 sterilesque
1943 1116 2033 1153 ar-

457 1194 614 1247 bores
642 1192 804 1246 aliam
838 1194 1130 1246 utilitatem
1160 1192 1468 1257 aﬂ'erentes,
1494 1204 1546 1247 et
1570 1209 1766 1264 genera
1790 1192 2029 1247 ferarum

458 1283 511 1335 in
563 1282 753 1335 multis
805 1281 1175 1336 conducibilia
1228 1282 1563 1337 hominibus.
1628 1300 1645 1333 ‹
1680 1282 1900 1352 Impleta
1950 1290 2034 1335 est

456 1383 599 1427 terra
648 1374 999 1442 possessione
1044 1383 1160 1429 tua.
1197 1392 1217 1426 ι
1271 1374 1598 1444 lnterpretes
1632 1374 1723 1429 alii
1767 1375 2033 1427 creatione

455 1475 785 1535 posuerunt,
844 1467 1001 1536 quasi
1056 1466 1263 1522 diceret
1308 1485 1323 1522 :
1374 1464 1565 1521 Omnis
1612 1466 1824 1537 generis
1875 1466 2033 1519 bonis

455 1556 629 1627 ipsam
686 1558 1003 1627 implevisti.
1058 1560 1103 1611 A
1144 1567 1287 1613 terra
1335 1572 1501 1629 porro
1553 1558 1619 1611 ad
1664 1558 2032 1629 propinquum

456 1665 608 1704 mare
638 1650 856 1715 transit,
888 1659 943 1705 et
972 1651 1046 1705 ait
1072 1670 1085 1704 :

2129 544 2187 595 ἐν
2217 541 2379 612 σοφίᾳ
2409 538 2696 608 ἐποίησας.
2733 556 2752 589 ι
2793 536 3067 588 Ἕκαστον
3106 532 3217 586 τῶν
3260 531 3567 603 εἰρημένων
3610 530 3711 582 λοι

2128 633 2423 703 γισάμενος
2472 629 2842 700 ὀΠροφήτης,
2890 628 2984 679 καὶ
3026 625 3125 695 τὴν
3160 624 3363 694 πολλὴν
3419 623 3514 676 τοῦ
3564 624 3710 675 Θεοῦ

2128 722 2453 794 κηδεμονίαν
2483 719 2837 791 καταμαθὼν,
2871 720 2929 773 ἐν
2963 718 3111 790 μέσῳ
3139 717 3238 786 τῆς
3263 716 3574 788 διηγήσεως
3607 716 3705 766 τὸν

2130 816 2297 886 ὕμνον
2320 813 2638 883 dvenam/5'
2674 810 2984 882 θαυμαστὰ,
3047 811 3143 863 καὶ
3196 808 3317 860 λίαν
3368 807 3710 874 ἀξιάγαστά,

2130 909 2224 961 καὶ
2256 908 2449 975 σοφίας
2480 904 2653 975 μεστὰ
2689 906 2870 974 φήσας
2914 899 3054 955 εἶναι
3100 902 3281 954 πάντα
3337 899 3435 952 τοῦ
3464 898 3609 950 Θεοῦ
3645 898 3711 949 τὰ

2130 1000 2436 1069 ποιήματα.
2463 991 2605 1068 Εὗρε
2628 995 2737 1066 γάρ
2780 994 2875 1049 καὶ
2913 997 3011 1065 τὴν
3045 996 3149 1047 ὑπό
3202 1009 3368 1046 τινων
3423 990 3711 1044 δυσσεϐῶν

2130 1090 2559 1161 διαϐαλλομένην
2581 1087 2753 1142 νύκτα
2790 1088 2998 1159 σφόδρα
3028 1087 3480 1159 χρησιμωτάτην,
3514 1087 3613 1139 καὶ
3642 1086 3715 1137 τὰ

2132 1185 2361 1256 ἄκαρπα
2411 1185 2547 1251 ξύλα
2583 1185 2773 1256 χρείαν
2829 1185 3025 1255 ἑτέραν
3073 1185 3433 1255 εἰσφέρονταο
3460 1185 3558 1236 καὶ
3600 1183 3714 1235 τῶν

2135 1276 2339 1347 θηρίων
2366 1276 2434 1329 τὰ
2470 1278 2601 1348 γένη
2636 1278 2715 1340 εἰς
2755 1276 2929 1329 πολλὰ
2960 1278 3074 1339 τοῖς
3107 1274 3417 1346 ἀνθρώποις
3436 1276 3713 1347 ζὰρμόδια.

2142 1386 2161 1419 ι
2216 1368 2545 1439 Ἐπληρώθη
2577 1371 2609 1438 ὴ
2640 1370 2711 1439 γῆ
2736 1369 2838 1438 τῆς
2872 1367 3117 1439 κτήσεώς
3147 1387 3264 1423 σου.
3306 1387 3324 1420 ι
3366 1370 3430 1421 Ol
3460 1369 3517 1421 δὲ
3560 1368 3716 1421 ἄλλοι

2135 1462 2473 1533 ἐρμηνευταὶ
2494 1464 2748 1527 κτίσεως
2776 1462 3087 1516 τεθείκασιν
3112 1480 3126 1495 ο
3188 1463 3309 1515 ἀντὶ
3338 1462 3457 1529 τοῦ,
3498 1462 3717 1515 Παντο-

2139 1553 2330 1609 δαπῶν
2364 1556 2538 1627 αὐτὴν
2567 1554 2875 1626 ἐνέπλησας
2904 1554 3145 1624 ἀγαθῶν.
3200 1555 3334 1609 Ἀπὸ
3379 1556 3565 1626 μέντοι
3616 1556 3717 1623 τῆς

2136 1646 2263 1716 γῆς,
2294 1648 2387 1701 καὶ
2420 1648 2557 1719 πρὸς
2576 1650 2622 1683 ”
2651 1650 2752 1721 τὴν
2783 1650 3003 1719 γείτονα
3036 1648 3314 1703 Θάλασσαν
3352 1648 3675 1718 μεταϐαίνει
3699 1688 3714 1710 ,

2139 1741 2233 1793 καί
2264 1758 2430 1812 φησιν
2456 1757 2471 1771 '

528 1828 695 1883 Vens.
737 1828 828 1882 25.
882 1846 900 1879 ι
946 1827 1059 1882 Hoc
1111 1828 1563 1896 mare'magnum
1614 1832 1669 1878 et
1714 1824 2034 1895 spatiosum,

2211 1832 2309 1885 κε’.
2359 1852 2377 1885 ι
2413 1833 2562 1906 Αὖτη
2589 1833 2906 1905 ἡθάλασσα,
2931 1837 2965 1905 ἡ
2988 1834 3203 1906 μεγάλη
3236 1834 3333 1888 καὶ
3357 1834 3674 1905 εὐρύχωρος
3697 1850 3711 1863 ⁸

450 1922 531 1976 ibi
584 1920 832 1991 reptilia,
874 1935 1107 1989 quorum
1159 1934 1267 1972 non
1315 1927 1401 1973 est
1450 1932 1734 1982 numerus,
1778 1917 2036 1971 animalia

456 2014 648 2082 pusilla
677 2029 799 2067 cum
832 2012 1062 2080 magnis.
1103 2030 1121 2062 ι
1157 2010 1426 2065 Czeterum
1462 2008 1569 2063 hoc
1594 2023 1811 2079 quoque
1841 2008 2039 2064 divina:

458 2104 819 2160 Providentia:
835 2111 919 2158 est
943 2113 1345 2175 argumentum,
1365 2104 1509 2173 quod
1526 2103 1813 2172 perexigua
1841 2118 2037 2174 genera

458 2205 582 2251 etim
620 2197 876 2251 maximis
908 2206 1220 2263 versentur,
1260 2205 1315 2251 et
1344 2208 1687 2265 nequaquam
1723 2194 1948 2248 omnino
1972 2194 2041 2249 ab

460 2289 567 2343 illis
598 2298 1017 2343 consumantur.

533 2376 938 2449 13393Vens.
989 2376 1079 2431 26.
1114 2394 1133 2427 ι
1167 2376 1246 2431 lbi
1292 2391 1458 2432 naves
1486 2384 1892 2446 pertranseunt.
1928 2395 1947 2429 ι
1975 2376 2042 2431 Ει

459 2472 577 2526 hac
627 2486 846 2540 quoque
873 2471 1110 2524 maxime
1142 2479 1226 2525 est
1252 2470 1537 2524 hominum
1571 2470 1797 2525 utilitas.
1827 2469 1929 2525 Per
1954 2486 2043 2525 ar-

462 2574 570 2618 tem
613 2564 759 2617 enim
793 2561 1244 2616 fabricandarum
1272 2561 1520 2627 navium,
1551 2570 1604 2615 et
1630 2576 1724 2630 per
1751 2561 2037 2632 navigandi

462 2658 773 2722 scientiam,
818 2659 911 2713 alii
961 2663 1028 2711 ab
1080 2659 1202 2713 aliis
1253 2672 1316 2713 ea
1370 2673 1493 2728 quae
1530 2656 1690 2712 nobis
1738 2672 1875 2727 opus
1914 2666 2042 2712 sunt

465 2751 824 2819 percipimus,
884 2750 1207 2820 fructusque
1257 2750 1349 2818 qui
1397 2749 1541 2819 apud
1589 2765 1690 2804 nos
1742 2757 2043 2803 nascuntur

465 2844 589 2899 aliis
624 2844 1062 2914 snppeditamus,
1098 2855 1152 2897 et
1179 2844 1247 2897 ab
1273 2842 1403 2908 illis,
1439 2842 1532 2913 qui
1555 2843 1694 2912 apud
1723 2842 1870 2912 ipsos
1894 2851 2040 2907 sunt,

464 2940 788 3008 recipimus.
820 2957 838 2990 ι
876 2938 1050 2993 Draco
1082 2939 1205 3003 iste,
1237 2954 1397 3008 quem
1430 2937 1676 2993 formasti
1709 2937 1774 2993 ad
1812 2938 2043 2991 illuden-

464 3031 597 3085 dum
634 3030 704 3085 ei.
742 3049 761 3081 ι
812 3029 918 3085 Per
963 3033 1246 3083 draconem
1288 3045 1514 3099 magnos
1552 3039 1700 3084 cetos
1751 3028 2039 3092 indicavit,

467 3122 559 3192 qui
596 3122 650 3175 in
679 3124 895 3191 magnis
925 3123 1129 3192 pelagis
1161 3132 1463 3176 morantur.
1498 3122 1646 3177 Istud
1674 3132 1877 3185 autem,
1908 3138 1926 3171 ι
1961 3119 2042 3173 Ad

464 3215 801 3271 illudendum
833 3214 917 3281 ei,
955 3232 973 3265 ι
1030 3229 1128 3284 pro
1170 3214 1307 3285 αὐτῇ
1341 3217 1409 3285 τῇ
1444 3214 1691 3287 Θαλάσσῃ
1740 3214 2043 3269 masculino

393 3289 398 3292 ’
467 3320 663 3375 genere
698 3305 832 3359 dixit
862 3324 874 3358 :
908 3306 1030 3375 quia
1064 3305 1321 3359 Hebraeus
1356 3314 1411 3359 et
1441 3304 1613 3376 Syrus
1643 3320 1793 3359 mare
1822 3320 2043 3359 mascu-

466 3399 580 3453 lino
608 3413 803 3468 genere
824 3407 1035 3453 vocant.
1059 3396 1230 3463 Adeo,
1286 3397 1483 3466 inquit,
1522 3407 1606 3451 est
1656 3412 1935 3467 magnum,
1985 3404 2045 3450 ut

468 3491 679 3545 infinita
718 3489 949 3558 piscium
990 3504 1187 3559 genera
1235 3490 1534 3554 contineat,
1587 3498 1642 3542 et
1684 3490 1906 3543 maximi
1938 3488 2043 3543 ceti

464 3591 583 3636 tuto
633 3582 687 3634 in
740 3581 859 3650 ipso
918 3590 1123 3634 natent.
1180 3580 1237 3634 Si
1292 3595 1422 3634 vero
1465 3580 1789 3650 quibusdam
1837 3580 2045 3650 placeat

463 3677 751 3726 draconem
787 3688 881 3741 per
910 3672 1226 3741 allegoriam
1261 3686 1553 3741 exponere,
1584 3681 1866 3742 propterea
1899 3671 2045 3741 quod

467 3767 603 3821 dicit
648 3766 821 3820 Isaias
857 3784 869 3818 :
911 3784 928 3816 ι
966 3764 1219 3819 Gladium
1263 3779 1543 3835 magnum,
1590 3771 1645 3817 et
1683 3772 1955 3829 sanctum,
1991 3770 2045 3817 et

466 3869 744 3929 potentem
785 3858 837 3912 in
874 3859 1169 3913 draconem
1203 3857 1412 3912 irruere
1446 3876 1459 3911 :
1493 3866 1798 3927 serpentem
1829 3865 2042 3911 tortuo-

467 3966 612 4015 sum,
642 3949 735 4020 qui
772 3949 825 4002 in
856 3949 995 4002 mari
1033 3948 1243 4001 habitat
1269 3949 1320 4010 ιι,
1365 3967 1383 4000 ι
1430 3963 1532 4002 nos
1574 3948 1888 4018 hujusmodi
1915 3963 2043 4001 sen-

467 4042 691 4097 tentiam
743 4056 1091 4111 nequaquam
1164 4040 1577 4111 repudiamus:
1621 4057 1744 4094 cum
1796 4050 1850 4095 et
1902 4039 2044 4111 apud

465 4134 661 4190 Jobum
687 4135 751 4174 ιε’
792 4134 1139 4188 inveniamus
1171 4133 1273 4187 hoc
1302 4133 1505 4186 animal
1534 4148 1563 4187 a
1600 4134 1798 4189 divinis
1836 4137 2043 4205 angelis

468 4225 706 4281 ludibrio
755 4225 1039 4290 habitum;
1094 4234 1149 4278 et
1186 4224 1449 4279 Dominus
1480 4235 1797 4295 potestatem
1839 4228 2045 4284 dederit

470 4319 588 4373 suis
631 4316 919 4386 discipulis
949 4312 969 4353 ι
990 4356 1004 4379 ,
1041 4324 1098 4370 ut
1130 4316 1444 4371 incederent
1467 4332 1626 4387 supra
1656 4326 1963 4388 serpentes,
1991 4332 2045 4376 et

467 4415 717 4483 scorpios
738 4454 753 4479 ,
790 4423 844 4467 et
874 4428 1039 4482 super
1069 4428 1287 4467 omnem
1317 4414 1615 4482 potentiam
1652 4415 1878 4470 inimici.

2140 1927 2257 1979 ἐκεῖ
2285 1928 2489 1998 ἑρπετὰ
2508 1921 2583 1981 ῶν
2616 1929 2717 1980 οὐκ
2746 1927 2892 1980 ἔστιν
2922 1927 3156 1998 ἀριθμός
3179 1944 3193 1958 °
3224 1926 3339 1990 ζῶα
3370 1926 3543 1997 μικρᾶ
3575 1927 3715 1997 μετὰ

2144 2020 2415 2089 μεγάλων.
2450 2039 2468 2070 ι
2522 2020 2633 2073 Καὶ
2691 2019 2850 2073 τοῦτο
2908 2021 2965 2074 δὲ
3013 2021 3114 2091 τῆς
3162 2019 3311 2083 θείας
3371 2020 3715 2090 Κηδεμονίας

2140 2113 2438 2183 τεκμήριον
2457 2126 2471 2141 ·
2507 2114 2567 2164 τὸ
2594 2112 2660 2165 τὰ
2687 2113 2898 2184 σμικρὰ
2936 2112 3069 2183 γένη
3098 2114 3214 2173 τοῖς
3239 2112 3495 2183 μεγάλοις
3516 2114 3709 2167 eam-

2141 2205 2361 2268 τᾶσθαι,
2407 2206 2501 2260 καὶ
2556 2206 2632 2276 μὴ
2687 2205 2967 2269 παντελῶς
3003 2204 3097 2258 ὑπ’
3138 2203 3367 2259 ἐκείνων
3427 2205 3707 2259 καταναλίο

2144 2298 2388 2353 σκεσθαι.

2214 2398 2326 2456 κς¹.
2363 2409 2381 2441 ι
2419 2391 2565 2444 Ἐκεῖ
2599 2389 2760 2443 πλοῖα
2792 2390 3213 2461 διαπορεύονται
3244 2390 3312 2444 ’³.
3352 2408 3371 2443 ι
3415 2391 3587 2462 Χρεία
3612 2395 3705 2445 καὶ

2144 2485 2281 2554 αὑτὴ
2309 2484 2417 2537 τῶν
2441 2483 2749 2555 ἀνθρώπων
2783 2483 3038 2554 μεγίστη.
3074 2483 3172 2536 Διὰ
3203 2482 3552 2554 ναυπηγικῆς
3606 2483 3713 2552 γὰρ

2143 2576 2359 2646 τέχνης,
2402 2576 2498 2629 καὶ
2546 2575 2952 2646 κυϐερνητικῆς
3001 2576 3329 2644 ἐπιστήμης,
3376 2577 3513 2644 παρ’
3552 2574 3717 2645 ἀλλή-

2145 2670 2252 2722 λων
2273 2671 2317 2701 ²²
2370 2666 2716 2739 κομιζόμεθα
2746 2670 2851 2734 καὶί
2884 2668 2953 2721 τά
2992 2669 3241 2721 ἐνδὲοντα
3292 2668 3385 2720 καὶ
3432 2669 3528 2721 τὸν
3589 2669 3719 2739 παρ’

2149 2762 2281 2829 ἡμῖν
2343 2761 2612 2829 φυόμενον
2662 2760 2875 2830 καρπὸν
2932 2759 3277 2831 χορηγοῦμεν
3331 2760 3565 2830 ἑτέροις,
3623 2760 3721 2814 καὶ

2146 2848 2412 2918 δεχόμεθα
2448 2847 2540 2901 τὸν
2572 2850 2702 2918 παρ’
2734 2850 2963 2912 ἐκείνοις
3006 2850 3293 2920 γινόμενον
3314 2851 3378 2902 ’³.
3422 2870 3440 2901 ι
3485 2851 3723 2921 Δράκων

2150 2935 2304 3003 οὗτος
2331 2940 2390 2993 ὃν
2414 2941 2654 3004 ἔπλασας
2685 2941 2980 3011 ἐμπαίζειν
3017 2942 3189 3013 αὐτῷ.
3228 2962 3245 2993 ι
3298 2942 3398 2994 Διὰ
3430 2941 3525 2995 τοῦ
3584 2941 3725 3010 δρά-

2150 3051 2365 3099 κοντος
2390 3032 2459 3085 τὰ
2496 3034 2709 3103 μεγάλα
2732 3033 3082 3104 παρεδήλωσε
3123 3034 3285 3105 κήτη,
3316 3032 3352 3088 ἃ
3391 3037 3504 3098 τοῖς
3544 3034 3724 3105 μεγά-

2144 3126 2257 3188 λοις
2304 3127 2598 3194 πελάγεσιν
2652 3127 3040 3198 ἐμφιλοχωρεῖ.
3106 3127 3180 3180 Τὸ
3226 3127 3302 3193 δὲ,
3365 3146 3383 3179 ι
3426 3128 3722 3197 ἐμπαίζειν

2146 3217 2313 3288 αὐτῷ,
2352 3238 2370 3269 ι
2403 3219 2523 3271 ἀντὶ
2550 3219 2645 3271 τοῦ
2666 3219 2731 3286 ³⁸,
2764 3218 2919 3287 αὐτῇ
2951 3217 3027 3288 τῇ
3050 3218 3334 3288 θαλάσσῃ
3364 3238 3378 3252 ·
3407 3219 3722 3293 ἀρρενικῶς

2148 3314 2255 3381 γάρ
2303 3310 2473 3381 αὐτὴν
2527 3314 2555 3364 ὁ
2591 3311 2842 3383 Ἑϐραῖος
2896 3311 2991 3365 καὶ
3040 3314 3067 3365 ὁ
3100 3311 3272 3383 Σύρος
3310 3313 3488 3367 καλεῖ.
3537 3313 3718 3377 Οὕτω,

2146 3405 2334 3472 φησὶν,
2360 3405 2478 3455 ἐστὶ
2504 3404 2739 3473 μεγάλη,
2772 3406 2854 3457 ὅτι
2892 3404 2987 3457 καὶ
3040 3405 3109 3459 τὰ
3165 3405 3334 3476 μύρια
3368 3407 3479 3458 τῶν
3516 3407 3721 3476 ἰχθύων

2147 3495 2454 3563 περίκειται
2483 3494 2637 3563 γένη,
2670 3494 2764 3547 καὶ
2782 3494 2850 3547 τὰ
2881 3494 3116 3565 μέγιστα
3136 3498 3276 3565 κήτη
3312 3496 3485 3557 ἀδεῶς
3524 3498 3586 3548 ἐν
3622 3500 3719 3551 af:-

2144 3588 2210 3655 τῇ
2244 3588 2487 3655 νήχεται.
2518 3587 2579 3639 El
2621 3586 2679 3640 δέ
2723 3604 2833 3639 τισι
2881 3586 3030 3640 δοκεῖ
3077 3587 3172 3640 κα)⁸
3206 3587 3583 3659 ἀλληγορῆσαι
3634 3591 3723 3643 τὸν

2144 3672 2461 3740 δράκοντα,
2492 3674 2581 3727 διὰ
2606 3675 2667 3727 τὸ
2694 3676 2788 3728 καὶ
2813 3676 2873 3729 ἐν
2894 3675 2974 3744 τῷ
3015 3675 3211 3744 Ἡσαΐᾳ
3229 3691 3274 3726 ἀ
3303 3676 3413 3745 Τὴν
3440 3678 3721 3749 μάχαιραν

2148 3764 2247 3833 τὴν
2288 3763 2550 3833 μεγάλην,
2588 3763 2683 3817 καὶ
2712 3765 2811 3833 τὴν
2846 3765 3029 3831 ἁγίαν,
3066 3764 3158 3817 καὶ
3196 3765 3294 3835 τὴν
3330 3766 3585 3836 ίσχυρὰν,
3635 3770 3725 3820 ἐπὶ

2146 3852 2236 3904 τὸν
2262 3853 2531 3923 δράκοντα
2564 3856 2762 3925 χωρεῖν
2792 3872 2805 3884 ο
2832 3855 2923 3907 τὸν
2958 3855 3079 3923 ὅφιν
3116 3855 3209 3907 τὸν
3246 3856 3484 3923 σκολιὸν,
3513 3858 3613 3913 τὸν
3668 3862 3723 3913 ἐν

2144 3943 2210 4012 τῇ
2278 3939 2517 4012 θαλάττῃ
2551 3958 2565 3972 ι
2619 3960 2638 3993 ›
2699 3942 2820 3995 οὐδὲ
2880 3945 3041 4012 ἡμεῖς
3092 3946 3555 4017 παραιτησόμεθα
3632 3948 3724 4019 τὴν

2143 4033 2398 4104 τοιαύτην
2440 4033 2683 4087 διάνοιαν
2708 4050 2722 4064 ⁸
2781 4035 2969 4105 ἐπειδὴ
3002 4036 3097 4089 καὶ
3138 4038 3289 4109 παρὰ
3339 4038 3417 4109 τῷ
3470 4039 3597 4092 Ἰὼϐ
3636 4043 3723 4093 εύ-

2148 4128 2412 4196 ρίσκομεν
2445 4126 2605 4178 τοῦτο
2652 4125 2711 4179 τό
2752 4127 2893 4191 ζῶον
2926 4128 3033 4182 ἀπὸ
3090 4129 3199 4184 τῶν
3249 4130 3410 4184 θείων
3468 4134 3723 4201 ἀγγέλων

2144 4222 2641 4293 καταπαιζόμενον.
2674 4224 2783 4277 Καὶ
2806 4226 2835 4278 ὁ
2875 4227 3079 4299 Κύριος
3109 4227 3360 4292 ἐξουσίαν
3390 4230 3559 4284 ἔδωκε
3615 4236 3724 4297 τοῖς

2148 4317 2345 4371 ἑαυτοῦ
2378 4318 2668 4388 μαθηταῖς,
2728 4322 2923 4373 πατεῖν
2970 4322 3155 4376 ἐπάνω
3181 4322 3380 4392 ὄφεων,
3428 4324 3523 4377 καὶ
3555 4342 3725 4396 σκορ-

2144 4410 2306 4473 πίων,
2332 4411 2425 4463 καὶ
2457 4411 2549 4463 ἐπὶ
2576 4412 2758 4463 πᾶσαν
2787 4412 2887 4481 τὴν
2908 4412 3136 4483 δύναμιν
3160 4414 3255 4467 τοῦ
3288 4414 3506 4486 ἐχθροῦ.

543 4502 708 4557 Vens.
740 4504 832 4557 2'7.
870 4522 888 4553 ι
926 4502 1123 4556 Omnia
1155 4518 1184 4555 a
1219 4511 1269 4556 te
1299 4512 1635 4571 exspectant,
1693 4515 1752 4559 ut
1795 4506 1890 4560 des
1936 4505 2038 4561 illis

2219 4502 2324 4564 κζ’.
2389 4519 2407 4550 ι
2444 4500 2629 4553 Πάντα
2665 4500 2801 4570 πρὸς
2846 4500 2905 4553 σὲ
2954 4502 3315 4573 προσδοκῶσι,
3366 4503 3552 4557 δοῦναι
3625 4508 3725 4572 τὴν

466 4596 650 4651 cibum
687 4594 743 4649 in
795 4604 1063 4665 tempore.
1102 4614 1120 4646 ι
1170 4598 1215 4647 Α
1252 4603 1327 4657 te,
1369 4596 1466 4660 ait,
1519 4607 1819 4666 opportune
1857 4598 2039 4652 omnia

466 4703 588 4756 qua:
614 4702 755 4756 opus
793 4693 923 4741 sunt
952 4696 1258 4756 reportant.
1305 4686 1618 4741 Animantia
1649 4688 1791 4742 enim
1830 4688 2041 4745 ratione

466 4777 707 4831 carentia
754 4777 936 4831 cibum
973 4777 1191 4846 quidem
1236 4785 1507 4847 quaerunt,
1556 4778 1866 4847 largitorem
1910 4794 2040 4834 vero

468 4868 726 4939 ignorant
755 4885 767 4920 :
798 4870 1076 4937 accipiunt
1110 4877 1289 4923 tamen
1325 4869 1472 4924 hunc
1502 4883 1532 4922 a
1563 4868 1836 4923 Creatore.

534 4962 703 5018 Vens.
741 4961 834 5018 28.
872 4983 890 5014 ι
931 4962 1099 5017 Dante
1132 4973 1183 5017 te
1213 4962 1341 5027 illis,
1386 4960 1657 5031 colligent.
1686 4978 1709 5015 ι
1744 4962 1760 4980 ⁸
1795 4960 1877 5016 Te.
1903 4979 2039 5033 pra:-

464 5057 630 5112 bente
664 5057 808 5112 hanc
838 5057 1194 5121 aﬂluentiam,
1236 5056 1432 5110 borum
1465 5057 1891 5127 unumquodque
1918 5075 2039 5128 per-

466 5147 673 5203 fruitur
726 5148 889 5203 bonis
935 5148 1039 5204 sibi
1088 5146 1538 5202 accommodatis.
1584 5144 1801 5237 13404
1850 5165 1868 5197 ι
1906 5149 2045 5212 Ape-

540 5331 569 5370 ¹ι
611 5343 717 5389 tsa.
754 5348 927 5395 xxvii,
969 5332 1020 5385 1.
1100 5333 1163 5366 ι·
1201 5332 1303 5389 Job
1333 5346 1440 5399 xu,
1482 5334 1569 5388 15.

2146 4594 2353 4664 τροφὴν
2382 4593 2560 4646 αὐτῶν
2586 4594 2665 4655 είς
2695 4591 2969 4664 εὔκαιρον.
3013 4614 3031 4646 ι
3070 4596 3226 4667 Παρὰ
3264 4596 3379 4661 σοῦ,
3417 4598 3612 4668 φησὶν,
3646 4601 3726 4664 εἰς

2148 4687 2339 4758 καιρὸν
2379 4687 2595 4741 ἅπαντα
2623 4686 2722 4755 τὴν
2751 4687 2939 4757 χρείαν
2966 4688 3272 4758 κομίζεται.
3295 4689 3377 4741 Τὰ
3401 4691 3511 4760 γάρ
3545 4690 3726 4759 ἄλογα

2148 4777 2304 4847 ζητεῖ
2330 4780 2431 4847 μὲν
2456 4780 2555 4850 τὴν
2582 4778 2792 4850 τροφήν
2811 4796 2824 4809 σ
2849 4780 3034 4847 ἀγνοεῖ
3067 4780 3125 4832 δὲ
3170 4781 3262 4834 τὸν
3295 4783 3536 4853 χορηγόν
3562 4800 3578 4812 ·
3643 4784 3727 4838 δέ·

2146 4886 2302 4939 χεται
2338 4868 2393 4921 δέ
2422 4870 2571 4939 ὅμως
2598 4868 2803 4940 ταύτην
2832 4868 2986 4939 παρά
3016 4869 3109 4922 τοῦ
3141 4870 3395 4941 Ποιητοῦ.

2217 4969 2326 5032 κη’.
2362 4980 2381 5013 ι
2417 4962 2609 5023 Δόντος
2632 4978 2724 5014 σου
2760 4962 2966 5028 αὐτοῖς,
2998 4962 3358 5027 συλλέξουσιν.
3387 4983 3404 5015 ›
3433 4964 3535 5017 Σοῦ
3573 4982 3722 5036 παρο

2152 5058 2374 5124 ἐχοντος
2400 5053 2497 5125 τὴν
2526 5053 2810 5122 ἀφθονίαν,
2833 5054 3040 5108 τούτων
3069 5056 3298 5110 ἕκαστον
3316 5057 3632 5128 καρποῦται
3654 5060 3719 5109 τά

2154 5149 2462 5218 πρόσφορα.
2496 5167 2515 5199 ι
2561 5146 2898 5214 Ἀνοίξαντος
2916 5149 2972 5203 δέ
3010 5166 3101 5202 σου
3135 5149 3233 5219 τὴν
3263 5152 3441 5220 χεῖρα,
3474 5150 3547 5203 τὰ
3576 5150 3719 5220 σύμ-

1568 5535 1800 5591 VARIE
1843 5533 2229 5589 LECTIONES
2271 5534 2356 5588 ET
2396 5534 2619 5591 ΝΟΤΔΕ.

534 5706 581 5738 ¹⁰
620 5705 725 5759 Καὶ
764 5706 929 5774 πρός.
995 5702 1118 5758 cod.
1153 5704 1175 5756 1
1241 5702 1353 5755 ἐπί.

1461 5702 1503 5731 ²¹
1536 5700 1657 5754 cod.
1690 5699 1709 5750 1
1784 5695 2180 5767 διαπορεύεται.

2278 5696 2323 5726 ²²
2355 5694 2478 5751 cod.
2515 5695 2536 5747 1
2601 5694 2868 5765 ἀλλήλοις.
2971 5694 3017 5726 ³³
3047 5695 3176 5749 Γιν.
3210 5693 3329 5750 cod.
3364 5692 3386 5746 1
3425 5692 3719 5764 φυόμενον,

462 5777 696 5846 ascripta
734 5765 912 5830 tamen
941 5775 1169 5827 lectione
1199 5775 1387 5829 altera.
1465 5772 1510 5803 "
1545 5770 1704 5827 Ἀντί
1742 5768 1868 5823 τοῦ.
1903 5765 2038 5824 Abes

2158 5765 2279 5822 cod.
2315 5768 2355 5820 1.
