3924 6492
175 305 312 372 1705

1538 301 1617 363 ΙΝ
1648 300 1856 361 PSAL.
1916 298 2079 358 CIII.

3312 299 3444 365 1706

172 439 350 479 παντα
373 422 420 456 ⁸⁸
471 418 882 492 πλησθήσονται
917 418 963 455 ’δ
1010 418 1406 489 χρηστότητος.
1442 437 1461 469 ι
1497 419 1610 489 Τὴν
1666 420 1754 475 εὑ-

1879 415 2039 475 -iente
2070 426 2121 475 te
2150 429 2375 475 manum
2421 423 2592 479 tuam,
2638 414 2818 473 omnia
2866 415 3239 489 implebuutnr
3290 417 3446 479 boni-

170 514 361 570 κολίαν
393 514 495 584 τῆς
516 513 627 566 τῶν
664 510 887 582 ἀγαθῶν
917 510 1189 582 χορηγίας
1228 511 1319 563 διὰ
1372 514 1580 565 τούτων
1627 510 1755 582 eaq.

173 609 365 663 λωσεν.
410 609 627 677 Ὠσπερ
654 606 766 677 γὰρ
795 605 1032 668 εὐπετὲς
1064 604 1197 661 εἴσω
1227 605 1551 673 νενευκότας
1581 605 1757 657 ἐκτεῖ-

172 719 263 755 ναι
294 698 621 763 δακτύλους,
669 696 816 750 οὕτω
867 696 1049 767 ῥᾴδιον
1078 696 1157 765 τῷ
1209 694 1328 766 Θεῷ
1373 695 1483 747 τῶν
1534 694 1758 763 ἀγαθῶν

175 793 434 848 ἀπάντων
468 790 826 862 δωρήσασθαι
853 788 950 860 τὴν
974 787 1170 859 φοράν.

242 887 349 942 κθι.
394 905 412 937 ι
464 884 940 954 ’Δποστρέψαντος
962 883 1021 937 δέ
1050 900 1147 937 σου
1191 881 1255 937 τὺ
1298 883 1615 953 πρόσωπον,
1660 900 1757 941 τας

177 978 568 1051 ραχθήσονται.
605 994 624 1032 ι
660 975 932 1044 Καθάπερ
959 973 1018 1029 δὲ
1053 974 1236 1045 πάσης
1282 976 1549 1047 ὲμφορείς
1582 973 1761 1046 θυμη-

175 1072 292 1135 δίας
323 1072 454 1133 τοὺς
501 1068 611 1122 τῶν
645 1067 874 1135 ἀγαθῶν
925 1066 1328 1134 ἀπολαύοντας,
1388 1071 1447 1123 ἐν
1495 1068 1760 1140 εὐμενείᾳ

176 1163 348 1217 ταῦτα
374 1160 723 1233 δωρούμενος
749 1176 763 1190 ·
790 1158 965 1224 οὕτως
998 1160 1485 1233 ἀποστρεφομένου
1519 1177 1636 1221 σου,
1664 1178 1761 1214 τα·

180 1254 351 1327 μχῆς
372 1254 597 1308 ἅπαντα
626 1253 723 1309 καὶ
749 1251 910 1314 δέους
935 1251 1307 1321 ἐμπίπλαται.
1358 1270 1378 1305 ι
1418 1251 1761 1315 ’Λντανελεῖς

177 1349 241 1401 τὸ
274 1346 499 1416 πνεῦμα
521 1344 725 1410 αὐτῶν,
753 1344 847 1397 καὶ
877 1344 1210 1413 ὲκλείψουσι,
1245 1345 1340 1398 καὶ
1387 1347 1470 1409 είς
1503 1346 1595 1399 τὸν
1629 1344 1761 1417 χοῦν

178 1432 360 1495 αὗτῶν
380 1438 803 1509 ἐπιστρέφουσι.
844 1457 861 1493 ι
902 1437 1005 1492 Σοῦ
1036 1439 1150 1510 γὰρ
1198 1438 1548 1510 βουλομένου,
1591 1440 1686 1493 καὶ
1733 1441 1762 1490 6

180 1536 275 1605 τῆς
296 1533 482 1603 ψυχῆς
511 1533 606 1586 καὶ
647 1533 676 1587 ὁ
701 1531 797 1586 τοῦ
864 1529 1123 1603 σώματος
1175 1530 1390 1601 γίνεται
1434 1531 1714 1602 χωρισμός
1742 1546 1756 1561 ο

184 1627 300 1698 μεθ’
323 1627 451 1680 ὃν³⁷
485 1626 548 1680 τὸ
576 1625 735 1695 σῶμα
755 1623 934 1695 φθορᾷ
966 1624 1346 1693 παραδίδοται,
1385 1626 1480 1677 καὶ⁵
1533 1626 1614 1687 εἰς
1671 1624 1763 1678 τὸν

1861 517 1997 563 tate.
2050 527 2068 560 ι
2139 506 2477 565 Facilitatem
2531 506 2988 577 suppeditationis
3036 507 3304 567 bonorum
3352 522 3447 583 per

1862 599 1977 652 haec
2009 597 2332 651 declaravit.
2385 596 2542 651 Sicut
2583 599 2729 651 enim
2779 596 2937 652 facile
2986 605 3069 651 est
3111 598 3314 667 digitos
3360 598 3446 651 in-

1861 698 2103 743 trorsum
2164 689 2392 744 innexos
2448 691 2744 744 extendere
2792 708 2805 743 :
2860 690 2941 745 sic
2992 689 3151 745 facile
3206 700 3289 746 est
3336 690 3447 745 Deo

1862 781 2107 840 omnium
2148 781 2421 838 bonorum
2456 781 2669 850 copiam
2703 780 2910 848 largiri.

1936 872 2104 933 Vens.
2140 873 2232 927 29.
2284 891 2302 928 ι
2342 877 2636 930 Averleute
2668 884 2848 928 autem
2899 880 2950 926 te
2986 871 3211 941 faciem,
3262 872 3447 927 turba-

1860 965 2087 1021 buntur.
2122 983 2140 1016 ι
2178 964 2649 1035 Quemadmodum
2696 973 2876 1024 autem
2920 966 3068 1019 omni
3119 956 3302 1019 laetitia
3353 980 3450 1020 eos

1862 1059 2081 1129 imples,
2117 1058 2211 1131 qui
2246 1059 2405 1114 bonis
2434 1058 2814 1128 perfruuntur,
2868 1058 3129 1113 benevole
3184 1058 3298 1113 hac
3341 1058 3452 1111 lar-

1864 1154 2017 1222 giens
2046 1168 2059 1205 :
2087 1152 2278 1208 eodem
2327 1151 2492 1207 modo
2525 1160 2809 1209 avertente
2847 1161 2916 1217 te,
2956 1151 3367 1227 perturbatione
3397 1162 3453 1206 et

1864 1244 2062 1299 timore
2087 1245 2272 1300 omnia
2303 1244 2620 1319 implentur.
2655 1262 2673 1295 ι
2700 1242 2932 1303 Auferes
2956 1242 3209 1313 spiritum
3234 1259 3448 1309 eorum,

1864 1347 1919 1392 et
1967 1338 2243 1403 deﬁcient,
2292 1348 2347 1392 et
2402 1338 2456 1392 in
2494 1338 2770 1407 pulverem
2811 1353 2973 1393 suum
3024 1347 3382 1393 revertentur.
3413 1356 3445 1412 ⁸ι

1866 1430 1942 1487 Te
1964 1432 2111 1488 enim
2133 1431 2375 1497 volente,
2400 1440 2454 1491 et
2479 1431 2675 1491 animae
2701 1431 3020 1502 etcorporis
3042 1430 3100 1487 fit
3120 1431 3412 1489 divortium
3435 1450 3448 1485 :

1864 1532 1991 1596 post
2034 1526 2183 1596 quod
2248 1540 2452 1596 corpus
2504 1525 2900 1595 corrumpitur,
2944 1525 3089 1583 etin
3152 1526 3451 1595 pristinum

1868 1620 2150 1690 pulverem
2198 1618 2544 1685 dissolvitur.
2596 1618 2860 1688 Spiritum
2910 1618 3117 1678 scilicet
3177 1620 3281 1675 hoc
3332 1620 3453 1674 loco

180 1719 453 1791 πρόγονον
490 1715 793 1772 ἀναλύεται
820 1715 974 1787 χοῦν.
1006 1716 1253 1786 Πνεῦμα
1290 1716 1350 1770 δὲ
1385 1714 1623 1773 ἐνταῦθα
1664 1714 1763 1787 τὴν

1879 1712 2107 1767 mimam
2151 1711 2461 1782 appellavit.

180 1809 358 1880 ψυχὴν
381 1808 854 1880 προσηγόρευσεν.

247 1897 313 1952 λ’.
362 1917 381 1951 ι
438 1897 856 1962 Ἑξαποστελείς
879 1896 942 1950 τὸ
971 1895 1195 1966 πνεῦμά
1218 1911 1338 1960 σου,
1393 1896 1488 1951 καὶ
1537 1896 1763 1967 κτισθή-

185 2009 392 2054 σονται,
452 1992 551 2045 καὶ
595 1990 934 2051 ἀνακαινιεῖς
983 1988 1044 2046 τὸ
1092 1989 1385 2059 πρόσωπον
1439 1989 1539 2059 τῆς
1570 1990 1695 2059 γῆς.
1742 2006 1760 2039 ι

197 2082 469 2138 Ἐνταῦθα
500 2080 691 2149 σαφῶς
735 2082 872 2151 ἡμῖν
901 2079 1001 2150 τὴν
1060 2080 1361 2136 ἀνάστασιν
1397 2079 1763 2151 προεκήρυξε,

184 2175 278 2226 καὶ
306 2174 409 2243 τὴν
439 2173 527 2227 διὰ
546 2172 640 2225 τοῦ
674 2171 949 2239 παναγίου
977 2172 1023 2204 ’⁸
1070 2170 1390 2241 Πνεύματος
1438 2171 1764 2230 ἀναϐίωσιν.

185 2260 344 2317 Οῦτω
369 2260 426 2314 δὲ
456 2261 554 2316 καὶ
596 2260 787 2323 Ἠλίας
817 2262 845 2314 ὁ
872 2260 1014 2313 πάνυ
1054 2263 1152 2331 τῆς
1210 2263 1386 2332 χήρας
1440 2262 1564 2333 τρὶς
1582 2262 1631 2294 ﬂ
1665 2263 1768 2333 ἐμ..

185 2354 441 2424 φυσήσας
462 2351 543 2423 τῷ
569 2351 871 2423 παιδαρίῳ,
895 2353 993 2404 καὶ
1018 2350 1107 2404 διὰ
1136 2352 1233 2422 τῆς
1250 2351 1572 2421 ὲνοικούσης
1600 2369 1768 2407 πνευο

190 2446 434 2516 μτικῆς
486 2446 713 2517 χάριτος
766 2443 1139 2514 ἐπαναγαγὼν
1195 2444 1443 2515 ζωήν⁸⁰’
1493 2446 1638 2505 οὕτω
1676 2445 1770 2501 καὶ

196 2536 502 2599 Ἐλισσαῖος
521 2535 614 2589 τὸν
636 2535 734 2602 τῆς
752 2535 1139 2604 Σουμανίτιδος
1154 2535 1490 2608 ὲζωοποίησε
1510 2538 1551 2571 ⁵⁸
1580 2537 1768 2600 παῖδα,

184 2631 259 2700 τῷ
302 2627 666 2700 πνευματικῷ
714 2627 1066 2699 χρησάμενος
1116 2630 1500 2699 ὲμφυσήματι,
1546 2628 1643 2683 καὶ
1693 2627 1771 2698 τῷ

188 2721 445 2792 ζωοποιῷ
494 2721 771 2792 πνεύματι
818 2721 1396 2791 πραγματευσάμενος
1451 2720 1549 2792 τὴν
1596 2719 1766 2795 ζωήν.

187 2814 344 2869 υῦτω
374 2815 479 2884 τῆς
514 2815 664 2878 Θείας
686 2814 994 2882 δυνάμεως,
1029 2814 1123 2869 καὶ
1149 2814 1308 2885 τήνδε
1353 2814 1452 2884 τὴν
1485 2814 1771 2884 ἐνέργειαν

185 2906 389 2974 δείξας,
424 2910 506 2971 είς
536 2906 812 2977 ὑμνῳδίαν
858 2905 1162 2977 μεταφέρει
1193 2904 1291 2975 τὴν
1318 2906 1566 2974 γλῶτταν
1583 2905 1648 2959 ³⁸.

1944 1892 2114 1948 Vens.
2153 1892 2243 1949 ⁸50.
2283 1910 2303 1944 ι
2339 1891 2568 1951 Emittes
2600 1891 2855 1961 spiritum
2890 1901 3063 1955 tuum,
3104 1901 3156 1947 et
3183 1894 3456 1953 creabun-

1870 1993 1980 2051 tur,
2015 1995 2072 2041 et
2100 1983 2394 2041 renovabis
2428 1982 2622 2043 faciem
2662 1994 2840 2043 terrm.
2882 2002 2900 2033 ι
2948 1982 3059 2039 Hoc
3093 1985 3143 2038 in
3189 1985 3309 2041 loco
3339 2003 3457 2044 ma-

1870 2077 2070 2132 nifeste
2124 2078 2586 2136 resurrectionem
2642 2078 2803 2139 nobis
2862 2080 3147 2149 praedixit,
3220 2090 3275 2136 et
3332 2082 3456 2139 vita:

1868 2169 2311 2234 restitutionem,
2352 2184 2478 2239 qua:
2527 2172 2866 2233 sanctissimi
2908 2172 3144 2243 Spiritus
3188 2173 3457 2229 beneficio

1869 2260 2157 2328 contingit.
2205 2259 2298 2315 Sic
2344 2271 2528 2319 autem
2562 2271 2613 2317 et
2662 2263 2810 2323 Elias
2860 2265 2949 2321 ille
2980 2280 3211 2335 magnus
3242 2265 3453 2328 fecit“,

1871 2368 1995 2406 cum
2050 2353 2281 2421 puerulo
2332 2353 2511 2409 vidua:
2548 2364 2629 2411 ter
2682 2356 3042 2427 inspirasset,
3092 2373 3330 2428 eumque
3361 2375 3456 2429 per

1871 2445 2103 2513 gratiam
2153 2444 2402 2513 spiritus,
2433 2459 2554 2514 qua
2601 2447 2653 2501 in
2704 2447 2822 2516 ipso
2856 2448 3155 2515 habitabat,
3200 2450 3254 2507 in
3287 2450 3456 2506 vitam

1871 2537 2226 2590 reduxisset:
2273 2537 2353 2592 sic
2399 2537 2564 2594 etiam
2614 2539 2842 2597 Elisaaus
2880 2539 3052 2599 filium
3091 2539 3457 2600 Somanitidis

1871 2630 2053 2683 vivum
2087 2629 2266 2685 effecit
2298 2639 2387 2697 η-ο,
2443 2646 2567 2686 cum
2624 2632 2851 2700 spiritus
2907 2633 3275 2691 insufflatione
3322 2651 3456 2690 usus

1871 2733 2037 2787 esset,
2105 2732 2159 2776 et
2220 2722 2389 2778 vitam
2446 2723 2662 2780 viviﬁco
2716 2724 2907 2793 spiritu
2966 2734 3336 2794 procurasset.
3396 2726 3457 2781 In

1874 2815 2023 2870 hunc
2049 2816 2273 2870 modum
2301 2816 2546 2873 divinam
2571 2817 2892 2887 potentiam,
2925 2819 3155 2888 ejusque
3188 2820 3297 2877 vim
3329 2833 3458 2879 cum

1874 2909 2247 2977 ostendisset,
2306 2909 2551 2981 linguam
2602 2910 2670 2965 ad
2720 2910 3075 2971 celebrandas
3128 2912 3219 2971 Dei
3267 2912 3458 2974 laudes

1873 3001 2161 3060 convertit.

256 3085 360 3141 λα’.
399 3105 420 3137 ε
460 3086 667 3154 Ἤτωή
693 3085 820 3149 δόξα
850 3084 1059 3154 Κυρίου
1112 3087 1193 3149 είς
1231 3085 1358 3148 τοὺς
1406 3084 1610 3149 αἰῶνας
1632 3085 1695 3137 ³³.
1741 3103 1759 3136 ι

1946 3092 2110 3149 Vens.
2136 3094 2226 3150 5|.
2257 3113 2275 3146 ι
2306 3093 2389 3149 Sit
2419 3094 2593 3165 gloria
2625 3095 2839 3151 Domini
2869 3096 2922 3150 in
2960 3096 3214 3157 saecula.»
3245 3097 3454 3168 1341

200 3176 335 3243 Ἀεὶ,
362 3177 553 3247 φησὶν,
579 3176 742 3231 αὐτὸν
764 3175 921 3247 ποιρά
949 3178 1174 3230 πάντων
1199 3175 1486 3246 ὑμνεῖσθαι
1534 3176 1765 3231 δίκαιον.

189 3269 645 3340 Εὐφρανθήσεται
679 3269 883 3342 Κύριος
915 3271 1009 3324 ἐπὶ
1039 3273 1152 3334 τοῖς
1175 3270 1357 3339 ἔργοις
1384 3269 1574 3324 αὑτοῦ.
1602 3288 1619 3322 ι
1657 3270 1769 3340 Τὴν

191 3362 463 3432 ἐσομένην
514 3361 625 3413 τῶν
673 3362 981 3433 ἀνθρώπων
1034 3361 1369 3431 θεογνωσίαν
1425 3362 1512 3415 διὰ
1563 3360 1770 3414 τούτων

189 3454 468 3507 ἐθέσπισε.
503 3453 615 3524 Τῆς
634 3454 746 3525 γὰρ
767 3456 1041 3527 προτέρας
1067 3456 1285 3525 ἀπάτης
1307 3454 1417 3509 τῶν
1463 3454 1560 3507 ἀνθ
1572 3455 1769 3526 ρώπων

189 3544 644 3612 ἀπαλλαγέντων,
671 3547 765 3596 καὶ
799 3544 1114 3615 δεξαμένων
1143 3540 1236 3598 τοῦ
1282 3544 1420 3597 Θεοῦ
1460 3545 1561 3614 τὴν
1645 3543 1768 3596 ἐπί-

192 3650 423 3701 γνωσιν,
449 3634 893 3706 εὐφρανθήσεται
914 3635 960 3666 “
995 3635 1149 3699 Θεὸς,
1184 3636 1247 3689 οὐ
1270 3635 1767 3705 προσκυνούμενος,

189 3723 329 3778 ἀλλά
360 3725 711 3796 σωζομένους
744 3726 908 3797 ὀρῶν.

256 3813 356 3885 λβ¹.
415 3834 434 3866 ι
498 3816 557 3869 '0
615 3816 930 3870 ἐπιϐλέπων
979 3817 1072 3869 ἐπὶ
1117 3817 1216 3888 τὴν
1265 3818 1389 3887 γῆν,
1454 3818 1548 3870 καὶ
1601 3817 1770 3870 ποιῶν

190 3906 362 3975 αὐτὴν
387 3906 647 3976 τρέμεινο
691 3908 719 3959 6
748 3907 1054 3977 ἁπτόμενος
1078 3908 1189 3959 τῶν
1227 3908 1420 3976 ὀρέων,
1445 3909 1539 3961 καὶ
1568 3908 1769 3961 καπνί-

193 3996 399 4059 ζονται.
446 4016 464 4048 ι
506 3999 749 4061 Εἰκότως
792 3999 967 4051 ταῦτα
1004 4000 1384 4070 προστέθεικε,
1417 4001 1478 4053 τὸ
1523 4001 1771 4064 ἁνενδεὲς

188 4089 462 4143 διδάσκων
512 4094 613 4162 τῆς
661 4090 812 4155 θείας
852 4092 1089 4160 φύσεως.
1124 4094 1201 4145 Οὐ
1245 4094 1353 4164 γὰρ
1389 4094 1464 4156 ὼς
1515 4093 1772 4163 δεόμενος

188 4182 453 4252 τέρπεται
501 4183 984 4255 προσκυνούμενος
1010 4202 1025 4217 υ
1079 4184 1192 4236 ἀλλ’
1225 4185 1300 4247 ὡς
1333 4186 1528 4250 σώζειν
1573 4185 1771 4255 βουλό-

194 4290 374 4343 μενος,
411 4275 514 4344 τὴν
555 4274 813 4345 ἀλήθειαν
852 4276 1137 4329 δείκνυσι·
1189 4278 1283 4330 καὶ
1330 4278 1578 4341 κολάζειν
1610 4278 1769 4331 δυνά-

192 4383 375 4434 μενος,
420 4367 523 4419 οὐκ
557 4355 809 4437 ἐπιφέρει
854 4369 953 4438 τὴν
992 4368 1253 4421 κόλασιν·
1290 4370 1381 4422 καί
1412 4387 1494 4422 τοι
1534 4372 1668 4441 μόνῃ
1702 4372 1767 4440 τῇ

1880 3181 2129 3254 Semper,
2159 3186 2255 3252 ait,
2281 3187 2351 3241 ab
2376 3188 2632 3244 omnibus
2654 3202 2782 3243 eum
2802 3189 3057 3247 laudibus
3085 3190 3222 3249 allici
3249 3190 3459 3259 justum

1877 3283 1978 3328 est.
2013 3292 2032 3324 ι
2072 3273 2373 3331 Laetabitur
2407 3277 2676 3334 Dominus
2707 3278 2776 3333 de
2817 3280 3077 3348 operibus
3122 3282 3257 3341 suis.
3288 3302 3307 3335 ι
3349 3281 3462 3336 Fu-

1878 3372 2056 3417 turam
2093 3363 2186 3417 Dei
2214 3365 2583 3434 cognitionem
2618 3366 2672 3420 in
2704 3367 3019 3423 hominibus
3049 3384 3146 3437 per
3178 3369 3293 3425 haec
3318 3371 3459 3425 vati-

1878 3455 2098 3511 cinatus
2156 3465 2259 3511 est.
2336 3455 2665 3515 Hominibus
2715 3460 2863 3516 enim
2916 3476 2947 3515 a
3002 3463 3232 3532 pristino
3274 3478 3463 3520 errore

1878 3548 2147 3614 liberatis,
2176 3548 2379 3619 Deique
2402 3551 2774 3621 cognitionem
2800 3553 3033 3623 adeptis,
3052 3555 3269 3610 letatur
3292 3556 3459 3622 Deus,

1880 3656 1988 3694 non
2029 3646 2156 3711 quia
2186 3642 2407 3706 colitur,
2451 3643 2546 3699 sed
2580 3645 2710 3713 quia
2753 3644 2900 3700 videt
2942 3647 3193 3702 homines
3226 3650 3458 3705 salutem

1878 3742 2227 3789 consecutos.

1952 3824 2116 3879 Vens.
2151 3828 2240 3880 52.
2296 3847 2311 3878 ι
2346 3826 2449 3893 Qui
2504 3829 2727 3897 respicit
2767 3838 3008 3895 terram,
3062 3842 3110 3886 et
3167 3832 3297 3888 facit
3336 3850 3460 3889 eam

1879 3926 2111 3969 tremere
2155 3933 2169 3967 :
2208 3916 2302 3984 qui
2352 3919 2523 3986 tangit
2566 3929 2813 3983 montes,
2847 3929 2899 3974 et
2944 3921 3232 3989 fumigaut.
3276 3943 3294 3975 ι
3328 3924 3462 3980 Jure

1879 4006 1995 4060 lucc
2031 4008 2305 4076 apposuit,
2349 4009 2552 4064 docens
2600 4011 2840 4064 divinam
2894 4022 3146 4066 naturam
3202 4016 3348 4069 nulla
3403 4034 3462 4072 re

1879 4097 2141 4165 indigere.
2204 4097 2322 4152 Non
2375 4101 2519 4154 enim
2574 4111 2632 4156 ut
2679 4102 2930 4173 indigens
2981 4105 3281 4160 delectatur
3333 4123 3459 4161 cum

1879 4188 2077 4243 colitur
2105 4198 2132 4237 P
2166 4206 2177 4240 :
2216 4190 2308 4244 sed
2340 4200 2398 4245 ut
2440 4193 2669 4247 salutem
2719 4194 2961 4263 prtebere
3004 4197 3213 4261 volens,
3263 4201 3462 4252 verita-

1879 4290 1987 4334 tem
2034 4281 2304 4346 ostendit,
2357 4293 2412 4337 et
2449 4299 2573 4339 cum
2608 4286 2849 4355 plectere
2878 4288 3077 4357 possit,
3127 4305 3233 4344 non
3266 4290 3463 4361 infligit

1878 4387 2120 4442 poenam,
2167 4375 2267 4429 etsi
2327 4376 2445 4451 sola
2475 4378 2493 4399 ⁶
2524 4394 2623 4432 sua
2660 4380 2949 4449 praesentia
2995 4391 3195 4436 terram
3227 4386 3458 4453 quatiat,

192 4458 491 4529 ἐπιφανείᾳ
528 4459 689 4512 σείων
714 4460 813 4529 τὴν
863 4461 990 4529 γῆν,
1020 4459 1114 4514 καὶ
1150 4461 1319 4530 πυρὸς
1352 4461 1443 4513 καὶ
1468 4462 1675 4515 καπνοῦ
1706 4466 1766 4517 τὰ

1880 4474 1934 4520 et
1977 4466 2100 4535 igne
2151 4481 2216 4520 ac
2259 4465 2410 4521 fumo
2449 4477 2661 4525 montes
2694 4471 2933 4539 impleat.
2969 4472 3081 4527 Hoc
3126 4490 3257 4528 sane
3303 4485 3357 4527 et
3404 4477 3458 4528 in

190 4548 293 4617 ὅρη
320 4548 569 4619 πληρῶν.
596 4550 769 4603 Τοῦτο
790 4551 847 4603 δὲ
879 4552 973 4604 καὶ
1003 4553 1061 4604 ὲν
1090 4550 1164 4621 τῷ
1197 4552 1328 4622 Σινᾷ
1342 4552 1456 4623 ὄρει
1482 4555 1770 4623 πεποίηκε’

190 4640 290 4710 τὴν
341 4641 557 4693 οἰκείαν
598 4642 705 4712 γὰρ
748 4643 1119 4712 ποιησάμενος
1160 4645 1505 4712 ἐπιφάνειαν,
1540 4646 1600 4697 τὸ
1647 4647 1773 4718 ὅρος

196 4731 344 4784 ἅπαν
372 4732 542 4795 ἔδειξε
576 4734 997 4804 καπνιζόμενον.

261 4820 363 4889 λγ’.
411 4841 429 4874 ι
468 4823 620 4893 ’ᾼσω
649 4824 728 4893 τῷ
762 4827 951 4896 Κυρίῳ
988 4827 1046 4878 ὲν
1085 4828 1151 4897 τῇ
1195 4826 1306 4898 ζωῇ
1344 4845 1467 4897 μου,
1504 4828 1658 4902 ψαλῶ
1695 4832 1774 4902 τῷ

194 4908 311 4981 Θεῷ
353 4929 456 4981 μου
499 4913 605 4976 ἓως
642 4914 893 4985 ὑπάρχω.
927 4935 945 4966 ι
988 4916 1101 4968 Καὶ
1132 4917 1309 4970 ταῦτα
1345 4919 1570 4983 εἰκότως
1602 4938 1773 4990 προσ-

191 5001 456 5057 τέθεικεν.
502 5024 520 5056 ι
567 5006 641 5058 Οὐ
680 5008 789 5077 γάρ
847 5010 995 5061 ἐστιν
1026 5010 1083 5061 ὲν
1142 5010 1222 5079 τῷ
1257 5009 1475 5080 θανάτῳ
1500 5013 1528 5063 6
1561 5030 1776 5085 μνημο-

196 5092 365 5147 νεύων
420 5096 629 5163 αὐτοῦ,
678 5100 736 5151 εν
788 5099 845 5170 δὲ
888 5100 965 5169 τῷ
1027 5100 1127 5172 ᾄδῃ
1191 5101 1274 5165 τίς
1315 5104 1770 5174 ἐξομολογήσεται

264 5292 304 5321 ιη
343 5280 409 5337 111
450 5282 582 5357 Reg.
614 5299 747 5348 xvn,
784 5285 874 5338 21.

1881 4568 2066 4614 monte
2099 4558 2252 4615 Sinai
2288 4560 2416 4617 fecit
2452 4582 2464 4618 :
2498 4579 2621 4618 cum
2674 4569 2820 4620 enim
2872 4569 3236 4638 apparuisset,
3282 4579 3458 4625 totum

1877 4663 2124 4708 montem
2172 4653 2478 4711 fumantem
2511 4658 2765 4713 reddidit.

1953 4827 2123 4883 Vens.
2156 4830 2248 4885 '53.
2289 4848 2308 4882 ι
2347 4831 2595 4886 Cantabo
2629 4832 2860 4889 Domino
2900 4836 3088 4892 invita
3124 4852 3264 4905 mea,
3314 4840 3460 4908 psal-

1878 4921 1987 4975 lam
2041 4923 2152 4976 Deo
2202 4939 2326 4977 meo
2376 4926 2616 4993 quandiu
2663 4926 2840 4982 fuero.
2892 4948 2913 4980 ι
2976 4929 3039 4984 Et
3086 4930 3199 4985 hmo
3265 4934 3461 4986 merito

1886 5015 2117 5069 addidit.
2152 5014 2286 5068 Nam
2328 5034 2348 5065 ‹
2388 5034 2492 5071 non
2528 5026 2612 5073 est
2655 5019 2709 5072 in
2750 5029 2957 5085 morte,
3004 5023 3096 5091 qui
3140 5038 3349 5078 memor
3388 5024 3461 5079 sit

1883 5104 2024 5173 ejus,
2068 5105 2123 5159 in
2170 5106 2386 5159 inferno
2424 5118 2607 5162 autem
2654 5108 2777 5178 quis
2819 5111 3165 5168 confitebitur
3206 5113 3310 5183 ipsi
3339 5113 3403 5165 'l?
3434 5131 3453 5164 ι

966 5292 1052 5320 ιι·ο
1095 5284 1160 5338 IV
1197 5285 1334 5355 Reg.
1379 5301 1453 5351 ιν,
1493 5285 1582 5339 54.
1664 5296 1691 5335 P
1729 5286 1968 5357 lsa.xrx,
2010 5292 2104 5347 9.0.
2174 5303 2202 5341 ‘1
2243 5291 2384 5351 Psal.
2425 5309 2501 5361 VI.
2544 5295 2597 5349 5ο

1326 5445 1562 5511 VARUS
1597 5451 1981 5513 LECTIONES
2011 5452 2097 5510 ET
2122 5451 2354 5513 ΝΟΤΑι.

254 5571 409 5652 ³17ίά
428 5575 776 5652 σύμπαντα.
810 5575 979 5652 Abest
1012 5593 1065 5652 Aa
1111 5587 1259 5633 textu
1298 5580 1464 5639 Hebr.
1542 5586 1586 5621 ⁸⁵
1617 5588 1766 5652 Iunt

1879 5586 2026 5643 iebr.
2074 5587 2434 5645 satiabuntur.

271 5646 428 5723 Ζρίς.
464 5640 588 5723 (ξρἀ
624 5644 646 5697 1
695 5661 882 5723 prtem.
906 5646 1195 5723 ⁸ιῐινέστςησε
1253 5652 1347 5707 τὸν
1407 5656 1541 5707 υίόν.
1620 5640 1663 5687 ³⁸
1700 5640 1766 5713 in

1879 5640 2045 5713 good.
2082 5640 2119 5713 't'

1366 5725 1410 5756 ³³
1441 5724 1565 5781 cod.
1602 5724 1775 5781 Vatic.
1806 5726 1897 5781 τὸν
1933 5728 2124 5784 αἰῶνα.

198 5711 241 5744 ³·
271 5710 393 5783 Τὴν
417 5710 712 5784 γλῶτταν.
741 5717 863 5770 cod.
900 5716 920 5767 1
959 5716 1049 5768 τὸν
1088 5710 1266 5786 λογον.

520 5810 797 5870 ΡΑῑιιοι..
840 5814 953 5871 Gn.
976 5813 1216 5873 LXXX.

2534 5592 2578 5623 ’⁷
2817 5589 2900 5649 οῦ.
2978 5597 3022 5626 ³⁸
3051 5597 3173 5653 cod.
3209 5598 3228 5650 1
3273 5598 3449 5666 ἁγίου.

2181 5674 2380 5741 ρςξεηι..
2420 5661 2545 5741 εἰς..
2596 5664 2636 5693 ³¹
2671 5662 2902 5741 ’β’ᾅυοπ.
2963 5667 3126 5724 Abest
3165 5683 3195 5723 a
3237 5661 3356 5727 cod.
3394 5671 3446 5741 1.

2216 5729 2257 5760 ³⁵
2280 5730 2402 5785 cod.
2438 5730 2459 5784 1
2496 5732 2867 5807 εὐφραίνεται.

3019 5828 3090 5891 54
