3924 6488
423 331 557 397 1707

1418 311 1910 378 TIIEODORETI
1938 309 2281 371 EPISCOPI
2314 307 2683 369 CYRENSIS

3551 295 3709 359 1708

420 447 514 501 Sic
555 438 721 499 fatuis
758 438 1067 512 virginibus
1106 433 1336 492 thalami
1370 432 1541 504 janua
1577 426 1796 482 occlusa
1833 425 2001 491 fuitr,

2113 424 2300 494 αύτῷ;
2334 444 2351 475 ι
2401 422 2591 485 Οὑτως
2616 416 2958 487 ἀπεκλείσθη
2995 414 3119 477 ταῖς
3150 411 3361 484 μωραίς
3397 403 3709 479 παρθένοις

418 554 545 594 cum
576 536 931 592 ferendarum
968 531 1285 602 lampadum
1329 536 1542 596 tempus
1589 525 1693 582 olei
1729 520 2006 591 emptione

420 628 831 684 eontrivissent.

489 803 659 858 Vens.
694 801 787 857 54.
828 818 847 852 ι
884 795 1198 854 Iucundum
1229 794 1302 849 sit
1332 794 1381 845 ci
1422 792 1705 860 eloquium
1739 802 1940 843 meum.
1980 805 1999 836 ι

420 895 749 966 Eloquium,
823 890 1187 963 Symmachus
1251 880 1749 939 sermocinationem
1827 879 2001 933 dixit:

418 984 616 1058 Aquila
657 1000 788 1041 vero
837 982 1178 1051 colloquium.
1224 977 1496 1031 Czeterum
1535 987 1752 1044 precor,
1802 972 1899 1035 ait,
1947 980 2005 1024 ut

420 1081 504 1133 hae
544 1093 680 1133 mea:
722 1074 914 1131 laudes
954 1070 1293 1127 dulcissima:
1350 1076 1405 1121 et
1454 1064 1873 1135 jucundissimze
1923 1062 2005 1115 vi-

417 1173 671 1227 deantur.
702 1188 721 1220 ι
762 1167 873 1237 Ego
911 1178 1043 1220 vero
1086 1160 1400 1217 delectabar
1429 1159 1483 1213 in
1517 1157 1771 1211 Domino.
1812 1174 1830 1206 ι
1869 1153 2003 1209 Nam

417 1266 544 1329 hoc,
577 1264 673 1327 ait,
725 1258 999 1330 perfecto,
1050 1256 1177 1310 hinc
1219 1253 1459 1308 laetitiam
1505 1250 1824 1321 percipiam.

486 1439 655 1495 Vens.
689 1436 779 1491 55.
819 1452 839 1485 ι
877 1431 1141 1487 Deliciant
1176 1436 1494 1499 peccatores
1524 1439 1555 1477 a
1594 1420 1806 1493 1352
1838 1432 2004 1485 terra,

416 1544 470 1589 et
524 1530 719 1600 iniqui,
774 1528 847 1580 ita
902 1534 959 1579 ut
1004 1537 1111 1576 non
1172 1522 1300 1574 sint.
1339 1538 1356 1569 ι
1419 1516 1719 1585 Postquam
1763 1513 2004 1568 divinant

417 1621 886 1698 pulchritudinem
934 1612 1462 1684 inexplicabilesque
1532 1606 1790 1672 divitias,
1835 1614 1895 1658 ut
1938 1605 2007 1657 ab

417 1694 659 1772 humana
706 1721 909 1765 natura
946 1705 1065 1760 tieri
1105 1703 1297 1774 potuit,
1334 1700 1636 1765 enarravit,
1672 1711 1864 1751 omnes
1906 1694 2006 1747 ho-

2106 516 2202 569 τοῦ
2269 514 2561 586 νυμφῶνος
2597 514 2642 545 ³⁸
2697 513 2733 582 ἡ
2794 509 2958 580 θύρα,
3018 506 3110 559 τὸν
3174 502 3273 573 τῆς
3336 500 3711 571 λαμπαδοφοο

2109 608 2233 678 ρίας
2262 608 2304 639 ³⁸
2356 606 2547 677 καιρὸν
2614 604 2694 666 εἰς
2752 597 3058 672 ἀγορασίαν
3125 594 3312 649 ἐλαίου
3372 590 3707 661 ὼπανησάο

2108 717 2255 763 σαις.

2176 793 2270 846 λδ¹.
2315 810 2332 841 ι
2403 789 2690 859 Ἥδυνθείη
2739 784 2893 855 αὑτῷ
2955 785 2989 854 ή
3040 781 3265 852 διαλογή
3323 797 3450 850 μου.
3510 798 3531 831 ι
3578 776 3706 847 Τὴν

2106 883 2423 954 διαλογὴν,
2481 882 2757 945 διάλεξιν
2806 881 2835 933 ὁ
2888 878 3192 946 Σύμμαχος
3248 873 3508 945 εἴρηκενο
3557 873 3587 924 ὁ
3644 869 3708 921 δὲ

2120 980 2376 1043 Ἀκύλας,
2409 976 2672 1048 ὁμιλίαν.
2709 972 2956 1044 Εὗχομαι
3011 970 3091 1033 δὲ,
3138 966 3294 1037 φησὶ,
3343 963 3551 1032 ταύτην
3589 977 3707 1031 μου

2107 1072 2207 1144 τὴν
2256 1072 2533 1143 ὑμνῳδίαν
2572 1070 2801 1140 ἡδίστην
2849 1065 2946 1119 καὶ
2996 1060 3374 1133 τερπνοτάτην
3436 1056 3705 1126 ὀφθῆναι.

2113 1185 2131 1215 ι
2174 1163 2318 1233 Ἐγὼ
2350 1163 2407 1216 δὲ
2443 1160 2898 1233 εὑφρανθήσομαι
2934 1159 3027 1211 ἐπὶ
3051 1155 3130 1227 τῷ
3158 1155 3371 1225 Κυρίῳ.
3410 1172 3429 1205 ο
3482 1151 3707 1205 Τούτου

2106 1257 2237 1327 γὰρ,
2274 1257 2460 1327 φησιν,
2506 1253 2819 1325 γινομένου,
2862 1250 2975 1320 ἐγὼ
2997 1252 3098 1320 τὴν
3126 1245 3381 1301 ἐντεῦθεν
3416 1242 3704 1313 εὐθυμίαν

2108 1367 2175 1403 κα
2185 1348 2498 1419 ρπώσομαι.
2990 1395 2997 1401 .

2178 1440 2274 1495 λε’.
2315 1460 2333 1491 ι
2382 1439 2725 1493 Ἐκλείποιεν
2770 1438 2814 1469 ³⁷
2876 1433 3195 1507 ἁμαρτωλοὶ
3228 1431 3338 1487 ἀπὸ
3393 1430 3493 1501 τῆς
3543 1428 3657 1498 γῆς
3687 1442 3703 1455 ’

2108 1534 2203 1588 καὶ
2237 1532 2453 1603 ἄνομοι,
2504 1532 2647 1585 ὥστε
2696 1529 2772 1599 μὴ
2808 1528 3083 1599 ὑπάρχειν
3112 1524 3332 1588 αὐτούς.
3369 1542 3387 1575 ι
3431 1522 3506 1575 Τὸ
3550 1520 3709 1573 θεῖον

2108 1624 2325 1687 κάλλος,
2378 1623 2477 1675 καὶ
2520 1622 2613 1675 τὸν
2646 1622 2886 1693 apsum
2936 1618 3167 1672 πλοῦτον
3200 1617 3278 1680 ὡς
3318 1615 3448 1685 ἐνῆν
3479 1611 3711 1683 ἀνθρω⁶

2109 1717 2239 1787 πείᾳ
2278 1718 2439 1785 φύσει
2478 1711 2796 1780 διεξελθὼν,
2844 1712 3054 1773 πάντας
3090 1707 3419 1780 ἀνθρώπους
3460 1706 3563 1775 τῆς
3601 1703 3711 1756 αὑ-

416 1809 596 1864 mines
641 1804 890 1875 ejusdem
936 1796 1271 1867 cognitionis
1325 1791 1621 1863 participes
1662 1788 1779 1844 ﬁeri
1819 1786 2000 1855 cupit,

2113 1779 2227 1875 τῆς·
2260 1779 2591 1875 μεταλαχεῖν
2644 1802 2919 1873 ἱμείρεται
2970 1779 3249 1868 γνώσεως,
3301 1798 3398 1852 καὶ
3449 1796 3552 1863 τὴν
3588 1794 3711 1847 τῶν

415 1912 587 1971 utque
631 1904 980 1969 peccatorum
1032 1886 1412 1944 conventicula
1455 1883 1675 1955 penitus
1725 1879 1998 1943 deﬁciant,

416 1994 691 2065 supplicant
726 2008 737 2041 :
774 2002 880 2041 nou
926 1992 986 2038 ut
1026 1980 1127 2050 ipsi
1172 1980 1443 2034 intereant
1481 1975 1787 2047 postulans,
1819 1971 1913 2028 sed
1942 1979 2001 2026 ut

417 2061 698 2141 mutentur
742 2080 1062 2139 obsecrans,
1101 2083 1155 2129 et
1200 2081 1259 2125 ut
1305 2084 1498 2125 eorum
1544 2081 1736 2137 agmen
1776 2061 2003 2117 desistat

417 2174 746 2245 etllagitans,
809 2183 933 2223 cum
978 2164 1047 2219 ad
1096 2164 1366 2218 bonorqu
1411 2167 1597 2229 partes
1640 2152 1999 2217 transierint,

416 2244 743 2334 divitiasque
788 2276 876 2315 res
919 2255 1229 2312 didicerint.
1287 2251 1565 2308 Cmterum
1615 2248 1661 2302 si
1710 2246 1837 2315 quis
1890 2244 2004 2297 haec

416 2359 584 2413 verba
632 2355 791 2409 aliter
842 2348 1146 2418 intelligere
1208 2342 1477 2405 voluerit,
1527 2337 1685 2410 quasi
1743 2335 2004 2406 propheta

419 2450 621 2520 impios
662 2445 918 2500 homines
960 2436 1435 2495 exsecrationibus
1475 2430 1792 2501 subjiceret,
1835 2426 2000 2482 etiam

420 2545 523 2598 hoc
567 2546 729 2609 pacto
776 2533 1089 2605 apostolicae
1127 2529 1391 2584 doctrina:
1438 2522 1853 2592 respondentem
1901 2532 1999 2571 va-

421 2633 800 2691 ticinationem
852 2625 1111 2681 inveniet.
1158 2620 1371 2675 Etenim
1416 2618 1609 2672 beatus
1647 2612 1852 2667 Paulus
1894 2609 2002 2664 Co-

420 2727 643 2783 rinthiis
691 2721 961 2782 scribens,
1010 2717 1155 2770 hunc
1220 2712 1406 2785 posuit
1455 2709 1616 2764 tinem
1652 2726 1665 2762 :
1708 2725 1724 2757 ι
1774 2705 1833 2759 Si
1878 2703 2005 2774 quis

420 2832 530 2873 non
591 2812 772 2882 diligit
818 2806 1106 2862 Dominum
1162 2802 1387 2864 Jesutu,
1437 2799 1729 2853 anathema
1773 2795 1937 2849 sit”:
1982 2811 1999 2842 ι

420 2911 527 2965 hoc
564 2908 711 2962 enim
760 2902 1040 2972 proprium
1085 2907 1167 2951 est
1195 2908 1408 2955 eorum,
1444 2890 1539 2960 qui
1567 2886 1782 2943 ardenti
1822 2886 2007 2941 animo

421 3012 630 3060 amant.
669 3020 687 3051 ι
722 2993 978 3059 Benedic,
1001 2989 1183 3045 anima
1209 3001 1350 3051 mea,
1367 2983 1621 3039 Domino.
1660 3001 1678 3033 ι
1711 2980 1814 3047 Qui
1842 2979 2007 3049 igitur

2103 1896 2452 1968 ἁμαρτωλῶν
2484 1897 2719 1966 πάμπαν
2745 1894 2789 1926 ³⁸
2807 1893 3063 1961 ἐκλεῖψαι
3087 1890 3400 1962 συμμορίαν
3434 1886 3705 1945 ἱκετεύει⁹

2109 1986 2210 2039 οὑκ
2249 1987 2450 2051 αὐτοὺς
2488 1985 2787 2040 ἀπολέσθαι
2830 1983 3169 2054 παρακαλῶν
3197 2022 3212 2045 ,
3242 1980 3383 2035 ἀλλά
3418 1980 3708 2051 μετασληο

2115 2075 2274 2148 θῆναι
2310 2077 2599 2149 δεόμενος,
2665 2078 2759 2129 καὶ
2810 2074 3126 2130 παύσασθαι
3166 2073 3347 2126 αὐτῶν
3400 2072 3462 2125 τὺ
3503 2072 3706 2139 στίφος

2113 2170 2412 2225 ἀντιϐολῶν
2472 2168 2941 2240 μεταταξαμένων
2996 2166 3095 2219 καὶ
3144 2165 3577 2237 μεταμαθόντων
3625 2162 3705 2215 τΞι

2112 2260 2252 2314 θεῖα.
2278 2260 2342 2313 El
2364 2259 2422 2313 δέ
2442 2278 2526 2323 τις
2548 2259 2752 2330 ἑτέρως
2782 2257 2955 2311 ταῦτα
2993 2256 3245 2327 βούλεται
3263 2259 3408 2309 νοεῖν
3436 2255 3504 2307 τὰ
3527 2256 3699 2324 ῥητὰ.

2102 2351 2177 2415 ὡς
2216 2351 2311 2405 τοῦ
2356 2352 2645 2423 προφήτου
2686 2351 2814 2413 τοὺς
2864 2349 3160 2421 δυσσεϐείᾳ
3198 2347 3482 2411 συζῶντας
3558 2348 3698 2399 ὑπο-

2104 2443 2399 2508 ϐάλλοντος
2428 2443 2613 2514 ἀραῖς,
2656 2443 2749 2496 καλ¹
2783 2441 2957 2505 οὕτως
2992 2442 3223 2511 εὑρήσει
3253 2443 3318 2510 τῇ
3356 2438 3701 2507 ἀποστολικῇ

2102 2533 2428 2603 διδασκαλίᾳ
2459 2534 2558 2602 τὴν
2594 2532 2941 2602 προφητείαν
2975 2528 3410 2599 συμϐαίνουσαν.
3445 2528 3561 2581 Καὶ
3586 2529 3703 2597 γὰρ

2104 2628 2132 2679 ὁ
2160 2625 2431 2696 μακάριος
2463 2624 2675 2687 Παῦλος
2722 2621 3033 2693 Κορινθίοις
3058 2621 3414 2682 ἐπιστέλλων,
3451 2619 3708 2672 τοιοῦτον

2106 2718 2522 2793 ἀκροτελεύτιον
2545 2716 2788 2769 τέθεικεν
2816 2732 2829 2745 ο
2871 2734 2888 2766 ι
2942 2716 3012 2768 Εἰ
3049 2732 3135 2777 τις
3177 2714 3238 2767 οὑ
3273 2713 3420 2782 φιλεί
3451 2713 3546 2764 τὸν
3582 2712 3707 2765 Κύ-

2110 2827 2226 2882 ριον
2271 2807 2569 2879 Ἰησοῦν³⁹,
2638 2808 2753 2876 ἤτω
2801 2804 3075 2875 ἀνάθεμα.
3136 2824 3154 2856 ι
3209 2804 3367 2858 Ἰδιον
3416 2804 3529 2874 γάρ
3589 2802 3708 2856 τῶν

2109 2900 2327 2971 θερμῶς
2387 2897 2754 2967 ἀγαπώντων.
2818 2917 2836 2949 ι
2893 2897 3142 2963 Εὑλὸγει,
3190 2898 3223 2966 ἡ
3274 2897 3417 2967 ψυχή
3455 2897 3708 2966 poma-6v

2108 2990 2400 3062 Ruptov“.
2448 3009 2465 3041 ι
2515 2991 2578 3042 Οἱ
2622 2989 2719 3058 μὲν
2747 2982 2838 3041 οὖν
2874 2988 3063 3057 ὑμνεῖν
3109 2988 3199 3039 τὸν
3242 2986 3521 3039 τοσούτων
3555 2988 3707 3055 ἀγα⁴

422 3107 504 3151 tot
530 3097 801 3150 bonorum
831 3087 1150 3155 largitorem
1186 3078 1419 3133 laudare
1449 3074 1743 3138 noluerint,
1790 3072 1880 3126 illa
1911 3084 2001 3139 pa-

2113 3083 2221 3137 θῶν
2277 3083 2515 3154 χορηγὸν
2561 3081 2623 3134 ού
2678 3079 3037 3150 βουλόμενοι,
3102 3083 3288 3133 ἐκεῖνα
3330 3080 3708 3147 πασχέτωσαν

421 3190 629 3241 tiautur
674 3178 796 3251 qua:
839 3177 971 3231 dixi.
1031 3173 1112 3227 Tu
1157 3186 1309 3232 vero,
1361 3184 1393 3222 ο
1430 3166 1644 3228 anima,
1687 3174 1842 3217 tuum
1884 3160 2003 3214 Sal-

423 3289 679 3334 vatorcm
708 3283 763 3329 et
810 3271 1073 3341 Opilicem
1105 3264 1382 3318 inemlum
1426 3257 1708 3331 perpetuis
1748 3254 2003 3309 laudibus

422 3368 575 3424 cll‘cr.

840 3494 1114 3551 INTERP.
1156 3490 1409 3548 PSALMl
1447 3487 1582 3544 CIV.

492 3612 750 3668 Alleluia.
782 3610 848 3663 Et
880 3608 967 3662 hic
998 3605 1244 3676 psalmus
1273 3603 1443 3658 Deum
1475 3600 1859 3655 universorum
1886 3596 2005 3649 lau-

421 3710 586 3764 dibus
642 3704 929 3760 celebrare
978 3699 1153 3770 jubet.
1198 3696 1313 3751 lioc
1348 3698 1364 3715 ‘
1412 3694 1655 3750 declarat
1698 3688 2000 3759 inscriptio.

421 3798 657 3855 Alleluia
693 3796 863 3857 enim,
900 3791 1144 3846 Laudate
1178 3788 1467 3842 Dominum
1505 3792 1696 3849 sonat,
1741 3782 1787 3837 si
1833 3783 2003 3835 inter-

419 3891 666 3961 preteris.
690 3880 1533 3955 CaeterumpromissionumaDeo
1552 3878 1619 3936 ad
1664 3874 2003 3945 patriarchas

418 3981 690 4035 factarum
723 3975 994 4037 meminit,
1023 3980 1077 4025 et
1102 3972 1373 4025 bonorum
1399 3983 1520 4039 qua:
1547 3982 1643 4037 per
1666 3966 1789 4020 illos
1821 3974 2004 4034 poste-

418 4073 497 4126 ris
530 4084 720 4125 eorum
776 4065 988 4121 tribuit.
1032 4064 1414 4119 Sullicitenim
1461 4061 1656 4114 horum
1687 4067 1739 4112 et
1784 4056 2000 4110 illorum

418 4160 749 4223 recordatio,
784 4158 852 4212 ad
883 4173 980 4211 eos
1011 4155 1359 4211 exacuendos
1393 4162 1448 4207 ct
1478 4148 1878 4209 accendendos,
1907 4146 2000 4217 qui

418 4254 621 4309 talibus
677 4248 958 4305 beneﬁciis
1011 4246 1190 4301 allecti
1262 4253 1423 4308 sunt,
1485 4251 1543 4295 ut
1598 4240 1664 4295 ad
1727 4238 1999 4307 majorum

420 4358 651 4399 suorum
701 4339 926 4395 virtutis
983 4337 1389 4391 aemulationem
1446 4333 1773 4388 excitentur.
1823 4329 2000 4382 Simul

2112 3175 2257 3246 ἅπερ
2289 3174 2489 3244 εἴρηκα
2521 3188 2532 3201 °
2587 3173 2653 3224 σὺ
2701 3170 2782 3237 δὲ,
2813 3165 2856 3223 ὦ
2894 3170 3063 3240 ψυχὴ,
3121 3171 3418 3240 ἐνδελεχῶς
3457 3175 3550 3223 τὸν
3608 3172 3706 3223 σὸν

2112 3268 2275 3339 ὕμνει
2307 3265 2653 3338 Δημιουργὲιν
2696 3266 2792 3318 καὶ
2823 3265 3070 3334 Σωτῆρα.

2427 3487 2695 3541 ΕΡΜΙΙΝ.
2720 3485 2857 3539 ΤΟΥ
2892 3486 3009 3539 PA'.
3046 3485 3370 3540 ΨΑΛΜΟΥ.

2189 3607 2587 3672 Ἀλληλούϊα.
2631 3605 2852 3675 Ὕμνεῖν
2906 3604 3001 3657 καὶ
3030 3599 3185 3668 οὗτος
3216 3606 3245 3658 δ
3266 3604 3486 3675 ψαλμὸς
3524 3624 3703 3676 παρα-

2107 3698 2390 3751 κελεύεται
2442 3698 2534 3749 τὸν
2596 3697 2705 3749 τῶν
2758 3696 2894 3748 ὅλων
2954 3694 3128 3747 Θεόν·
3176 3696 3328 3767 δηλοῖ
3388 3698 3446 3751 δέ
3505 3699 3605 3751 καὶ
3662 3702 3698 3767 ἡ

2106 3791 2413 3860 ἐπιγραφή.
2468 3791 2541 3842 Τὸ
2577 3790 2687 3860 γὰρ
2737 3790 3104 3857 ὰ.1.2ηλού1ἰι,
3137 3790 3367 3844 Αἰνεῖτε
3418 3792 3527 3843 τὸν
3576 3794 3700 3845 Κύ-

2102 3898 2241 3948 ριον
2268 3879 2659 3951 ἑρμηνεύεται.
2706 3882 3147 3951 Ἀναμιμνήσκει
3182 3881 3238 3933 δὲ
3263 3881 3373 3932 τῶν
3395 3881 3535 3951 πρὸς
3567 3884 3700 3945 τοὺς

2110 3972 2459 4041 πατριάρχας
2511 3969 2615 4022 ὑπὸ
2680 3969 2774 4023 τοῦ
2827 3971 2963 4022 Θεοῦ
3008 3971 3395 4041 γεγενημένων
3453 3973 3699 4040 ὑποσχέ-

2114 4079 2277 4124 σεων,
2316 4061 2407 4113 καὶ
2442 4060 2553 4111 τῶν
2585 4062 2653 4113 δι’
2686 4061 2933 4122 ἐκείνους
2971 4061 3063 4113 ὑπ’
3099 4061 3264 4114 αὑτοῦ
3317 4065 3701 4132 παρασχεθέν-

2103 4170 2212 4205 των
2270 4152 2498 4219 ἀγαθῶν
2554 4154 2666 4214 τοῖς
2704 4152 2931 4205 ἐκείνων
2962 4154 3208 4219 ἐκγόνοις
3252 4155 3318 4206 ⁸⁸.
3370 4154 3551 4222 Ἱκανὴ
3584 4156 3700 4226 γὰρ

2109 4246 2204 4298 καὶ
2232 4245 2442 4298 τούτων
2479 4246 2753 4298 κάκείνων
2788 4248 2819 4313 ἡ
2857 4246 3066 4314 μνήμη,
3094 4247 3219 4310 τοὺς
3241 4245 3512 4298 τοσούτων
3538 4249 3700 4319 εύερ-

2108 4335 2309 4403 γεσιῶν
2360 4334 2780 4397 ἀπολαύσαντας
2823 4338 2903 4398 εἰς
2936 4334 3095 4403 ζῆλον
3133 4335 3233 4403 τῆς
3261 4336 3370 4388 τῶν
3402 4340 3699 4404 προγόνων

674 4430 838 4485 etiam
889 4426 1051 4481 docet
1102 4441 1302 4479 ηονυιη
1346 4424 1628 4492 μορυιυιη.
1688 4420 1833 4488 (ιυοά
1888 4435 1994 4471 "0"
2028 4427 2304 4508 οάρετῆς
2370 4426 2617 4497 ἐρεθίσαι
2681 4430 2773 4479 καὶ
2813 4426 3148 4496 παραθῆξαι.
3184 4428 3434 4480 Διδάσκει
3484 4428 3541 4481 δὲ
3596 4432 3698 4482 καὶ

417 4528 623 4597 injuste
665 4524 939 4591 ingratum
976 4518 1125 4572 illum
1158 4515 1417 4587 populum
1461 4530 1559 4568 sua
1587 4528 1717 4567 cura
1750 4512 1996 4580 privave-

420 4626 517 4676 rit.
566 4618 838 4683 Quoniam
870 4613 1015 4668 enim
1057 4610 1149 4664 Dei
1191 4609 1428 4678 populus
1473 4605 1907 4675 appellabantur,
1946 4611 1999 4656 ct

416 4710 710 4768 manifesto
739 4707 925 4763 divina
968 4716 1070 4773 ope
1111 4700 1467 4760 fruebantur,
1513 4696 1615 4749 hac
1645 4709 1774 4748 vero
1809 4702 1998 4762 postea

419 4801 646 4857 omnino
690 4796 933 4852 destituti
968 4793 1212 4855 fuerunt,
1247 4805 1340 4859 per
1386 4790 1485 4843 hos
1522 4787 1764 4856 psalmos
1805 4800 1998 4840 omnes

416 4893 671 4947 homines
707 4890 888 4953 docet,
931 4892 1066 4956 quot
1114 4894 1169 4938 et
1213 4882 1433 4951 quantis
1484 4878 1766 4934 beneﬁciis
1814 4877 1992 4947 ipsum

416 4985 677 5047 all‘ecerit,
715 4990 769 5037 et
801 4980 1073 5051 quomodo
1107 4976 1497 5030 beneliciorum
1542 4972 1890 5026 immemores
1917 4970 1996 5025 illi

416 5075 542 5129 facti
592 5073 815 5137 iuerint,
866 5080 926 5123 tit
957 5068 1159 5138 pariter
1193 5075 1247 5120 et
1280 5064 1404 5119 lata
1445 5064 1497 5116 in
1549 5063 1669 5117 illos
1715 5062 1999 5117 sententiae

412 5168 681 5240 justitiam
725 5179 917 5220 omnes
950 5162 1200 5224 discant,
1246 5168 1300 5212 et
1345 5156 1539 5229 ingrati
1570 5156 1739 5209 animi
1779 5170 1996 5223 poenam

468 5330 495 5358 ι·
560 5319 750 5375 Matth.
792 5333 919 5383 xxv,
960 5317 1047 5381 ll,
1092 5315 1179 5368 12.
1279 5324 1300 5351 ⁸
1340 5310 1359 5364 l
1399 5312 1525 5369 Cor.
1571 5328 1682 5378 xvr,
1721 5312 1809 5367 εν.

2104 4521 2247 4573 κατὰ
2279 4520 2501 4582 ταυτὸν,
2558 4519 2651 4572 καὶ
2676 4520 2767 4571 τὸν
2794 4519 2913 4572 νέον
2940 4519 3087 4583 λαὸν,
3134 4519 3210 4582 ὡς
3238 4523 3335 4573 οὑκ
3365 4520 3571 4583 ἀδίκως
3597 4524 3697 4574 τὸν

2104 4608 2403 4677 ἀχάριστον
2453 4608 2665 4659 ἐκεῖνον
2732 4608 2861 4661 λαὸν
2916 4609 3017 4678 τῆς
3081 4610 3290 4671 οἰκείας
3356 4612 3696 4680 κηδεμονίας

2103 4699 2443 4769 ἐγύμνωσεν.
2496 4700 2719 4768 Ἐπειδὴ
2770 4700 2879 4768 γὰρ
2909 4700 3046 4753 Θεοῦ
3105 4700 3234 4764 λαὸς
3285 4704 3694 4772 ἐχρημάτιζον,

2102 4792 2199 4842 καὶ
2265 4790 2564 4858 προφανῶς
2623 4790 2722 4857 τῆς
2782 4790 2933 4852 θείας
2983 4792 3329 4861 προμηθείας
3377 4795 3692 4864 ἀπήλαυον,

2105 4881 2305 4951 ἔρημοι
2332 4880 2388 4932 δὲ
2430 4881 2638 4949 ταύτης
2677 4881 2905 4951 ὕστερον
2952 4884 3201 4949 ἐγένοντο
3244 4886 3527 4948 παντελῶς
3554 4904 3566 4915 ’
3601 4888 3695 4941 διὰ

2103 4975 2213 5027 τῶν
2244 4975 2624 5045 προκειμένων
2648 4974 2881 5045 ψαλμῶν
2926 4976 3168 5029 διδάσκει
3207 4978 3421 5039 πάντας
3472 4979 3694 5048 ἀνθρώμ

2106 5082 2265 5127 πους,
2296 5067 2398 5119 ὅσα
2430 5065 2531 5133 μὲν
2576 5065 2738 5118 αὑτὸν
2784 5068 3129 5136 εὐηργέτησε
3170 5070 3262 5121 καὶ
3296 5070 3482 5139 ἡλίκα,
3538 5070 3695 5132 ὅπως

2106 5157 2161 5210 δὲ
2197 5157 2484 5227 ἀχάριστοι
2520 5157 2648 5227 περὶ
2684 5174 2781 5219 τας
2820 5159 3140 5229 εὐεργεσίας
3184 5160 3379 5212 ἐκεῖνοι
3427 5159 3693 5229 γεγένην-

1489 5460 1725 5517 VARUE
1765 5457 2155 5518 LECTIONES
2199 5458 2288 5514 ET
2323 5458 2557 5515 ΝΟΤίΕ.

502 5584 546 5618 ³⁵
576 5584 698 5639 cod.
729 5586 755 5638 1
789 5581 1045 5654 νυμφίου.
1142 5581 1186 5613 ³⁸
1208 5579 1333 5635 cod.
1384 5580 1409 5634 1
1449 5580 1928 5651 λαμπαδηφορίας.

409 5678 593 5757 coda!
623 5677 867 5757 adv-uox.
978 5677 1019 5757 ’_’
1054 5674 1313 5757 ’(np'oQV.
1360 5675 1482 5730 cod.
1524 5675 1551 5730 1
1595 5673 1722 5729 add.
1762 5674 2019 5744 Χριστόν.

407 5746 718 5817 ἀλληλούια.
794 5746 858 5819 ’⁵⁸
909 5745 1031 5801 cod.
1071 5743 1388 5813 ιέγγόνοις.

2062 5579 2104 5611 ³⁷
2137 5577 2266 5634 Rec.
2297 5579 2458 5635 lectio
2509 5580 2564 5634 h.

2623 5581 2655 5635 Ι.
2717 5591 2798 5636 est
2858 5582 3222 5636 ἐκλείποισαν.
3329 5581 3686 5653 ³⁸Πάμπαν,

2142 5675 2186 5706 ⁸⁸
2224 5676 2463 5742 Κύριον.
2514 5674 2571 5729 1η
2638 5685 2785 5731 textu
2852 5674 3016 5733 Hebr.
3078 5676 3328 5746 sequitur
3382 5661 3688 5739 την-πίὴη.
