3924 6486
201 369 339 434 1709

1578 374 1661 432 IN
1700 374 1907 434 PSAL.
1953 379 2097 440 CIV.

3226 450 3231 453 _
3330 396 3464 459 1710

193 503 283 542 ται
314 506 327 520 ο
363 487 444 550 ὡς
467 486 534 541 ἃν
559 487 698 558 ὁμοῦ
726 487 822 541 καὶ
847 489 946 560 τῆς
982 490 1099 543 κατ’
1130 490 1356 542 ἐκείνων
1401 489 1771 560 ἐξενεχθείσης

1890 495 2154 562 videntes,
2209 498 2262 552 in
2308 500 2495 556 eadem
2531 503 2613 558 via
2650 521 2755 576 qua
2790 508 2864 562 illi
2900 525 3007 565 non
3049 510 3319 579 incedant,
3365 517 3462 570 sed

204 580 393 649 ψήφου
437 579 500 632 τὸ
548 579 754 633 δίκαιον
802 582 1175 652 καταμάθοιεν
1226 582 1486 644 ἅπαντες,
1546 584 1642 635 καὶ
1683 583 1783 651 τῆς

197 672 529 742 ἀχαριστίας
572 671 809 742 ὁρῶντες
869 673 935 726 τὰ
990 674 1279 743 ἐπίχειρα,
1349 672 1422 743 μὴ
1464 672 1564 743 τὴν
1612 674 1785 743 αὐτὴν

197 763 433 826 ἐκείνοις
464 763 755 833 βαδίζοιεν,
792 764 928 816 ἀλλὰ
959 764 1059 834 τὴν
1085 764 1303 817 εύθείαν
1339 764 1697 819 ὁδεύσοιενη.

270 861 339 907 α’.
378 873 397 906 ι
430 854 878 924 Ἐξομολογεῖσθε
912 855 991 925 τῷ
1045 857 1253 926 Κυρίῳ,
1288 858 1379 909 καὶ
1432 858 1782 911 ἐπικαλεῖσθε

198 946 262 1000 τὸ
288 946 462 1016 δνομα
483 946 675 999 αὑτοῦ.
715 965 732 996 ι
762 946 835 999 Τὸ
863 946 921 1000 δὲ
971 947 1381 1010 ἐπικαλεῖσθε,
1432 948 1783 1015 κηρύσσητε

196 1041 226 1091 6
274 1037 573 1107 Σύμμαχος
616 1038 807 1109 εἴρηκε
834 1038 899 1092 ⁸³.
954 1038 1399 1108 Παρακελεύεται
1445 1038 1500 1091 δὲ
1556 1042 1584 1092 6
1624 1040 1783 1108 λόγος

200 1130 297 1201 τὴν
345 1130 770 1200 εύχαριστήριον
806 1130 1079 1199 ὑμνῳδίαν
1119 1130 1473 1200 προσφέρειν,
1530 1132 1627 1183 καὶ
1700 1132 1782 1184 δι-

200 1220 453 1291 ηγεῖσθαι
508 1221 609 1283 τὰς
664 1220 817 1283 Θείας
851 1220 1192 1291 εὐεργεσίας.
1230 1238 1246 1270 ι
1298 1220 1694 1288 Ἀπαγγείλατε
1725 1222 1783 1273 ἐν

200 1314 309 1373 τοῖς
336 1312 514 1364 ἔθνεσι
545 1313 615 1364 τὰ
643 1311 780 1381 ἔργα
809 1310 996 1365 αὑτοῦ.
1039 1330 1058 1363 ι
1096 1312 1270 1381 Δῆλόν
1312 1313 1428 1364 ἐστι
1460 1311 1555 1363 καὶ
1587 1311 1777 1380 σαφὲς,

200 1403 274 1463 ὡς
321 1403 511 1471 ὄνησιν
570 1403 671 1454 ούκ
727 1402 1012 1465 Ἰουδαίοις
1050 1402 1233 1471 μόνον,
1292 1402 1451 1465 ἀλλὰ,
1521 1402 1615 1455 καὶ
1666 1404 1783 1464 τοῖς

200 1496 407 1547 ἔθνεσιν
443 1496 651 1549 ἅπασιν
696 1497 1177 1565 πραγματεύεται.
1514 1554 1531 1569 1

272 1587 337 1655 β’.
382 1608 399 1639 ι
444 1588 649 1659 ’ᾼσατε
685 1588 858 1657 αὐτῷ,
892 1589 985 1641 καὶ
1006 1588 1216 1657 ψάλατε
1245 1588 1421 1660 αύτῷ-
1446 1588 1781 1659 διηγήσασθε

201 1674 375 1724 πάντα
431 1674 500 1725 τὰ
554 1674 834 1743 θαυμάσια
888 1676 1076 1728 αὑτοῦ.
1128 1696 1145 1727 ι
1180 1678 1413 1747 ’Ὕμνοις
1471 1678 1630 1731 αὑτὸν
1690 1680 1782 1730 καὶ

203 1762 491 1833 μελῳδίαις
530 1766 868 1835 ἀμείϐεσθεο
924 1768 1020 1818 καὶ
1073 1769 1199 1829 τοὺς
1259 1767 1588 1835 ἀγνοοῦντας
1632 1768 1781 1821 διδά-

200 1857 327 1920 ξατε
366 1856 410 1887 ⁸⁸
437 1857 506 1908 τὰ
540 1859 669 1927 παρ’
704 1858 871 1910 αὑτοῦ
909 1860 1255 1929 γεγενημένα
1284 1860 1564 1930 θαύματα.

267 1954 339 2016 γ’.
381 1967 399 1998 ι
439 1948 787 2002 Ἐπαινεῖσθε
814 1951 873 2002 ἐν
906 1951 985 2018 τῷ
1015 1952 1241 2021 ὀνόματι
1272 1952 1347 2021 τῷ
1377 1952 1517 2022 ἁγίῳ
1543 1951 1730 2007 αὐτοῦ.
1755 1972 1771 2003 ι

210 2042 266 2093 '0
321 2041 383 2094 δὲ
439 2041 677 2104 Ἀκύλας
750 2042 1063 2111 καυχᾶσθε
1112 2045 1232 2097 ἀντὶ
1287 2044 1381 2096 τοῦ
1434 2045 1779 2098 ἑπαινεῖσθε

197 2122 431 2185 τέθεικε.
486 2133 933 2203 Παρακελεύεται
980 2136 1036 2189 δὲ
1066 2138 1094 2188 6
1130 2136 1316 2205 λόγος,
1358 2137 1433 2209 μὴ
1478 2138 1570 2190 ἐπὶ
1610 2138 1778 2191 πλού-

196 2244 294 2296 τῳ,
334 2226 410 2295 μὴ
441 2227 533 2279 ἐπὶ
580 2225 761 2297 ῥώμῃ,
801 2230 876 2297 μὴ
908 2230 998 2280 ἐπὶ
1026 2229 1317 2300 δυναστεία
1352 2232 1497 2299 μέγα
1532 2233 1774 2300 φρονεῖν,

196 2315 311 2367 ἀλλ’
353 2318 411 2368 ὲν
454 2319 519 2386 τῇ
570 2314 664 2368 τοῦ
712 2316 847 2369 Θεοῦ
877 2317 1078 2385 γνώσει
1110 2320 1207 2371 καὶ
1239 2321 1573 2392 προμηθείᾳ.
1606 2321 1779 2374 Τοῦτο

197 2408 561 2479 παρηγγύησε
589 2408 683 2461 καὶ
702 2411 730 2461 6
757 2408 899 2472 θεῖος
934 2408 1254 2471 Ἀποστόλος
1284 2426 1296 2438 °
1335 2430 1353 2461 ι
1394 2412 1453 2463 Ὀ
1482 2411 1775 2482 καυχώμε-

194 2518 281 2562 νος
334 2500 465 2568 γὰρ.
500 2502 697 2569 φησὶν,
736 2500 794 2551 ὲν
830 2501 1019 2571 Κυρίῳ
1047 2502 1366 2571 καυχάσθω.
1411 2522 1427 2553 ι
1462 2502 1652 2556 Ταῦτα
1683 2506 1777 2558 καὶ

196 2592 552 2662 ήσοφωτάτη
587 2591 753 2642 ’Λννα
802 2589 1044 2654 διέξεισι,
1086 2609 1103 2640 ι
1144 2592 1233 2660 Μὴ
1282 2593 1578 2661 καυχάσθω
1606 2598 1633 2648 6
1684 2613 1774 2648 ao-

197 2684 289 2752 φὺς
330 2686 389 2737 ὲν
416 2686 482 2753 τῇ
513 2684 676 2752 σοφία
702 2684 890 2747 αὐτοῦ,
934 2686 1027 2735 καὶ
1061 2686 1106 2716 ⁸⁵
1145 2686 1217 2753 μὴ
1252 2686 1546 2754 καυχάσθω
1569 2688 1596 2738 6
1634 2689 1777 2753 ἰσχυ-

197 2776 288 2845 ρὸς
311 2777 370 2826 ὲν
399 2778 465 2843 τῇ
497 2773 642 2843 ἰσχύϊ
670 2775 857 2829 αὑτοῦ.
892 2794 909 2824 ι
930 2776 1060 2839 Καὶ,
1092 2795 1109 2825 ι
1130 2776 1219 2847 Μὴ
1243 2778 1536 2846 καυχάσθω
1558 2780 1584 2831 6
1615 2778 1776 2832 πλού-

196 2883 309 2928 σιος
346 2866 403 2917 ἐν
434 2864 511 2934 τῷ
542 2864 758 2934 πλούτῳ
786 2866 975 2929 αὐτοῦ,
1014 2868 1129 2919 ἀλλ’
1173 2870 1231 2920 ἐν
1273 2870 1447 2937 τούτῳ
1476 2871 1775 2939 καυχάσθω

193 2959 222 3009 ὁ
252 2956 631 3026 καυχώμενος,
665 2960 722 3008 ἐν
748 2957 823 3026 τῷ
852 2960 1054 3011 συνιείν
1074 2960 1167 3012 καὶ
1204 2960 1498 3027 γινώσκειν
1539 2961 1631 3013 τὸν
1661 2962 1772 3014 Κύ-

196 3068 333 3121 ριον,
369 3052 465 3102 καὶ
503 3052 678 3103 ποιεῖν
734 3054 911 3119 κρῖμα
946 3053 1043 3103 καὶ
1090 3052 1439 3123 δικαιοσύνην
1481 3054 1577 3106 ἐπὶ¹
1603 3054 1648 3085 ’⁸⁸
1675 3055 1773 3124 τῆς

194 3145 317 3212 γῆς.
363 3160 382 3192 ›
408 3170 479 3179 -
504 3160 523 3190 ι
564 3140 938 3211 Εὑφρανθήτω
970 3143 1167 3210 καρδία
1192 3142 1501 3211 ζητούντων
1528 3144 1621 3196 τὸν
1657 3144 1770 3197 Κύ-

196 3250 331 3303 ριον.
368 3250 387 3282 ι
439 3231 551 3301 Τῆς
583 3232 691 3303 γὰρ
723 3234 804 3294 εἰς
859 3233 949 3285 τὸν
999 3234 1134 3287 Θεὸν
1194 3235 1412 3298 ἐλπίδος
1460 3236 1768 3308 εὐφροσύνη

194 3327 430 3393 καρπός.

261 3416 324 3469 δ’.
361 3436 378 3466 ι
419 3416 701 3489 Ζητήσατε
730 3417 822 3469 τὸν
864 3418 1091 3487 Κύριον,
1131 3418 1225 3471 καὶ
1254 3421 1635 3492 κραταιώθητε
1653 3424 1717 3476 ⁸⁷.
1749 3442 1767 3475 ι

191 3511 302 3564 Καὶ
350 3510 625 3562 διδάσκων
677 3509 795 3572 πῶς
843 3510 927 3563 δεῖ
974 3511 1133 3563 τοῦτο
1198 3516 1407 3575 ποιεῖν,
1474 3515 1720 3585 ἐπήγαγε
1755 3533 1768 3546 ·

194 3619 214 3651 ι
252 3602 539 3671 Ζητήσατε
590 3602 650 3653 τὸ
719 3601 1014 3671 πρόσωπον
1075 3604 1242 3656 αὑτοῦ
1295 3604 1605 3670 διαπαντός.
1650 3628 1667 3660 ι
1696 3611 1772 3662 υύ

190 3693 298 3762 γὰρ
331 3693 545 3763 ἃπαεῆ
595 3692 700 3757 δὶς,
734 3692 871 3746 ἀλλὰ
925 3694 1077 3762 παρὰ
1130 3696 1307 3748 πάντα
1365 3698 1456 3749 τὸν
1512 3698 1627 3767 βίον
1671 3701 1773 3770 τὴν

190 3784 401 3838 ἄνωθεν
432 3786 754 3855 ἐπικουρίαν
804 3788 1071 3857 προσήκει
1102 3788 1307 3855 ζητεῖν,
1360 3789 1455 3841 καὶ
1488 3791 1586 3859 τὴν
1624 3791 1773 3859 ὠφέ-

188 3875 340 3927 λειαν
369 3872 736 3943 καρποῦσθαι.
762 3872 998 3944 Ἀμαχοι
1025 3878 1133 3947 γὰρ
1150 3878 1195 3929 οἰ
1215 3876 1505 3946 ζητοῦντες
1532 3880 1768 3947 ἔσονται,

189 3967 283 4019 καί
305 3967 589 4036 ἀήττητοι.
626 3965 795 4017 Τοῦτο
821 3968 914 4018 κα)⁸
951 3968 979 4018 6
1017 3967 1221 4037 Κύριος
1254 3970 1564 4038 νομοθετῶν
1595 3973 1770 4043 ὑπηγ-

186 4055 409 4121 γείλατο
432 4069 447 4084 ·
485 4072 504 4105 ι
541 4055 754 4106 Αἰτεῖτε
797 4054 891 4108 καὶ
919 4054 1205 4126 δοθήσεται
1236 4060 1389 4127 ὑμῖν,
1430 4061 1645 4130 ζητεῖτε
1678 4065 1771 4117 καὶ

186 4128 451 4216 εὑρήσετε
473 4188 485 4209 ,
529 4145 755 4215 κρούετε
805 4145 901 4197 καὶ
937 4146 1293 4218 ἀνοιγήσεται
1322 4151 1451 4219 ύμῖν
1476 4128 1495 4182 ’Ἴ
1531 4155 1638 4216 πᾶς
1661 4156 1771 4225 γὰρ

184 4239 213 4289 6
240 4238 410 4291 αἰτῶν
456 4237 759 4306 λαμὸἁνει,
812 4238 907 4290 καὶ
951 4240 978 4290 6
1020 4238 1196 4310 ζητῶν
1232 4243 1502 4313 εὑρίσκει,
1552 4246 1644 4299 καὶ
1692 4248 1770 4319 τῷ

186 4329 441 4399 κρούοντι
468 4332 659 4400 ἀνοιγή
669 4347 841 4386 σεται.
874 4350 893 4382 ι

256 4430 317 4474 ε’.
352 4441 368 4472 ι
407 4421 699 4492 Μνήσθητε
728 4423 836 4475 τῶν
864 4425 1188 4493 θαυμασίων
1218 4429 1383 4482 αὑτοῦ
1415 4424 1490 4483 ὧν
1520 4434 1765 4504 ἐποίησε,

1888 598 2097 642 rectum
2126 593 2397 647 tramitem
2431 596 2826 663 ingrediantur.

1956 851 2122 908 Vsus.
2168 854 2220 906 l.
2267 875 2283 906 ι
2322 855 2671 913 Confitemiui
2714 859 2967 929 Domino,
3001 873 3054 919 et
3086 867 3333 921 invocate
3362 883 3468 921 no-

1885 960 2009 997 men
2052 946 2189 1014 ejus.
2235 966 2253 997 ›
2314 946 2613 1004 l’ra'dicale
2667 951 3031 1023 Symmachus
3083 973 3183 1027 pro
3228 960 3467 1013 invocata

1884 1038 2071 1092 vertit.
2127 1039 2289 1094 Jubet
2326 1058 2454 1097 vero
2507 1043 2594 1098 hic
2641 1060 2824 1101 sermo
2872 1049 3173 1116 gratiarum
3230 1052 3465 1106 actionis

1886 1130 2117 1199 hymnos
2140 1134 2357 1199 oﬂ‘erre,
2390 1136 2685 1207 divinaque
2718 1140 2975 1195 beneficia
3014 1158 3263 1199 narrare.
3302 1164 3322 1194 ι
3354 1146 3467 1198 An-

1885 1224 2133 1279 nuutiate
2176 1226 2321 1282 inter
2347 1240 2537 1298 gentes
2569 1245 2732 1299 Opera
2763 1232 2900 1302 ejus.
2942 1252 2962 1284 ι
2998 1234 3216 1289 Clarum
3259 1246 3313 1291 et
3344 1252 3465 1306 per-

1885 1317 2136 1385 spicuum
2166 1330 2271 1386 est,
2310 1322 2415 1377 hoc
2448 1338 2554 1378 non
2580 1324 2781 1380 Judaeis
2806 1328 3111 1393 solum,sed
3138 1332 3304 1385 etiam
3336 1349 3467 1403 gen-

1886 1409 2041 1463 tibus‘
2064 1413 2319 1469 omnibus
2356 1415 2641 1471 utilitatem
2685 1432 3007 1487 procurare.

1954 1565 2125 1622 Vens.
2166 1569 2221 1623 ‘2.
2272 1589 2289 1622 ι
2331 1571 2559 1629 Cantate
2591 1576 2681 1641 ei,
2737 1586 2792 1631 et
2847 1580 3062 1648 psallite
3110 1582 3194 1645 ci,
3248 1594 3466 1639 narrate

1884 1660 2069 1713 Omnia
2107 1661 2377 1718 mirabilia
2416 1665 2557 1734 ejus.
2606 1686 2624 1717 ι
2668 1666 2914 1739 llymnos
2944 1670 3243 1741 dulcesque
3271 1683 3466 1727 cantus

1886 1751 1988 1820 ipsi
2026 1755 2331 1822 rependite,
2354 1767 2520 1827 atque
2537 1760 2805 1815 miracula
2829 1761 2898 1816 ab
2924 1764 3041 1833 ipso
3068 1765 3211 1820 edita
3248 1768 3466 1822 nescios

1813 1844 1853 1896 Β
1882 1842 2095 1898 docete.

1958 1933 2125 1991 Vens.
2170 1939 2223 1993 5.
2276 1959 2293 1990 ι
2335 1940 2660 1997 Laudamini
2696 1945 2749 1999 in
2782 1947 3003 2002 nemine
3038 1958 3228 2003 sancto
3263 1950 3402 2017 ejus.
3441 1971 3460 2001 ι

1884 2027 2081 2095 Aquila
2119 2032 2451 2099 gloriamini,
2484 2049 2581 2103 pro
2616 2036 2939 2104 laudamim’,
2969 2042 3173 2107 posuit.
3208 2040 3467 2096 Hortatur

1886 2136 2018 2175 sane
2048 2137 2231 2176 sermo
2261 2123 2382 2187 iste,
2419 2135 2477 2179 ut
2518 2141 2623 2181 non
2655 2128 2724 2182 ob
2753 2129 2994 2196 divitias,
3031 2148 3135 2185 non
3170 2134 3241 2186 ob
3274 2135 3461 2199 robur,

1886 2226 1993 2264 non
2034 2213 2103 2265 ob
2143 2215 2439 2282 potentiam
2487 2218 2849 2284 exsultemus,
2893 2220 2989 2275 sed
3035 2222 3089 2275 in
3140 2224 3231 2278 Dei
3275 2230 3462 2296 (ωειιί⁴

1886 2300 2037 2355 tione
2073 2319 2136 2357 ac
2167 2306 2528 2373 providentia.
2557 2307 2670 2365 lloc
2691 2321 2743 2365 ct
2768 2310 2987 2367 divinus
3017 2313 3314 2382 Apostolus
3347 2335 3463 2373 tuo-

1888 2390 2029 2445 nuit.
2069 2410 2086 2441 ι
2118 2390 2220 2458 Qui
2251 2395 2420 2459 enim,
2449 2398 2645 2467 inquit,
2680 2400 2963 2468 gloriatur,
2996 2403 3049 2456 in
3089 2404 3318 2460 Domino
3348 2409 3464 2476 glu-

1884 2484 2127 2538 rietur‘.
2170 2504 2187 2535 ι
2248 2487 2372 2542 llaec
2439 2491 2600 2544 etiam
2669 2493 3081 2562 sapientissima
3150 2496 3241 2551 illa
3305 2502 3461 2556 Anna

1888 2576 2103 2649 1344
2137 2581 2445 2649 explicat".
2505 2604 2522 2634 ι
2562 2584 2638 2638 Ne
2687 2587 2953 2654 glorietur
2999 2591 3219 2659 sapiens
3260 2592 3314 2647 in
3363 2613 3461 2649 sua

1882 2673 2173 2740 sapientia,
2196 2690 2371 2744 neque
2392 2676 2547 2731 fortis
2585 2679 2636 2731 in
2659 2695 2757 2734 sua
2785 2679 3124 2737 fortitudine.
3171 2705 3189 2734 ι
3216 2684 3299 2749 Et,
3338 2708 3355 2740 ι
3385 2691 3463 2744 Ne

1884 2768 2326 2836 glorieturdives
2361 2772 2412 2823 in
2439 2772 2649 2826 divitiis
2682 2773 2828 2839 suis;
2862 2776 2955 2829 sed
2990 2776 3042 2829 in
3071 2777 3172 2832 hoc
3196 2780 3464 2848 glorietur

1881 2861 1975 2929 qui
2005 2861 2292 2930 gloriatur.
2350 2864 2401 2916 in
2446 2864 2795 2933 intelligendo
2839 2876 2894 2921 et
2929 2874 3311 2936 cognoscendo
3356 2873 3460 2928 De-

1880 2949 2115 3014 minum,
2168 2963 2222 3004 et
2263 2952 2514 3006 faciendo
2559 2954 2830 3022 judicium
2877 2967 2932 3010 et
2975 2957 3248 3025 justitiam
3300 2977 3462 3033 super

1876 3050 2024 3096 terra
2044 3052 2092 3096 ν.
2132 3062 2149 3093 ι
2176 3075 2245 3083 -
2277 3063 2294 3094 ι
2326 3045 2558 3099 Laetetur
2581 3063 2673 3102 cor
2702 3050 3062 3117 quarrentium
3093 3053 3406 3112 Dominum.
3435 3078 3455 3111 ι

1880 3134 2015 3191 Nam
2039 3135 2252 3193 fructus
2276 3139 2390 3207 spei
2425 3139 2477 3193 in
2512 3139 2623 3195 Deo
2650 3142 2932 3198 collocata:
2957 3154 3042 3199 est
3071 3145 3278 3202 laetitia.

1947 3411 1961 3429 ⁶
1990 3408 2162 3481 Vens.
2205 3412 2259 3465 4.
2309 3432 2325 3462 ι
2366 3410 2603 3477 Qiimrite
2654 3413 2983 3479 Dominum,
3048 3426 3103 3471 et
3164 3422 3458 3477 confirma-

1876 3501 2031 3556 mini.
2077 3522 2095 3553 ι
2142 3501 2208 3557 Ει
2236 3503 2461 3567 docens,
2504 3506 2784 3573 quomodo
2820 3505 2925 3559 hoc
2966 3506 3146 3564 facere
3185 3522 3455 3581 oporteat.

1875 3592 2039 3648 infert
2071 3612 2083 3647 :
2124 3614 2141 3645 ι
2184 3593 2421 3660 Quaerite
2453 3594 2646 3650 faciem
2677 3597 2797 3664 ejus
2824 3614 3060 3667 semper.
3100 3620 3118 3651 ›
3153 3600 3271 3656 Νοη
3309 3606 3455 3659 enim

1876 3688 2063 3753 semel,
2115 3697 2209 3742 aut
2261 3688 2366 3752 bis,
2419 3690 2515 3744 sed
2568 3705 2663 3758 per
2714 3700 2881 3745 totam
2932 3694 3098 3747 vitam
3146 3710 3449 3765 supernum

1874 3782 2142 3835 auxilium
2197 3797 2442 3851 quaerere
2486 3783 2776 3848 convenit,
2832 3785 3228 3855 utilitatemque
3281 3791 3456 3858 perci-

1875 3888 2022 3942 pere.
2056 3874 2251 3927 lnvieti
2278 3876 2421 3927 enim
2468 3884 2521 3929 et
2562 3876 2960 3944 insuperabiles
2996 3891 3160 3933 erunt
3186 3883 3275 3950 qui
3308 3898 3455 3950 quae-

1872 3975 2005 4019 runt
2029 3966 2183 4020 illud.
2209 3966 2322 4021 Hoc
2349 3968 2512 4020 etiam
2546 3967 2808 4022 Dominus
2833 3968 3005 4037 legem
3044 3970 3223 4024 ferens
3248 3974 3454 4040 pollici—

1881 4065 1970 4109 tus
2001 4068 2084 4111 est
2116 4076 2127 4109 :
2165 4076 2183 4107 ι
2219 4057 2411 4122 Petite,
2437 4065 2489 4110 et
2514 4057 2732 4111 dabitur
2758 4060 2931 4121 vobis,
2961 4062 3189 4127 quaerite
3215 4074 3268 4116 et
3300 4064 3451 4118 inve-

1874 4149 2061 4213 nietis,
2116 4148 2330 4217 pulsate
2383 4160 2435 4201 et
2482 4149 2760 4218 aperietur
2817 4150 3006 4217 vobis;
3059 4154 3238 4209 omnis
3284 4158 3452 4220 enim,

1872 4242 1966 4312 qui
2010 4243 2161 4311 petit,
2211 4241 2455 4309 accipit:
2499 4251 2552 4294 et
2595 4241 2689 4309 qui
2739 4244 2957 4311 qumril,
3010 4244 3220 4300 invenit
3261 4265 3274 4299 :
3309 4258 3363 4303 et
3403 4238 3479 4304 ei.

1871 4336 1964 4407 qui
1991 4336 2195 4405 pulsat,
2234 4335 2505 4404 aperietur
2527 4324 2598 4386 ν’·.
2644 4354 2661 4387 ι

1942 4426 2108 4483 Vens.
2152 4430 2202 4483 5.
2245 4446 2263 4478 ι
2306 4427 2631 4484 Mementote
2663 4429 2993 4484 mirabilium
3022 4432 3161 4501 ejus,
3208 4450 3329 4504 qua:
3371 4433 3450 4489 fe~

186 4513 251 4565 τὰ
306 4513 514 4583 τέρατα
581 4512 779 4575 αὑτοῦ,
825 4514 915 4566 καὶ
961 4515 1031 4567 τὰ
1078 4519 1319 4587 κρίματα
1352 4521 1443 4573 τοῦ
1498 4525 1763 4592 στόματος

1890 4521 1961 4585 :it,
2012 4519 2258 4589 prodigia
2307 4520 2448 4589 ejus,
2499 4530 2553 4574 et
2595 4521 2801 4589 judicia
2851 4522 2966 4576 oris
3018 4523 3156 4590 ejus.
3198 4544 3215 4575 ι
3272 4524 3448 4579 Nolite

186 4603 372 4658 αὑτοῦ.
414 4624 433 4655 ι
485 4604 576 4673 Μὴ
622 4605 892 4673 παράδοτε
916 4605 961 4637 ⁸⁸
1009 4606 1151 4679 λήθῃ
1200 4610 1299 4673 τὰς
1333 4613 1607 4684 ἀρῤήτους
1635 4614 1765 4668 θαυ-

190 4694 552 4765 ματουργίας,
592 4694 658 4756 ἃς
692 4698 756 4765 τῇ
779 4696 966 4765 δικαίᾳ
994 4695 1161 4767 ψήφῳ
1193 4703 1478 4771 κοσμήσας
1501 4705 1529 4755 6
1560 4705 1767 4757 Δεσπό-⁹

184 4801 282 4854 της
330 4784 650 4854 εἰργάσατο.
707 4783 975 4851 Κρίματα
1037 4785 1146 4856 γὰρ
1202 4787 1433 4841 ἐνταῦθα
1492 4791 1767 4859 προσηγό-

188 4892 344 4944 ρευσε
385 4874 452 4927 τὰ
494 4874 721 4939 ἐνδίκως
778 4876 882 4928 ὑπὸ
928 4878 1021 4930 τοῦ
1063 4877 1198 4930 Θεοῦ
1246 4882 1588 4951 γεγενημένα
1632 4882 1765 4934 θαύ-

187 4985 353 5035 ματα.
387 4968 610 5038 Ἐπειδὴ
641 4970 750 5038 γὰρ
791 4971 901 5023 τῶν
951 4973 1009 5025 ἐν
1068 4974 1333 5044 Αἰγύπτῳ
1375 4977 1764 5045 γεγενημένων

185 5064 422 5113 ποιεῖται
457 5062 733 5132 διήγησιν,
786 5066 1137 5135 προδιδάσκει
1193 5068 1293 5137 τῆς
1337 5068 1650 5136 Αἰγυπτίων
1680 5088 1762 5122 τι-

187 5151 401 5219 μωρίας
432 5152 490 5205 τὸ
522 5152 751 5210 δίκαιον.

253 5248 328 5304 ς’.
370 5262 387 5293 ι
427 5244 657 5315 Σπέρμα
682 5247 934 5319 Ἀϐραὰμ
963 5248 1140 5303 δοῦλοι
1182 5250 1347 5304 αὑτοῦ
1370 5291 1384 5315 ,
1428 5252 1535 5304 υἰοὶ
1565 5251 1762 5305 Ἰακὼὸ

184 5332 431 5386 ἐκλεκτοὶ
465 5337 655 5389 αὑτοῦ.
691 5356 709 5389 ι
755 5337 894 5403 Τοὺς
912 5339 956 5370 δ’
999 5341 1197 5403 αὐτοὺς
1230 5342 1324 5395 καὶ
1352 5339 1511 5393 τοῦτο
1542 5342 1763 5395 κάκεῖνο

256 5478 273 5508 ι
308 5472 349 5526 ll
378 5473 506 5527 Cor.
540 5490 593 5534 χ,
630 5474 713 5530 l7.

1870 4612 2164 4667 ineffabilia
2224 4613 2487 4666 miracula
2543 4613 2802 4665 oblivioni
2853 4613 3087 4677 tradere,
3132 4631 3255 4684 qua:
3295 4617 3443 4685 justa

1870 4706 2141 4762 sententia
2192 4704 2494 4773 disponens
2541 4703 2803 4757 Dominus
2843 4703 2988 4757 fecit.
3036 4704 3256 4760 Iudicia
3299 4712 3445 4762 enim

1870 4802 1974 4856 hoc
2002 4801 2123 4854 loco
2153 4799 2295 4853 dixit
2320 4797 2582 4851 miracula
2610 4796 2757 4864 juste
2792 4812 2821 4848 a
2848 4794 2958 4849 Deo
2982 4796 3145 4850 edita.
3176 4799 3445 4863 Quoniam

1868 4895 2013 4949 enim
2040 4893 2107 4947 de
2140 4892 2271 4955 illis,
2303 4906 2425 4953 quae
2450 4890 2504 4942 in
2535 4888 2771 4959 .Egypto
2803 4887 2940 4943 facta
2974 4887 3143 4953 fuere,
3176 4890 3337 4945 verba
3368 4892 3447 4947 fa-

1867 4986 1962 5048 cit,
1988 4984 2260 5054 justitiam
2293 4997 2466 5051 ptena:
2499 4979 2879 5049 {Egyptiorum
2912 4989 3066 5036 antea
3097 4982 3277 5036 docet.

1944 5242 2104 5296 Vens.
2150 5240 2203 5294 6.
2250 5259 2267 5290 ι
2308 5238 2504 5292 Semen
2567 5235 2861 5290 Abrahami
2921 5239 3062 5292 servi
3117 5238 3275 5307 ejus,
3346 5238 3441 5291 lilii

1867 5336 2037 5391 Jacob
2082 5334 2239 5388 electi
2286 5332 2424 5399 ejus.
2474 5349 2490 5379 ι
2538 5327 2768 5383 Eosdem
2804 5337 2857 5381 et
2888 5329 2998 5383 hoc
3044 5339 3098 5383 et
3138 5330 3229 5382 illo
3275 5328 3440 5384 modo

794 5487 818 5513 υ
852 5473 871 5527 Ι
900 5474 1033 5543 Reg.
1064 5490 1123 5540 ιι,
1161 5475 1246 5528 l0.
1324 5485 1351 5513 ν
1379 5474 1579 5529 Jerem.
1623 5492 1696 5537 ix,
1729 5475 1820 5540 23,
1855 5474 1946 5527 24.
1991 5476 2038 5509 τ’
2070 5469 2259 5523 Matth.
2292 5483 2384 5529 vu,
2419 5466 2472 5532 7,
2505 5463 2558 5519 8.

1272 5607 1504 5662 VARUE
1548 5606 1935 5663 LECTIONES
1970 5604 2056 5658 ET
2093 5601 2325 5657 ΝΟΤΑΞ.
2474 5695 2487 5707 ι
2567 5696 2581 5707 _
2743 5694 2752 5704 .
3002 5701 3012 5707 Δ
3332 5692 3343 5707 ⁹

227 5706 270 5736 ⁸²
294 5704 415 5759 cod.
455 5707 476 5759 l
516 5706 772 5759 ὀδεύοιεν.
850 5707 893 5739 ⁸³
924 5709 1164 5776 Εἵρηκε.
1221 5706 1345 5760 cod.
1383 5706 1403 5757 1
1446 5706 1771 5776 ἡρμήνευσε

1891 5702 1935 5733 δ”
1966 5700 2251 5763 Διδὰξατε
2292 5695 2584 5776 εει-θοάζει
2632 5694 2849 5776 ponitur
2895 5701 3023 5776 post1
3069 5694 3437 5776 γεγενημένα.

180 5768 224 5801 ⁸⁸
249 5777 383 5828 Καί.
413 5777 585 5829 Abest
627 5793 657 5829 a
693 5779 816 5831 cod.
849 5779 898 5833 l.

180 5842 335 5900 δῶτε.

1037 5779 1081 5809 ⁸⁸
1114 5778 1259 5830 Ἐπί.
1285 5777 1407 5832 cod.
1441 5777 1462 5829 Ι
1512 5776 1567 5826 ὲν
1598 5775 1767 5841 μέσῳ.

413 5846 459 5877 δ’
488 5847 655 5915 Τοὺς,
688 5866 741 5902 κ.
769 5865 821 5903 τ.
854 5850 903 5902 λ.
927 5849 1045 5904 Alia
1074 5850 1233 5903 habet
1258 5846 1421 5903 Cord.
1457 5856 1495 5900 t.
1536 5844 1623 5907 lll,
1648 5859 1700 5912 p.
1730 5842 1851 5897 115.

1883 5772 1926 5804 ⁸⁷
1951 5772 2058 5827 Kal
2090 5762 2256 5837 κρατ.
2292 5768 2457 5821 Hebr.
2492 5764 2559 5819 Et
2591 5764 2748 5820 robur
2770 5762 2909 5833 ejus.
2981 5762 3025 5795 ⁸⁸
3053 5764 3174 5818 cod.
3203 5763 3224 5814 l
3262 5779 3439 5835 παρα-
