3924 6494
479 372 615 441 1711

1504 374 2000 439 THEODORETI
2033 372 2377 434 EPISCOPI
2414 372 2785 433 CYRENSIS

3604 363 3750 432 1712

472 492 779 557 nuncupat,
822 493 880 540 ut
914 484 1008 556 qui
1037 484 1236 557 partim
1262 494 1512 557 nepotes,
1543 488 1741 557 partim
1768 487 1864 542 ﬁlii
1888 487 2055 541 exsti-

2186 486 2331 552 ;αλεῖ,
2364 487 2440 550 ob;
2466 488 2593 548 τοὺς
2618 486 2664 515 ⁵⁸
2702 485 2804 555 μὲν
2834 481 3158 550 ἀπογόνους,
3190 480 3317 545 τοὺς
3344 479 3405 534 δέ
3432 478 3583 545 υἱοὺς
3607 499 3753 552 χρη·

474 578 665 640 terint.
714 576 930 632 Electa:
990 591 1121 632 vero
1180 578 1491 648 appellavit,
1544 586 1605 633 ut
1651 593 1748 633 eos
1797 580 1890 648 qui
1948 592 2059 647 prae

473 670 690 727 cunctis
727 670 983 741 gentibus
1016 669 1253 739 populus
1302 668 1397 725 Dei
1435 672 1611 726 vocati
1651 678 1800 724 sunt.
1846 668 2059 739 1345

474 761 592 819 Hoc
654 770 835 816 autem
890 771 945 816 et
997 776 1094 831 per
1144 776 1208 816 ea
1268 776 1391 831 qua:
1460 770 1767 832 sequuntur
1835 763 2059 815 demon-

476 852 694 911 stravit.

548 941 717 1000 Υιςιιε.
762 944 814 998 7.
860 960 880 994 ς
917 940 1035 1011 Ipse
1067 940 1331 997 Dominus
1375 940 1519 996 Deus
1566 951 1774 1004 noster,
1815 941 1868 993 in
1910 938 2062 992 omni

476 1048 623 1094 terra
664 1038 873 1110 judicia
918 1038 1058 1107 ejus.
1101 1055 1120 1088 ι
1154 1037 1291 1091 Cum
1336 1038 1484 1091 enim
1539 1038 1657 1107 ipse
1699 1037 1772 1092 sit
1815 1037 2061 1089 omnium

480 1126 627 1184 Deus
670 1139 725 1183 et
775 1126 1059 1194 Dominus,
1113 1128 1326 1197 totique
1372 1128 1493 1183 orbi
1547 1129 1883 1193 dominetur,
1939 1140 2065 1196 pro-

478 1219 655 1290 prium
683 1218 944 1289 populum
978 1218 1081 1273 hos
1117 1220 1429 1288 appellavit.

555 1309 720 1365 Vsus.
763 1309 818 1364 8.
866 1327 885 1361 ι
925 1307 1134 1364 Memor
1166 1310 1269 1365 fuit
1299 1311 1355 1364 in
1386 1310 1647 1365 saeculum
1692 1310 1914 1366 fmderis
1952 1311 2062 1379 sui,

481 1401 634 1455 verbi
662 1401 807 1471 quod
844 1401 1124 1457 mandavit
1163 1402 1218 1455 in
1268 1402 1416 1457 mille
1448 1404 1850 1473 generationes.
1892 1422 1911 1455 ι
1962 1403 2067 1458 Per

485 1492 604 1547 ham
625 1491 1093 1547 continuationem
1120 1501 1174 1548 et
1200 1496 1616 1563 perpetuitatem
1644 1495 1802 1549 docet
1830 1497 2068 1564 promis-

480 1585 725 1649 sionum,
754 1599 877 1654 quae
902 1584 1218 1639 Abrahamo
1261 1584 1418 1640 facta:
1446 1585 1689 1641 fuerunt.
1740 1585 1856 1640 Non
1898 1587 2066 1653 enim,

481 1682 543 1729 ut
566 1674 735 1744 aliqui
768 1673 1049 1741 dixerunt,
1085 1675 1174 1730 hic
1204 1690 1387 1731 sermo
1422 1686 1505 1733 est
1539 1677 1945 1748 hyperbolicus,
1974 1678 2067 1732 sed

484 1779 653 1820 verus
706 1774 763 1820 et
813 1766 1053 1822 divinus.
1112 1765 1377 1824 Promisit
1434 1778 1617 1824 autem
1684 1771 2067 1824 universorum

2165 581 2522 650 ματίσαντας.
2558 577 2917 642 Ἐκλεκτοὺς
2941 576 3000 629 δέ
3017 576 3466 647 προσηγόρευσεν
3487 574 3565 639 ὡς
3590 576 3753 647 παρὰ

2161 671 2344 725 πάντα
2376 671 2445 723 τὰ
2486 669 2619 741 ἔθνη
2648 669 2777 731 λαὸς
2818 666 3121 736 κληθέντας
3172 665 3331 719 Θεοῦ.
3366 663 3541 718 Τοῦτο
3564 664 3622 718 δέ
3649 666 3754 719 καὶ

2159 763 2251 841 διὰ
2280 762 2391 818 τῶν
2424 762 2839 835 ἐπιφερομένων
2872 758 3170 830 ἐδήλωσεν.

2234 942 2300 1007 ζ’.
2341 962 2359 992 ε
2400 940 2573 1003 Αὐτὸς
2603 940 2809 1010 Κύριος
2835 939 2864 992 ὁ
2894 937 3028 1001 Θεὸς
3060 937 3244 1006 ἡμῶν,
3281 938 3338 989 ἐν
3368 938 3519 1009 πάσῃ
3555 940 3623 1008 τῇ
3677 939 3753 1006 γῇ

2161 1036 2229 1088 τὰ
2278 1035 2522 1106 κρίματα
2577 1031 2765 1087 αὑτοῦ.
2820 1050 2841 1083 ι
2890 1030 2947 1084 '0
2993 1030 3103 1102 γὰρ
3153 1029 3318 1093 αὐτὸς
3366 1028 3442 1083 ῶν
3490 1032 3755 1084 ἁπάντων

2162 1127 2296 1188 Θεὸς
2344 1127 2439 1178 καὶ
2469 1123 2693 1195 Κύριος,
2732 1121 2825 1175 καὶ
2866 1121 3048 1188 πάσης
3100 1119 3382 1183 δεσπόζων
3425 1119 3526 1189 τῆς
3567 1121 3755 1172 οἰκου-

2168 1219 2361 1288 μένης,
2391 1216 2618 1277 τούτους
2657 1214 2787 1268 ἴδιον
2817 1213 2945 1268 λαὸν
2971 1211 3445 1284 προσηγόρευσεν.

2232 1315 2305 1379 η’.
2353 1326 2372 1359 ι
2422 1306 2704 1376 Ἐμνήσθη
2749 1306 2833 1369 είς
2889 1306 2982 1359 τὸν
3013 1304 3192 1359 αίῶνα
3242 1303 3514 1373 διαθήκης
3556 1300 3758 1366 αὐτοῦ,

2163 1400 2323 1467 λόγου
2375 1395 2436 1454 οὗ
2488 1399 2797 1453 ἐνετείλατο
2843 1400 2923 1461 είς
2967 1396 3149 1468 χιλίας
3191 1398 3405 1465 γενεάς.
3446 1416 3464 1447 ι
3498 1396 3572 1448 “re.
3600 1396 3762 1466 διαρ-

2166 1494 2255 1556 κές
2288 1494 2384 1545 καὶ
2414 1494 2640 1564 μόνιμον
2668 1491 2779 1545 τῶν
2802 1490 2941 1563 πρὸς
2961 1490 3054 1543 τὸν
3080 1489 3339 1561 ’Δϐραὰμ
3365 1488 3762 1559 γεγενημένων

2167 1585 2519 1655 ὑποσχέσεων
2562 1584 2649 1639 διὰ
2687 1584 2895 1637 τούτων
2926 1582 3189 1637 διδάσκει.
3230 1582 3305 1635 υύ
3344 1581 3474 1650 γὰρ,
3506 1581 3583 1643 ῶς
3607 1597 3761 1643 τινες

2169 1675 2465 1741 ὑπέλαϐον,
2511 1673 2876 1746 ὑπερϐολικὸς
2922 1673 2951 1723 δ
2984 1672 3176 1740 λόγος’
3238 1670 3354 1724 ἀλλ’
3412 1670 3621 1739 ἀληθὴς
3660 1670 3765 1722 καὶ

2170 1767 2334 1830 θεῖος.
2376 1767 2677 1837 ’Υπέσχετο
2698 1766 2757 1819 δέ
2782 1767 2811 1819 ό
2844 1764 2953 1818 τῶν
2982 1763 3121 1818 ὅλων
3154 1762 3308 1828 Θεὸς,
3360 1764 3419 1815 ἐν
3456 1762 3537 1831 τῷ
3589 1764 3763 1831 σπέρ-

479 1854 629 1911 Deus
669 1856 723 1909 in
758 1858 969 1912 semine
1021 1858 1141 1925 ejus
1172 1874 1232 1913 se
1272 1859 1689 1915 benedicturum
1726 1876 1849 1916 esse
1878 1862 2059 1915 omni-

2186 1878 2300 1912 ιατι
2352 1858 2523 1912 αὐτοῦ
2558 1858 2878 1928 εὑλογήσειν
2922 1857 3104 1911 πάντα
3135 1855 3207 1908 τὰ
3234 1854 3388 1925 ἔθνη.
3421 1855 3662 1925 Σπέρμα
3702 1854 3765 1907 δὲ

480 1944 588 2000 bus
617 1945 892 2015 gentibus.
933 1944 1133 2000 Semen
1165 1962 1296 2002 vero
1325 1949 1448 2017 ejus
1490 1958 1575 2004 est
1606 1949 1875 2006 Dominus
1900 1949 2061 2017 Chri-

480 2044 601 2091 stus
648 2036 951 2091 secundum
995 2050 1242 2101 carnem,
1308 2040 1404 2108 qui
1455 2042 1848 2111 sempiternum
1899 2042 2063 2096 habet

480 2126 795 2196 imperium,
828 2143 1169 2198 regnumque
1210 2144 1467 2198 perenne.
1510 2131 1625 2188 Hoc
1655 2148 1785 2189 vero
1818 2143 1871 2187 et
1913 2132 2063 2188 mille

480 2219 811 2274 saeculorum
844 2222 1298 2276 commemoratio
1338 2223 1544 2279 indicat
1575 2241 1587 2277 :
1624 2240 1730 2279 non
1773 2226 1919 2281 enim
1962 2240 2063 2279 an-

481 2326 678 2366 norum
724 2327 1011 2366 numerum
1039 2327 1220 2368 sermo
1242 2314 1535 2385 significat,
1567 2317 1661 2371 sed
1695 2318 2064 2373 continuatio-

367 2462 421 2480 Γ
480 2418 606 2457 nem
655 2412 711 2457 et
761 2404 1125 2461 aeternitatem
1174 2406 1471 2461 multitudo
1520 2410 1933 2478 generationum
1969 2410 2065 2465 de-

478 2497 682 2552 signat.

570 2513 682 2550 nat.

530 2513 722 2645 8illius.
767 2587 821 2656 9,
871 2589 959 2643 10.
1008 2608 1027 2641 ι
1073 2590 1232 2658 Quod
1292 2594 1583 2650 constituit
1633 2596 1967 2663 Abrahamo,
2012 2606 2067 2652 et

474 2678 776 2749 jtrramenti
832 2680 1019 2737 lsaaco
1063 2683 1310 2740 dati.'Et
1363 2687 1655 2741 constituit
1697 2688 1831 2742 illud
1860 2686 2065 2743 Jacnbo

480 2781 835 2841 praeceptum,
863 2782 915 2828 et
943 2774 1130 2828 [sra‘eli
1165 2774 1350 2831 fmdus
1382 2787 1672 2833 internum.
1713 2797 1731 2829 ι
1772 2777 1947 2850 Hujus
1973 2780 2065 2849 ju-

480 2864 720 2917 ramenti
776 2867 943 2919 etiam
996 2866 1218 2922 divinus
1274 2868 1453 2924 Moses
1512 2872 1842 2926 mentionem
1909 2870 2062 2926 facit.

486 2971 506 3005 ι
548 2953 696 3011 Dixit
742 2957 911 3021 enim,
964 2959 1162 3029 inquit,
1212 2959 1356 3016 Deus
1401 2961 1717 3017 Abrahamo
1752 2983 1765 3019 :
1807 2964 1911 3018 Per
1954 2979 2069 3018 tne-

483 3046 665 3116 ipsum
704 3048 888 3119 juravi
948 3049 1065 3105 fore
1106 3062 1167 3105 ut
1211 3053 1542 3110 benedicens
1586 3056 1903 3111 benedicam
1945 3056 2097 3121 tibi,-

483 3147 540 3193 et
565 3141 937 3210 multiplicans
968 3142 1328 3211 multiplicent
1366 3160 1553 3199 semen
1595 3155 1749 3200 tuum
1775 3147 1916 3201 sicut
1945 3146 2070 3200 stel-

2168 1948 2338 2004 αὑτοῦ
2366 1952 2393 2003 ὁ
2436 1950 2719 2021 Δεσπότης
2754 1948 2989 2020 Χριστὸς
3024 1948 3170 2002 κατὰ
3204 1948 3410 2015 σάρκα’
3437 1947 3499 2009 ὃς
3536 1946 3762 1999 αἰώνιον

2168 2041 2283 2112 ἔχει
2340 2043 2403 2095 τὸ
2466 2042 2701 2111 κράτος,
2768 2040 2867 2093 καὶ
2917 2039 3018 2109 τὴν
3084 2036 3365 2108 βασιλείαν
3422 2035 3758 2104 ἀνώλεθρον.

2168 2134 2341 2187 Τοῦτο
2368 2135 2425 2188 δέ
2458 2135 2553 2188 καὶ
2577 2134 2687 2188 τῶν
2704 2132 2895 2204 χιλίων
2921 2131 3129 2200 γενεῶν
3148 2132 3181 2200 ἡ
3217 2131 3407 2201 μνήμη
3428 2130 3759 2200 παραδηλοῖ.

2170 2226 2246 2279 Οὐ
2302 2226 2412 2297 γὰρ
2463 2226 2601 2279 ἐτῶν
2633 2224 2871 2297 ἀριθμὸν
2917 2226 2947 2278 ό
2990 2223 3149 2293 λόγος
3190 2224 3469 2294 σημαίνει,
3513 2220 3657 2275 ἀλλά
3700 2223 3763 2274 τὸ

2170 2316 2397 2388 διαρκὲς
2435 2317 2533 2372 καὶ
2560 2315 2782 2371 αἰώνιον
2810 2317 2854 2347 ⁸⁸
2884 2314 2997 2369 τῶν
3024 2314 3231 2382 γενεῶν
3252 2314 3315 2367 τὸ
3353 2314 3559 2385 πλῆθος
3584 2313 3760 2365 αἰνίτ-

2170 2425 2345 2462 τεται.

2244 2588 2311 2655 θ’,
2347 2596 2399 2643 ι’.
2438 2607 2457 2641 ι
2495 2591 2565 2643 Ὅ
2610 2607 2662 2642 τι
2694 2592 2739 2622 ⁸¹
2769 2588 2980 2643 διέθετο
3031 2589 3109 2660 τῷ
3167 2588 3442 2660 Ἀϐραὰμ,
3507 2588 3609 2641 καὶ
3662 2588 3763 2641 τοῦ

2172 2682 2340 2755 ὅρκου
2386 2680 2553 2735 αὐτοῦ
2587 2683 2668 2752 τῷ
2714 2681 2922 2736 Ἰσαάκ.
2974 2682 3084 2736 Καὶ
3144 2681 3374 2752 ἔστησεν
3420 2682 3588 2734 αὐτὸν
3609 2681 3658 2714 ⁸³
3683 2680 3768 2752 τῷ

2186 2773 2384 2827 Ἰακὼϐ
2417 2774 2499 2837 είς
2526 2774 2882 2845 πρόσταγμα,
2918 2774 3012 2828 καὶ
3042 2773 3121 2844 τῷ
3152 2772 3374 2845 Ἰσραὴλ
3396 2775 3479 2837 είς
3492 2773 3769 2845 διαθήκην

2174 2864 2417 2918 αἰώνιον.
2449 2883 2468 2916 ι
2512 2863 2733 2917 Τούτων
2783 2864 2895 2918 τῶν
2942 2865 3123 2935 ὅρκων
3178 2866 3273 2918 καὶ
3296 2864 3340 2899 ³⁸
3381 2866 3411 2917 δ
3468 2864 3769 2929 θεσπέσιος

2174 2957 2553 3028 ἐμνημόνευσε
2606 2957 2849 3026 Μωσῆςο
2892 2976 2911 3008 ι
2958 2953 3095 3009 Eine
3139 2958 3268 3026 γὰρ,
3319 2956 3523 3026 φησὶν,
3564 2959 3597 3009 ὁ
3630 2956 3773 3019 Θεὸς

2175 3049 2313 3119 πρὸς
2346 3049 2601 3119 Ἀϐραὰμ
2622 3088 2637 3110 ,
2682 3049 2821 3102 Κατ’
2871 3047 3116 3118 ἐμαυτοῦ
3156 3048 3368 3118 ῶμοσα,
3402 3043 3437 3117 ἦ
3472 3047 3581 3119 μὴν
3608 3047 3773 3102 εὐλο-

2174 3140 2290 3209 γῶν
2315 3140 2598 3209 εὐλογήσω
2610 3142 2676 3205 ⁸⁸,
2699 3140 2797 3192 καὶ
2835 3138 3126 3208 πληθύνων
3162 3139 3423 3210 πληθυνῶ
3449 3140 3511 3194 τὸ
3537 3140 3775 3210 σπέρμα

484 3236 570 3290 las
615 3235 739 3290 caeli
790 3236 1161 3301 multitudine,
1223 3244 1279 3291 et
1325 3237 1719 3293 benedicentur
1764 3239 1816 3292 in
1864 3240 2070 3296 semine

2186 3250 2298 3296 σου,
2321 3232 2397 3295 ὡς
2427 3232 2497 3284 τὰ
2522 3231 2704 3303 ἄστρα
2734 3230 2831 3284 τοῦ
2861 3231 3095 3303 ούρανοῦ
3118 3231 3195 3303 τῷ
3225 3232 3456 3303 πλήθει·
3484 3233 3583 3285 καὶ
3608 3232 3774 3286 εύλο-

486 3336 586 3383 tuo
613 3342 805 3383 omnes
831 3328 1005 3383 tribus
1032 3339 1190 3383 terra:
1215 3337 1263 3380 ι.
1300 3348 1317 3379 ι
1349 3327 1464 3384 Hoc
1494 3329 1880 3398 jusjurandum
1912 3330 2076 3385 etiam

487 3418 683 3475 lsaaco
712 3419 766 3473 in
804 3419 1129 3473 memoriam
1177 3429 1420 3483 revocat,
1463 3429 1519 3474 et
1551 3420 1840 3473 conﬁrmat
1873 3418 2078 3476 fmdera

489 3523 616 3564 cum
657 3506 862 3563 Jacobo
907 3509 1043 3563 inita
1066 3517 1118 3574 1,
1162 3522 1329 3579 atque
1365 3511 1533 3564 etiam
1574 3510 1690 3565 haec
1725 3511 1951 3581 implet:
1982 3528 2079 3582 per

490 3599 679 3655 Mosen
706 3601 993 3666 nimirum,
1036 3601 1258 3655 illorum
1304 3612 1559 3672 posteros
1596 3602 1666 3656 ab
1695 3602 2077 3675 Egyptiorum

491 3692 757 3746 servitute
802 3691 1017 3763 1346
1056 3692 1343 3748 liberans:
1381 3708 1479 3763 per
1520 3691 1709 3748 Jesum
1758 3708 1890 3749 vero
1931 3692 2081 3751 Nave

491 3782 824 3851 promissam
870 3794 1070 3837 terram
1109 3783 1290 3840 dans:
1326 3784 1490 3838 tinem
1532 3793 1714 3839 autem
1753 3785 2078 3855 promissio-

490 3873 580 3930 nis
604 3890 701 3945 per
726 3873 1020 3929 Dominum
1044 3874 1328 3930 Christum
1360 3876 1665 3944 perliciens.

567 4055 729 4109 Vsus.
773 4054 859 4110 11.
907 4074 926 4108 ‹
966 4054 1161 4109 Dicens
1191 4069 1206 4107 :
1234 4053 1356 4108 Tibi
1398 4054 1543 4109 dabo
1567 4064 1767 4109 terram
1792 4053 2078 4122 Chanaan,

492 4146 799 4201 funiculum
828 4147 1167 4202 hmreditatis
1202 4156 1413 4200 vestrm.
1456 4164 1474 4198 ι
1509 4144 1834 4199 Funiculum
1867 4147 2082 4201 vocavit

491 4240 925 4294 dominationem
973 4250 1133 4295 terra:
1164 4255 1178 4293 :
1208 4241 1494 4309 proprium
1533 4240 1677 4294 enim
1715 4238 1931 4293 illorum
1974 4246 2077 4303 est,

494 4330 590 4402 qui
635 4332 937 4400 possident,
972 4340 1171 4385 terram
1202 4331 1478 4385 mensuris
1502 4330 1795 4399 subjicere.

565 4420 737 4478 Vsus.
780 4423 867 4477 12.
913 4439 933 4473 ι
972 4422 1108 4477 Cum
1152 4434 1336 4477 essent
1371 4438 1605 4478 numero
1648 4424 1819 4487 brevi,
1865 4422 2079 4491 paucis-

2180 3324 2585 3395 γηθήσονται⁸⁶
2621 3325 2679 3376 ἐν
2725 3322 2803 3393 τῷ
2848 3324 3126 3394 σπέρματί
3168 3340 3261 3377 σου
3299 3325 3473 3378 πᾶσαι
3504 3326 3561 3377 αἱ
3598 3325 3776 3392 φυλαὶ

2178 3417 2279 3487 τῆς
2306 3418 2434 3487 γῆς.
2467 3435 2485 3468 ι
2514 3415 2703 3487 Τούτῳ
2730 3416 2807 3485 τῷ
2831 3416 2983 3486 ὅρκῳ
3010 3416 3105 3470 καὶ
3127 3416 3219 3470 τὸν
3246 3416 3437 3471 Ἰσαὰκ
3453 3417 3774 3488 ἀναμιμνή-

2182 3523 2304 3559 σκει
2338 3523 2352 3536 ⁶
2403 3506 2617 3575 βεϐαιοῖ
2657 3507 2752 3559 καὶ
2782 3507 2919 3578 πρὸς
2951 3507 3047 3558 τὸν
3082 3504 3281 3560 Ἰακὼϐ
3312 3506 3414 3569 τὰς
3453 3508 3769 3577 συνθήκας·

2181 3596 2277 3649 καὶ
2309 3596 2494 3666 μέντοι
2535 3597 2631 3650 καὶ
2661 3597 2863 3667 πληροῖ
2890 3596 3117 3659 ταύτας,
3158 3596 3247 3651 διὰ
3286 3596 3388 3666 μὲν
3413 3598 3617 3650 Μωσοῦ
3639 3600 3773 3661 τοὺς

2181 3688 2409 3743 ἐκείνων
2463 3689 2724 3757 ἐκγόνους
2755 3689 2799 3720 ⁵⁷
2846 3688 2948 3758 τῆς
3008 3688 3325 3757 Αἰγυπτίων
3381 3689 3771 3760 ἐλευθερώσας

2181 3780 2451 3845 δουλείας,
2482 3780 2574 3833 διὰ
2600 3779 2656 3833 δὲ
2687 3780 2866 3847 Ἰησοῦ
2893 3780 2987 3834 τοῦ
3020 3780 3179 3851 Ναυῆ
3207 3782 3310 3849 τὴν
3336 3780 3772 3851 ἐπηγγελμένην

2181 3876 2285 3944 γῆν
2318 3874 2364 3907 ⁸⁸
2396 3873 2631 3936 ἀποδούς
2658 3890 2673 3904 ο
2700 3873 2762 3925 τὸ
2792 3873 2849 3925 δὲ
2874 3873 3026 3936 τέλος
3060 3874 3158 3943 τῆς
3184 3874 3523 3942 ἐπαγγελίας
3547 3875 3645 3929 διὰ
3672 3876 3771 3930 τοῦ

2182 3965 2456 4019 Δεσπότου
2489 3965 2847 4036 συμπεράνας
2880 3966 3143 4036 Χριστοῦ.

2255 4058 2346 4111 ια’.
2395 4077 2412 4109 ι
2446 4058 2662 4125 Λέγων,
2724 4060 2816 4111 Σοὶ
2862 4058 3020 4111 δώσω
3052 4058 3154 4127 τὴν
3176 4062 3281 4129 γῆν
3342 4058 3589 4124 Χαναὰν,
3621 4060 3770 4128 σχοί-

2180 4167 2351 4220 νισμα
2403 4151 2773 4221 κληρονομίας
2832 4152 3009 4221 ὑμῶν.
3058 4170 3077 4201 ι
3134 4152 3469 4220 Σχοίνισμα
3523 4152 3627 4223 τὴν
3669 4153 3775 4221 τῆς

2182 4242 2284 4312 γῆς
2312 4243 2540 4296 ἐκάλεσε
2564 4243 2890 4296 δεσποτείαν
2916 4259 2929 4272 ’
2964 4242 3073 4295 τῶν
3111 4243 3464 4313 κεκτημένων
3494 4246 3605 4315 γὰρ
3630 4244 3775 4311 »ἴδιον

2184 4334 2371 4404 μέτρῳ
2399 4335 2498 4405 τὴν
2528 4317 2634 4405 γῆν
2666 4335 3014 4388 ὑποϐάλλειν.

2255 4428 2343 4497 ιβ’.
2381 4446 2400 4479 ε
2452 4428 2541 4480 Ἐν
2589 4428 2670 4497 τῷ
2697 4423 2839 4480 εἶναι
2885 4426 3083 4490 αὐτοὺς
3113 4424 3336 4497 ἀριθμῷ
3370 4424 3627 4497 βραχεῖς,
3655 4428 3775 4481 6).!-

492 4514 643 4579 simi,
678 4525 733 4569 et
756 4515 950 4569 incolae
991 4514 1132 4584 ejus.
1168 4532 1185 4565 ι
1225 4513 1348 4569 Haec
1372 4527 1575 4580 autem,
1605 4516 1803 4585 inquit,
1833 4514 2070 4582 parenti-

2186 4522 2408 4588 γοστοὺς
2437 4520 2532 4573 καὶ
2578 4520 2877 4587 παροίκους
2914 4521 2971 4571 ἐν
2996 4518 3157 4588 αὐτῇ.
3201 4537 3220 4570 ι
3256 4516 3443 4571 Ταῦτα
3470 4519 3552 4580 δὲ,
3574 4520 3771 4589 φησιν,

491 4607 598 4663 bus
630 4608 899 4677 promisit,
948 4609 1042 4677 qui
1090 4608 1311 4663 fuerunt
1357 4609 1538 4677 pauci,
1576 4617 1631 4662 et
1670 4617 1957 4661 uumeratu
2002 4606 2076 4660 fa-

493 4698 651 4755 ciles.
683 4698 1039 4754 Demonstrat
1083 4710 1267 4755 autem
1299 4716 1395 4771 per
1437 4702 1542 4755 hoc
1574 4699 1946 4769 promittentis
1987 4713 2087 4768 po:

494 4790 747 4857 tentiam,
783 4792 935 4861 quod
959 4792 1083 4846 licet
1102 4792 1182 4847 sic
1210 4791 1372 4861 pauci
1397 4791 1729 4853 exstiterint,
1757 4799 1865 4844 tam
1887 4789 2081 4860 ampla:

494 4891 660 4937 teme
685 4882 980 4952 imperium
1012 4883 1119 4937 illis
1146 4884 1332 4951 largiri
1359 4884 1618 4953 potuerit.

571 4970 742 5027 Vens.
786 4974 874 5029 15.
924 4992 944 5026 ε
982 4975 1052 5029 Et
1080 4976 1420 5030 transierunt
1449 4975 1516 5029 de
1550 4982 1709 5045 gente
1743 4972 1808 5026 ad
1840 4979 2078 5043 gentem,

496 5076 552 5122 et
580 5066 648 5122 de
682 5083 853 5138 regno
885 5070 951 5123 ad
994 5071 1255 5139 populum
1296 5070 1552 5123 alterum.
1602 5087 1621 5119 ι
1664 5065 1799 5121 Nam
1847 5066 2081 5134 patriar-

497 5161 616 5215 chae
653 5160 709 5214 in
747 5169 1009 5229 perpetua
1062 5161 1504 5231 peregrinatione
1535 5159 1738 5214 versati
1786 5167 1934 5220 sunt,
1985 5172 2080 5211 ne-

574 5350 601 5379 ι
635 5336 772 5394 Gen.
813 5350 952 5401 χχιι,
994 5334 1084 5401 16,
1119 5334 1206 5389 17.
1286 5342 1313 5381 γ
1348 5333 1485 5390 Gen.
1520 5352 1671 5403 xxvr,
1703 5339 1757 5404 ‘5,
1790 5338 1844 5391 4.

2184 4612 2456 4682 ὑπέσχετο
2499 4614 2616 4676 τοῖς
2659 4613 2932 4683 πατράσιν
2982 4609 3186 4679 ὀλίγοις
3212 4606 3364 4675 οὖσι,
3419 4610 3517 4666 καὶ
3558 4613 3774 4684 σφόδρα

2184 4706 2615 4776 εὐαριθμήτοις·
2658 4703 2900 4773 δηλοῖδέ
2932 4703 3024 4757 διὰ
3076 4702 3269 4756 τούτου
3316 4702 3411 4756 τοῦ
3465 4704 3771 4773 ὑπισχνου-

2191 4799 2356 4868 μένου
2407 4796 2506 4866 τὴν
2565 4793 2794 4864 δύναμιν
2824 4810 2835 4823 ·
2901 4793 2985 4846 δτι
3039 4793 3133 4845 καί
3192 4808 3276 4845 τοι
3328 4790 3505 4854 οὕτως
3558 4792 3770 4860 ὀλίγοις

2185 4889 2456 4955 τοσαύτης
2493 4885 2600 4955 γῆς
2624 4884 2945 4940 δεσποτείαν
2970 4884 3233 4954 παρέχειν
3254 4882 3507 4953 ἠδύνατο.

2260 4985 2349 5047 ιγ’.
2388 4998 2406 5029 ι
2453 4978 2564 5032 Καὶ
2601 4976 2818 5047 διῆλθον
2844 4978 2905 5044 ἐξ
2932 4977 3122 5040 ἔθνους
3142 4979 3223 5040 εἰς
3249 4976 3421 5041 ἔθνος,
3445 4976 3540 5028 καὶ
3574 4975 3639 5028 ἐκ
3671 4974 3770 5043 βα-

2186 5070 2391 5133 σιλείας
2417 5071 2497 5133 εἰς
2534 5070 2662 5122 λαὸν
2721 5069 2934 5139 ἓτερον.
2969 5089 2987 5122 ι
3040 5068 3445 5141 Παροικοῖωτες
3480 5070 3526 5101 ⁸⁸
3561 5068 3673 5137 γὰρ
3720 5068 3770 5119 οἱ

2187 5163 2528 5234 πατριάρχαι
2564 5162 2899 5229 διετέλεσαν,
2928 5164 3023 5216 καὶ
3068 5163 3192 5217 ούδέ
3220 5163 3308 5232 ἐφ’
3337 5162 3458 5224 ἐνὸς
3491 5160 3768 5231 ἱδρύμενοι

1611 5475 1843 5531 VARUE
1880 5474 2262 5531 LECTIONES
2298 5474 2387 5529 ET
2421 5472 2656 5529 NOT/E.

571 5594 619 5625 ⁵ο
645 5593 813 5659 Τούς.
837 5593 957 5648 cod.
988 5590 1011 5646 1
1037 5592 1154 5649 τοῦ.
1188 5592 1266 5649 Ita
1289 5608 1509 5663 quoque
1531 5593 1729 5649 deinde
1753 5600 1879 5661 post
1906 5594 2070 5660 ἀπογέ

2187 5609 2233 5653 ς.
2274 5662 2277 5663 ν
2310 5592 2351 5625 ⁸¹
2388 5590 2661 5663 Λὶῴνιον.
2689 5591 2813 5663 cod.
2839 5592 2862 5644 1
2904 5592 3154 5663 μόνιμον.
3223 5593 3269 5624 ⁸¹
3291 5592 3364 5645 ’⁸0
3388 5608 3463 5646 τι.
3494 5592 3663 5647 οοά.1
3694 5594 3765 5658 δν,

500 5679 623 5733 quae
646 5675 733 5719 cst
774 5679 885 5718 rec.
913 5664 1071 5719 lectio
1095 5666 1150 5719 h.
1182 5667 1219 5719 ι.
1303 5664 1346 5696 ⁸³
1375 5661 1593 5718 Αὖτόν.
1634 5664 1713 5717 Ita
1761 5666 1860 5733 leg.
1909 5665 1960 5717 in
2005 5665 2135 5718 edit.
2182 5662 2304 5716 Ald.
2355 5672 2409 5715 et
2453 5662 2667 5730 Conipl.
2715 5661 2855 5717 liece

500 5734 549 5764 ”
572 5735 703 5787 Καί.
738 5734 906 5787 Abcst
935 5733 1104 5787 acod.
1138 5735 1189 5787 1.
1267 5734 1314 5766 ⁵⁵
1346 5736 1570 5787 Εὐλογ.
1618 5734 1742 5787 cod.
1794 5734 1819 5787 1
1865 5734 1993 5787 add.
2046 5734 2129 5787 σὲ.
2207 5734 2251 5763 ⁵⁸
2308 5733 2431 5786 cod.
2489 5733 2512 5785 1
2559 5731 2850 5787 ἐνευλογηθ

500 5736 549 5764 ”
572 5736 703 5788 Καί.
738 5736 906 5788 Abest
935 5736 1104 5788 acod.
1138 5736 1189 5788 1.
1267 5736 1314 5766 ⁵⁵
1346 5736 1570 5803 Εὐλογ.
1618 5736 1742 5788 cod.
1794 5736 1819 5787 1
1865 5736 1993 5788 add.
2046 5751 2070 5787 σ

499 5803 549 5838 ⁸⁸
572 5802 725 5872 Γῆν.
770 5803 938 5859 Abest
978 5820 1008 5858 a
1048 5803 1169 5859 cod.
1200 5805 1253 5858 1.
1329 5807 1373 5839 ³³
1407 5806 1652 5873 Παροικ.
1686 5820 1740 5857 κ.
1783 5820 1831 5857 τ.
1866 5803 1915 5858 λ.
1964 5804 2070 5860 Divi

2207 5736 2251 5763 "
2308 5736 2431 5786 cod.
2489 5736 2512 5785 1
2559 5736 2699 5785 ἐνευλ

2218 5812 2345 5858 sunt
2381 5819 2500 5872 (μισ)
2537 5803 2699 5859 habet

500 5734 549 5764 ”
572 5735 703 5788 Καί.
738 5734 906 5788 Abest
935 5733 1104 5788 acod.
1138 5735 1189 5788 1.
1267 5734 1314 5766 ⁵⁵
1346 5736 1510 5788 Εὺλο

2902 5673 2953 5716 ta
3001 5673 3183 5718 autem
3210 5663 3398 5734 ilectio
3438 5674 3524 5734 est
3577 5664 3762 5734 aena».

2207 5678 2304 5716 ua.
2355 5678 2409 5715 et
2453 5678 2667 5730 LOIIth.
2715 5678 2855 5717 nece
2902 5678 2953 5716 ta
3001 5678 3183 5718 autem
3239 5678 3398 5717 tecuo
3438 5678 3524 5716 ρει
3577 5678 3762 5734 auem.

2207 5734 2251 5763 "
2308 5733 2431 5786 cod.
2489 5733 2512 5785 1
2559 5732 2743 5785 ἐνευλο
2785 5678 3103 5857 ηθξσονται.
3206 5733 3250 5763 ⁵⁷
3279 5735 3400 5787 cod.
3434 5732 3455 5786 1
3489 5734 3763 5802 ἐγγόνους.

2218 5812 2345 5857 sunt
2381 5819 2500 5857 ηιιῑυ
2537 5803 2699 5857 habet
2740 5750 2871 5857 Eon
2896 5844 2908 5857 .
2944 5813 2982 5857 t.
3013 5802 3099 5857 Ill.
3132 5819 3185 5857 ι).
3218 5803 3337 5857 117.

2724 5750 2743 5785 ο
2785 5750 2850 5802 ηυ
2896 5750 3103 5788 σονται.
3206 5750 3246 5763 π’
3279 5750 3337 5785 cn

2724 5750 2908 5873 Emi.
2944 5813 2982 5857 t.
3013 5802 3099 5870 Ill,
3132 5819 3185 5873 p.
3218 5803 3337 5857 117.
