  <div class='ocr_page' id='page_1' title='image "/cluster/home/n/w/nwhite01/storage/ocr_20150623/80/hvd.32044009825613/874.png"; bbox 0 0 3924 6486; ppageno 0'>
   <div class='ocr_carea' id='block_1_1' title="bbox 195 361 1654 432">
    <p class='ocr_par' dir='ltr' id='par_1_1' title="bbox 195 361 1654 432">
     <span class='ocr_line' id='line_1_1' title="bbox 195 361 1654 432; baseline -0.007 -1"><span class='ocrx_word' id='word_1_1' title='bbox 195 365 338 432; x_wconf 78' lang='grc' dir='ltr'><strong>Ῑῖ13</strong></span> <span class='ocrx_word' id='word_1_2' title='bbox 1570 361 1654 421; x_wconf 89' lang='grc' dir='ltr'>ΙΝ</span> 
     </span>
    </p>
   </div>
   <div class='ocr_carea' id='block_1_2' title="bbox 1719 357 2103 420">
    <p class='ocr_par' dir='ltr' id='par_1_2' title="bbox 1719 357 2103 420">
     <span class='ocr_line' id='line_1_2' title="bbox 1719 357 2103 420; baseline -0.008 0"><span class='ocrx_word' id='word_1_3' title='bbox 1719 358 1928 420; x_wconf 81' lang='lat' dir='ltr'><strong>PSAL.</strong></span> <span class='ocrx_word' id='word_1_4' title='bbox 1958 357 2103 418; x_wconf 83' lang='lat' dir='ltr'><strong>CIV.</strong></span> 
     </span>
    </p>
   </div>
   <div class='ocr_carea' id='block_1_3' title="bbox 3331 332 3475 400">
    <p class='ocr_par' dir='ltr' id='par_1_3' title="bbox 3331 332 3475 400">
     <span class='ocr_line' id='line_1_3' title="bbox 3331 332 3475 400; baseline 0 0"><span class='ocrx_word' id='word_1_5' title='bbox 3331 332 3475 400; x_wconf 65' lang='grc'><strong>1714</strong></span> 
     </span>
    </p>
   </div>
   <div class='ocr_carea' id='block_1_4' title="bbox 184 448 1821 543">
    <p class='ocr_par' dir='ltr' id='par_1_4' title="bbox 184 467 1821 543">
     <span class='ocr_line' id='line_1_4' title="bbox 184 467 1821 543; baseline -0.007 -10"><span class='ocrx_word' id='word_1_6' title='bbox 184 478 361 532; x_wconf 79' lang='grc' dir='ltr'>τόπου</span> <span class='ocrx_word' id='word_1_7' title='bbox 386 490 399 504; x_wconf 86' lang='grc'>⁶</span> <span class='ocrx_word' id='word_1_8' title='bbox 437 474 578 528; x_wconf 80' lang='grc' dir='ltr'>ἀλλὰ</span> <span class='ocrx_word' id='word_1_9' title='bbox 609 471 706 527; x_wconf 81' lang='grc' dir='ltr'>νῦν</span> <span class='ocrx_word' id='word_1_10' title='bbox 743 471 844 543; x_wconf 72' lang='grc' dir='ltr'>μὲν</span> <span class='ocrx_word' id='word_1_11' title='bbox 886 467 1013 537; x_wconf 81' lang='grc' dir='ltr'>ὧδε,</span> <span class='ocrx_word' id='word_1_12' title='bbox 1048 471 1142 524; x_wconf 81' lang='grc' dir='ltr'><strong>νῦν</strong></span> <span class='ocrx_word' id='word_1_13' title='bbox 1184 471 1241 525; x_wconf 79' lang='grc' dir='ltr'><strong>δέ</strong></span> <span class='ocrx_word' id='word_1_14' title='bbox 1280 470 1397 524; x_wconf 81' lang='grc' dir='ltr'>ἐκεῖ</span> <span class='ocrx_word' id='word_1_15' title='bbox 1433 470 1531 533; x_wconf 83' lang='grc' dir='ltr'><strong>τὰς</strong></span> <span class='ocrx_word' id='word_1_16' title='bbox 1569 470 1821 539; x_wconf 62' lang='grc' dir='ltr'>σκηνὰςλ</span> 
     </span>
    </p>
   </div>
   <div class='ocr_carea' id='block_1_5' title="bbox 1940 448 3475 543">
    <p class='ocr_par' dir='ltr' id='par_1_5' title="bbox 1940 448 3475 520">
     <span class='ocr_line' id='line_1_5' title="bbox 1940 448 3475 520; baseline -0.008 -2"><span class='ocrx_word' id='word_1_17' title='bbox 1940 481 1989 520; x_wconf 80' lang='lat' dir='ltr'><strong>ie</strong></span> <span class='ocrx_word' id='word_1_18' title='bbox 2020 465 2075 519; x_wconf 90' lang='lat' dir='ltr'><strong>in</strong></span> <span class='ocrx_word' id='word_1_19' title='bbox 2116 477 2225 518; x_wconf 92' lang='lat' dir='ltr'><strong>uno</strong></span> <span class='ocrx_word' id='word_1_20' title='bbox 2259 461 2383 515; x_wconf 93' lang='lat' dir='ltr'><strong>loco</strong></span> <span class='ocrx_word' id='word_1_21' title='bbox 2410 456 2801 516; x_wconf 86' lang='lat' dir='ltr'><strong>constiterunt,</strong></span> <span class='ocrx_word' id='word_1_22' title='bbox 2830 450 2924 507; x_wconf 87' lang='lat' dir='ltr'><strong>sed</strong></span> <span class='ocrx_word' id='word_1_23' title='bbox 2951 448 3114 505; x_wconf 90' lang='lat' dir='ltr'><strong>modo</strong></span> <span class='ocrx_word' id='word_1_24' title='bbox 3144 449 3273 517; x_wconf 88' lang='lat' dir='ltr'><strong>huc,</strong></span> <span class='ocrx_word' id='word_1_25' title='bbox 3306 450 3475 506; x_wconf 91' lang='lat' dir='ltr'><strong>modo</strong></span> 
     </span>
    </p>
   </div>
   <div class='ocr_carea' id='block_1_6' title="bbox 194 572 626 644">
    <p class='ocr_par' dir='ltr' id='par_1_6' title="bbox 194 572 626 644">
     <span class='ocr_line' id='line_1_6' title="bbox 194 572 626 644; baseline -0.014 -17"><span class='ocrx_word' id='word_1_26' title='bbox 194 572 626 644; x_wconf 72' lang='grc' dir='ltr'><strong>μεταφέροντες.</strong></span> 
     </span>
    </p>
   </div>
   <div class='ocr_carea' id='block_1_7' title="bbox 263 652 1776 729">
    <p class='ocr_par' dir='ltr' id='par_1_7' title="bbox 263 652 1776 729">
     <span class='ocr_line' id='line_1_7' title="bbox 263 652 1776 729; baseline -0.008 -13"><span class='ocrx_word' id='word_1_27' title='bbox 263 664 351 717; x_wconf 85' lang='grc' dir='ltr'>ιδ’.</span> <span class='ocrx_word' id='word_1_28' title='bbox 388 681 406 712; x_wconf 78' lang='grc' dir='ltr'><strong>ι</strong></span> <span class='ocrx_word' id='word_1_29' title='bbox 449 661 567 715; x_wconf 83' lang='grc' dir='ltr'>Ούκ</span> <span class='ocrx_word' id='word_1_30' title='bbox 609 658 824 729; x_wconf 83' lang='grc' dir='ltr'>ἀφῆκεν</span> <span class='ocrx_word' id='word_1_31' title='bbox 867 658 1161 729; x_wconf 77' lang='grc' dir='ltr'>ἄνθρωπον</span> <span class='ocrx_word' id='word_1_32' title='bbox 1196 657 1459 727; x_wconf 83' lang='grc' dir='ltr'>ἀδικῆσαι</span> <span class='ocrx_word' id='word_1_33' title='bbox 1496 652 1719 715; x_wconf 77' lang='grc' dir='ltr'>αὐτούς.</span> <span class='ocrx_word' id='word_1_34' title='bbox 1757 672 1776 704; x_wconf 73' lang='grc' dir='ltr'><strong>ι</strong></span> 
     </span>
    </p>
   </div>
   <div class='ocr_carea' id='block_1_8' title="bbox 1885 545 2865 612">
    <p class='ocr_par' dir='ltr' id='par_1_8' title="bbox 1885 545 2865 612">
     <span class='ocr_line' id='line_1_8' title="bbox 1885 545 2865 612; baseline -0.015 0"><span class='ocrx_word' id='word_1_35' title='bbox 1885 557 2019 612; x_wconf 88' lang='lat' dir='ltr'><strong>illuc</strong></span> <span class='ocrx_word' id='word_1_36' title='bbox 2051 550 2407 609; x_wconf 88' lang='lat' dir='ltr'><strong>tabernacula</strong></span> <span class='ocrx_word' id='word_1_37' title='bbox 2439 545 2865 603; x_wconf 78' lang='lat' dir='ltr'><strong>transferebant.</strong></span> 
     </span>
    </p>
   </div>
   <div class='ocr_carea' id='block_1_9' title="bbox 1961 634 3476 711">
    <p class='ocr_par' dir='ltr' id='par_1_9' title="bbox 1961 634 3476 711">
     <span class='ocr_line' id='line_1_9' title="bbox 1961 634 3476 711; baseline -0.009 -6"><span class='ocrx_word' id='word_1_38' title='bbox 1961 649 2126 704; x_wconf 70' lang='lat' dir='ltr'><strong>Vens.</strong></span> <span class='ocrx_word' id='word_1_39' title='bbox 2168 648 2256 702; x_wconf 77' lang='grc'><strong>14.</strong></span> <span class='ocrx_word' id='word_1_40' title='bbox 2298 648 2337 697; x_wconf 81' lang='grc' dir='ltr'><strong>ἰ</strong></span> <span class='ocrx_word' id='word_1_41' title='bbox 2378 643 2497 698; x_wconf 85' lang='lat' dir='ltr'><strong>Non</strong></span> <span class='ocrx_word' id='word_1_42' title='bbox 2553 639 2806 711; x_wconf 78' lang='lat' dir='ltr'><strong>permisit</strong></span> <span class='ocrx_word' id='word_1_43' title='bbox 2860 636 2957 693; x_wconf 95' lang='lat' dir='ltr'><strong>ulli</strong></span> <span class='ocrx_word' id='word_1_44' title='bbox 3008 634 3220 691; x_wconf 84' lang='lat' dir='ltr'><strong>homini</strong></span> <span class='ocrx_word' id='word_1_45' title='bbox 3274 649 3476 691; x_wconf 80' lang='lat' dir='ltr'><strong>nocere</strong></span> 
     </span>
    </p>
   </div>
   <div class='ocr_carea' id='block_1_10' title="bbox 194 727 1821 824">
    <p class='ocr_par' dir='ltr' id='par_1_10' title="bbox 194 727 1783 824">
     <span class='ocr_line' id='line_1_10' title="bbox 194 727 1783 824; baseline -0.006 -15"><span class='ocrx_word' id='word_1_46' title='bbox 194 755 496 824; x_wconf 77' lang='grc' dir='ltr'>Κρείττους</span> <span class='ocrx_word' id='word_1_47' title='bbox 542 727 670 824; x_wconf 80' lang='grc' dir='ltr'><strong>γὰρ</strong></span> <span class='ocrx_word' id='word_1_48' title='bbox 714 727 920 815; x_wconf 77' lang='grc' dir='ltr'>αὐτοὺς</span> <span class='ocrx_word' id='word_1_49' title='bbox 966 727 1078 804; x_wconf 79' lang='grc' dir='ltr'><strong>τῶν</strong></span> <span class='ocrx_word' id='word_1_50' title='bbox 1130 750 1334 804; x_wconf 83' lang='grc' dir='ltr'>ἀδικῶν</span> <span class='ocrx_word' id='word_1_51' title='bbox 1406 746 1783 820; x_wconf 70' lang='grc' dir='ltr'><strong>παραθέντων</strong></span> 
     </span>
    </p>
   </div>
   <div class='ocr_carea' id='block_1_11' title="bbox 1940 727 3479 824">
    <p class='ocr_par' dir='ltr' id='par_1_11' title="bbox 1944 727 3479 804">
     <span class='ocr_line' id='line_1_11' title="bbox 1944 727 3479 804; baseline -0.009 -8"><span class='ocrx_word' id='word_1_52' title='bbox 1944 757 1990 796; x_wconf 90' lang='lat' dir='ltr'><strong>s.</strong></span> <span class='ocrx_word' id='word_1_53' title='bbox 2030 761 2048 792; x_wconf 74' lang='grc' dir='ltr'><strong>ι</strong></span> <span class='ocrx_word' id='word_1_54' title='bbox 2085 739 2194 795; x_wconf 87' lang='lat' dir='ltr'><strong>Eos</strong></span> <span class='ocrx_word' id='word_1_55' title='bbox 2227 738 2377 793; x_wconf 87' lang='lat' dir='ltr'><strong>enim</strong></span> <span class='ocrx_word' id='word_1_56' title='bbox 2409 734 2728 804; x_wconf 82' lang='lat' dir='ltr'><strong>superiores</strong></span> <span class='ocrx_word' id='word_1_57' title='bbox 2770 729 3008 785; x_wconf 88' lang='lat' dir='ltr'><strong>reddidit</strong></span> <span class='ocrx_word' id='word_1_58' title='bbox 3048 729 3135 796; x_wconf 87' lang='lat' dir='ltr'><strong>iis,</strong></span> <span class='ocrx_word' id='word_1_59' title='bbox 3179 727 3276 799; x_wconf 88' lang='lat' dir='ltr'><strong>qui</strong></span> <span class='ocrx_word' id='word_1_60' title='bbox 3308 741 3479 784; x_wconf 86' lang='lat' dir='ltr'><strong>cona-</strong></span> 
     </span>
    </p>
   </div>
   <div class='ocr_carea' id='block_1_12' title="bbox 195 838 1789 919">
    <p class='ocr_par' dir='ltr' id='par_1_12' title="bbox 195 838 1789 919">
     <span class='ocr_line' id='line_1_12' title="bbox 195 838 1789 919; baseline -0.007 -17"><span class='ocrx_word' id='word_1_61' title='bbox 195 848 501 919; x_wconf 77' lang='grc' dir='ltr'>ἀπέφηνεν.</span> <span class='ocrx_word' id='word_1_62' title='bbox 584 863 604 897; x_wconf 75' lang='grc' dir='ltr'><strong>ι</strong></span> <span class='ocrx_word' id='word_1_63' title='bbox 692 845 805 899; x_wconf 74' lang='grc' dir='ltr'>Καὶ</span> <span class='ocrx_word' id='word_1_64' title='bbox 869 842 1102 913; x_wconf 74' lang='grc' dir='ltr'>ἦλεγξεν</span> <span class='ocrx_word' id='word_1_65' title='bbox 1180 842 1323 912; x_wconf 82' lang='grc' dir='ltr'>ὑπὲρ</span> <span class='ocrx_word' id='word_1_66' title='bbox 1384 841 1566 896; x_wconf 77' lang='grc' dir='ltr'>αὐτῶν</span> <span class='ocrx_word' id='word_1_67' title='bbox 1628 838 1789 910; x_wconf 84' lang='grc' dir='ltr'>βασι-</span> 
     </span>
    </p>
   </div>
   <div class='ocr_carea' id='block_1_13' title="bbox 196 938 386 1002">
    <p class='ocr_par' dir='ltr' id='par_1_13' title="bbox 196 938 386 1002">
     <span class='ocr_line' id='line_1_13' title="bbox 196 938 386 1002; baseline -0.011 -11"><span class='ocrx_word' id='word_1_68' title='bbox 196 938 333 1002; x_wconf 77' lang='grc' dir='ltr'>λεῖς.</span> <span class='ocrx_word' id='word_1_69' title='bbox 368 956 386 989; x_wconf 73' lang='grc' dir='ltr'><strong>ι</strong></span> 
     </span>
    </p>
   </div>
   <div class='ocr_carea' id='block_1_14' title="bbox 272 1022 1781 1097">
    <p class='ocr_par' dir='ltr' id='par_1_14' title="bbox 272 1022 1781 1097">
     <span class='ocr_line' id='line_1_14' title="bbox 272 1022 1781 1097; baseline -0.004 -17"><span class='ocrx_word' id='word_1_70' title='bbox 272 1033 357 1083; x_wconf 89' lang='grc' dir='ltr'>ιε’.</span> <span class='ocrx_word' id='word_1_71' title='bbox 387 1046 407 1079; x_wconf 75' lang='grc' dir='ltr'><strong>ι</strong></span> <span class='ocrx_word' id='word_1_72' title='bbox 440 1027 535 1097; x_wconf 79' lang='grc' dir='ltr'><strong>Μὴ</strong></span> <span class='ocrx_word' id='word_1_73' title='bbox 554 1025 797 1080; x_wconf 72' lang='grc' dir='ltr'>ἅπτεσθε</span> <span class='ocrx_word' id='word_1_74' title='bbox 813 1026 857 1058; x_wconf 75' lang='grc' dir='ltr'><strong>⁸ο</strong></span> <span class='ocrx_word' id='word_1_75' title='bbox 883 1024 994 1079; x_wconf 90' lang='grc' dir='ltr'><strong>τῶν</strong></span> <span class='ocrx_word' id='word_1_76' title='bbox 1018 1024 1260 1097; x_wconf 83' lang='grc' dir='ltr'>χριστῶν</span> <span class='ocrx_word' id='word_1_77' title='bbox 1290 1041 1416 1095; x_wconf 89' lang='grc' dir='ltr'>μου,</span> <span class='ocrx_word' id='word_1_78' title='bbox 1448 1024 1544 1077; x_wconf 69' lang='grc' dir='ltr'><strong>καὶ</strong></span> <span class='ocrx_word' id='word_1_79' title='bbox 1577 1023 1635 1075; x_wconf 82' lang='grc' dir='ltr'><strong>ἐν</strong></span> <span class='ocrx_word' id='word_1_80' title='bbox 1666 1022 1781 1083; x_wconf 75' lang='grc' dir='ltr'>τοῖς</span> 
     </span>
    </p>
   </div>
   <div class='ocr_carea' id='block_1_15' title="bbox 1888 818 3303 907">
    <p class='ocr_par' dir='ltr' id='par_1_15' title="bbox 1888 818 3303 907">
     <span class='ocr_line' id='line_1_15' title="bbox 1888 818 3303 907; baseline -0.012 -21"><span class='ocrx_word' id='word_1_81' title='bbox 1888 831 2093 907; x_wconf 83' lang='lat' dir='ltr'><strong>bantur</strong></span> <span class='ocrx_word' id='word_1_82' title='bbox 2129 827 2343 882; x_wconf 65' lang='lat' dir='ltr'><strong>laadere.</strong></span> <span class='ocrx_word' id='word_1_83' title='bbox 2394 842 2413 875; x_wconf 78' lang='grc' dir='ltr'><strong>ι</strong></span> <span class='ocrx_word' id='word_1_84' title='bbox 2454 823 2521 878; x_wconf 84' lang='grc' dir='ltr'>Ει</span> <span class='ocrx_word' id='word_1_85' title='bbox 2548 818 3023 891; x_wconf 71' lang='grc' dir='ltr'>οοττίρυὶιρτοζείε</span> <span class='ocrx_word' id='word_1_86' title='bbox 3064 832 3239 887; x_wconf 80' lang='lat' dir='ltr'><strong>reges.</strong></span> <span class='ocrx_word' id='word_1_87' title='bbox 3284 833 3303 869; x_wconf 74' lang='grc' dir='ltr'><strong>ι</strong></span> 
     </span>
    </p>
   </div>
   <div class='ocr_carea' id='block_1_16' title="bbox 1964 1017 3484 1094">
    <p class='ocr_par' dir='ltr' id='par_1_16' title="bbox 1964 1017 3484 1094">
     <span class='ocr_line' id='line_1_16' title="bbox 1964 1017 3484 1094; baseline -0.006 -13"><span class='ocrx_word' id='word_1_88' title='bbox 1964 1028 2130 1085; x_wconf 76' lang='lat' dir='ltr'><strong>Vens.</strong></span> <span class='ocrx_word' id='word_1_89' title='bbox 2149 1028 2217 1081; x_wconf 80' lang='lat' dir='ltr'><strong>t5</strong></span> <span class='ocrx_word' id='word_1_90' title='bbox 2239 1046 2257 1080; x_wconf 77' lang='grc' dir='ltr'><strong>ι</strong></span> <span class='ocrx_word' id='word_1_91' title='bbox 2284 1026 2464 1081; x_wconf 81' lang='lat' dir='ltr'><strong>Nolite</strong></span> <span class='ocrx_word' id='word_1_92' title='bbox 2485 1033 2707 1094; x_wconf 87' lang='lat' dir='ltr'><strong>tangere</strong></span> <span class='ocrx_word' id='word_1_93' title='bbox 2738 1031 2933 1078; x_wconf 89' lang='lat' dir='ltr'><strong>unctos</strong></span> <span class='ocrx_word' id='word_1_94' title='bbox 2964 1034 3140 1086; x_wconf 91' lang='lat' dir='ltr'><strong>meos,</strong></span> <span class='ocrx_word' id='word_1_95' title='bbox 3172 1028 3228 1075; x_wconf 90' lang='lat' dir='ltr'><strong>et</strong></span> <span class='ocrx_word' id='word_1_96' title='bbox 3257 1017 3313 1073; x_wconf 91' lang='lat' dir='ltr'><strong>in</strong></span> <span class='ocrx_word' id='word_1_97' title='bbox 3337 1017 3484 1088; x_wconf 85' lang='lat' dir='ltr'><strong>&#39;pro-</strong></span> 
     </span>
    </p>
   </div>
   <div class='ocr_carea' id='block_1_17' title="bbox 206 1101 1821 1194">
    <p class='ocr_par' dir='ltr' id='par_1_17' title="bbox 206 1101 1792 1191">
     <span class='ocr_line' id='line_1_17' title="bbox 206 1101 1792 1191; baseline -0.005 -18"><span class='ocrx_word' id='word_1_98' title='bbox 206 1120 518 1191; x_wconf 77' lang='grc' dir='ltr'><strong>προφήταις</strong></span> <span class='ocrx_word' id='word_1_99' title='bbox 557 1135 658 1188; x_wconf 92' lang='grc' dir='ltr'><strong>μου</strong></span> <span class='ocrx_word' id='word_1_100' title='bbox 697 1118 772 1189; x_wconf 83' lang='grc' dir='ltr'>μὴ</span> <span class='ocrx_word' id='word_1_101' title='bbox 817 1101 1319 1191; x_wconf 69' lang='grc' dir='ltr'>πονηρεύσεσθεθί.</span> <span class='ocrx_word' id='word_1_102' title='bbox 1363 1135 1381 1167; x_wconf 75' lang='grc' dir='ltr'><strong>ι</strong></span> <span class='ocrx_word' id='word_1_103' title='bbox 1434 1116 1590 1168; x_wconf 68' lang='grc' dir='ltr'>Οὕτω</span> <span class='ocrx_word' id='word_1_104' title='bbox 1620 1115 1665 1145; x_wconf 84' lang='grc'>⁶¹</span> <span class='ocrx_word' id='word_1_105' title='bbox 1696 1112 1792 1165; x_wconf 75' lang='grc' dir='ltr'>τὸν</span> 
     </span>
    </p>
   </div>
   <div class='ocr_carea' id='block_1_18' title="bbox 1940 1101 3485 1194">
    <p class='ocr_par' dir='ltr' id='par_1_18' title="bbox 1940 1112 3485 1186">
     <span class='ocr_line' id='line_1_18' title="bbox 1940 1112 3485 1186; baseline -0.008 -9"><span class='ocrx_word' id='word_1_106' title='bbox 1940 1123 2085 1177; x_wconf 88' lang='lat' dir='ltr'><strong>hetas</strong></span> <span class='ocrx_word' id='word_1_107' title='bbox 2115 1136 2266 1175; x_wconf 89' lang='lat' dir='ltr'><strong>meos</strong></span> <span class='ocrx_word' id='word_1_108' title='bbox 2288 1120 2457 1174; x_wconf 91' lang='lat' dir='ltr'><strong>nolite</strong></span> <span class='ocrx_word' id='word_1_109' title='bbox 2484 1116 2707 1186; x_wconf 83' lang='lat' dir='ltr'><strong>maligni</strong></span> <span class='ocrx_word' id='word_1_110' title='bbox 2729 1130 2901 1171; x_wconf 62' lang='lat' dir='ltr'><strong>esse.»</strong></span> <span class='ocrx_word' id='word_1_111' title='bbox 2926 1114 3020 1170; x_wconf 91' lang='lat' dir='ltr'><strong>Sic</strong></span> <span class='ocrx_word' id='word_1_112' title='bbox 3045 1114 3102 1168; x_wconf 91' lang='lat' dir='ltr'><strong>in</strong></span> <span class='ocrx_word' id='word_1_113' title='bbox 3136 1112 3485 1167; x_wconf 83' lang='lat' dir='ltr'><strong>Pharaonem</strong></span> 
     </span>
    </p>
   </div>
   <div class='ocr_carea' id='block_1_19' title="bbox 207 1204 1790 1281">
    <p class='ocr_par' dir='ltr' id='par_1_19' title="bbox 207 1204 1790 1281">
     <span class='ocr_line' id='line_1_19' title="bbox 207 1204 1790 1281; baseline -0.006 -17"><span class='ocrx_word' id='word_1_114' title='bbox 207 1210 411 1281; x_wconf 68' lang='grc' dir='ltr'>Φαραὼ</span> <span class='ocrx_word' id='word_1_115' title='bbox 463 1210 669 1281; x_wconf 78' lang='grc' dir='ltr'>ῆτασεν</span> <span class='ocrx_word' id='word_1_116' title='bbox 736 1209 1001 1279; x_wconf 87' lang='grc' dir='ltr'>ἐτασμοίς</span> <span class='ocrx_word' id='word_1_117' title='bbox 1057 1208 1319 1278; x_wconf 86' lang='grc' dir='ltr'>μεγάλοις</span> <span class='ocrx_word' id='word_1_118' title='bbox 1365 1208 1461 1259; x_wconf 71' lang='grc' dir='ltr'>καὶ</span> <span class='ocrx_word' id='word_1_119' title='bbox 1533 1204 1790 1273; x_wconf 78' lang='grc' dir='ltr'>φοϐεροῖς</span> 
     </span>
    </p>
   </div>
   <div class='ocr_carea' id='block_1_20' title="bbox 211 1295 1788 1373">
    <p class='ocr_par' dir='ltr' id='par_1_20' title="bbox 211 1295 1788 1373">
     <span class='ocr_line' id='line_1_20' title="bbox 211 1295 1788 1373; baseline -0.006 -17"><span class='ocrx_word' id='word_1_120' title='bbox 211 1303 340 1371; x_wconf 73' lang='grc' dir='ltr'>περὶ</span> <span class='ocrx_word' id='word_1_121' title='bbox 374 1303 593 1373; x_wconf 75' lang='grc' dir='ltr'>Σάῤῥας</span> <span class='ocrx_word' id='word_1_122' title='bbox 629 1302 731 1373; x_wconf 79' lang='grc' dir='ltr'>τῆς</span> <span class='ocrx_word' id='word_1_123' title='bbox 759 1300 1023 1370; x_wconf 82' lang='grc' dir='ltr'>γυναικὸς</span> <span class='ocrx_word' id='word_1_124' title='bbox 1051 1299 1332 1371; x_wconf 76' lang='grc' dir='ltr'>Ἀϐραάμ.</span> <span class='ocrx_word' id='word_1_125' title='bbox 1385 1297 1543 1350; x_wconf 78' lang='grc' dir='ltr'>Οὕτω</span> <span class='ocrx_word' id='word_1_126' title='bbox 1569 1295 1788 1363; x_wconf 85' lang='grc' dir='ltr'>νύκτωρ</span> 
     </span>
    </p>
   </div>
   <div class='ocr_carea' id='block_1_21' title="bbox 210 1386 1793 1463">
    <p class='ocr_par' dir='ltr' id='par_1_21' title="bbox 210 1386 1793 1463">
     <span class='ocr_line' id='line_1_21' title="bbox 210 1386 1793 1463; baseline -0.005 -17"><span class='ocrx_word' id='word_1_127' title='bbox 210 1393 304 1446; x_wconf 77' lang='grc' dir='ltr'><strong>τὸν</strong></span> <span class='ocrx_word' id='word_1_128' title='bbox 360 1392 656 1463; x_wconf 79' lang='grc' dir='ltr'>Ἀϐιμέλεχ</span> <span class='ocrx_word' id='word_1_129' title='bbox 709 1391 1140 1461; x_wconf 79' lang='grc' dir='ltr'>ἐξεδειμάτωσεν</span> <span class='ocrx_word' id='word_1_130' title='bbox 1204 1388 1479 1462; x_wconf 81' lang='grc' dir='ltr'>είρηκώς’</span> <span class='ocrx_word' id='word_1_131' title='bbox 1536 1387 1669 1440; x_wconf 81' lang='grc' dir='ltr'>Ἰδοὺ</span> <span class='ocrx_word' id='word_1_132' title='bbox 1725 1386 1793 1439; x_wconf 82' lang='grc' dir='ltr'><strong>σὺ</strong></span> 
     </span>
    </p>
   </div>
   <div class='ocr_carea' id='block_1_22' title="bbox 213 1477 1792 1558">
    <p class='ocr_par' dir='ltr' id='par_1_22' title="bbox 213 1477 1792 1558">
     <span class='ocr_line' id='line_1_22' title="bbox 213 1477 1792 1558; baseline -0.005 -20"><span class='ocrx_word' id='word_1_133' title='bbox 213 1483 587 1555; x_wconf 71' lang='grc' dir='ltr'><strong>ἀποθνήσκεις</strong></span> <span class='ocrx_word' id='word_1_134' title='bbox 625 1484 756 1554; x_wconf 81' lang='grc' dir='ltr'>περὶ</span> <span class='ocrx_word' id='word_1_135' title='bbox 799 1484 1021 1558; x_wconf 83' lang='grc' dir='ltr'>Σάρῤας</span> <span class='ocrx_word' id='word_1_136' title='bbox 1070 1483 1171 1551; x_wconf 84' lang='grc' dir='ltr'>τῆς</span> <span class='ocrx_word' id='word_1_137' title='bbox 1197 1481 1456 1551; x_wconf 80' lang='grc' dir='ltr'>γυναικὸς</span> <span class='ocrx_word' id='word_1_138' title='bbox 1496 1477 1755 1550; x_wconf 77' lang='grc' dir='ltr'>Ἀδραάμ</span> <span class='ocrx_word' id='word_1_139' title='bbox 1780 1493 1792 1505; x_wconf 72' lang='grc' dir='ltr'><strong>ο</strong></span> 
     </span>
    </p>
   </div>
   <div class='ocr_carea' id='block_1_23' title="bbox 217 1569 1795 1648">
    <p class='ocr_par' dir='ltr' id='par_1_23' title="bbox 217 1569 1795 1648">
     <span class='ocr_line' id='line_1_23' title="bbox 217 1569 1795 1648; baseline -0.004 -20"><span class='ocrx_word' id='word_1_140' title='bbox 217 1575 359 1647; x_wconf 76' lang='grc' dir='ltr'>αὕτη</span> <span class='ocrx_word' id='word_1_141' title='bbox 382 1576 443 1630; x_wconf 79' lang='grc' dir='ltr'><strong>δέ</strong></span> <span class='ocrx_word' id='word_1_142' title='bbox 470 1576 621 1631; x_wconf 75' lang='grc' dir='ltr'>ἐστιν</span> <span class='ocrx_word' id='word_1_143' title='bbox 658 1577 1011 1648; x_wconf 82' lang='grc' dir='ltr'><strong>συνῳκηκυῖα</strong></span> <span class='ocrx_word' id='word_1_144' title='bbox 1055 1576 1232 1647; x_wconf 80' lang='grc' dir='ltr'>ἀνδρί.</span> <span class='ocrx_word' id='word_1_145' title='bbox 1275 1573 1434 1628; x_wconf 77' lang='grc' dir='ltr'>Οὕτω</span> <span class='ocrx_word' id='word_1_146' title='bbox 1472 1573 1565 1626; x_wconf 80' lang='grc' dir='ltr'><strong>τὸν</strong></span> <span class='ocrx_word' id='word_1_147' title='bbox 1605 1569 1795 1625; x_wconf 84' lang='grc' dir='ltr'>Ἰσαὰκ</span> 
     </span>
    </p>
   </div>
   <div class='ocr_carea' id='block_1_24' title="bbox 220 1663 1799 1739">
    <p class='ocr_par' dir='ltr' id='par_1_24' title="bbox 220 1663 1799 1739">
     <span class='ocr_line' id='line_1_24' title="bbox 220 1663 1799 1739; baseline -0.003 -20"><span class='ocrx_word' id='word_1_148' title='bbox 220 1666 501 1737; x_wconf 84' lang='grc' dir='ltr'>αίδέσιμον</span> <span class='ocrx_word' id='word_1_149' title='bbox 531 1669 645 1730; x_wconf 78' lang='grc' dir='ltr'>τοῖς</span> <span class='ocrx_word' id='word_1_150' title='bbox 674 1665 975 1738; x_wconf 81' lang='grc' dir='ltr'>τηνικαῦτα</span> <span class='ocrx_word' id='word_1_151' title='bbox 1010 1667 1108 1739; x_wconf 83' lang='grc' dir='ltr'>τὴν</span> <span class='ocrx_word' id='word_1_152' title='bbox 1148 1665 1519 1737; x_wconf 81' lang='grc' dir='ltr'><strong>Παλαιστίνην</strong></span> <span class='ocrx_word' id='word_1_153' title='bbox 1555 1663 1799 1718; x_wconf 78' lang='grc' dir='ltr'><strong>οἰκοῦσιν</strong></span> 
     </span>
    </p>
   </div>
   <div class='ocr_carea' id='block_1_25' title="bbox 218 1756 1793 1829">
    <p class='ocr_par' dir='ltr' id='par_1_25' title="bbox 218 1756 1793 1829">
     <span class='ocr_line' id='line_1_25' title="bbox 218 1756 1793 1829; baseline -0.003 -18"><span class='ocrx_word' id='word_1_154' title='bbox 218 1758 524 1828; x_wconf 76' lang='grc' dir='ltr'><strong>ἀπέφηνεν.</strong></span> <span class='ocrx_word' id='word_1_155' title='bbox 601 1757 759 1813; x_wconf 79' lang='grc' dir='ltr'>Οὕτω</span> <span class='ocrx_word' id='word_1_156' title='bbox 825 1759 1060 1828; x_wconf 84' lang='grc' dir='ltr'>φονῶντι</span> <span class='ocrx_word' id='word_1_157' title='bbox 1105 1758 1185 1829; x_wconf 85' lang='grc' dir='ltr'>τῷ</span> <span class='ocrx_word' id='word_1_158' title='bbox 1228 1758 1416 1812; x_wconf 76' lang='grc' dir='ltr'>Δάόαν</span> <span class='ocrx_word' id='word_1_159' title='bbox 1454 1756 1754 1827; x_wconf 79' lang='grc' dir='ltr'><strong>ἠπείλησεν</strong></span> <span class='ocrx_word' id='word_1_160' title='bbox 1779 1772 1793 1785; x_wconf 69' lang='grc' dir='ltr'><strong>ο</strong></span> 
     </span>
    </p>
   </div>
   <div class='ocr_carea' id='block_1_26' title="bbox 1895 1198 3487 1274">
    <p class='ocr_par' dir='ltr' id='par_1_26' title="bbox 1895 1198 3487 1274">
     <span class='ocr_line' id='line_1_26' title="bbox 1895 1198 3487 1274; baseline -0.01 -5"><span class='ocrx_word' id='word_1_161' title='bbox 1895 1211 2281 1269; x_wconf 74' lang='lat' dir='ltr'><strong>animadvertit</strong></span> <span class='ocrx_word' id='word_1_162' title='bbox 2319 1206 2887 1264; x_wconf 87' lang='lat' dir='ltr'><strong>animadversionibus</strong></span> <span class='ocrx_word' id='word_1_163' title='bbox 2909 1202 3119 1274; x_wconf 85' lang='lat' dir='ltr'><strong>magnis</strong></span> <span class='ocrx_word' id='word_1_164' title='bbox 3140 1211 3195 1258; x_wconf 88' lang='lat' dir='ltr'><strong>et</strong></span> <span class='ocrx_word' id='word_1_165' title='bbox 3225 1198 3487 1256; x_wconf 84' lang='lat' dir='ltr'><strong>terribili-</strong></span> 
     </span>
    </p>
   </div>
   <div class='ocr_carea' id='block_1_27' title="bbox 1896 1292 3489 1375">
    <p class='ocr_par' dir='ltr' id='par_1_27' title="bbox 1896 1292 3489 1375">
     <span class='ocr_line' id='line_1_27' title="bbox 1896 1292 3489 1375; baseline -0.009 -14"><span class='ocrx_word' id='word_1_166' title='bbox 1896 1307 2018 1372; x_wconf 84' lang='lat' dir='ltr'><strong>bus,</strong></span> <span class='ocrx_word' id='word_1_167' title='bbox 2034 1315 2255 1375; x_wconf 87' lang='lat' dir='ltr'><strong>propter</strong></span> <span class='ocrx_word' id='word_1_168' title='bbox 2276 1302 2469 1357; x_wconf 89' lang='lat' dir='ltr'><strong>Saram</strong></span> <span class='ocrx_word' id='word_1_169' title='bbox 2487 1316 2714 1355; x_wconf 85' lang='lat' dir='ltr'><strong>uxorem</strong></span> <span class='ocrx_word' id='word_1_170' title='bbox 2733 1298 3052 1353; x_wconf 79' lang='lat' dir='ltr'><strong>Abrahami.</strong></span> <span class='ocrx_word' id='word_1_171' title='bbox 3070 1296 3163 1351; x_wconf 89' lang='lat' dir='ltr'><strong>Sic</strong></span> <span class='ocrx_word' id='word_1_172' title='bbox 3181 1304 3343 1351; x_wconf 87' lang='lat' dir='ltr'><strong>nocte</strong></span> <span class='ocrx_word' id='word_1_173' title='bbox 3358 1292 3489 1347; x_wconf 80' lang='lat' dir='ltr'><strong>Abi-</strong></span> 
     </span>
    </p>
   </div>
   <div class='ocr_carea' id='block_1_28' title="bbox 1896 1387 3483 1467">
    <p class='ocr_par' dir='ltr' id='par_1_28' title="bbox 1896 1387 3483 1467">
     <span class='ocr_line' id='line_1_28' title="bbox 1896 1387 3483 1467; baseline -0.009 -14"><span class='ocrx_word' id='word_1_174' title='bbox 1896 1398 2204 1453; x_wconf 80' lang='lat' dir='ltr'><strong>mcleclium</strong></span> <span class='ocrx_word' id='word_1_175' title='bbox 2230 1394 2543 1467; x_wconf 80' lang='lat' dir='ltr'><strong>perterruit,</strong></span> <span class='ocrx_word' id='word_1_176' title='bbox 2580 1393 2768 1447; x_wconf 76' lang='lat' dir='ltr'><strong>dicens</strong></span> <span class='ocrx_word' id='word_1_177' title='bbox 2796 1410 2808 1445; x_wconf 90' lang='lat'><strong>:</strong></span> <span class='ocrx_word' id='word_1_178' title='bbox 2832 1389 2911 1444; x_wconf 86' lang='lat' dir='ltr'><strong>En</strong></span> <span class='ocrx_word' id='word_1_179' title='bbox 2951 1387 3206 1444; x_wconf 89' lang='lat' dir='ltr'><strong>morieris</strong></span> <span class='ocrx_word' id='word_1_180' title='bbox 3257 1393 3483 1456; x_wconf 81' lang='lat' dir='ltr'><strong>propter</strong></span> 
     </span>
    </p>
   </div>
   <div class='ocr_carea' id='block_1_29' title="bbox 1899 1477 3486 1551">
    <p class='ocr_par' dir='ltr' id='par_1_29' title="bbox 1899 1477 3486 1551">
     <span class='ocr_line' id='line_1_29' title="bbox 1899 1477 3486 1551; baseline -0.01 -7"><span class='ocrx_word' id='word_1_181' title='bbox 1899 1487 2090 1544; x_wconf 91' lang='lat' dir='ltr'><strong>Saram</strong></span> <span class='ocrx_word' id='word_1_182' title='bbox 2115 1502 2339 1542; x_wconf 77' lang='lat' dir='ltr'><strong>uxorem</strong></span> <span class='ocrx_word' id='word_1_183' title='bbox 2384 1482 2703 1545; x_wconf 83' lang='lat' dir='ltr'><strong>Abrahami,</strong></span> <span class='ocrx_word' id='word_1_184' title='bbox 2744 1482 2863 1551; x_wconf 91' lang='lat' dir='ltr'><strong>ipsa</strong></span> <span class='ocrx_word' id='word_1_185' title='bbox 2881 1495 3013 1535; x_wconf 91' lang='lat' dir='ltr'><strong>vero</strong></span> <span class='ocrx_word' id='word_1_186' title='bbox 3041 1477 3325 1532; x_wconf 86' lang='lat' dir='ltr'><strong>cohabitat</strong></span> <span class='ocrx_word' id='word_1_187' title='bbox 3360 1490 3486 1530; x_wconf 92' lang='lat' dir='ltr'><strong>cum</strong></span> 
     </span>
    </p>
   </div>
   <div class='ocr_carea' id='block_1_30' title="bbox 1897 1567 3490 1641">
    <p class='ocr_par' dir='ltr' id='par_1_30' title="bbox 1897 1567 3490 1641">
     <span class='ocr_line' id='line_1_30' title="bbox 1897 1567 3490 1641; baseline -0.01 -5"><span class='ocrx_word' id='word_1_188' title='bbox 1897 1582 2064 1636; x_wconf 65' lang='grc' dir='ltr'>τίνοι.</span> <span class='ocrx_word' id='word_1_189' title='bbox 2079 1580 2170 1637; x_wconf 90' lang='lat' dir='ltr'><strong>Sic</strong></span> <span class='ocrx_word' id='word_1_190' title='bbox 2185 1580 2430 1635; x_wconf 88' lang='lat' dir='ltr'><strong>lsaacum</strong></span> <span class='ocrx_word' id='word_1_191' title='bbox 2445 1575 2814 1631; x_wconf 89' lang='lat' dir='ltr'><strong>venerandum</strong></span> <span class='ocrx_word' id='word_1_192' title='bbox 2831 1571 3063 1628; x_wconf 89' lang='lat' dir='ltr'><strong>reddidit</strong></span> <span class='ocrx_word' id='word_1_193' title='bbox 3078 1570 3219 1641; x_wconf 89' lang='lat' dir='ltr'><strong>apud</strong></span> <span class='ocrx_word' id='word_1_194' title='bbox 3238 1569 3380 1633; x_wconf 89' lang='lat' dir='ltr'><strong>illos,</strong></span> <span class='ocrx_word' id='word_1_195' title='bbox 3395 1567 3490 1636; x_wconf 86' lang='lat' dir='ltr'><strong>qui</strong></span> 
     </span>
    </p>
   </div>
   <div class='ocr_carea' id='block_1_31' title="bbox 1901 1658 3493 1729">
    <p class='ocr_par' dir='ltr' id='par_1_31' title="bbox 1901 1658 3493 1729">
     <span class='ocr_line' id='line_1_31' title="bbox 1901 1658 3493 1729; baseline -0.009 -2"><span class='ocrx_word' id='word_1_196' title='bbox 1901 1682 2032 1729; x_wconf 92' lang='lat' dir='ltr'><strong>tunc</strong></span> <span class='ocrx_word' id='word_1_197' title='bbox 2046 1671 2385 1727; x_wconf 68' lang='lat' dir='ltr'><strong>Palaestinam</strong></span> <span class='ocrx_word' id='word_1_198' title='bbox 2400 1668 2756 1726; x_wconf 78' lang='lat' dir='ltr'><strong>incolebant&#39;.</strong></span> <span class='ocrx_word' id='word_1_199' title='bbox 2781 1665 2873 1720; x_wconf 92' lang='lat' dir='ltr'><strong>Sic</strong></span> <span class='ocrx_word' id='word_1_200' title='bbox 2892 1663 3178 1719; x_wconf 82' lang='lat' dir='ltr'><strong>minitatus</strong></span> <span class='ocrx_word' id='word_1_201' title='bbox 3190 1658 3493 1715; x_wconf 84' lang='lat' dir='ltr'><strong>estLabani</strong></span> 
     </span>
    </p>
   </div>
   <div class='ocr_carea' id='block_1_32' title="bbox 1903 1750 3493 1828">
    <p class='ocr_par' dir='ltr' id='par_1_32' title="bbox 1903 1750 3493 1828">
     <span class='ocr_line' id='line_1_32' title="bbox 1903 1750 3493 1828; baseline -0.009 -8"><span class='ocrx_word' id='word_1_202' title='bbox 1903 1764 2151 1820; x_wconf 88' lang='lat' dir='ltr'><strong>occidere</strong></span> <span class='ocrx_word' id='word_1_203' title='bbox 2168 1762 2366 1817; x_wconf 90' lang='lat' dir='ltr'><strong>volenti</strong></span> <span class='ocrx_word' id='word_1_204' title='bbox 2390 1779 2403 1815; x_wconf 92' lang='lat'>:</span> <span class='ocrx_word' id='word_1_205' title='bbox 2429 1756 3064 1828; x_wconf 71' lang='lat' dir='ltr'><strong>«Caveenim,inquit,ne</strong></span> <span class='ocrx_word' id='word_1_206' title='bbox 3089 1753 3333 1822; x_wconf 89' lang='lat' dir='ltr'><strong>loquaris</strong></span> <span class='ocrx_word' id='word_1_207' title='bbox 3353 1750 3493 1806; x_wconf 89' lang='lat' dir='ltr'><strong>dura</strong></span> 
     </span>
    </p>
   </div>
   <div class='ocr_carea' id='block_1_33' title="bbox 226 1842 1821 1923">
    <p class='ocr_par' dir='ltr' id='par_1_33' title="bbox 226 1844 1801 1923">
     <span class='ocr_line' id='line_1_33' title="bbox 226 1844 1801 1923; baseline -0.004 -19"><span class='ocrx_word' id='word_1_208' title='bbox 226 1868 246 1901; x_wconf 78' lang='grc' dir='ltr'><strong>ι</strong></span> <span class='ocrx_word' id='word_1_209' title='bbox 284 1851 429 1920; x_wconf 87' lang='grc' dir='ltr'><strong>Ὅρα</strong></span> <span class='ocrx_word' id='word_1_210' title='bbox 470 1849 599 1922; x_wconf 80' lang='grc' dir='ltr'>γὰρ,</span> <span class='ocrx_word' id='word_1_211' title='bbox 626 1850 754 1922; x_wconf 77' lang='grc' dir='ltr'>εφη,</span> <span class='ocrx_word' id='word_1_212' title='bbox 801 1851 877 1923; x_wconf 86' lang='grc' dir='ltr'>μὴ</span> <span class='ocrx_word' id='word_1_213' title='bbox 920 1851 1166 1923; x_wconf 77' lang='grc' dir='ltr'>λαλήσῃς</span> <span class='ocrx_word' id='word_1_214' title='bbox 1207 1849 1420 1921; x_wconf 76' lang='grc' dir='ltr'>σκληρὰ</span> <span class='ocrx_word' id='word_1_215' title='bbox 1463 1847 1604 1902; x_wconf 85' lang='grc' dir='ltr'>κατὰ</span> <span class='ocrx_word' id='word_1_216' title='bbox 1633 1848 1678 1880; x_wconf 76' lang='grc'>⁸⁸</span> <span class='ocrx_word' id='word_1_217' title='bbox 1707 1844 1801 1899; x_wconf 79' lang='grc' dir='ltr'><strong>τοῦ</strong></span> 
     </span>
    </p>
   </div>
   <div class='ocr_carea' id='block_1_34' title="bbox 1940 1842 3496 1923">
    <p class='ocr_par' dir='ltr' id='par_1_34' title="bbox 1943 1842 3496 1917">
     <span class='ocr_line' id='line_1_34' title="bbox 1943 1842 3496 1917; baseline -0.008 -8"><span class='ocrx_word' id='word_1_218' title='bbox 1943 1864 2096 1909; x_wconf 87' lang='lat' dir='ltr'><strong>ontra</strong></span> <span class='ocrx_word' id='word_1_219' title='bbox 2122 1868 2342 1910; x_wconf 90' lang='lat' dir='ltr'><strong>servum</strong></span> <span class='ocrx_word' id='word_1_220' title='bbox 2366 1851 2547 1906; x_wconf 86' lang='lat' dir='ltr'><strong>meum</strong></span> <span class='ocrx_word' id='word_1_221' title='bbox 2578 1851 2597 1870; x_wconf 64' lang='grc' dir='ltr'><strong>θ</strong></span> <span class='ocrx_word' id='word_1_222' title='bbox 2630 1848 2892 1903; x_wconf 78' lang='lat' dir='ltr'><strong>Jacobum</strong></span> <span class='ocrx_word' id='word_1_223' title='bbox 2910 1848 2962 1901; x_wconf 70' lang='grc' dir='ltr'><strong>ι).</strong></span> <span class='ocrx_word' id='word_1_224' title='bbox 2992 1865 3011 1898; x_wconf 72' lang='grc' dir='ltr'><strong>ι</strong></span> <span class='ocrx_word' id='word_1_225' title='bbox 3045 1844 3257 1917; x_wconf 60' lang='grc' dir='ltr'><strong>13ἤ7</strong></span> <span class='ocrx_word' id='word_1_226' title='bbox 3300 1842 3496 1897; x_wconf 71' lang='lat' dir='ltr'><strong>Uncto:</strong></span> 
     </span>
    </p>
   </div>
   <div class='ocr_carea' id='block_1_35' title="bbox 222 1939 1810 2014">
    <p class='ocr_par' dir='ltr' id='par_1_35' title="bbox 222 1939 1810 2014">
     <span class='ocr_line' id='line_1_35' title="bbox 222 1939 1810 2014; baseline -0.004 -17"><span class='ocrx_word' id='word_1_227' title='bbox 222 1943 415 2006; x_wconf 84' lang='grc' dir='ltr'>παιδός</span> <span class='ocrx_word' id='word_1_228' title='bbox 446 1960 550 2014; x_wconf 90' lang='grc' dir='ltr'><strong>μου</strong></span> <span class='ocrx_word' id='word_1_229' title='bbox 580 1942 1133 2012; x_wconf 76' lang='grc' dir='ltr'>’ἰακώ6.»Χριστοὺς</span> <span class='ocrx_word' id='word_1_230' title='bbox 1161 1943 1216 1996; x_wconf 85' lang='grc' dir='ltr'>δὲ</span> <span class='ocrx_word' id='word_1_231' title='bbox 1246 1941 1665 2011; x_wconf 81' lang='grc' dir='ltr'>προσαγορεύει,</span> <span class='ocrx_word' id='word_1_232' title='bbox 1711 1939 1810 2008; x_wconf 81' lang='grc' dir='ltr'><strong>οὐχ</strong></span> 
     </span>
    </p>
   </div>
   <div class='ocr_carea' id='block_1_36' title="bbox 223 2031 1808 2106">
    <p class='ocr_par' dir='ltr' id='par_1_36' title="bbox 223 2031 1808 2106">
     <span class='ocr_line' id='line_1_36' title="bbox 223 2031 1808 2106; baseline -0.003 -19"><span class='ocrx_word' id='word_1_233' title='bbox 223 2036 301 2098; x_wconf 85' lang='grc' dir='ltr'><strong>ὡς</strong></span> <span class='ocrx_word' id='word_1_234' title='bbox 334 2034 499 2105; x_wconf 89' lang='grc' dir='ltr'>ἐλαίῳ</span> <span class='ocrx_word' id='word_1_235' title='bbox 541 2034 962 2106; x_wconf 86' lang='grc' dir='ltr'>κεχρισμένους,</span> <span class='ocrx_word' id='word_1_236' title='bbox 996 2034 1111 2089; x_wconf 83' lang='grc' dir='ltr'>ἀλλ’</span> <span class='ocrx_word' id='word_1_237' title='bbox 1142 2035 1217 2098; x_wconf 83' lang='grc' dir='ltr'><strong>ὡς</strong></span> <span class='ocrx_word' id='word_1_238' title='bbox 1251 2034 1543 2095; x_wconf 78' lang='grc' dir='ltr'>ἐκλεκτοὺς</span> <span class='ocrx_word' id='word_1_239' title='bbox 1575 2031 1808 2101; x_wconf 83' lang='grc' dir='ltr'>γενομέ-</span> 
     </span>
    </p>
   </div>
   <div class='ocr_carea' id='block_1_37' title="bbox 225 2122 1809 2196">
    <p class='ocr_par' dir='ltr' id='par_1_37' title="bbox 225 2122 1809 2196">
     <span class='ocr_line' id='line_1_37' title="bbox 225 2122 1809 2196; baseline -0.005 -15"><span class='ocrx_word' id='word_1_240' title='bbox 225 2143 371 2189; x_wconf 86' lang='grc' dir='ltr'>νους.</span> <span class='ocrx_word' id='word_1_241' title='bbox 420 2125 746 2196; x_wconf 70' lang='grc' dir='ltr'>Προφήτην</span> <span class='ocrx_word' id='word_1_242' title='bbox 776 2127 833 2181; x_wconf 77' lang='grc' dir='ltr'><strong>δὲ</strong></span> <span class='ocrx_word' id='word_1_243' title='bbox 867 2127 961 2180; x_wconf 76' lang='grc' dir='ltr'><strong>καὶ</strong></span> <span class='ocrx_word' id='word_1_244' title='bbox 1003 2126 1166 2189; x_wconf 77' lang='grc' dir='ltr'>αὐτὸς</span> <span class='ocrx_word' id='word_1_245' title='bbox 1194 2126 1223 2177; x_wconf 82' lang='grc' dir='ltr'><strong>ὁ</strong></span> <span class='ocrx_word' id='word_1_246' title='bbox 1252 2126 1385 2191; x_wconf 81' lang='grc' dir='ltr'>Θεὸς</span> <span class='ocrx_word' id='word_1_247' title='bbox 1425 2125 1518 2178; x_wconf 82' lang='grc' dir='ltr'><strong>τὸν</strong></span> <span class='ocrx_word' id='word_1_248' title='bbox 1549 2122 1809 2193; x_wconf 70' lang='grc' dir='ltr'>Ἀϐραὰμ</span> 
     </span>
    </p>
   </div>
   <div class='ocr_carea' id='block_1_38' title="bbox 229 2214 1814 2286">
    <p class='ocr_par' dir='ltr' id='par_1_38' title="bbox 229 2214 1814 2286">
     <span class='ocr_line' id='line_1_38' title="bbox 229 2214 1814 2286; baseline -0.001 -20"><span class='ocrx_word' id='word_1_249' title='bbox 229 2215 672 2286; x_wconf 79' lang='grc' dir='ltr'>προσηγόρευσεν</span> <span class='ocrx_word' id='word_1_250' title='bbox 695 2232 709 2247; x_wconf 74' lang='grc'><strong>⁸</strong></span> <span class='ocrx_word' id='word_1_251' title='bbox 747 2234 767 2267; x_wconf 79' lang='lat' dir='ltr'><strong>r</strong></span> <span class='ocrx_word' id='word_1_252' title='bbox 799 2216 1025 2279; x_wconf 81' lang='grc' dir='ltr'><strong>Ἀπόδος</strong></span> <span class='ocrx_word' id='word_1_253' title='bbox 1066 2217 1209 2286; x_wconf 81' lang='grc' dir='ltr'>γὰρ,</span> <span class='ocrx_word' id='word_1_254' title='bbox 1250 2215 1378 2284; x_wconf 76' lang='grc' dir='ltr'>ἔφη,</span> <span class='ocrx_word' id='word_1_255' title='bbox 1440 2214 1540 2283; x_wconf 86' lang='grc' dir='ltr'><strong>τὴν</strong></span> <span class='ocrx_word' id='word_1_256' title='bbox 1577 2215 1814 2282; x_wconf 85' lang='grc' dir='ltr'>γυναῖκα</span> 
     </span>
    </p>
   </div>
   <div class='ocr_carea' id='block_1_39' title="bbox 230 2300 1815 2377">
    <p class='ocr_par' dir='ltr' id='par_1_39' title="bbox 230 2300 1815 2377">
     <span class='ocr_line' id='line_1_39' title="bbox 230 2300 1815 2377; baseline -0.003 -20"><span class='ocrx_word' id='word_1_257' title='bbox 230 2305 307 2374; x_wconf 81' lang='grc' dir='ltr'>τῷ</span> <span class='ocrx_word' id='word_1_258' title='bbox 330 2305 504 2375; x_wconf 78' lang='grc' dir='ltr'>ἀνδρὶ,</span> <span class='ocrx_word' id='word_1_259' title='bbox 534 2306 616 2359; x_wconf 81' lang='grc' dir='ltr'><strong>ὅτι</strong></span> <span class='ocrx_word' id='word_1_260' title='bbox 641 2306 933 2377; x_wconf 82' lang='grc' dir='ltr'>προφήτης</span> <span class='ocrx_word' id='word_1_261' title='bbox 961 2304 1077 2358; x_wconf 88' lang='grc' dir='ltr'>ἐστί</span> <span class='ocrx_word' id='word_1_262' title='bbox 1101 2321 1115 2336; x_wconf 79' lang='grc'><strong><em>⁸</em></strong></span> <span class='ocrx_word' id='word_1_263' title='bbox 1152 2306 1247 2358; x_wconf 80' lang='grc' dir='ltr'><strong>καὶ</strong></span> <span class='ocrx_word' id='word_1_264' title='bbox 1295 2302 1655 2375; x_wconf 78' lang='grc' dir='ltr'>προσεύξεται</span> <span class='ocrx_word' id='word_1_265' title='bbox 1684 2300 1815 2372; x_wconf 64' lang='grc' dir='ltr'><strong>περὶ⁸</strong></span> 
     </span>
    </p>
   </div>
   <div class='ocr_carea' id='block_1_40' title="bbox 236 2396 824 2468">
    <p class='ocr_par' dir='ltr' id='par_1_40' title="bbox 236 2396 824 2468">
     <span class='ocr_line' id='line_1_40' title="bbox 236 2396 824 2468; baseline -0.002 -18"><span class='ocrx_word' id='word_1_266' title='bbox 236 2396 356 2460; x_wconf 83' lang='grc' dir='ltr'>σοῦ,</span> <span class='ocrx_word' id='word_1_267' title='bbox 387 2397 483 2451; x_wconf 73' lang='grc' dir='ltr'>καὶ</span> <span class='ocrx_word' id='word_1_268' title='bbox 512 2397 758 2468; x_wconf 81' lang='grc' dir='ltr'>σωθήσῃ.</span> <span class='ocrx_word' id='word_1_269' title='bbox 805 2416 824 2448; x_wconf 75' lang='grc' dir='ltr'><strong>ι</strong></span> 
     </span>
    </p>
   </div>
   <div class='ocr_carea' id='block_1_41' title="bbox 304 2486 1821 2560">
    <p class='ocr_par' dir='ltr' id='par_1_41' title="bbox 304 2486 1821 2560">
     <span class='ocr_line' id='line_1_41' title="bbox 304 2486 1821 2560; baseline -0.001 -17"><span class='ocrx_word' id='word_1_270' title='bbox 304 2488 402 2555; x_wconf 81' lang='grc' dir='ltr'>ις’.</span> <span class='ocrx_word' id='word_1_271' title='bbox 432 2509 452 2542; x_wconf 70' lang='grc' dir='ltr'><strong>ι</strong></span> <span class='ocrx_word' id='word_1_272' title='bbox 493 2491 607 2544; x_wconf 76' lang='grc' dir='ltr'><strong>Καὶ</strong></span> <span class='ocrx_word' id='word_1_273' title='bbox 628 2490 854 2544; x_wconf 85' lang='grc' dir='ltr'>ἐκάλεσε</span> <span class='ocrx_word' id='word_1_274' title='bbox 880 2490 1040 2560; x_wconf 79' lang='grc' dir='ltr'>λιμὸν</span> <span class='ocrx_word' id='word_1_275' title='bbox 1070 2489 1165 2543; x_wconf 61' lang='grc' dir='ltr'><strong>ἐπί¹</strong></span> <span class='ocrx_word' id='word_1_276' title='bbox 1187 2489 1287 2559; x_wconf 83' lang='grc' dir='ltr'><strong>τὴν</strong></span> <span class='ocrx_word' id='word_1_277' title='bbox 1308 2488 1439 2558; x_wconf 84' lang='grc' dir='ltr'>γῆν.</span> <span class='ocrx_word' id='word_1_278' title='bbox 1480 2507 1498 2538; x_wconf 73' lang='grc' dir='ltr'><strong>ι</strong></span> <span class='ocrx_word' id='word_1_279' title='bbox 1544 2486 1610 2540; x_wconf 82' lang='grc' dir='ltr'><strong><em>Ἦ</em></strong></span> <span class='ocrx_word' id='word_1_280' title='bbox 1636 2487 1821 2557; x_wconf 78' lang='grc' dir='ltr'>ἀμαρ-</span> 
     </span>
    </p>
   </div>
   <div class='ocr_carea' id='block_1_42' title="bbox 234 2579 1821 2656">
    <p class='ocr_par' dir='ltr' id='par_1_42' title="bbox 234 2579 1821 2656">
     <span class='ocr_line' id='line_1_42' title="bbox 234 2579 1821 2656; baseline -0.004 -17"><span class='ocrx_word' id='word_1_281' title='bbox 234 2585 323 2639; x_wconf 86' lang='grc' dir='ltr'><strong>τία</strong></span> <span class='ocrx_word' id='word_1_282' title='bbox 348 2585 451 2656; x_wconf 81' lang='grc' dir='ltr'>τὴν</span> <span class='ocrx_word' id='word_1_283' title='bbox 479 2583 729 2638; x_wconf 79' lang='grc' dir='ltr'>παιδείαν</span> <span class='ocrx_word' id='word_1_284' title='bbox 747 2582 1037 2652; x_wconf 83' lang='grc' dir='ltr'>ἐφέλκεται</span> <span class='ocrx_word' id='word_1_285' title='bbox 1056 2597 1069 2611; x_wconf 88' lang='grc'><strong>·</strong></span> <span class='ocrx_word' id='word_1_286' title='bbox 1091 2583 1125 2651; x_wconf 81' lang='grc' dir='ltr'><strong>ἡ</strong></span> <span class='ocrx_word' id='word_1_287' title='bbox 1141 2580 1199 2634; x_wconf 88' lang='grc' dir='ltr'><strong>δέ</strong></span> <span class='ocrx_word' id='word_1_288' title='bbox 1226 2580 1447 2635; x_wconf 86' lang='grc' dir='ltr'>παιδεία</span> <span class='ocrx_word' id='word_1_289' title='bbox 1470 2580 1561 2633; x_wconf 75' lang='grc' dir='ltr'><strong>τὸν</strong></span> <span class='ocrx_word' id='word_1_290' title='bbox 1582 2579 1821 2650; x_wconf 83' lang='grc' dir='ltr'>θηριώδη</span> 
     </span>
    </p>
   </div>
   <div class='ocr_carea' id='block_1_43' title="bbox 240 2670 1826 2748">
    <p class='ocr_par' dir='ltr' id='par_1_43' title="bbox 240 2670 1826 2748">
     <span class='ocr_line' id='line_1_43' title="bbox 240 2670 1826 2748; baseline -0.005 -17"><span class='ocrx_word' id='word_1_291' title='bbox 240 2678 351 2748; x_wconf 83' lang='grc' dir='ltr'>βίον</span> <span class='ocrx_word' id='word_1_292' title='bbox 416 2676 633 2747; x_wconf 75' lang='grc' dir='ltr'>ἐλέγχει</span> <span class='ocrx_word' id='word_1_293' title='bbox 657 2691 673 2708; x_wconf 87' lang='grc'><strong>·</strong></span> <span class='ocrx_word' id='word_1_294' title='bbox 708 2677 737 2730; x_wconf 86' lang='grc' dir='ltr'>ὁ</span> <span class='ocrx_word' id='word_1_295' title='bbox 777 2674 837 2729; x_wconf 83' lang='grc' dir='ltr'>δὲ</span> <span class='ocrx_word' id='word_1_296' title='bbox 861 2674 1084 2745; x_wconf 77' lang='grc' dir='ltr'>ἔλεγχος</span> <span class='ocrx_word' id='word_1_297' title='bbox 1116 2672 1216 2744; x_wconf 81' lang='grc' dir='ltr'>τὴν</span> <span class='ocrx_word' id='word_1_298' title='bbox 1244 2670 1339 2725; x_wconf 84' lang='grc' dir='ltr'>τοῦ</span> <span class='ocrx_word' id='word_1_299' title='bbox 1373 2672 1489 2742; x_wconf 86' lang='grc' dir='ltr'>βίου</span> <span class='ocrx_word' id='word_1_300' title='bbox 1518 2670 1826 2741; x_wconf 78' lang='grc' dir='ltr'>μεταϐολὴν</span> 
     </span>
    </p>
   </div>
   <div class='ocr_carea' id='block_1_44' title="bbox 239 2766 1829 2845">
    <p class='ocr_par' dir='ltr' id='par_1_44' title="bbox 239 2766 1829 2845">
     <span class='ocr_line' id='line_1_44' title="bbox 239 2766 1829 2845; baseline -0.006 -17"><span class='ocrx_word' id='word_1_301' title='bbox 239 2772 712 2845; x_wconf 84' lang='grc' dir='ltr'>πραγματεύεται.</span> <span class='ocrx_word' id='word_1_302' title='bbox 756 2771 861 2824; x_wconf 87' lang='grc' dir='ltr'>Τδν</span> <span class='ocrx_word' id='word_1_303' title='bbox 891 2770 1072 2826; x_wconf 85' lang='grc' dir='ltr'>τοίνυν</span> <span class='ocrx_word' id='word_1_304' title='bbox 1102 2768 1263 2838; x_wconf 81' lang='grc' dir='ltr'>λιμὸν</span> <span class='ocrx_word' id='word_1_305' title='bbox 1311 2768 1563 2837; x_wconf 83' lang='grc' dir='ltr'>ἐπήγαγε</span> <span class='ocrx_word' id='word_1_306' title='bbox 1601 2766 1690 2820; x_wconf 84' lang='grc' dir='ltr'>διὰ</span> <span class='ocrx_word' id='word_1_307' title='bbox 1731 2766 1829 2820; x_wconf 78' lang='grc' dir='ltr'>τὸν</span> 
     </span>
    </p>
   </div>
   <div class='ocr_carea' id='block_1_45' title="bbox 241 2857 1823 2937">
    <p class='ocr_par' dir='ltr' id='par_1_45' title="bbox 241 2857 1823 2937">
     <span class='ocr_line' id='line_1_45' title="bbox 241 2857 1823 2937; baseline -0.006 -18"><span class='ocrx_word' id='word_1_308' title='bbox 241 2864 559 2937; x_wconf 74' lang='grc' dir='ltr'>παράνομον</span> <span class='ocrx_word' id='word_1_309' title='bbox 605 2863 720 2933; x_wconf 88' lang='grc' dir='ltr'>βίον</span> <span class='ocrx_word' id='word_1_310' title='bbox 766 2862 878 2917; x_wconf 89' lang='grc' dir='ltr'><strong>τῶν</strong></span> <span class='ocrx_word' id='word_1_311' title='bbox 921 2860 1228 2932; x_wconf 81' lang='grc' dir='ltr'>τηνικαῦτα</span> <span class='ocrx_word' id='word_1_312' title='bbox 1286 2859 1593 2929; x_wconf 83' lang='grc' dir='ltr'>ἀνθρώπων</span> <span class='ocrx_word' id='word_1_313' title='bbox 1625 2873 1640 2889; x_wconf 89' lang='grc'><strong>·</strong></span> <span class='ocrx_word' id='word_1_314' title='bbox 1705 2857 1823 2912; x_wconf 85' lang='grc' dir='ltr'>ἀλλ’</span> 
     </span>
    </p>
   </div>
   <div class='ocr_carea' id='block_1_46' title="bbox 242 2948 1830 3024">
    <p class='ocr_par' dir='ltr' id='par_1_46' title="bbox 242 2948 1830 3024">
     <span class='ocr_line' id='line_1_46' title="bbox 242 2948 1830 3024; baseline -0.003 -17"><span class='ocrx_word' id='word_1_315' title='bbox 242 2954 390 3024; x_wconf 83' lang='grc' dir='ltr'>ὅμως</span> <span class='ocrx_word' id='word_1_316' title='bbox 420 2954 520 3007; x_wconf 71' lang='grc' dir='ltr'>καὶ</span> <span class='ocrx_word' id='word_1_317' title='bbox 543 2952 690 3007; x_wconf 75' lang='grc' dir='ltr'>οὕτω</span> <span class='ocrx_word' id='word_1_318' title='bbox 714 2952 825 3007; x_wconf 86' lang='grc' dir='ltr'><strong>τῶν</strong></span> <span class='ocrx_word' id='word_1_319' title='bbox 859 2952 1077 3007; x_wconf 75' lang='grc' dir='ltr'>οἰκείων</span> <span class='ocrx_word' id='word_1_320' title='bbox 1111 2949 1459 3021; x_wconf 79' lang='grc' dir='ltr'>θεραπόντων</span> <span class='ocrx_word' id='word_1_321' title='bbox 1489 2948 1830 3020; x_wconf 83' lang='grc' dir='ltr'>ἐπεμελήθη.</span> 
     </span>
    </p>
   </div>
   <div class='ocr_carea' id='block_1_47' title="bbox 251 3042 1827 3116">
    <p class='ocr_par' dir='ltr' id='par_1_47' title="bbox 251 3042 1827 3116">
     <span class='ocr_line' id='line_1_47' title="bbox 251 3042 1827 3116; baseline -0.002 -18"><span class='ocrx_word' id='word_1_322' title='bbox 251 3064 269 3097; x_wconf 84' lang='grc' dir='ltr'><strong>ι</strong></span> <span class='ocrx_word' id='word_1_323' title='bbox 302 3047 419 3099; x_wconf 83' lang='grc' dir='ltr'><strong>Πᾶν</strong></span> <span class='ocrx_word' id='word_1_324' title='bbox 476 3046 758 3116; x_wconf 85' lang='grc' dir='ltr'>στήριγμα</span> <span class='ocrx_word' id='word_1_325' title='bbox 811 3044 978 3115; x_wconf 80' lang='grc' dir='ltr'>ἄρτου</span> <span class='ocrx_word' id='word_1_326' title='bbox 1039 3044 1382 3113; x_wconf 80' lang='grc' dir='ltr'>συνέτριψεν.</span> <span class='ocrx_word' id='word_1_327' title='bbox 1439 3060 1459 3095; x_wconf 74' lang='grc' dir='ltr'><strong>ι</strong></span> <span class='ocrx_word' id='word_1_328' title='bbox 1526 3043 1677 3095; x_wconf 75' lang='grc' dir='ltr'>Ἀντὶ</span> <span class='ocrx_word' id='word_1_329' title='bbox 1706 3042 1827 3106; x_wconf 82' lang='grc' dir='ltr'>τοῦ,</span> 
     </span>
    </p>
   </div>
   <div class='ocr_carea' id='block_1_48' title="bbox 1912 1937 3499 2018">
    <p class='ocr_par' dir='ltr' id='par_1_48' title="bbox 1912 1937 3499 2018">
     <span class='ocr_line' id='line_1_48' title="bbox 1912 1937 3499 2018; baseline -0.009 -13"><span class='ocrx_word' id='word_1_330' title='bbox 1912 1962 2090 2005; x_wconf 86' lang='lat' dir='ltr'><strong>autem</strong></span> <span class='ocrx_word' id='word_1_331' title='bbox 2127 1947 2388 2018; x_wconf 88' lang='lat' dir='ltr'><strong>appellat,</strong></span> <span class='ocrx_word' id='word_1_332' title='bbox 2420 1960 2529 1999; x_wconf 90' lang='lat' dir='ltr'><strong>non</strong></span> <span class='ocrx_word' id='word_1_333' title='bbox 2560 1953 2821 2012; x_wconf 86' lang='lat' dir='ltr'><strong>tanquam</strong></span> <span class='ocrx_word' id='word_1_334' title='bbox 2852 1941 2973 1996; x_wconf 93' lang='lat' dir='ltr'><strong>oleo</strong></span> <span class='ocrx_word' id='word_1_335' title='bbox 3006 1948 3221 2004; x_wconf 87' lang='lat' dir='ltr'><strong>unctos,</strong></span> <span class='ocrx_word' id='word_1_336' title='bbox 3251 1937 3345 1994; x_wconf 91' lang='lat' dir='ltr'><strong>sed</strong></span> <span class='ocrx_word' id='word_1_337' title='bbox 3376 1946 3499 1992; x_wconf 85' lang='lat' dir='ltr'><strong>tan-</strong></span> 
     </span>
    </p>
   </div>
   <div class='ocr_carea' id='block_1_49' title="bbox 1914 2027 3496 2114">
    <p class='ocr_par' dir='ltr' id='par_1_49' title="bbox 1914 2027 3496 2114">
     <span class='ocr_line' id='line_1_49' title="bbox 1914 2027 3496 2114; baseline -0.009 -17"><span class='ocrx_word' id='word_1_338' title='bbox 1914 2058 2075 2114; x_wconf 87' lang='lat' dir='ltr'><strong>quam</strong></span> <span class='ocrx_word' id='word_1_339' title='bbox 2119 2040 2324 2095; x_wconf 87' lang='lat' dir='ltr'><strong>electos</strong></span> <span class='ocrx_word' id='word_1_340' title='bbox 2354 2037 2554 2092; x_wconf 79' lang='lat' dir='ltr'><strong>factos.</strong></span> <span class='ocrx_word' id='word_1_341' title='bbox 2594 2033 2918 2101; x_wconf 81' lang='lat' dir='ltr'><strong>Prophelam</strong></span> <span class='ocrx_word' id='word_1_342' title='bbox 2963 2046 3094 2086; x_wconf 91' lang='lat' dir='ltr'><strong>vero</strong></span> <span class='ocrx_word' id='word_1_343' title='bbox 3123 2037 3179 2085; x_wconf 88' lang='lat' dir='ltr'><strong>et</strong></span> <span class='ocrx_word' id='word_1_344' title='bbox 3210 2029 3327 2099; x_wconf 90' lang='lat' dir='ltr'><strong>ipse</strong></span> <span class='ocrx_word' id='word_1_345' title='bbox 3355 2027 3496 2083; x_wconf 74' lang='lat' dir='ltr'><strong>Deus</strong></span> 
     </span>
    </p>
   </div>
   <div class='ocr_carea' id='block_1_50' title="bbox 1916 2118 3499 2199">
    <p class='ocr_par' dir='ltr' id='par_1_50' title="bbox 1916 2118 3499 2199">
     <span class='ocr_line' id='line_1_50' title="bbox 1916 2118 3499 2199; baseline -0.01 -12"><span class='ocrx_word' id='word_1_346' title='bbox 1916 2134 2287 2189; x_wconf 81' lang='lat' dir='ltr'><strong>Abrahamnm</strong></span> <span class='ocrx_word' id='word_1_347' title='bbox 2316 2127 2629 2199; x_wconf 86' lang='lat' dir='ltr'><strong>appellavit.</strong></span> <span class='ocrx_word' id='word_1_348' title='bbox 2654 2120 3046 2188; x_wconf 67' lang='lat' dir='ltr'><strong>«Reddeenim,</strong></span> <span class='ocrx_word' id='word_1_349' title='bbox 3083 2121 3180 2185; x_wconf 90' lang='lat' dir='ltr'><strong>ait,</strong></span> <span class='ocrx_word' id='word_1_350' title='bbox 3211 2118 3499 2173; x_wconf 88' lang='lat' dir='ltr'><strong>mulierem</strong></span> 
     </span>
    </p>
   </div>
   <div class='ocr_carea' id='block_1_51' title="bbox 1918 2212 3502 2293">
    <p class='ocr_par' dir='ltr' id='par_1_51' title="bbox 1918 2212 3502 2293">
     <span class='ocr_line' id='line_1_51' title="bbox 1918 2212 3502 2293; baseline -0.011 -14"><span class='ocrx_word' id='word_1_351' title='bbox 1918 2225 2055 2289; x_wconf 85' lang='lat' dir='ltr'><strong>viro,</strong></span> <span class='ocrx_word' id='word_1_352' title='bbox 2089 2222 2345 2293; x_wconf 89' lang='lat' dir='ltr'><strong>quoniam</strong></span> <span class='ocrx_word' id='word_1_353' title='bbox 2371 2216 2633 2289; x_wconf 88' lang='lat' dir='ltr'><strong>propheta</strong></span> <span class='ocrx_word' id='word_1_354' title='bbox 2665 2223 2769 2277; x_wconf 90' lang='lat' dir='ltr'><strong>est,</strong></span> <span class='ocrx_word' id='word_1_355' title='bbox 2798 2222 2851 2268; x_wconf 89' lang='lat' dir='ltr'><strong>et</strong></span> <span class='ocrx_word' id='word_1_356' title='bbox 2881 2212 3060 2268; x_wconf 89' lang='lat' dir='ltr'><strong>orabit</strong></span> <span class='ocrx_word' id='word_1_357' title='bbox 3089 2226 3188 2281; x_wconf 92' lang='lat' dir='ltr'><strong>pro</strong></span> <span class='ocrx_word' id='word_1_358' title='bbox 3213 2220 3285 2273; x_wconf 87' lang='lat' dir='ltr'><strong>te,</strong></span> <span class='ocrx_word' id='word_1_359' title='bbox 3309 2219 3364 2265; x_wconf 89' lang='lat' dir='ltr'><strong>et</strong></span> <span class='ocrx_word' id='word_1_360' title='bbox 3392 2224 3502 2266; x_wconf 92' lang='lat' dir='ltr'><strong>ser-</strong></span> 
     </span>
    </p>
   </div>
   <div class='ocr_carea' id='block_1_52' title="bbox 1919 2315 2267 2371">
    <p class='ocr_par' dir='ltr' id='par_1_52' title="bbox 1919 2315 2267 2371">
     <span class='ocr_line' id='line_1_52' title="bbox 1919 2315 2267 2371; baseline -0.02 0"><span class='ocrx_word' id='word_1_361' title='bbox 1919 2315 2138 2371; x_wconf 82' lang='lat' dir='ltr'><strong>vaberis</strong></span> <span class='ocrx_word' id='word_1_362' title='bbox 2161 2324 2208 2367; x_wconf 78' lang='grc' dir='ltr'>ε.</span> <span class='ocrx_word' id='word_1_363' title='bbox 2247 2330 2267 2363; x_wconf 74' lang='grc' dir='ltr'><strong>ι</strong></span> 
     </span>
    </p>
   </div>
   <div class='ocr_carea' id='block_1_53' title="bbox 1997 2479 3501 2546">
    <p class='ocr_par' dir='ltr' id='par_1_53' title="bbox 1997 2479 3501 2546">
     <span class='ocr_line' id='line_1_53' title="bbox 1997 2479 3501 2546; baseline -0.013 -3"><span class='ocrx_word' id='word_1_364' title='bbox 1997 2488 2161 2543; x_wconf 74' lang='lat' dir='ltr'><strong>Vsas.</strong></span> <span class='ocrx_word' id='word_1_365' title='bbox 2208 2486 2295 2542; x_wconf 74' lang='lat' dir='ltr'><strong>l6.</strong></span> <span class='ocrx_word' id='word_1_366' title='bbox 2344 2505 2361 2537; x_wconf 81' lang='grc' dir='ltr'><strong>ι</strong></span> <span class='ocrx_word' id='word_1_367' title='bbox 2400 2483 2465 2538; x_wconf 85' lang='grc' dir='ltr'>Ει</span> <span class='ocrx_word' id='word_1_368' title='bbox 2506 2482 2723 2539; x_wconf 88' lang='lat' dir='ltr'><strong>vocavit</strong></span> <span class='ocrx_word' id='word_1_369' title='bbox 2768 2479 2969 2534; x_wconf 79' lang='lat' dir='ltr'><strong>famem</strong></span> <span class='ocrx_word' id='word_1_370' title='bbox 3004 2491 3168 2546; x_wconf 88' lang='lat' dir='ltr'><strong>super</strong></span> <span class='ocrx_word' id='word_1_371' title='bbox 3214 2483 3438 2529; x_wconf 88' lang='lat' dir='ltr'><strong>terram.</strong></span> <span class='ocrx_word' id='word_1_372' title='bbox 3481 2488 3501 2522; x_wconf 70' lang='grc' dir='ltr'>ν</span> 
     </span>
    </p>
   </div>
   <div class='ocr_carea' id='block_1_54' title="bbox 1925 2566 3509 2646">
    <p class='ocr_par' dir='ltr' id='par_1_54' title="bbox 1925 2566 3509 2646">
     <span class='ocr_line' id='line_1_54' title="bbox 1925 2566 3509 2646; baseline -0.012 -8"><span class='ocrx_word' id='word_1_373' title='bbox 1925 2583 2215 2637; x_wconf 83' lang='lat' dir='ltr'><strong>Peccatum</strong></span> <span class='ocrx_word' id='word_1_374' title='bbox 2274 2575 2697 2646; x_wconf 87' lang='lat' dir='ltr'><strong>castigationem</strong></span> <span class='ocrx_word' id='word_1_375' title='bbox 2745 2570 2994 2633; x_wconf 87' lang='lat' dir='ltr'><strong>attrahit,</strong></span> <span class='ocrx_word' id='word_1_376' title='bbox 3047 2566 3338 2638; x_wconf 81' lang='lat' dir='ltr'><strong>castigatio</strong></span> <span class='ocrx_word' id='word_1_377' title='bbox 3377 2578 3509 2619; x_wconf 88' lang='lat' dir='ltr'><strong>vero</strong></span> 
     </span>
    </p>
   </div>
   <div class='ocr_carea' id='block_1_55' title="bbox 1931 2661 3512 2739">
    <p class='ocr_par' dir='ltr' id='par_1_55' title="bbox 1931 2661 3512 2739">
     <span class='ocr_line' id='line_1_55' title="bbox 1931 2661 3512 2739; baseline -0.012 -9"><span class='ocrx_word' id='word_1_378' title='bbox 1931 2675 2159 2730; x_wconf 77' lang='lat' dir='ltr'><strong>ferinam</strong></span> <span class='ocrx_word' id='word_1_379' title='bbox 2186 2674 2355 2727; x_wconf 88' lang='lat' dir='ltr'><strong>vitam</strong></span> <span class='ocrx_word' id='word_1_380' title='bbox 2384 2668 2688 2739; x_wconf 81' lang='lat' dir='ltr'><strong>redarguit,</strong></span> <span class='ocrx_word' id='word_1_381' title='bbox 2724 2664 3041 2734; x_wconf 84' lang='lat' dir='ltr'><strong>redargutio</strong></span> <span class='ocrx_word' id='word_1_382' title='bbox 3072 2677 3204 2718; x_wconf 91' lang='lat' dir='ltr'><strong>vero</strong></span> <span class='ocrx_word' id='word_1_383' title='bbox 3236 2661 3361 2716; x_wconf 68' lang='lat' dir='ltr'><strong>vitae</strong></span> <span class='ocrx_word' id='word_1_384' title='bbox 3390 2673 3512 2713; x_wconf 85' lang='lat' dir='ltr'><strong>mu-</strong></span> 
     </span>
    </p>
   </div>
   <div class='ocr_carea' id='block_1_56' title="bbox 1930 2751 3511 2825">
    <p class='ocr_par' dir='ltr' id='par_1_56' title="bbox 1930 2751 3511 2825">
     <span class='ocr_line' id='line_1_56' title="bbox 1930 2751 3511 2825; baseline -0.011 -6"><span class='ocrx_word' id='word_1_385' title='bbox 1930 2766 2189 2819; x_wconf 81' lang='lat' dir='ltr'><strong>tationem</strong></span> <span class='ocrx_word' id='word_1_386' title='bbox 2220 2762 2404 2817; x_wconf 80' lang='lat' dir='ltr'><strong>eilicit.</strong></span> <span class='ocrx_word' id='word_1_387' title='bbox 2446 2759 2669 2814; x_wconf 84' lang='lat' dir='ltr'><strong>Famem</strong></span> <span class='ocrx_word' id='word_1_388' title='bbox 2700 2757 2868 2825; x_wconf 80' lang='lat' dir='ltr'><strong>igitur</strong></span> <span class='ocrx_word' id='word_1_389' title='bbox 2898 2755 3116 2811; x_wconf 74' lang='lat' dir='ltr'><strong>induxit</strong></span> <span class='ocrx_word' id='word_1_390' title='bbox 3162 2752 3232 2807; x_wconf 94' lang='lat' dir='ltr'><strong>ob</strong></span> <span class='ocrx_word' id='word_1_391' title='bbox 3263 2751 3511 2820; x_wconf 89' lang='lat' dir='ltr'><strong>iniquam</strong></span> 
     </span>
    </p>
   </div>
   <div class='ocr_carea' id='block_1_57' title="bbox 1933 2846 3515 2918">
    <p class='ocr_par' dir='ltr' id='par_1_57' title="bbox 1933 2846 3515 2918">
     <span class='ocr_line' id='line_1_57' title="bbox 1933 2846 3515 2918; baseline -0.009 -9"><span class='ocrx_word' id='word_1_392' title='bbox 1933 2856 2098 2909; x_wconf 71' lang='lat' dir='ltr'><strong>vitam</strong></span> <span class='ocrx_word' id='word_1_393' title='bbox 2149 2852 2430 2907; x_wconf 86' lang='lat' dir='ltr'><strong>hominum</strong></span> <span class='ocrx_word' id='word_1_394' title='bbox 2481 2850 2629 2904; x_wconf 91' lang='lat' dir='ltr'><strong>illius</strong></span> <span class='ocrx_word' id='word_1_395' title='bbox 2679 2846 3018 2918; x_wconf 81' lang='lat' dir='ltr'><strong>tempestatis</strong></span> <span class='ocrx_word' id='word_1_396' title='bbox 3066 2864 3080 2900; x_wconf 91' lang='lat'><strong>:</strong></span> <span class='ocrx_word' id='word_1_397' title='bbox 3131 2850 3515 2899; x_wconf 84' lang='lat' dir='ltr'><strong>verumtamen</strong></span> 
     </span>
    </p>
   </div>
   <div class='ocr_carea' id='block_1_58' title="bbox 1936 2934 3516 3007">
    <p class='ocr_par' dir='ltr' id='par_1_58' title="bbox 1936 2934 3516 3007">
     <span class='ocr_line' id='line_1_58' title="bbox 1936 2934 3516 3007; baseline -0.011 -5"><span class='ocrx_word' id='word_1_398' title='bbox 1936 2950 2039 3003; x_wconf 89' lang='lat' dir='ltr'><strong>hoc</strong></span> <span class='ocrx_word' id='word_1_399' title='bbox 2065 2948 2226 3002; x_wconf 87' lang='lat' dir='ltr'><strong>etiam</strong></span> <span class='ocrx_word' id='word_1_400' title='bbox 2265 2945 2427 2999; x_wconf 82' lang='lat' dir='ltr'><strong>modo</strong></span> <span class='ocrx_word' id='word_1_401' title='bbox 2461 2942 2529 2997; x_wconf 94' lang='lat' dir='ltr'><strong>de</strong></span> <span class='ocrx_word' id='word_1_402' title='bbox 2575 2943 2690 2998; x_wconf 88' lang='lat' dir='ltr'><strong>suis</strong></span> <span class='ocrx_word' id='word_1_403' title='bbox 2726 2956 2913 2995; x_wconf 90' lang='lat' dir='ltr'><strong>curam</strong></span> <span class='ocrx_word' id='word_1_404' title='bbox 2962 2937 3149 3007; x_wconf 69' lang='lat' dir='ltr'><strong>gessit.</strong></span> <span class='ocrx_word' id='word_1_405' title='bbox 3205 2952 3224 2986; x_wconf 77' lang='grc' dir='ltr'><strong>ι</strong></span> <span class='ocrx_word' id='word_1_406' title='bbox 3257 2934 3323 2988; x_wconf 87' lang='grc' dir='ltr'>Ει</span> <span class='ocrx_word' id='word_1_407' title='bbox 3351 2945 3516 2988; x_wconf 90' lang='lat' dir='ltr'><strong>omne</strong></span> 
     </span>
    </p>
   </div>
   <div class='ocr_carea' id='block_1_59' title="bbox 1935 3022 3511 3105">
    <p class='ocr_par' dir='ltr' id='par_1_59' title="bbox 1935 3022 3511 3105">
     <span class='ocr_line' id='line_1_59' title="bbox 1935 3022 3511 3105; baseline -0.013 -9"><span class='ocrx_word' id='word_1_408' title='bbox 1935 3041 2340 3096; x_wconf 86' lang='lat' dir='ltr'><strong>ﬁrmamentum</strong></span> <span class='ocrx_word' id='word_1_409' title='bbox 2374 3036 2533 3105; x_wconf 82' lang='lat' dir='ltr'><strong>panis</strong></span> <span class='ocrx_word' id='word_1_410' title='bbox 2566 3032 2846 3089; x_wconf 86' lang='lat' dir='ltr'><strong>contrivit.</strong></span> <span class='ocrx_word' id='word_1_411' title='bbox 2887 3050 2905 3083; x_wconf 71' lang='grc' dir='ltr'><strong>ι</strong></span> <span class='ocrx_word' id='word_1_412' title='bbox 2957 3029 3127 3097; x_wconf 84' lang='lat' dir='ltr'><strong>Quasi</strong></span> <span class='ocrx_word' id='word_1_413' title='bbox 3176 3027 3344 3092; x_wconf 89' lang='lat' dir='ltr'><strong>dicat,</strong></span> <span class='ocrx_word' id='word_1_414' title='bbox 3377 3022 3511 3080; x_wconf 88' lang='lat' dir='ltr'><strong>0m-</strong></span> 
     </span>
    </p>
   </div>
   <div class='ocr_carea' id='block_1_60' title="bbox 248 3114 1821 3211">
    <p class='ocr_par' dir='ltr' id='par_1_60' title="bbox 248 3114 1821 3211">
     <span class='ocr_line' id='line_1_60' title="bbox 248 3114 1821 3211; baseline -0.004 -18"><span class='ocrx_word' id='word_1_415' title='bbox 248 3140 362 3194; x_wconf 71' lang='grc' dir='ltr'><strong>ῐῙᾶν</strong></span> <span class='ocrx_word' id='word_1_416' title='bbox 451 3114 745 3211; x_wconf 78' lang='grc' dir='ltr'>διαθρέψαι</span> <span class='ocrx_word' id='word_1_417' title='bbox 803 3114 1101 3208; x_wconf 80' lang='grc' dir='ltr'>δυνάμενον</span> <span class='ocrx_word' id='word_1_418' title='bbox 1168 3135 1426 3190; x_wconf 88' lang='grc' dir='ltr'>σπανίσαι</span> <span class='ocrx_word' id='word_1_419' title='bbox 1490 3133 1821 3204; x_wconf 82' lang='grc' dir='ltr'>πεποίηκεν·</span> 
     </span>
    </p>
   </div>
   <div class='ocr_carea' id='block_1_61' title="bbox 1940 3114 3512 3211">
    <p class='ocr_par' dir='ltr' id='par_1_61' title="bbox 1940 3114 3512 3197">
     <span class='ocr_line' id='line_1_61' title="bbox 1940 3114 3512 3197; baseline -0.011 -10"><span class='ocrx_word' id='word_1_420' title='bbox 1940 3133 2086 3187; x_wconf 91' lang='lat' dir='ltr'><strong>nium</strong></span> <span class='ocrx_word' id='word_1_421' title='bbox 2126 3146 2333 3192; x_wconf 90' lang='lat' dir='ltr'><strong>rerum,</strong></span> <span class='ocrx_word' id='word_1_422' title='bbox 2366 3133 2507 3197; x_wconf 69' lang='lat' dir='ltr'><strong>&#39;qua:</strong></span> <span class='ocrx_word' id='word_1_423' title='bbox 2539 3125 2749 3179; x_wconf 84' lang='lat' dir='ltr'><strong>nutrire</strong></span> <span class='ocrx_word' id='word_1_424' title='bbox 2780 3130 3053 3193; x_wconf 89' lang='lat' dir='ltr'><strong>poterant,</strong></span> <span class='ocrx_word' id='word_1_425' title='bbox 3090 3119 3330 3188; x_wconf 91' lang='lat' dir='ltr'><strong>inopiam</strong></span> <span class='ocrx_word' id='word_1_426' title='bbox 3362 3114 3512 3180; x_wconf 79' lang='lat' dir='ltr'><strong>fecit,</strong></span> 
     </span>
    </p>
   </div>
   <div class='ocr_carea' id='block_1_62' title="bbox 248 3226 1833 3302">
    <p class='ocr_par' dir='ltr' id='par_1_62' title="bbox 248 3226 1833 3302">
     <span class='ocr_line' id='line_1_62' title="bbox 248 3226 1833 3302; baseline -0.004 -16"><span class='ocrx_word' id='word_1_427' title='bbox 248 3234 308 3286; x_wconf 82' lang='grc' dir='ltr'>οὐ</span> <span class='ocrx_word' id='word_1_428' title='bbox 340 3232 504 3302; x_wconf 89' lang='grc' dir='ltr'>μόνον</span> <span class='ocrx_word' id='word_1_429' title='bbox 553 3232 721 3296; x_wconf 74' lang='grc' dir='ltr'>σῖτον,</span> <span class='ocrx_word' id='word_1_430' title='bbox 768 3230 906 3286; x_wconf 83' lang='grc' dir='ltr'>ἀλλὰ</span> <span class='ocrx_word' id='word_1_431' title='bbox 939 3230 1035 3286; x_wconf 81' lang='grc' dir='ltr'>καὶ</span> <span class='ocrx_word' id='word_1_432' title='bbox 1074 3228 1292 3301; x_wconf 83' lang='grc' dir='ltr'>κριθὰς,</span> <span class='ocrx_word' id='word_1_433' title='bbox 1335 3227 1430 3282; x_wconf 73' lang='grc' dir='ltr'>καὶ</span> <span class='ocrx_word' id='word_1_434' title='bbox 1472 3226 1700 3298; x_wconf 74' lang='grc' dir='ltr'>ὄσπρια,</span> <span class='ocrx_word' id='word_1_435' title='bbox 1735 3226 1833 3280; x_wconf 72' lang='grc' dir='ltr'><strong>καὶ</strong></span> 
     </span>
    </p>
   </div>
   <div class='ocr_carea' id='block_1_63' title="bbox 248 3319 1348 3397">
    <p class='ocr_par' dir='ltr' id='par_1_63' title="bbox 248 3319 1348 3397">
     <span class='ocr_line' id='line_1_63' title="bbox 248 3319 1348 3397; baseline -0.004 -18"><span class='ocrx_word' id='word_1_436' title='bbox 248 3326 295 3379; x_wconf 82' lang='grc' dir='ltr'>τ’</span> <span class='ocrx_word' id='word_1_437' title='bbox 320 3324 459 3383; x_wconf 71' lang='grc' dir='ltr'>ἄλλα</span> <span class='ocrx_word' id='word_1_438' title='bbox 482 3324 551 3381; x_wconf 87' lang='grc' dir='ltr'>δι’</span> <span class='ocrx_word' id='word_1_439' title='bbox 578 3319 654 3381; x_wconf 82' lang='grc' dir='ltr'>ὧν</span> <span class='ocrx_word' id='word_1_440' title='bbox 683 3323 1022 3397; x_wconf 74' lang='grc' dir='ltr'>βιοτεύουσιν</span> <span class='ocrx_word' id='word_1_441' title='bbox 1045 3324 1348 3394; x_wconf 79' lang='grc' dir='ltr'>ἄνθρωποι.</span> 
     </span>
    </p>
   </div>
   <div class='ocr_carea' id='block_1_64' title="bbox 324 3499 1833 3576">
    <p class='ocr_par' dir='ltr' id='par_1_64' title="bbox 324 3499 1833 3576">
     <span class='ocr_line' id='line_1_64' title="bbox 324 3499 1833 3576; baseline -0.004 -17"><span class='ocrx_word' id='word_1_442' title='bbox 324 3506 409 3571; x_wconf 78' lang='grc' dir='ltr'><strong>ιζ’.</strong></span> <span class='ocrx_word' id='word_1_443' title='bbox 459 3526 478 3559; x_wconf 81' lang='lat' dir='ltr'><strong>r</strong></span> <span class='ocrx_word' id='word_1_444' title='bbox 517 3504 862 3560; x_wconf 81' lang='grc' dir='ltr'>Ἀπέστειλεν</span> <span class='ocrx_word' id='word_1_445' title='bbox 913 3502 1226 3576; x_wconf 73' lang='grc' dir='ltr'>ἔμπροσθεν</span> <span class='ocrx_word' id='word_1_446' title='bbox 1284 3501 1469 3555; x_wconf 81' lang='grc' dir='ltr'>αὐτῶν</span> <span class='ocrx_word' id='word_1_447' title='bbox 1521 3499 1833 3572; x_wconf 75' lang='grc' dir='ltr'>ἄνθρωπον,</span> 
     </span>
    </p>
   </div>
   <div class='ocr_carea' id='block_1_65' title="bbox 254 3592 1838 3668">
    <p class='ocr_par' dir='ltr' id='par_1_65' title="bbox 254 3592 1838 3668">
     <span class='ocr_line' id='line_1_65' title="bbox 254 3592 1838 3668; baseline -0.004 -16"><span class='ocrx_word' id='word_1_448' title='bbox 254 3601 332 3662; x_wconf 82' lang='grc' dir='ltr'><strong>είς</strong></span> <span class='ocrx_word' id='word_1_449' title='bbox 381 3598 569 3652; x_wconf 83' lang='grc' dir='ltr'>δοῦλον</span> <span class='ocrx_word' id='word_1_450' title='bbox 599 3597 646 3631; x_wconf 69' lang='grc'>⁸⁵</span> <span class='ocrx_word' id='word_1_451' title='bbox 700 3596 915 3668; x_wconf 84' lang='grc' dir='ltr'>ἐπράθη</span> <span class='ocrx_word' id='word_1_452' title='bbox 997 3594 1221 3665; x_wconf 82' lang='grc' dir='ltr'>Ἰωσήφ.</span> <span class='ocrx_word' id='word_1_453' title='bbox 1255 3612 1273 3646; x_wconf 77' lang='grc' dir='ltr'><strong>ι</strong></span> <span class='ocrx_word' id='word_1_454' title='bbox 1326 3592 1641 3664; x_wconf 68' lang='grc' dir='ltr'>Ἀμφότεροι</span> <span class='ocrx_word' id='word_1_455' title='bbox 1695 3592 1838 3646; x_wconf 68' lang='grc' dir='ltr'>κατὰ</span> 
     </span>
    </p>
   </div>
   <div class='ocr_carea' id='block_1_66' title="bbox 255 3684 1833 3761">
    <p class='ocr_par' dir='ltr' id='par_1_66' title="bbox 255 3684 1833 3761">
     <span class='ocr_line' id='line_1_66' title="bbox 255 3684 1833 3761; baseline -0.004 -18"><span class='ocrx_word' id='word_1_456' title='bbox 255 3690 454 3745; x_wconf 80' lang='grc' dir='ltr'>ταυτὸν</span> <span class='ocrx_word' id='word_1_457' title='bbox 502 3690 761 3761; x_wconf 80' lang='grc' dir='ltr'>ἐδήλωσε,</span> <span class='ocrx_word' id='word_1_458' title='bbox 813 3688 910 3743; x_wconf 75' lang='grc' dir='ltr'>καὶ</span> <span class='ocrx_word' id='word_1_459' title='bbox 946 3686 1057 3741; x_wconf 89' lang='grc' dir='ltr'><strong>τῶν</strong></span> <span class='ocrx_word' id='word_1_460' title='bbox 1080 3684 1327 3755; x_wconf 81' lang='grc' dir='ltr'>ἀδελφῶν</span> <span class='ocrx_word' id='word_1_461' title='bbox 1366 3685 1466 3755; x_wconf 85' lang='grc' dir='ltr'><strong>τὴν</strong></span> <span class='ocrx_word' id='word_1_462' title='bbox 1500 3684 1833 3755; x_wconf 82' lang='grc' dir='ltr'>μοχθηρίαν,</span> 
     </span>
    </p>
   </div>
   <div class='ocr_carea' id='block_1_67' title="bbox 259 3775 1836 3851">
    <p class='ocr_par' dir='ltr' id='par_1_67' title="bbox 259 3775 1836 3851">
     <span class='ocr_line' id='line_1_67' title="bbox 259 3775 1836 3851; baseline -0.004 -18"><span class='ocrx_word' id='word_1_463' title='bbox 259 3780 355 3834; x_wconf 79' lang='grc' dir='ltr'>καὶ</span> <span class='ocrx_word' id='word_1_464' title='bbox 401 3779 505 3851; x_wconf 80' lang='grc' dir='ltr'><strong>τὴν</strong></span> <span class='ocrx_word' id='word_1_465' title='bbox 549 3779 717 3835; x_wconf 78' lang='grc' dir='ltr'>αὐτοῦ</span> <span class='ocrx_word' id='word_1_466' title='bbox 747 3778 975 3849; x_wconf 71' lang='grc' dir='ltr'>σοφίανσ</span> <span class='ocrx_word' id='word_1_467' title='bbox 1022 3780 1090 3848; x_wconf 79' lang='grc' dir='ltr'>τῇ</span> <span class='ocrx_word' id='word_1_468' title='bbox 1145 3776 1255 3847; x_wconf 83' lang='grc' dir='ltr'>γὰρ</span> <span class='ocrx_word' id='word_1_469' title='bbox 1298 3775 1526 3829; x_wconf 83' lang='grc' dir='ltr'>ἐκείνων</span> <span class='ocrx_word' id='word_1_470' title='bbox 1574 3776 1655 3838; x_wconf 84' lang='grc' dir='ltr'><strong>είς</strong></span> <span class='ocrx_word' id='word_1_471' title='bbox 1716 3775 1836 3829; x_wconf 88' lang='grc' dir='ltr'>δέον</span> 
     </span>
    </p>
   </div>
   <div class='ocr_carea' id='block_1_68' title="bbox 260 3866 1836 3942">
    <p class='ocr_par' dir='ltr' id='par_1_68' title="bbox 260 3866 1836 3942">
     <span class='ocr_line' id='line_1_68' title="bbox 260 3866 1836 3942; baseline -0.004 -18"><span class='ocrx_word' id='word_1_472' title='bbox 260 3872 534 3941; x_wconf 78' lang='grc' dir='ltr'>ἐχρήσατο</span> <span class='ocrx_word' id='word_1_473' title='bbox 571 3871 825 3942; x_wconf 79' lang='grc' dir='ltr'>πονηρίᾳ.</span> <span class='ocrx_word' id='word_1_474' title='bbox 856 3871 932 3924; x_wconf 84' lang='grc' dir='ltr'><strong>Οὐ</strong></span> <span class='ocrx_word' id='word_1_475' title='bbox 956 3869 1067 3941; x_wconf 82' lang='grc' dir='ltr'>γὰρ</span> <span class='ocrx_word' id='word_1_476' title='bbox 1108 3868 1271 3930; x_wconf 79' lang='grc' dir='ltr'>αὐτὸς</span> <span class='ocrx_word' id='word_1_477' title='bbox 1309 3866 1553 3929; x_wconf 85' lang='grc' dir='ltr'>ἐκείνους</span> <span class='ocrx_word' id='word_1_478' title='bbox 1591 3866 1836 3934; x_wconf 72' lang='grc' dir='ltr'>ἠνάγκα-</span> 
     </span>
    </p>
   </div>
   <div class='ocr_carea' id='block_1_69' title="bbox 265 3953 1840 4030">
    <p class='ocr_par' dir='ltr' id='par_1_69' title="bbox 265 3953 1840 4030">
     <span class='ocr_line' id='line_1_69' title="bbox 265 3953 1840 4030; baseline -0.005 -16"><span class='ocrx_word' id='word_1_479' title='bbox 265 3978 354 4013; x_wconf 82' lang='grc' dir='ltr'><strong>σεν</strong></span> <span class='ocrx_word' id='word_1_480' title='bbox 392 3960 782 4030; x_wconf 82' lang='grc' dir='ltr'>ἀπεμπολῆσαι</span> <span class='ocrx_word' id='word_1_481' title='bbox 828 3959 920 4013; x_wconf 83' lang='grc' dir='ltr'>τὸν</span> <span class='ocrx_word' id='word_1_482' title='bbox 962 3957 1213 4025; x_wconf 75' lang='grc' dir='ltr'>ἀδελφὸν,</span> <span class='ocrx_word' id='word_1_483' title='bbox 1258 3956 1395 4009; x_wconf 78' lang='grc' dir='ltr'>ἀλλὰ</span> <span class='ocrx_word' id='word_1_484' title='bbox 1424 3958 1489 4027; x_wconf 83' lang='grc' dir='ltr'>τῇ</span> <span class='ocrx_word' id='word_1_485' title='bbox 1536 3953 1840 4025; x_wconf 80' lang='grc' dir='ltr'>κακοηθείᾳ</span> 
     </span>
    </p>
   </div>
   <div class='ocr_carea' id='block_1_70' title="bbox 269 4043 1836 4121">
    <p class='ocr_par' dir='ltr' id='par_1_70' title="bbox 269 4043 1836 4121">
     <span class='ocr_line' id='line_1_70' title="bbox 269 4043 1836 4121; baseline -0.004 -18"><span class='ocrx_word' id='word_1_486' title='bbox 269 4051 364 4119; x_wconf 86' lang='grc' dir='ltr'>μὲν</span> <span class='ocrx_word' id='word_1_487' title='bbox 402 4053 467 4121; x_wconf 79' lang='grc' dir='ltr'>τῇ</span> <span class='ocrx_word' id='word_1_488' title='bbox 503 4050 725 4103; x_wconf 86' lang='grc' dir='ltr'>ἐκείνων</span> <span class='ocrx_word' id='word_1_489' title='bbox 759 4049 1071 4102; x_wconf 78' lang='grc' dir='ltr'>ἐνδέδωκεν.</span> <span class='ocrx_word' id='word_1_490' title='bbox 1104 4046 1273 4108; x_wconf 81' lang='grc' dir='ltr'>Αὐτὸς</span> <span class='ocrx_word' id='word_1_491' title='bbox 1306 4047 1363 4099; x_wconf 87' lang='grc' dir='ltr'>δὲ</span> <span class='ocrx_word' id='word_1_492' title='bbox 1394 4048 1473 4108; x_wconf 78' lang='grc' dir='ltr'>εἰς</span> <span class='ocrx_word' id='word_1_493' title='bbox 1512 4045 1632 4099; x_wconf 88' lang='grc' dir='ltr'>δέον</span> <span class='ocrx_word' id='word_1_494' title='bbox 1661 4043 1836 4115; x_wconf 82' lang='grc' dir='ltr'>ταύτῃ</span> 
     </span>
    </p>
   </div>
   <div class='ocr_carea' id='block_1_71' title="bbox 266 4136 1843 4212">
    <p class='ocr_par' dir='ltr' id='par_1_71' title="bbox 266 4136 1843 4212">
     <span class='ocr_line' id='line_1_71' title="bbox 266 4136 1843 4212; baseline -0.006 -14"><span class='ocrx_word' id='word_1_495' title='bbox 266 4142 633 4212; x_wconf 79' lang='grc' dir='ltr'>χρησάμενος,</span> <span class='ocrx_word' id='word_1_496' title='bbox 672 4140 895 4210; x_wconf 81' lang='grc' dir='ltr'>βασιλέα</span> <span class='ocrx_word' id='word_1_497' title='bbox 937 4139 1030 4193; x_wconf 78' lang='grc' dir='ltr'><strong>τὸν</strong></span> <span class='ocrx_word' id='word_1_498' title='bbox 1072 4139 1257 4194; x_wconf 81' lang='grc' dir='ltr'>δοῦλον</span> <span class='ocrx_word' id='word_1_499' title='bbox 1303 4138 1574 4207; x_wconf 84' lang='grc' dir='ltr'>ἀπέφηνε,</span> <span class='ocrx_word' id='word_1_500' title='bbox 1626 4136 1723 4190; x_wconf 73' lang='grc' dir='ltr'>καὶ</span> <span class='ocrx_word' id='word_1_501' title='bbox 1764 4136 1843 4204; x_wconf 84' lang='grc' dir='ltr'><strong>τῷ</strong></span> 
     </span>
    </p>
   </div>
   <div class='ocr_carea' id='block_1_72' title="bbox 267 4225 1843 4302">
    <p class='ocr_par' dir='ltr' id='par_1_72' title="bbox 267 4225 1843 4302">
     <span class='ocr_line' id='line_1_72' title="bbox 267 4225 1843 4302; baseline -0.004 -18"><span class='ocrx_word' id='word_1_502' title='bbox 267 4232 416 4297; x_wconf 80' lang='grc' dir='ltr'>γένει</span> <span class='ocrx_word' id='word_1_503' title='bbox 440 4231 538 4302; x_wconf 78' lang='grc' dir='ltr'>τὴν</span> <span class='ocrx_word' id='word_1_504' title='bbox 566 4233 647 4295; x_wconf 84' lang='grc' dir='ltr'><strong>είς</strong></span> <span class='ocrx_word' id='word_1_505' title='bbox 680 4229 956 4295; x_wconf 67' lang='grc' dir='ltr'>Αἴγυπτον</span> <span class='ocrx_word' id='word_1_506' title='bbox 985 4228 1211 4282; x_wconf 84' lang='grc' dir='ltr'>κάθοδον</span> <span class='ocrx_word' id='word_1_507' title='bbox 1240 4227 1665 4296; x_wconf 80' lang='grc' dir='ltr'>ἐπρυτάνευσεν.</span> <span class='ocrx_word' id='word_1_508' title='bbox 1694 4225 1843 4278; x_wconf 83' lang='grc' dir='ltr'>Ἔδει</span> 
     </span>
    </p>
   </div>
   <div class='ocr_carea' id='block_1_73' title="bbox 271 4318 1848 4392">
    <p class='ocr_par' dir='ltr' id='par_1_73' title="bbox 271 4318 1848 4392">
     <span class='ocr_line' id='line_1_73' title="bbox 271 4318 1848 4392; baseline -0.005 -15"><span class='ocrx_word' id='word_1_509' title='bbox 271 4325 379 4391; x_wconf 73' lang='grc' dir='ltr'>γὰρ</span> <span class='ocrx_word' id='word_1_510' title='bbox 410 4325 538 4384; x_wconf 83' lang='grc' dir='ltr'>τοὺς</span> <span class='ocrx_word' id='word_1_511' title='bbox 568 4323 696 4378; x_wconf 71' lang='grc' dir='ltr'>λαὸν</span> <span class='ocrx_word' id='word_1_512' title='bbox 735 4322 870 4376; x_wconf 80' lang='grc' dir='ltr'>Θεοῦ</span> <span class='ocrx_word' id='word_1_513' title='bbox 922 4320 1213 4392; x_wconf 83' lang='grc' dir='ltr'>μέλλοντας</span> <span class='ocrx_word' id='word_1_514' title='bbox 1253 4318 1636 4389; x_wconf 80' lang='grc' dir='ltr'>χρηματίζειν,</span> <span class='ocrx_word' id='word_1_515' title='bbox 1688 4334 1848 4387; x_wconf 87' lang='grc' dir='ltr'>περι-</span> 
     </span>
    </p>
   </div>
   <div class='ocr_carea' id='block_1_74' title="bbox 273 4407 1842 4483">
    <p class='ocr_par' dir='ltr' id='par_1_74' title="bbox 273 4407 1842 4483">
     <span class='ocr_line' id='line_1_74' title="bbox 273 4407 1842 4483; baseline -0.006 -14"><span class='ocrx_word' id='word_1_516' title='bbox 273 4418 459 4483; x_wconf 78' lang='grc' dir='ltr'>φανεῖς</span> <span class='ocrx_word' id='word_1_517' title='bbox 496 4415 748 4479; x_wconf 82' lang='grc' dir='ltr'>γενέσθαι</span> <span class='ocrx_word' id='word_1_518' title='bbox 801 4413 895 4466; x_wconf 74' lang='grc' dir='ltr'><strong>καὶ</strong></span> <span class='ocrx_word' id='word_1_519' title='bbox 963 4411 1362 4483; x_wconf 79' lang='grc' dir='ltr'>περιϐλέπτους</span> <span class='ocrx_word' id='word_1_520' title='bbox 1403 4409 1491 4463; x_wconf 81' lang='grc' dir='ltr'>διὰ</span> <span class='ocrx_word' id='word_1_521' title='bbox 1535 4407 1644 4461; x_wconf 85' lang='grc' dir='ltr'><strong>τῶν</strong></span> <span class='ocrx_word' id='word_1_522' title='bbox 1697 4407 1842 4476; x_wconf 83' lang='grc' dir='ltr'>ὑπὲρ</span> 
     </span>
    </p>
   </div>
   <div class='ocr_carea' id='block_1_75' title="bbox 1940 3205 3518 3280">
    <p class='ocr_par' dir='ltr' id='par_1_75' title="bbox 1940 3205 3518 3280">
     <span class='ocr_line' id='line_1_75' title="bbox 1940 3205 3518 3280; baseline -0.013 -1"><span class='ocrx_word' id='word_1_523' title='bbox 1940 3238 2051 3278; x_wconf 88' lang='lat' dir='ltr'><strong>non</strong></span> <span class='ocrx_word' id='word_1_524' title='bbox 2087 3222 2266 3278; x_wconf 91' lang='lat' dir='ltr'><strong>solum</strong></span> <span class='ocrx_word' id='word_1_525' title='bbox 2300 3218 2582 3280; x_wconf 80' lang='lat' dir='ltr'><strong>frumenti,</strong></span> <span class='ocrx_word' id='word_1_526' title='bbox 2630 3216 2725 3270; x_wconf 91' lang='lat' dir='ltr'><strong>sed</strong></span> <span class='ocrx_word' id='word_1_527' title='bbox 2757 3214 2919 3269; x_wconf 88' lang='lat' dir='ltr'><strong>etiam</strong></span> <span class='ocrx_word' id='word_1_528' title='bbox 2948 3211 3162 3274; x_wconf 84' lang='lat' dir='ltr'><strong>hordei,</strong></span> <span class='ocrx_word' id='word_1_529' title='bbox 3197 3221 3249 3264; x_wconf 86' lang='lat' dir='ltr'><strong>et</strong></span> <span class='ocrx_word' id='word_1_530' title='bbox 3284 3205 3518 3278; x_wconf 84' lang='lat' dir='ltr'><strong>legumi-</strong></span> 
     </span>
    </p>
   </div>
   <div class='ocr_carea' id='block_1_76' title="bbox 1944 3286 3520 3376">
    <p class='ocr_par' dir='ltr' id='par_1_76' title="bbox 1944 3286 3520 3376">
     <span class='ocr_line' id='line_1_76' title="bbox 1944 3286 3520 3376; baseline -0.014 -5"><span class='ocrx_word' id='word_1_531' title='bbox 1944 3330 2096 3376; x_wconf 88' lang='lat' dir='ltr'><strong>num,</strong></span> <span class='ocrx_word' id='word_1_532' title='bbox 2147 3321 2203 3369; x_wconf 91' lang='lat' dir='ltr'><strong>et</strong></span> <span class='ocrx_word' id='word_1_533' title='bbox 2250 3311 2481 3365; x_wconf 90' lang='lat' dir='ltr'><strong>aliarum</strong></span> <span class='ocrx_word' id='word_1_534' title='bbox 2536 3323 2743 3371; x_wconf 91' lang='lat' dir='ltr'><strong>rerum,</strong></span> <span class='ocrx_word' id='word_1_535' title='bbox 2798 3286 3003 3376; x_wconf 64' lang='lat' dir='ltr'><strong>quibus</strong></span> <span class='ocrx_word' id='word_1_536' title='bbox 3044 3301 3294 3357; x_wconf 88' lang='lat' dir='ltr'><strong>homines</strong></span> <span class='ocrx_word' id='word_1_537' title='bbox 3346 3298 3520 3352; x_wconf 78' lang='lat' dir='ltr'><strong>vitam</strong></span> 
     </span>
    </p>
   </div>
   <div class='ocr_carea' id='block_1_77' title="bbox 1944 3413 2274 3463">
    <p class='ocr_par' dir='ltr' id='par_1_77' title="bbox 1944 3413 2274 3463">
     <span class='ocr_line' id='line_1_77' title="bbox 1944 3413 2274 3463; baseline -0.015 0"><span class='ocrx_word' id='word_1_538' title='bbox 1944 3413 2274 3463; x_wconf 88' lang='lat' dir='ltr'><strong>sustentant.</strong></span> 
     </span>
    </p>
   </div>
   <div class='ocr_carea' id='block_1_78' title="bbox 2017 3480 3521 3553">
    <p class='ocr_par' dir='ltr' id='par_1_78' title="bbox 2017 3480 3521 3553">
     <span class='ocr_line' id='line_1_78' title="bbox 2017 3480 3521 3553; baseline -0.012 -3"><span class='ocrx_word' id='word_1_539' title='bbox 2017 3496 2186 3550; x_wconf 75' lang='lat' dir='ltr'><strong>Vens.</strong></span> <span class='ocrx_word' id='word_1_540' title='bbox 2231 3495 2317 3548; x_wconf 82' lang='lat' dir='ltr'><strong>l7.</strong></span> <span class='ocrx_word' id='word_1_541' title='bbox 2384 3510 2403 3543; x_wconf 75' lang='grc' dir='ltr'><strong>ι</strong></span> <span class='ocrx_word' id='word_1_542' title='bbox 2442 3489 2589 3546; x_wconf 83' lang='lat' dir='ltr'><strong>Misit</strong></span> <span class='ocrx_word' id='word_1_543' title='bbox 2643 3498 2767 3544; x_wconf 89' lang='lat' dir='ltr'><strong>ante</strong></span> <span class='ocrx_word' id='word_1_544' title='bbox 2821 3501 2916 3542; x_wconf 84' lang='lat' dir='ltr'><strong>eos</strong></span> <span class='ocrx_word' id='word_1_545' title='bbox 2966 3486 3147 3540; x_wconf 86' lang='lat' dir='ltr'><strong>virum</strong></span> <span class='ocrx_word' id='word_1_546' title='bbox 3202 3480 3521 3553; x_wconf 87' lang='lat' dir='ltr'><strong>quemdam,</strong></span> 
     </span>
    </p>
   </div>
   <div class='ocr_carea' id='block_1_79' title="bbox 1947 3573 3523 3660">
    <p class='ocr_par' dir='ltr' id='par_1_79' title="bbox 1947 3573 3523 3660">
     <span class='ocr_line' id='line_1_79' title="bbox 1947 3573 3523 3660; baseline -0.013 -18"><span class='ocrx_word' id='word_1_547' title='bbox 1947 3603 2047 3660; x_wconf 93' lang='lat' dir='ltr'><strong>pro</strong></span> <span class='ocrx_word' id='word_1_548' title='bbox 2081 3599 2242 3643; x_wconf 88' lang='lat' dir='ltr'><strong>servo</strong></span> <span class='ocrx_word' id='word_1_549' title='bbox 2271 3581 2617 3639; x_wconf 84' lang='lat' dir='ltr'><strong>venundatus</strong></span> <span class='ocrx_word' id='word_1_550' title='bbox 2645 3587 2730 3635; x_wconf 91' lang='lat' dir='ltr'><strong>est</strong></span> <span class='ocrx_word' id='word_1_551' title='bbox 2759 3576 2982 3646; x_wconf 82' lang='lat' dir='ltr'><strong>Joseph.</strong></span> <span class='ocrx_word' id='word_1_552' title='bbox 3027 3593 3047 3625; x_wconf 73' lang='grc' dir='ltr'><strong>ι</strong></span> <span class='ocrx_word' id='word_1_553' title='bbox 3090 3573 3394 3640; x_wconf 89' lang='lat' dir='ltr'><strong>Utrumque</strong></span> <span class='ocrx_word' id='word_1_554' title='bbox 3428 3584 3523 3624; x_wconf 60' lang='grc' dir='ltr'>εει</span> 
     </span>
    </p>
   </div>
   <div class='ocr_carea' id='block_1_80' title="bbox 1948 3662 3530 3747">
    <p class='ocr_par' dir='ltr' id='par_1_80' title="bbox 1948 3662 3530 3747">
     <span class='ocr_line' id='line_1_80' title="bbox 1948 3662 3530 3747; baseline -0.015 -11"><span class='ocrx_word' id='word_1_555' title='bbox 1948 3682 2073 3737; x_wconf 91' lang='lat' dir='ltr'><strong>dem</strong></span> <span class='ocrx_word' id='word_1_556' title='bbox 2124 3691 2288 3747; x_wconf 86' lang='lat' dir='ltr'><strong>opera</strong></span> <span class='ocrx_word' id='word_1_557' title='bbox 2338 3672 2657 3735; x_wconf 87' lang='lat' dir='ltr'><strong>declaravit,</strong></span> <span class='ocrx_word' id='word_1_558' title='bbox 2710 3677 2766 3724; x_wconf 94' lang='lat' dir='ltr'><strong>et</strong></span> <span class='ocrx_word' id='word_1_559' title='bbox 2816 3667 3047 3721; x_wconf 83' lang='lat' dir='ltr'><strong>fratrum</strong></span> <span class='ocrx_word' id='word_1_560' title='bbox 3099 3662 3423 3732; x_wconf 87' lang='lat' dir='ltr'><strong>nequitiam.</strong></span> <span class='ocrx_word' id='word_1_561' title='bbox 3474 3667 3530 3714; x_wconf 88' lang='lat' dir='ltr'><strong>et</strong></span> 
     </span>
    </p>
   </div>
   <div class='ocr_carea' id='block_1_81' title="bbox 1951 3751 3529 3839">
    <p class='ocr_par' dir='ltr' id='par_1_81' title="bbox 1951 3751 3529 3839">
     <span class='ocr_line' id='line_1_81' title="bbox 1951 3751 3529 3839; baseline -0.016 -11"><span class='ocrx_word' id='word_1_562' title='bbox 1951 3787 2107 3828; x_wconf 86' lang='lat' dir='ltr'><strong>suam</strong></span> <span class='ocrx_word' id='word_1_563' title='bbox 2155 3769 2328 3839; x_wconf 75' lang='lat' dir='ltr'><strong>ipsius</strong></span> <span class='ocrx_word' id='word_1_564' title='bbox 2373 3763 2697 3835; x_wconf 77' lang='lat' dir='ltr'><strong>sapientiam</strong></span> <span class='ocrx_word' id='word_1_565' title='bbox 2746 3779 2759 3813; x_wconf 91' lang='lat'>:</span> <span class='ocrx_word' id='word_1_566' title='bbox 2809 3774 2933 3813; x_wconf 90' lang='lat' dir='ltr'><strong>nam</strong></span> <span class='ocrx_word' id='word_1_567' title='bbox 2992 3757 3213 3810; x_wconf 88' lang='lat' dir='ltr'><strong>illorum</strong></span> <span class='ocrx_word' id='word_1_568' title='bbox 3263 3751 3529 3824; x_wconf 85' lang='lat' dir='ltr'><strong>pravitate</strong></span> 
     </span>
    </p>
   </div>
   <div class='ocr_carea' id='block_1_82' title="bbox 1951 3842 3531 3931">
    <p class='ocr_par' dir='ltr' id='par_1_82' title="bbox 1951 3842 3531 3931">
     <span class='ocr_line' id='line_1_82' title="bbox 1951 3842 3531 3931; baseline -0.014 -15"><span class='ocrx_word' id='word_1_569' title='bbox 1951 3868 2259 3931; x_wconf 79' lang='lat' dir='ltr'><strong>opportune</strong></span> <span class='ocrx_word' id='word_1_570' title='bbox 2290 3872 2425 3911; x_wconf 90' lang='lat' dir='ltr'><strong>usus</strong></span> <span class='ocrx_word' id='word_1_571' title='bbox 2453 3862 2558 3908; x_wconf 88' lang='lat' dir='ltr'><strong>est.</strong></span> <span class='ocrx_word' id='word_1_572' title='bbox 2593 3850 2711 3905; x_wconf 90' lang='lat' dir='ltr'><strong>Non</strong></span> <span class='ocrx_word' id='word_1_573' title='bbox 2744 3850 2889 3904; x_wconf 92' lang='lat' dir='ltr'><strong>enim</strong></span> <span class='ocrx_word' id='word_1_574' title='bbox 2924 3847 3039 3916; x_wconf 90' lang='lat' dir='ltr'><strong>ipse</strong></span> <span class='ocrx_word' id='word_1_575' title='bbox 3070 3860 3164 3899; x_wconf 86' lang='lat' dir='ltr'><strong>eos</strong></span> <span class='ocrx_word' id='word_1_576' title='bbox 3196 3842 3427 3912; x_wconf 87' lang='lat' dir='ltr'><strong>impulit,</strong></span> <span class='ocrx_word' id='word_1_577' title='bbox 3468 3848 3531 3895; x_wconf 93' lang='lat' dir='ltr'><strong>ut</strong></span> 
     </span>
    </p>
   </div>
   <div class='ocr_carea' id='block_1_83' title="bbox 1954 3932 3521 4010">
    <p class='ocr_par' dir='ltr' id='par_1_83' title="bbox 1954 3932 3521 4010">
     <span class='ocr_line' id='line_1_83' title="bbox 1954 3932 3521 4010; baseline -0.014 -3"><span class='ocrx_word' id='word_1_578' title='bbox 1954 3952 2175 4008; x_wconf 82' lang='lat' dir='ltr'><strong>fratrem</strong></span> <span class='ocrx_word' id='word_1_579' title='bbox 2201 3948 2519 4010; x_wconf 83' lang='lat' dir='ltr'><strong>venderent,</strong></span> <span class='ocrx_word' id='word_1_580' title='bbox 2545 3943 2639 3998; x_wconf 88' lang='lat' dir='ltr'><strong>sed</strong></span> <span class='ocrx_word' id='word_1_581' title='bbox 2666 3942 2880 3996; x_wconf 88' lang='lat' dir='ltr'><strong>illorum</strong></span> <span class='ocrx_word' id='word_1_582' title='bbox 2907 3936 3249 4009; x_wconf 84' lang='lat' dir='ltr'><strong>perversitati</strong></span> <span class='ocrx_word' id='word_1_583' title='bbox 3279 3932 3521 3988; x_wconf 89' lang='lat' dir='ltr'><strong>indulsit.</strong></span> 
     </span>
    </p>
   </div>
   <div class='ocr_carea' id='block_1_84' title="bbox 1955 4023 3535 4116">
    <p class='ocr_par' dir='ltr' id='par_1_84' title="bbox 1955 4023 3535 4116">
     <span class='ocr_line' id='line_1_84' title="bbox 1955 4023 3535 4116; baseline -0.013 -18"><span class='ocrx_word' id='word_1_584' title='bbox 1955 4044 2075 4116; x_wconf 87' lang='lat' dir='ltr'><strong>Ipse</strong></span> <span class='ocrx_word' id='word_1_585' title='bbox 2102 4056 2229 4097; x_wconf 89' lang='lat' dir='ltr'><strong>vero</strong></span> <span class='ocrx_word' id='word_1_586' title='bbox 2260 4046 2562 4109; x_wconf 81' lang='lat' dir='ltr'><strong>opportune</strong></span> <span class='ocrx_word' id='word_1_587' title='bbox 2594 4035 2700 4089; x_wconf 86' lang='lat' dir='ltr'><strong>hac</strong></span> <span class='ocrx_word' id='word_1_588' title='bbox 2736 4041 2913 4095; x_wconf 86' lang='lat' dir='ltr'><strong>utens,</strong></span> <span class='ocrx_word' id='word_1_589' title='bbox 2943 4046 3007 4085; x_wconf 80' lang='lat' dir='ltr'><strong>ex</strong></span> <span class='ocrx_word' id='word_1_590' title='bbox 3042 4043 3200 4083; x_wconf 87' lang='lat' dir='ltr'><strong>servo</strong></span> <span class='ocrx_word' id='word_1_591' title='bbox 3237 4041 3418 4096; x_wconf 73' lang='lat' dir='ltr'><strong>regem</strong></span> <span class='ocrx_word' id='word_1_592' title='bbox 3452 4023 3535 4078; x_wconf 78' lang='lat' dir='ltr'><strong>ef-</strong></span> 
     </span>
    </p>
   </div>
   <div class='ocr_carea' id='block_1_85' title="bbox 1958 4114 3529 4203">
    <p class='ocr_par' dir='ltr' id='par_1_85' title="bbox 1958 4114 3529 4203">
     <span class='ocr_line' id='line_1_85' title="bbox 1958 4114 3529 4203; baseline -0.015 -11"><span class='ocrx_word' id='word_1_593' title='bbox 1958 4114 2104 4202; x_wconf 74' lang='lat' dir='ltr'><strong>fecit,</strong></span> <span class='ocrx_word' id='word_1_594' title='bbox 2131 4143 2184 4189; x_wconf 90' lang='lat' dir='ltr'><strong>et</strong></span> <span class='ocrx_word' id='word_1_595' title='bbox 2214 4130 2400 4203; x_wconf 77' lang='lat' dir='ltr'><strong>generi</strong></span> <span class='ocrx_word' id='word_1_596' title='bbox 2428 4129 2753 4183; x_wconf 84' lang='lat' dir='ltr'><strong>descensum</strong></span> <span class='ocrx_word' id='word_1_597' title='bbox 2782 4125 2836 4178; x_wconf 91' lang='lat' dir='ltr'><strong>in</strong></span> <span class='ocrx_word' id='word_1_598' title='bbox 2865 4122 3158 4194; x_wconf 62' lang='lat' dir='ltr'><strong>Egyptum</strong></span> <span class='ocrx_word' id='word_1_599' title='bbox 3188 4114 3529 4190; x_wconf 89' lang='lat' dir='ltr'><strong>procuravit.</strong></span> 
     </span>
    </p>
   </div>
   <div class='ocr_carea' id='block_1_86' title="bbox 1958 4206 3531 4298">
    <p class='ocr_par' dir='ltr' id='par_1_86' title="bbox 1958 4206 3531 4298">
     <span class='ocr_line' id='line_1_86' title="bbox 1958 4206 3531 4298; baseline -0.015 -14"><span class='ocrx_word' id='word_1_600' title='bbox 1958 4226 2255 4298; x_wconf 76' lang='lat' dir='ltr'><strong>Oportebat</strong></span> <span class='ocrx_word' id='word_1_601' title='bbox 2280 4224 2448 4285; x_wconf 88' lang='lat' dir='ltr'><strong>enim,</strong></span> <span class='ocrx_word' id='word_1_602' title='bbox 2483 4231 2544 4275; x_wconf 86' lang='lat' dir='ltr'><strong>ut</strong></span> <span class='ocrx_word' id='word_1_603' title='bbox 2571 4220 2666 4288; x_wconf 91' lang='lat' dir='ltr'><strong>qui</strong></span> <span class='ocrx_word' id='word_1_604' title='bbox 2692 4215 2921 4272; x_wconf 91' lang='lat' dir='ltr'><strong>vocandi</strong></span> <span class='ocrx_word' id='word_1_605' title='bbox 2953 4225 3111 4269; x_wconf 86' lang='lat' dir='ltr'><strong>erant</strong></span> <span class='ocrx_word' id='word_1_606' title='bbox 3143 4210 3379 4281; x_wconf 85' lang='lat' dir='ltr'><strong>populus</strong></span> <span class='ocrx_word' id='word_1_607' title='bbox 3412 4206 3531 4269; x_wconf 86' lang='lat' dir='ltr'><strong>Dei,</strong></span> 
     </span>
    </p>
   </div>
   <div class='ocr_carea' id='block_1_87' title="bbox 1959 4299 3534 4377">
    <p class='ocr_par' dir='ltr' id='par_1_87' title="bbox 1959 4299 3534 4377">
     <span class='ocr_line' id='line_1_87' title="bbox 1959 4299 3534 4377; baseline -0.015 -2"><span class='ocrx_word' id='word_1_608' title='bbox 1959 4319 2092 4376; x_wconf 80' lang='lat' dir='ltr'><strong>clari</strong></span> <span class='ocrx_word' id='word_1_609' title='bbox 2142 4327 2197 4372; x_wconf 87' lang='lat' dir='ltr'><strong>et</strong></span> <span class='ocrx_word' id='word_1_610' title='bbox 2246 4314 2487 4369; x_wconf 86' lang='lat' dir='ltr'><strong>illustres</strong></span> <span class='ocrx_word' id='word_1_611' title='bbox 2544 4311 2738 4364; x_wconf 83' lang='lat' dir='ltr'><strong>ﬁerent</strong></span> <span class='ocrx_word' id='word_1_612' title='bbox 2789 4323 2885 4377; x_wconf 88' lang='lat' dir='ltr'><strong>per</strong></span> <span class='ocrx_word' id='word_1_613' title='bbox 2934 4305 3197 4360; x_wconf 89' lang='lat' dir='ltr'><strong>miracula</strong></span> <span class='ocrx_word' id='word_1_614' title='bbox 3249 4317 3350 4373; x_wconf 90' lang='lat' dir='ltr'><strong>pro</strong></span> <span class='ocrx_word' id='word_1_615' title='bbox 3400 4299 3534 4369; x_wconf 89' lang='lat' dir='ltr'><strong>ipsis</strong></span> 
     </span>
    </p>
   </div>
   <div class='ocr_carea' id='block_1_88' title="bbox 1960 4395 3537 4478">
    <p class='ocr_par' dir='ltr' id='par_1_88' title="bbox 1960 4395 3537 4478">
     <span class='ocr_line' id='line_1_88' title="bbox 1960 4395 3537 4478; baseline -0.015 -12"><span class='ocrx_word' id='word_1_616' title='bbox 1960 4413 2123 4467; x_wconf 84' lang='lat' dir='ltr'><strong>edita.</strong></span> <span class='ocrx_word' id='word_1_617' title='bbox 2172 4406 2452 4478; x_wconf 87' lang='lat' dir='ltr'><strong>Siquidem</strong></span> <span class='ocrx_word' id='word_1_618' title='bbox 2506 4418 2637 4459; x_wconf 88' lang='lat' dir='ltr'><strong>cura</strong></span> <span class='ocrx_word' id='word_1_619' title='bbox 2678 4400 2786 4455; x_wconf 88' lang='lat' dir='ltr'><strong>illis</strong></span> <span class='ocrx_word' id='word_1_620' title='bbox 2834 4397 3074 4453; x_wconf 79' lang='lat' dir='ltr'><strong>exhibita</strong></span> <span class='ocrx_word' id='word_1_621' title='bbox 3128 4395 3300 4448; x_wconf 86' lang='lat' dir='ltr'><strong>Deum</strong></span> <span class='ocrx_word' id='word_1_622' title='bbox 3343 4405 3537 4446; x_wconf 88' lang='lat' dir='ltr'><strong>eorum</strong></span> 
     </span>
    </p>
   </div>
   <div class='ocr_carea' id='block_1_89' title="bbox 275 4478 1821 4577">
    <p class='ocr_par' dir='ltr' id='par_1_89' title="bbox 275 4478 1821 4577">
     <span class='ocr_line' id='line_1_89' title="bbox 275 4478 1821 4577; baseline -0.006 -14"><span class='ocrx_word' id='word_1_623' title='bbox 275 4478 455 4563; x_wconf 75' lang='grc' dir='ltr'>αὐτῶν</span> <span class='ocrx_word' id='word_1_624' title='bbox 493 4508 791 4577; x_wconf 82' lang='grc' dir='ltr'>γινομένων</span> <span class='ocrx_word' id='word_1_625' title='bbox 850 4478 1168 4573; x_wconf 70' lang='grc' dir='ltr'>θαυμάτων.</span> <span class='ocrx_word' id='word_1_626' title='bbox 1216 4503 1279 4555; x_wconf 87' lang='lat' dir='ltr'><strong>&#39;H</strong></span> <span class='ocrx_word' id='word_1_627' title='bbox 1324 4501 1434 4572; x_wconf 79' lang='grc' dir='ltr'>γὰρ</span> <span class='ocrx_word' id='word_1_628' title='bbox 1497 4504 1577 4563; x_wconf 79' lang='grc' dir='ltr'><strong>εἰς</strong></span> <span class='ocrx_word' id='word_1_629' title='bbox 1643 4500 1821 4553; x_wconf 64' lang='grc' dir='ltr'>αὐτοὺς</span> 
     </span>
    </p>
   </div>
   <div class='ocr_carea' id='block_1_90' title="bbox 1940 4478 3537 4577">
    <p class='ocr_par' dir='ltr' id='par_1_90' title="bbox 1960 4478 3537 4572">
     <span class='ocr_line' id='line_1_90' title="bbox 1960 4478 3537 4572; baseline -0.016 -16"><span class='ocrx_word' id='word_1_630' title='bbox 1960 4500 2305 4572; x_wconf 72' lang='lat' dir='ltr'><strong>praedicabat,</strong></span> <span class='ocrx_word' id='word_1_631' title='bbox 2336 4496 2729 4563; x_wconf 81' lang='lat' dir='ltr'><strong>audientesque</strong></span> <span class='ocrx_word' id='word_1_632' title='bbox 2751 4490 2952 4545; x_wconf 62' lang='lat' dir='ltr'><strong>divinae</strong></span> <span class='ocrx_word' id='word_1_633' title='bbox 2976 4483 3304 4555; x_wconf 82' lang='lat' dir='ltr'><strong>cognitionis</strong></span> <span class='ocrx_word' id='word_1_634' title='bbox 3330 4478 3537 4534; x_wconf 83' lang='lat' dir='ltr'><strong>lumine</strong></span> 
     </span>
    </p>
   </div>
   <div class='ocr_carea' id='block_1_91' title="bbox 272 4593 1852 4671">
    <p class='ocr_par' dir='ltr' id='par_1_91' title="bbox 272 4593 1852 4671">
     <span class='ocr_line' id='line_1_91' title="bbox 272 4593 1852 4671; baseline -0.006 -19"><span class='ocrx_word' id='word_1_635' title='bbox 272 4601 533 4671; x_wconf 81' lang='grc' dir='ltr'>γινομένη</span> <span class='ocrx_word' id='word_1_636' title='bbox 576 4597 868 4669; x_wconf 85' lang='grc' dir='ltr'>κηδεμονία</span> <span class='ocrx_word' id='word_1_637' title='bbox 919 4597 1010 4650; x_wconf 79' lang='grc' dir='ltr'><strong>τὸν</strong></span> <span class='ocrx_word' id='word_1_638' title='bbox 1052 4594 1259 4647; x_wconf 88' lang='grc' dir='ltr'>τούτων</span> <span class='ocrx_word' id='word_1_639' title='bbox 1303 4593 1434 4645; x_wconf 76' lang='grc' dir='ltr'>Θεὸν</span> <span class='ocrx_word' id='word_1_640' title='bbox 1475 4593 1811 4662; x_wconf 84' lang='grc' dir='ltr'>ἁνεκήρυττε</span> <span class='ocrx_word' id='word_1_641' title='bbox 1836 4631 1852 4655; x_wconf 89' lang='grc'><strong>,</strong></span> 
     </span>
    </p>
   </div>
   <div class='ocr_carea' id='block_1_92' title="bbox 276 4684 1844 4759">
    <p class='ocr_par' dir='ltr' id='par_1_92' title="bbox 276 4684 1844 4759">
     <span class='ocr_line' id='line_1_92' title="bbox 276 4684 1844 4759; baseline -0.008 -12"><span class='ocrx_word' id='word_1_642' title='bbox 276 4694 514 4757; x_wconf 71' lang='grc' dir='ltr'>καὶτοὺς</span> <span class='ocrx_word' id='word_1_643' title='bbox 557 4691 855 4754; x_wconf 88' lang='grc' dir='ltr'>ἀκούοντας</span> <span class='ocrx_word' id='word_1_644' title='bbox 886 4688 965 4759; x_wconf 82' lang='grc' dir='ltr'>τῷ</span> <span class='ocrx_word' id='word_1_645' title='bbox 1016 4687 1155 4756; x_wconf 75' lang='grc' dir='ltr'>φωτὶ</span> <span class='ocrx_word' id='word_1_646' title='bbox 1188 4686 1285 4757; x_wconf 81' lang='grc' dir='ltr'>τῆς</span> <span class='ocrx_word' id='word_1_647' title='bbox 1321 4684 1649 4753; x_wconf 85' lang='grc' dir='ltr'>θεογνωσίας</span> <span class='ocrx_word' id='word_1_648' title='bbox 1707 4699 1844 4736; x_wconf 88' lang='grc' dir='ltr'>κατ-</span> 
     </span>
    </p>
   </div>
   <div class='ocr_carea' id='block_1_93' title="bbox 277 4782 607 4854">
    <p class='ocr_par' dir='ltr' id='par_1_93' title="bbox 277 4782 607 4854">
     <span class='ocr_line' id='line_1_93' title="bbox 277 4782 607 4854; baseline -0.006 -17"><span class='ocrx_word' id='word_1_649' title='bbox 277 4782 523 4854; x_wconf 77' lang='grc' dir='ltr'>έλαμψεν</span> <span class='ocrx_word' id='word_1_650' title='bbox 543 4784 607 4835; x_wconf 75' lang='grc'><strong>⁸⁵.</strong></span> 
     </span>
    </p>
   </div>
   <div class='ocr_carea' id='block_1_94' title="bbox 351 4863 1857 4943">
    <p class='ocr_par' dir='ltr' id='par_1_94' title="bbox 351 4863 1857 4943">
     <span class='ocr_line' id='line_1_94' title="bbox 351 4863 1857 4943; baseline -0.005 -20"><span class='ocrx_word' id='word_1_651' title='bbox 351 4878 442 4943; x_wconf 82' lang='grc' dir='ltr'>ιη’.</span> <span class='ocrx_word' id='word_1_652' title='bbox 484 4890 504 4923; x_wconf 72' lang='grc' dir='ltr'><strong>ι</strong></span> <span class='ocrx_word' id='word_1_653' title='bbox 553 4869 956 4924; x_wconf 80' lang='grc' dir='ltr'>Ἐταπείνωσαν</span> <span class='ocrx_word' id='word_1_654' title='bbox 987 4869 1045 4921; x_wconf 83' lang='grc' dir='ltr'><strong>ἐν</strong></span> <span class='ocrx_word' id='word_1_655' title='bbox 1088 4866 1277 4930; x_wconf 87' lang='grc' dir='ltr'>πέδαις</span> <span class='ocrx_word' id='word_1_656' title='bbox 1314 4864 1437 4927; x_wconf 72' lang='grc' dir='ltr'>τοὺς</span> <span class='ocrx_word' id='word_1_657' title='bbox 1464 4864 1629 4926; x_wconf 87' lang='grc' dir='ltr'>πόδας</span> <span class='ocrx_word' id='word_1_658' title='bbox 1658 4863 1857 4925; x_wconf 78' lang='grc' dir='ltr'>αὑτοῦ,</span> 
     </span>
    </p>
   </div>
   <div class='ocr_carea' id='block_1_95' title="bbox 1960 4591 2287 4649">
    <p class='ocr_par' dir='ltr' id='par_1_95' title="bbox 1960 4591 2287 4649">
     <span class='ocr_line' id='line_1_95' title="bbox 1960 4591 2287 4649; baseline -0.018 0"><span class='ocrx_word' id='word_1_659' title='bbox 1960 4591 2287 4649; x_wconf 81' lang='lat' dir='ltr'><strong>illustrabat.</strong></span> 
     </span>
    </p>
   </div>
   <div class='ocr_carea' id='block_1_96' title="bbox 2032 4833 3541 4913">
    <p class='ocr_par' dir='ltr' id='par_1_96' title="bbox 2032 4833 3541 4913">
     <span class='ocr_line' id='line_1_96' title="bbox 2032 4833 3541 4913; baseline -0.015 -2"><span class='ocrx_word' id='word_1_660' title='bbox 2032 4858 2198 4913; x_wconf 71' lang='lat' dir='ltr'><strong>Vens.</strong></span> <span class='ocrx_word' id='word_1_661' title='bbox 2241 4855 2330 4912; x_wconf 78' lang='grc'><strong>18.</strong></span> <span class='ocrx_word' id='word_1_662' title='bbox 2379 4873 2397 4905; x_wconf 78' lang='lat' dir='ltr'><strong>r</strong></span> <span class='ocrx_word' id='word_1_663' title='bbox 2432 4850 2864 4906; x_wconf 86' lang='lat' dir='ltr'><strong>Humiliaverunt</strong></span> <span class='ocrx_word' id='word_1_664' title='bbox 2897 4846 2950 4899; x_wconf 89' lang='lat' dir='ltr'><strong>in</strong></span> <span class='ocrx_word' id='word_1_665' title='bbox 2982 4839 3341 4911; x_wconf 86' lang='lat' dir='ltr'><strong>compedibus</strong></span> <span class='ocrx_word' id='word_1_666' title='bbox 3375 4833 3541 4906; x_wconf 85' lang='lat' dir='ltr'><strong>pedes</strong></span> 
     </span>
    </p>
   </div>
   <div class='ocr_carea' id='block_1_97' title="bbox 282 4930 1821 5032">
    <p class='ocr_par' dir='ltr' id='par_1_97' title="bbox 282 4930 1821 5032">
     <span class='ocr_line' id='line_1_97' title="bbox 282 4930 1821 5032; baseline -0.008 -16"><span class='ocrx_word' id='word_1_667' title='bbox 282 4930 500 5032; x_wconf 68' lang='grc' dir='ltr'>σίδηρον</span> <span class='ocrx_word' id='word_1_668' title='bbox 533 4960 752 5031; x_wconf 84' lang='grc' dir='ltr'>διῆλθεν</span> <span class='ocrx_word' id='word_1_669' title='bbox 791 4963 824 5028; x_wconf 85' lang='grc' dir='ltr'>ἠ</span> <span class='ocrx_word' id='word_1_670' title='bbox 863 4959 1011 5029; x_wconf 77' lang='grc' dir='ltr'>ψυχὴ</span> <span class='ocrx_word' id='word_1_671' title='bbox 1029 4957 1215 5011; x_wconf 75' lang='grc' dir='ltr'>αὑτοῦ.</span> <span class='ocrx_word' id='word_1_672' title='bbox 1257 4975 1274 5008; x_wconf 75' lang='grc' dir='ltr'><strong>ι</strong></span> <span class='ocrx_word' id='word_1_673' title='bbox 1305 4954 1462 5009; x_wconf 81' lang='grc' dir='ltr'>Μετὰ</span> <span class='ocrx_word' id='word_1_674' title='bbox 1490 4953 1601 5024; x_wconf 82' lang='grc' dir='ltr'>γὰρ</span> <span class='ocrx_word' id='word_1_675' title='bbox 1639 4953 1737 5024; x_wconf 86' lang='grc' dir='ltr'><strong>τὴν</strong></span> <span class='ocrx_word' id='word_1_676' title='bbox 1761 4955 1821 5022; x_wconf 86' lang='grc' dir='ltr'>τῆ</span> 
     </span>
    </p>
   </div>
   <div class='ocr_carea' id='block_1_98' title="bbox 1940 4930 3542 5032">
    <p class='ocr_par' dir='ltr' id='par_1_98' title="bbox 1963 4930 3542 5023">
     <span class='ocr_line' id='line_1_98' title="bbox 1963 4930 3542 5023; baseline -0.018 -14"><span class='ocrx_word' id='word_1_677' title='bbox 1963 4954 2103 5023; x_wconf 85' lang='lat' dir='ltr'><strong>ejus,</strong></span> <span class='ocrx_word' id='word_1_678' title='bbox 2141 4950 2344 5005; x_wconf 79' lang='lat' dir='ltr'><strong>ferrum</strong></span> <span class='ocrx_word' id='word_1_679' title='bbox 2381 4943 2693 5017; x_wconf 84' lang='lat' dir='ltr'><strong>pertransiit</strong></span> <span class='ocrx_word' id='word_1_680' title='bbox 2734 4939 2972 4994; x_wconf 89' lang='lat' dir='ltr'><strong>animam</strong></span> <span class='ocrx_word' id='word_1_681' title='bbox 3009 4936 3150 5005; x_wconf 87' lang='lat' dir='ltr'><strong>ejus.</strong></span> <span class='ocrx_word' id='word_1_682' title='bbox 3194 4952 3211 4987; x_wconf 72' lang='grc' dir='ltr'><strong>ι</strong></span> <span class='ocrx_word' id='word_1_683' title='bbox 3250 4930 3383 4985; x_wconf 82' lang='lat' dir='ltr'><strong>Nam</strong></span> <span class='ocrx_word' id='word_1_684' title='bbox 3418 4937 3542 4999; x_wconf 91' lang='lat' dir='ltr'><strong>post</strong></span> 
     </span>
    </p>
   </div>
   <div class='ocr_carea' id='block_1_99' title="bbox 286 5043 1845 5124">
    <p class='ocr_par' dir='ltr' id='par_1_99' title="bbox 286 5043 1845 5124">
     <span class='ocr_line' id='line_1_99' title="bbox 286 5043 1845 5124; baseline -0.008 -17"><span class='ocrx_word' id='word_1_685' title='bbox 286 5051 531 5124; x_wconf 83' lang='grc' dir='ltr'>μοιχείας</span> <span class='ocrx_word' id='word_1_686' title='bbox 581 5051 968 5121; x_wconf 82' lang='grc' dir='ltr'>συκοφαντίαν,</span> <span class='ocrx_word' id='word_1_687' title='bbox 1014 5051 1077 5102; x_wconf 82' lang='grc' dir='ltr'><strong>τὸ</strong></span> <span class='ocrx_word' id='word_1_688' title='bbox 1102 5048 1475 5117; x_wconf 81' lang='grc' dir='ltr'>δεσμωτήριον</span> <span class='ocrx_word' id='word_1_689' title='bbox 1511 5043 1720 5114; x_wconf 77' lang='grc' dir='ltr'>ᾠκησε,</span> <span class='ocrx_word' id='word_1_690' title='bbox 1750 5044 1845 5096; x_wconf 78' lang='grc' dir='ltr'>καὶ</span> 
     </span>
    </p>
   </div>
   <div class='ocr_carea' id='block_1_100' title="bbox 1965 5021 3543 5102">
    <p class='ocr_par' dir='ltr' id='par_1_100' title="bbox 1965 5021 3543 5102">
     <span class='ocr_line' id='line_1_100' title="bbox 1965 5021 3543 5102; baseline -0.017 -4"><span class='ocrx_word' id='word_1_691' title='bbox 1965 5021 2217 5098; x_wconf 83' lang='lat' dir='ltr'><strong>adulterii</strong></span> <span class='ocrx_word' id='word_1_692' title='bbox 2259 5036 2587 5093; x_wconf 87' lang='lat' dir='ltr'><strong>calumniam</strong></span> <span class='ocrx_word' id='word_1_693' title='bbox 2628 5030 2844 5102; x_wconf 64' lang='grc'><strong>1348</strong></span> <span class='ocrx_word' id='word_1_694' title='bbox 2890 5029 2941 5083; x_wconf 92' lang='lat' dir='ltr'><strong>in</strong></span> <span class='ocrx_word' id='word_1_695' title='bbox 2992 5025 3209 5081; x_wconf 79' lang='lat' dir='ltr'><strong>vincula</strong></span> <span class='ocrx_word' id='word_1_696' title='bbox 3257 5021 3543 5089; x_wconf 88' lang='lat' dir='ltr'><strong>conjectus</strong></span> 
     </span>
    </p>
   </div>
   <div class='ocr_carea' id='block_1_101' title="bbox 285 5109 1821 5218">
    <p class='ocr_par' dir='ltr' id='par_1_101' title="bbox 285 5109 1819 5218">
     <span class='ocr_line' id='line_1_101' title="bbox 285 5109 1819 5218; baseline -0.008 -17"><span class='ocrx_word' id='word_1_697' title='bbox 285 5109 600 5218; x_wconf 58' lang='grc' dir='ltr'>παραυτίκα</span> <span class='ocrx_word' id='word_1_698' title='bbox 627 5146 704 5209; x_wconf 85' lang='grc' dir='ltr'>ὡς</span> <span class='ocrx_word' id='word_1_699' title='bbox 727 5109 874 5205; x_wconf 73' lang='grc' dir='ltr'>εἰκὸς</span> <span class='ocrx_word' id='word_1_700' title='bbox 906 5109 1243 5213; x_wconf 76' lang='grc' dir='ltr'>περιέθηκαν</span> <span class='ocrx_word' id='word_1_701' title='bbox 1269 5109 1417 5209; x_wconf 68' lang='grc' dir='ltr'>αὐτῷ</span> <span class='ocrx_word' id='word_1_702' title='bbox 1438 5137 1507 5191; x_wconf 76' lang='grc' dir='ltr'>τὰ</span> <span class='ocrx_word' id='word_1_703' title='bbox 1528 5109 1598 5191; x_wconf 74' lang='grc' dir='ltr'><strong>ἐκ</strong></span> <span class='ocrx_word' id='word_1_704' title='bbox 1620 5109 1819 5206; x_wconf 38' lang='grc' dir='ltr'>’σιδήρο</span> 
     </span>
    </p>
   </div>
   <div class='ocr_carea' id='block_1_102' title="bbox 1940 5109 3543 5218">
    <p class='ocr_par' dir='ltr' id='par_1_102' title="bbox 1963 5109 3543 5199">
     <span class='ocr_line' id='line_1_102' title="bbox 1963 5109 3543 5199; baseline -0.017 -9"><span class='ocrx_word' id='word_1_705' title='bbox 1963 5146 2067 5199; x_wconf 91' lang='lat' dir='ltr'><strong>est,</strong></span> <span class='ocrx_word' id='word_1_706' title='bbox 2119 5132 2430 5199; x_wconf 77' lang='lat' dir='ltr'><strong>statimque.</strong></span> <span class='ocrx_word' id='word_1_707' title='bbox 2487 5136 2546 5180; x_wconf 93' lang='lat' dir='ltr'><strong>ut</strong></span> <span class='ocrx_word' id='word_1_708' title='bbox 2594 5122 2886 5181; x_wconf 82' lang='lat' dir='ltr'><strong>verisimile</strong></span> <span class='ocrx_word' id='word_1_709' title='bbox 2935 5128 3038 5183; x_wconf 87' lang='lat' dir='ltr'><strong>est,</strong></span> <span class='ocrx_word' id='word_1_710' title='bbox 3104 5117 3280 5172; x_wconf 81' lang='lat' dir='ltr'><strong>ferrea</strong></span> <span class='ocrx_word' id='word_1_711' title='bbox 3325 5109 3543 5167; x_wconf 88' lang='lat' dir='ltr'><strong>vincula</strong></span> 
     </span>
    </p>
   </div>
   <div class='ocr_carea' id='block_1_103' title="bbox 286 5229 1856 5309">
    <p class='ocr_par' dir='ltr' id='par_1_103' title="bbox 286 5229 1856 5309">
     <span class='ocr_line' id='line_1_103' title="bbox 286 5229 1856 5309; baseline -0.008 -18"><span class='ocrx_word' id='word_1_712' title='bbox 286 5237 480 5309; x_wconf 82' lang='grc' dir='ltr'>δεσμά.</span> <span class='ocrx_word' id='word_1_713' title='bbox 534 5235 705 5291; x_wconf 75' lang='grc' dir='ltr'>Τοῦτο</span> <span class='ocrx_word' id='word_1_714' title='bbox 745 5235 926 5307; x_wconf 89' lang='grc' dir='ltr'>μέντοι</span> <span class='ocrx_word' id='word_1_715' title='bbox 969 5236 996 5287; x_wconf 77' lang='grc' dir='ltr'><strong>ό</strong></span> <span class='ocrx_word' id='word_1_716' title='bbox 1044 5232 1341 5303; x_wconf 86' lang='grc' dir='ltr'>Σύμμαχος</span> <span class='ocrx_word' id='word_1_717' title='bbox 1391 5230 1564 5293; x_wconf 78' lang='grc' dir='ltr'>οὕτως</span> <span class='ocrx_word' id='word_1_718' title='bbox 1615 5229 1856 5300; x_wconf 81' lang='grc' dir='ltr'>εἴρηκεν,</span> 
     </span>
    </p>
   </div>
   <div class='ocr_carea' id='block_1_104' title="bbox 260 5439 755 5507">
    <p class='ocr_par' dir='ltr' id='par_1_104' title="bbox 260 5439 755 5507">
     <span class='ocr_line' id='line_1_104' title="bbox 260 5439 755 5507; baseline -0.008 -9"><span class='ocrx_word' id='word_1_719' title='bbox 260 5458 269 5507; x_wconf 80' lang='grc' dir='ltr'><strong>ι</strong></span> <span class='ocrx_word' id='word_1_720' title='bbox 372 5441 549 5497; x_wconf 74' lang='grc' dir='ltr'><strong>ιϐθη.</strong></span> <span class='ocrx_word' id='word_1_721' title='bbox 581 5455 672 5505; x_wconf 74' lang='lat' dir='ltr'><strong>xx,</strong></span> <span class='ocrx_word' id='word_1_722' title='bbox 701 5439 755 5494; x_wconf 82' lang='lat'><strong>5.</strong></span> 
     </span>
    </p>
   </div>
   <div class='ocr_carea' id='block_1_105' title="bbox 834 5427 1899 5498">
    <p class='ocr_par' dir='ltr' id='par_1_105' title="bbox 834 5427 1899 5498">
     <span class='ocr_line' id='line_1_105' title="bbox 834 5427 1899 5498; baseline -0.01 -6"><span class='ocrx_word' id='word_1_723' title='bbox 834 5450 859 5477; x_wconf 71' lang='grc' dir='ltr'>ι</span> <span class='ocrx_word' id='word_1_724' title='bbox 889 5435 1022 5491; x_wconf 86' lang='lat' dir='ltr'><strong>Gen.</strong></span> <span class='ocrx_word' id='word_1_725' title='bbox 1062 5447 1207 5498; x_wconf 77' lang='lat' dir='ltr'><strong>xxvi,</strong></span> <span class='ocrx_word' id='word_1_726' title='bbox 1242 5431 1325 5486; x_wconf 83' lang='grc'><strong>10.</strong></span> <span class='ocrx_word' id='word_1_727' title='bbox 1404 5427 1430 5468; x_wconf 81' lang='grc' dir='ltr'>δ</span> <span class='ocrx_word' id='word_1_728' title='bbox 1461 5428 1596 5484; x_wconf 89' lang='lat' dir='ltr'><strong>Gen.</strong></span> <span class='ocrx_word' id='word_1_729' title='bbox 1632 5443 1784 5492; x_wconf 78' lang='lat' dir='ltr'><strong>xxxi,</strong></span> <span class='ocrx_word' id='word_1_730' title='bbox 1810 5427 1899 5483; x_wconf 69' lang='grc'><strong>24.</strong></span> 
     </span>
    </p>
   </div>
   <div class='ocr_carea' id='block_1_106' title="bbox 1966 5202 3536 5297">
    <p class='ocr_par' dir='ltr' id='par_1_106' title="bbox 1966 5202 3536 5297">
     <span class='ocr_line' id='line_1_106' title="bbox 1966 5202 3536 5297; baseline -0.018 -16"><span class='ocrx_word' id='word_1_731' title='bbox 1966 5227 2070 5297; x_wconf 87' lang='lat' dir='ltr'><strong>ipsi</strong></span> <span class='ocrx_word' id='word_1_732' title='bbox 2097 5226 2496 5293; x_wconf 90' lang='lat' dir='ltr'><strong>imposuerunt.</strong></span> <span class='ocrx_word' id='word_1_733' title='bbox 2532 5216 2643 5271; x_wconf 87' lang='lat' dir='ltr'><strong>lloe</strong></span> <span class='ocrx_word' id='word_1_734' title='bbox 2669 5215 2817 5269; x_wconf 87' lang='lat' dir='ltr'><strong>enim</strong></span> <span class='ocrx_word' id='word_1_735' title='bbox 2845 5208 3211 5284; x_wconf 78' lang='lat' dir='ltr'><strong>Symmachus</strong></span> <span class='ocrx_word' id='word_1_736' title='bbox 3238 5206 3319 5260; x_wconf 87' lang='lat' dir='ltr'><strong>sic</strong></span> <span class='ocrx_word' id='word_1_737' title='bbox 3354 5202 3491 5259; x_wconf 71' lang='lat' dir='ltr'><strong>dixit</strong></span> <span class='ocrx_word' id='word_1_738' title='bbox 3521 5217 3536 5254; x_wconf 89' lang='lat'><strong>:</strong></span> 
     </span>
    </p>
   </div>
   <div class='ocr_carea' id='block_1_107' title="bbox 1982 5418 2391 5483">
    <p class='ocr_par' dir='ltr' id='par_1_107' title="bbox 1982 5418 2391 5483">
     <span class='ocr_line' id='line_1_107' title="bbox 1982 5418 2391 5483; baseline -0.02 -4"><span class='ocrx_word' id='word_1_739' title='bbox 1982 5436 2001 5464; x_wconf 78' lang='grc' dir='ltr'><strong>ο</strong></span> <span class='ocrx_word' id='word_1_740' title='bbox 2034 5422 2170 5478; x_wconf 87' lang='lat' dir='ltr'><strong>Gen.</strong></span> <span class='ocrx_word' id='word_1_741' title='bbox 2206 5436 2296 5483; x_wconf 79' lang='lat' dir='ltr'><strong>xx,</strong></span> <span class='ocrx_word' id='word_1_742' title='bbox 2338 5418 2391 5472; x_wconf 86' lang='lat'><strong>7.</strong></span> 
     </span>
    </p>
   </div>
   <div class='ocr_carea' id='block_1_108' title="bbox 1422 5575 2486 5641">
    <p class='ocr_par' dir='ltr' id='par_1_108' title="bbox 1422 5575 2486 5641">
     <span class='ocr_line' id='line_1_108' title="bbox 1422 5575 2486 5641; baseline -0.012 0"><span class='ocrx_word' id='word_1_743' title='bbox 1422 5584 1658 5641; x_wconf 69' lang='grc' dir='ltr'><strong>νΑίίΙᾸΞ</strong></span> <span class='ocrx_word' id='word_1_744' title='bbox 1702 5580 2084 5640; x_wconf 70' lang='lat' dir='ltr'><strong>LECTIONES</strong></span> <span class='ocrx_word' id='word_1_745' title='bbox 2117 5578 2205 5633; x_wconf 85' lang='lat' dir='ltr'><strong>ET</strong></span> <span class='ocrx_word' id='word_1_746' title='bbox 2244 5575 2486 5632; x_wconf 74' lang='grc' dir='ltr'><strong>ΝΟΤιΕ.</strong></span> 
     </span>
    </p>
   </div>
   <div class='ocr_carea' id='block_1_109' title="bbox 365 5692 1821 5798">
    <p class='ocr_par' dir='ltr' id='par_1_109' title="bbox 365 5722 1821 5798">
     <span class='ocr_line' id='line_1_109' title="bbox 365 5722 1821 5798; baseline -0.008 -9"><span class='ocrx_word' id='word_1_747' title='bbox 365 5739 409 5769; x_wconf 77' lang='grc'><strong>⁸⁸</strong></span> <span class='ocrx_word' id='word_1_748' title='bbox 441 5739 564 5793; x_wconf 78' lang='lat' dir='ltr'><strong>cod.</strong></span> <span class='ocrx_word' id='word_1_749' title='bbox 607 5735 728 5797; x_wconf 75' lang='lat' dir='ltr'><strong>Vat.</strong></span> <span class='ocrx_word' id='word_1_750' title='bbox 760 5734 921 5788; x_wconf 83' lang='lat' dir='ltr'><strong>habet</strong></span> <span class='ocrx_word' id='word_1_751' title='bbox 971 5730 1204 5798; x_wconf 74' lang='grc' dir='ltr'>ἆψησθε.</span> <span class='ocrx_word' id='word_1_752' title='bbox 1256 5726 1410 5798; x_wconf 44' lang='grc' dir='ltr'>Αιρχ,</span> <span class='ocrx_word' id='word_1_753' title='bbox 1456 5722 1741 5798; x_wconf 52' lang='lat' dir='ltr'><strong>Ern-resilit.</strong></span> 
     </span>
    </p>
   </div>
   <div class='ocr_carea' id='block_1_110' title="bbox 1940 5692 3553 5798">
    <p class='ocr_par' dir='ltr' id='par_1_110' title="bbox 1940 5692 3553 5798">
     <span class='ocr_line' id='line_1_110' title="bbox 1940 5692 3553 5798; baseline -0.012 -25"><span class='ocrx_word' id='word_1_754' title='bbox 1940 5718 2250 5798; x_wconf 48' lang='lat' dir='ltr'><strong>lef._lecti.o</strong></span> <span class='ocrx_word' id='word_1_755' title='bbox 2287 5718 2339 5769; x_wconf 91' lang='lat' dir='ltr'><strong>h.</strong></span> <span class='ocrx_word' id='word_1_756' title='bbox 2375 5714 2427 5798; x_wconf 50' lang='lat' dir='ltr'><strong>l-._</strong></span> <span class='ocrx_word' id='word_1_757' title='bbox 2449 5717 2564 5798; x_wconf 35' lang='lat' dir='ltr'><strong>est)</strong></span> <span class='ocrx_word' id='word_1_758' title='bbox 2590 5704 2972 5798; x_wconf 55' lang='grc' dir='ltr'>πρνηρεύξσθε.</span> <span class='ocrx_word' id='word_1_759' title='bbox 3054 5702 3097 5735; x_wconf 84' lang='grc'><strong>⁶²</strong></span> <span class='ocrx_word' id='word_1_760' title='bbox 3123 5700 3307 5769; x_wconf 79' lang='grc' dir='ltr'>Οὕτω,</span> <span class='ocrx_word' id='word_1_761' title='bbox 3340 5715 3394 5754; x_wconf 89' lang='grc' dir='ltr'>κ.</span> <span class='ocrx_word' id='word_1_762' title='bbox 3418 5692 3553 5770; x_wconf 53' lang='grc' dir='ltr'>τζλ.</span> 
     </span>
    </p>
   </div>
   <div class='ocr_carea' id='block_1_111' title="bbox 297 5776 1821 5866">
    <p class='ocr_par' dir='ltr' id='par_1_111' title="bbox 297 5776 1813 5866">
     <span class='ocr_line' id='line_1_111' title="bbox 297 5776 1813 5866; baseline -0.013 -1"><span class='ocrx_word' id='word_1_763' title='bbox 297 5809 418 5866; x_wconf 79' lang='lat' dir='ltr'><strong>Alia</strong></span> <span class='ocrx_word' id='word_1_764' title='bbox 439 5776 602 5866; x_wconf 59' lang='grc' dir='ltr'><strong>Εῖὺὲι</strong></span> <span class='ocrx_word' id='word_1_765' title='bbox 1464 5776 1492 5848; x_wconf 15' lang='lat' dir='ltr'><strong>il</strong></span> <span class='ocrx_word' id='word_1_766' title='bbox 1536 5793 1694 5864; x_wconf 80' lang='grc' dir='ltr'>μετά.</span> <span class='ocrx_word' id='word_1_767' title='bbox 1772 5794 1813 5824; x_wconf 66' lang='grc'><strong>⁸⁵</strong></span> 
     </span>
    </p>
   </div>
   <div class='ocr_carea' id='block_1_112' title="bbox 1940 5776 3056 5866">
    <p class='ocr_par' dir='ltr' id='par_1_112' title="bbox 1948 5776 3056 5846">
     <span class='ocr_line' id='line_1_112' title="bbox 1948 5776 3056 5846; baseline -0.014 -2"><span class='ocrx_word' id='word_1_768' title='bbox 1948 5830 1960 5844; x_wconf 93' lang='grc'><strong>.</strong></span> <span class='ocrx_word' id='word_1_769' title='bbox 1995 5790 2015 5843; x_wconf 86' lang='grc' dir='ltr'><strong>ί</strong></span> <span class='ocrx_word' id='word_1_770' title='bbox 2047 5787 2309 5843; x_wconf 78' lang='grc' dir='ltr'>δουλείαν.</span> <span class='ocrx_word' id='word_1_771' title='bbox 2386 5785 2428 5816; x_wconf 71' lang='grc'><strong>⁸⁵</strong></span> <span class='ocrx_word' id='word_1_772' title='bbox 2464 5780 2588 5837; x_wconf 86' lang='lat' dir='ltr'><strong>cod.</strong></span> <span class='ocrx_word' id='word_1_773' title='bbox 2621 5778 2641 5833; x_wconf 83' lang='grc' dir='ltr'><strong>ι</strong></span> <span class='ocrx_word' id='word_1_774' title='bbox 2687 5776 3056 5846; x_wconf 83' lang='grc' dir='ltr'>κατέλαμπεν.</span> 
     </span>
    </p>
   </div>
  </div>
