3924 6496
351 311 358 318 ’
413 344 554 410 1715

1371 347 1867 407 THEODORETI
1916 347 2263 408 EPISCOPI
2318 346 2692 408 CYRENSIS

3552 345 3701 410 1716

410 463 474 518 ln
529 460 738 516 ferrum
794 461 944 515 venit
999 461 1184 515 anima
1234 461 1396 531 ejus;
1450 462 1502 516 id
1541 473 1644 529 est,
1681 463 1762 518 Ad
1799 462 2001 556 caedem

2133 464 2201 526 Ξίς
2251 461 2468 534 σίδηρον
2497 462 2709 533 διῆλθεν
2732 465 2777 495 ⁸⁸
2811 463 2843 534 ἡ
2872 462 3017 534 ψυχὴ
3049 460 3216 516 αὐτοῦ
3235 503 3249 526 ,
3281 461 3400 516 ἀντὶ
3419 461 3540 528 τοῦ,
3571 463 3698 516 Μέ-

411 567 589 622 usque
615 552 954 622 periclitatus
977 561 1083 606 est.

488 641 658 700 Vsus.
704 644 791 698 l9.
856 661 874 694 ι
915 643 1094 698 Donec
1141 646 1349 698 veniret
1400 645 1624 699 verbum
1675 645 1830 713 ejus,
1881 644 2000 699 elo-

412 734 600 800 quium
632 732 845 786 Domini
888 731 1243 786 inﬂammavit
1275 749 1421 787 eum.
1460 753 1478 784 ι
1513 732 1684 787 Porro
1729 735 1843 788 haec
1884 749 2004 786 om-

413 827 506 880 nia
532 841 826 896 perpessus
871 835 974 887 est,
1012 833 1071 879 ut
1099 826 1273 879 instar
1305 825 1425 879 auri
1470 827 1803 894 probaretur
1839 844 1850 878 :
1887 840 1996 879 non

415 925 480 971 ut
529 919 803 972 sinceram
855 915 1080 985 Josephi
1128 918 1384 971 virtutem
1419 927 1672 972 nosceret
1706 917 1848 972 Deus
1885 919 2004 972 uni-

415 1025 726 1072 versornm,
757 1010 852 1078 qui
884 1011 1037 1063 novit
1063 1009 1278 1071 omnia.
1310 1009 1631 1079 priusquam
1666 1011 1779 1079 ipsa
1827 1011 1958 1064 liant
1990 1027 2003 1062 :

418 1101 517 1155 sed
571 1110 629 1154 ut
681 1100 802 1155 aliis
851 1100 1164 1154 hominibus
1211 1100 1330 1168 ejus
1379 1100 1779 1168 philosophiam
1814 1109 2002 1156 osten-

419 1191 590 1254 deret,
634 1192 991 1259 veritatisque
1015 1190 1295 1258 exemplar
1327 1200 1679 1260 proponeret.

492 1285 510 1301 '
556 1280 718 1334 Vens.
754 1280 848 1347 20,
887 1281 976 1333 21.
1032 1301 1049 1330 ι
1092 1280 1240 1334 Misit
1299 1296 1430 1344 rex,
1492 1289 1546 1334 et
1611 1281 1772 1336 solvit
1828 1297 2003 1336 eum:

419 1373 676 1442 princeps
723 1372 1089 1442 populorum.
1140 1379 1194 1426 et
1247 1369 1458 1425 dimisit
1506 1385 1656 1424 eum.
1707 1370 2009 1426 Constituit

420 1479 546 1519 eum
594 1465 878 1519 dominum
934 1463 1134 1518 domus
1184 1477 1318 1524 suae,
1369 1471 1424 1516 et
1475 1462 1778 1531 principem
1831 1464 2010 1519 omnis

422 1553 795 1624 possessionis
845 1567 977 1608 sum.
1020 1571 1038 1604 ι
1098 1551 1166 1606 Et
1227 1552 1524 1608 utilitatem
1581 1553 2009 1623 dispensationis

423 1645 748 1709 ostendens,
786 1645 953 1700 infert
985 1662 998 1697 :

499 1733 666 1790 Vens.
706 1733 796 1788 22.
845 1752 863 1786 ι
899 1732 970 1788 Ut
997 1733 1238 1788 erudiret
1268 1733 1559 1805 principes]
1588 1736 1706 1806 ejus
1735 1736 1878 1792 sicut
1922 1751 2010 1791 se-

2105 571 2198 624 χρι
2231 554 2446 622 σφαγῆς
2485 553 2886 607 ἐκινδύνευσεν.

2179 645 2263 701 ιθ’.
2304 665 2322 697 ί
2359 646 2539 716 Μέχρι
2569 645 2663 698 τοῦ
2689 646 2864 698 ἐλθεῖν
2893 647 2984 699 τὸν
3005 646 3165 711 λόγον
3196 644 3383 709 αὐτοῦ,
3419 645 3480 698 τὸ
3509 645 3700 714 λόγιον

2104 736 2315 805 Κυρίου
2375 736 2660 806 ἐπύρωσεν
2682 737 2726 768 ⁸⁷
2771 737 2956 790 αὐτόν.
2997 757 3015 787 ι
3051 737 3237 790 Ταῦτα
3287 737 3346 790 δὲ
3393 738 3699 806 ὑπέμεινεν

2107 826 2324 880 ἅπαντα
2379 827 2586 898 χρυσοῦ
2639 826 2797 898 δίκην
2838 828 3270 899 δοκιμαζόμενος
3295 845 3309 858 ·
3345 828 3442 898 οὐχ
3483 829 3573 881 ἵνα
3633 828 3701 880 τὸ

2107 918 2398 987 ἀκίϐδηλον
2435 919 2536 989 τῆς
2563 918 2659 971 τοῦ
2689 919 2885 990 Ἰωσὴφ
2912 920 3118 992 ἀρετῆς
3153 921 3182 972 ὀ
3222 919 3333 973 τῶν
3367 921 3509 973 ὅλων
3536 919 3695 991 μάθῃ

2105 1009 2259 1074 Θεὸς,
2293 1011 2321 1062 ὀ
2351 1010 2637 1079 γινώσκων
2670 1010 2740 1063 τὰ
2769 1010 2948 1064 πάντα
2981 1012 3112 1082 πρὶν
3148 1012 3419 1080 γενέσεως
3464 1013 3654 1065 αὐτῶν
3680 1028 3699 1043 ο

2108 1102 2226 1156 ἀλλ’
2308 1103 2394 1154 ἵνα
2465 1105 2580 1164 τοῖς
2660 1087 2845 1166 ἄλλοις
2918 1102 3231 1174 ἀνθρώποις
3299 1105 3400 1176 τὴν
3475 1106 3700 1158 ἐκείνου

2110 1193 2430 1265 φιλοσοφίαν
2467 1194 2640 1265 δείξῃ,
2697 1195 2794 1248 καὶ
2833 1195 3146 1265 ἀρχέτυπον
3206 1195 3466 1265 ἀληθείας
3491 1197 3697 1266 προϐῇ.

2181 1293 2250 1350 κ’,
2283 1292 2386 1338 κα’.
2425 1304 2444 1336 ι
2493 1285 2807 1338 Ἀπέστειλε
2841 1285 3113 1355 βασιλεὺς,
3138 1286 3232 1340 καὶ
3265 1287 3457 1340 ἔλυσεν
3489 1289 3662 1341 αὐτόν
3683 1305 3697 1318 ·

2110 1378 2297 1449 ἄρχων
2325 1377 2477 1443 λαοῦ,
2510 1378 2606 1431 καὶ
2639 1378 2852 1448 ἀφῆκεν
2896 1379 3080 1432 αὐτόν.
3133 1379 3487 1450 Κατέστησεν
3529 1381 3702 1433 αὑτὸν

2111 1469 2301 1540 κύριον
2341 1469 2436 1522 τοῦ
2489 1469 2642 1523 οἴκου
2696 1467 2886 1533 αὑτοῦ,
2917 1469 3012 1523 καὶ
3057 1469 3296 1540 ἄρχοντα
3354 1470 3536 1538 πάσης
3592 1470 3704 1539 τῆς

2113 1561 2361 1630 κτήσεως
2417 1559 2605 1613 αὑτοῦ.
2674 1579 2693 1610 ι
2747 1561 2858 1612 Καὶ
2897 1559 2998 1629 τὴν
3046 1559 3156 1613 ἀπὸ
3209 1559 3310 1628 τῆς
3378 1561 3701 1630 οἰκονομίας

2112 1653 2384 1723 ὠφέλειαν
2410 1653 2648 1715 δεικνὺς,
2679 1653 2948 1723 ἐπήγαγεσ

2183 1746 2286 1814 κβ’.
2325 1763 2343 1793 ο
2392 1744 2498 1797 Τοῦ
2544 1742 2830 1797 παιδεῦσαι
2889 1745 3016 1806 τοὺς
3070 1743 3341 1814 ἄρχοντας
3394 1743 3563 1797 αὐτοῦ
3619 1742 3705 1806 ὡς

424 1826 746 1894 ωθῑίρευῐην
801 1832 856 1880 ει
909 1839 1070 1880 Senes
1129 1824 1249 1895 eius
1299 1826 1644 1895 Ρτυάθηῑίδηι
1704 1827 1946 1882 ἀοοθΐθῐο
1988 1845 2006 1878 ³
2045 1806 2087 1864 Β
2117 1837 2310 1890 ἐαυτὸν
2349 1837 2413 1898 ⁸⁸,
2454 1836 2703 1899 καὶτοὺς
2732 1836 3138 1907 πρεσϐυτέρους
3187 1836 3353 1890 αὑτοῦ
3386 1838 3636 1906 σοφίσαι.
3680 1856 3699 1888 ι

428 1914 624 1971 Clarus
660 1915 803 1970 enim
849 1923 904 1971 et
939 1916 1173 1970 celebris
1215 1932 1314 1986 per
1361 1917 1705 1972 sonmiorum
1749 1917 2015 1986 interpre-

427 2008 662 2061 tationes
711 2007 823 2077 regi
871 2006 1069 2072 factus,
1103 2017 1157 2062 et
1178 2018 1500 2078 potestatem
1545 2017 1904 2072 consecutus,
1944 2010 2011 2064 ad

429 2099 670 2152 divinam
711 2098 1100 2168 c0gitationetu
1145 2101 1283 2154 alios
1331 2101 1654 2166 deducebat,
1688 2116 1796 2156 non
1832 2101 2014 2156 verbis

431 2191 609 2248 solum
642 2200 822 2253 utens,
864 2192 959 2246 sed
984 2193 1151 2246 etiam
1183 2194 1442 2263 operibus
1469 2209 1566 2250 eos
1597 2195 1664 2250 ad
1695 2195 1867 2265 ipsam
1901 2197 2016 2265 pie-

429 2294 594 2337 tatem
626 2284 894 2340 alliciens.

505 2374 672 2432 Vsns.
717 2379 807 2433 25.
856 2397 874 2429 ι
917 2377 982 2432 Et
1019 2379 1238 2434 intravit
1273 2379 1439 2434 Israel
1491 2381 1547 2436 in
1593 2379 1914 2453 ngyptum,
1963 2391 2019 2438 et

433 2467 600 2524 Jacob
636 2472 815 2527 incola
866 2472 968 2535 [uit
1014 2473 1068 2526 in
1109 2484 1252 2528 terra
1305 2473 1495 2529 Cham.
1538 2494 1557 2526 ι
1605 2474 1752 2540 Hmc,
1814 2476 2014 2547 inquit,

435 2562 656 2617 occasio
690 2561 795 2617 fuit
839 2564 1187 2634 patriarchae,
1241 2574 1302 2619 ut
1343 2566 1397 2620 in
1431 2565 1732 2638 Egyptum
1775 2568 2016 2638 peregri-

435 2662 685 2709 naretur.
739 2653 956 2709 Terram
1007 2671 1137 2712 vero
1185 2655 1354 2711 Cham
1398 2656 1696 2729 Egyptum
1750 2659 2015 2723 nominat,

342 2807 346 2820 .
437 2747 699 2815 quoniam
774 2747 1003 2802 Mesrem
1083 2748 1229 2805 lilius
1289 2751 1565 2806 secundus
1635 2750 1830 2805 Chami
1895 2749 2016 2805 fuit.

441 2858 460 2889 ι
500 2837 671 2895 Cham
707 2841 875 2906 enim,
922 2841 1120 2912 inquit,
1159 2844 1347 2914 genuit
1379 2843 1530 2899 Clius
1571 2843 2016 2914 primogenitum,

437 2941 492 2986 et
534 2931 764 2988 Mcsrem
816 2933 1040 2990 fratrem
1089 2937 1208 3006 ejus
1227 2935 1277 2989 ἀ.
1319 2955 1336 2986 ι
1382 2935 1526 2991 Chus
1575 2945 1761 2991 autem
1803 2935 2021 2991 IEthio-

436 3023 582 3093 piam
629 3040 799 3080 sacrae
845 3025 1455 3098 Litteranuncupant,
1497 3037 1549 3082 et
1581 3026 1806 3082 Mesrcm
1852 3027 2020 3099 IEgy-

436 3121 614 3183 ptum.
644 3113 904 3170 Iacobum
939 3116 1153 3188 1349
1173 3127 1350 3193 autem
1378 3127 1433 3173 et
1466 3116 1721 3172 Israelcm
1765 3121 2016 3174 eumdem

438 3209 733 3265 nominat:
771 3226 894 3264 nam
942 3226 1139 3265 nomen
1173 3211 1307 3266 illud
1353 3228 1416 3266 ex
1466 3213 1783 3280 parentibus
1831 3213 2017 3278 traxit,

441 3299 546 3353 hoc
580 3315 708 3354 vero
753 3300 907 3367 Deus,
944 3296 1353 3372 illi'imposuit,
1389 3303 1678 3360 declarans
1735 3322 1831 3376 per
1882 3307 2024 3362 hanc

439 3390 862 3459 appellationem
899 3393 1078 3462 ipsum
1111 3395 1159 3447 ei
1192 3394 1535 3464 apparuisse.

513 3479 680 3537 Vens.
715 3482 807 3537 21.
854 3503 872 3536 ι
918 3483 984 3539 Ει
1021 3485 1176 3539 auxit
1209 3488 1470 3557 populum
1513 3504 1675 3543 suum
1727 3490 2025 3544 vehemen-

443 3578 545 3636 ter,
591 3581 645 3624 (δι
677 3570 916 3627 ﬁrmavit
943 3589 1066 3628 eum
1099 3588 1265 3644 super
1312 3575 1568 3631 inimicos
1597 3577 1736 3646 ejus.
1775 3598 1793 3629 ιι
1837 3577 1947 3632 Hoc
1974 3587 2028 3632 et

375 3699 380 3706 ι
440 3663 614 3718 Exodi
664 3664 894 3719 historia
943 3666 1120 3721 docet.
1181 3685 1199 3717 ι
1242 3667 1460 3734 Quanto
1499 3669 1646 3722 enim
1695 3669 1888 3739 magis,
1944 3672 2028 3724 in-

442 3759 585 3829 quit,
633 3757 874 3830 Egyptii
923 3759 1074 3829 ipsos
1119 3760 1454 3829 amigebaut,
1511 3770 1663 3815 tanto
1705 3761 1888 3830 plures
1932 3762 2028 3817 lie-

444 3851 600 3916 bant,
645 3859 906 3920 terraque
935 3851 1086 3920 ipsos
1116 3851 1578 3920 multiplicabate.
1620 3870 1640 3902 ι

515 3941 685 3998 Vens.
727 3942 819 3997 25.
880 3962 897 3994 ι
942 3943 1225 3999 Convertit
1274 3959 1372 3999 cor
1427 3959 1640 4010 eorum,
1700 3956 1760 4000 ut
1815 3944 2030 4001 odirent

443 4036 702 4105 populum
733 4036 872 4104 ejus.
913 4055 932 4088 ι
972 4034 1087 4090 Non
1119 4036 1262 4106 quod
1297 4037 1412 4107 ipse
1457 4035 1843 4107 Egyptiorum
1873 4053 2028 4092 men-

445 4138 554 4178 trm
584 4128 832 4190 mutarit,
875 4126 969 4180 sed
1001 4129 1147 4196 quod
1193 4127 1367 4182 libero
1412 4127 1638 4182 arbitrio
1669 4127 1980 4196 permiserit
2013 4144 2027 4181 :

443 4226 498 4268 et
536 4216 763 4271 insidias
791 4217 1011 4285 quidem
1049 4217 1275 4272 minime
1313 4218 1677 4286 prohibuerit,
1717 4220 2031 4288 superiores

445 4316 628 4362 autem
665 4308 1053 4364 insidiantibus
1080 4308 1376 4364 reddiderit
1420 4325 1538 4376 eos,
1583 4311 1786 4379 quibus
1817 4311 2032 4366 insidiae

448 4399 836 4457 tendebantur.
894 4418 913 4451 ι
949 4399 1018 4454 Et
1064 4400 1222 4457 dolos
1277 4411 1554 4457 struerent
1599 4412 1790 4457 contra
1845 4417 2032 4456 servos

2117 1927 2428 1996 Ἐπίσημος
2458 1925 2567 1995 γὰρ
2599 1924 2688 1978 διὰ
2713 1928 2814 1996 τῆς
2854 1924 2962 1978 τῶν
3005 1925 3236 1996 ὀνείρων
3277 1927 3580 1997 ἑρμηνείας
3620 1925 3708 1995 τῷ

2120 2017 2330 2089 βασιλεῖ
2368 2018 2684 2085 γενόμενος,
2736 2013 2832 2068 καὶ
2857 2016 2956 2084 τὴν
3010 2013 3260 2078 ἐξουσίαν
3296 2015 3480 2084 λαχὼν
3509 2016 3578 2080 θ’,
3621 2018 3707 2078 είς

2119 2110 2450 2178 θεογνωσίαν
2481 2107 2740 2179 ἐποδήγει
2781 2107 2907 2167 τοὺς
2937 2105 3150 2172 ἄλλους,
3196 2107 3256 2159 οὑ
3292 2106 3476 2174 λόγοις
3516 2106 3708 2176 μόνοις

2117 2201 2420 2276 χρώμενος,
2480 2199 2619 2252 ἀλλὰ
2677 2198 2770 2252 καὶ
2825 2199 2938 2260 τοῖς
3001 2198 3184 2268 ἔργοις
3227 2199 3309 2261 εἰς
3361 2197 3463 2268 τὴν
3531 2199 3710 2277 αὐτὴν¹

2119 2297 2176 2349 εὑ
2186 2294 2400 2348 σέϐειαν
2437 2290 2630 2360 ἐφελκό
2639 2305 2818 2360 μενος.

2189 2393 2295 2454 κγ’.
2339 2403 2356 2436 ι
2415 2384 2526 2437 Καὶ
2566 2379 2816 2452 εἰσῆλθεν
2844 2378 3060 2451 Ἰσραὴλ
3110 2381 3191 2442 είς
3250 2380 3564 2448 Αἴγυπτον,
3609 2380 3710 2432 καὶ

2120 2479 2318 2535 Ἰακὼϐ
2356 2476 2688 2548 παρῴκησεν
2741 2477 2798 2527 ἐν
2845 2476 2916 2545 γῇ
2952 2474 3104 2544 Χάμ.
3158 2493 3178 2524 ι
3235 2474 3408 2543 Αὕτη,
3447 2476 3640 2543 φησὶν,
3673 2477 3710 2544 ἡ

2119 2573 2392 2643 πρόφασις
2428 2569 2644 2636 ἐγένετο
2677 2567 2756 2637 τῷ
2781 2566 3099 2636 πατριάρχῃ
3136 2565 3242 2636 τῆς
3287 2568 3368 2628 είς
3401 2565 3708 2632 Αἴγυπτον,

2121 2662 2408 2732 ἐκδημίας.
2440 2659 2572 2728 Γῆν
2593 2659 2648 2711 δέ
2678 2659 2805 2726 Χὰμ
2831 2657 2929 2727 τὴν
2959 2658 3232 2725 Αἴγυπτον
3253 2655 3529 2726 ὀνομάζει,
3559 2657 3712 2708 ἐπει-

2121 2756 2186 2825 δὴ
2207 2757 2234 2808 ὁ
2273 2753 2504 2824 Μεσρὲμ
2538 2751 2653 2814 υίὸς
2685 2749 2778 2803 τοῦ
2808 2749 2940 2820 Χὰμ
2968 2749 3185 2817 ἐγένετο
3206 2748 3481 2818 δεύτερος.
3514 2769 3532 2800 ι
3577 2748 3716 2811 Χὰμ

2123 2848 2250 2917 γὰρ,
2295 2844 2485 2915 φησὶν,
2533 2843 2824 2911 ἐγέννησεν
2877 2842 2970 2926 Iov
3015 2842 3158 2904 Χοὺς
3213 2842 3585 2912 πρωτότοκον,
3618 2841 3718 2892 καὶ

2123 2937 2354 3009 Μεσρέμ
2375 2936 2467 2989 τὸν
2493 2934 2720 3003 ἀδελφὸν
2749 2932 2936 2986 αὐτοῦ.
2963 2951 2981 2983 ι
3017 2932 3174 2997 Χοῦς
3198 2933 3255 2986 δέ
3289 2932 3386 3002 τὴν
3414 2931 3718 2984 Αἰθιοπίαν

2122 3033 2154 3100 ἡ
2196 3029 2313 3081 θεία
2365 3027 2520 3081 καλεῖ
2576 3024 2798 3096 Γραφὴ,
2859 3023 3098 3092 Μεσρὲμ
3131 3023 3186 3076 δὲ
3245 3023 3344 3093 τὴν
3384 3023 3711 3091 Αἴγυπτον,

2135 3119 2337 3176 Ἰακὼϐ
2370 3119 2425 3171 δέ
2465 3118 2559 3172 καὶ
2587 3116 2828 3184 Ἰσραὴλ
2881 3115 2972 3168 τὸν
3014 3113 3174 3174 αὑτὸν
3208 3114 3484 3180 ὀνομάζει·
3510 3113 3573 3165 τὸ
3615 3115 3719 3181 μὲν

2123 3214 2231 3284 γὰρ
2279 3213 2344 3264 ἐκ
2373 3209 2480 3262 τῶν
2524 3208 2774 3279 πατέρων
2808 3206 3000 3276 ἔλαχεν
3038 3205 3210 3275 ὄνομα
3240 3247 3255 3270 ,
3287 3205 3349 3257 τὸ
3381 3204 3438 3257 δὲ
3487 3206 3516 3257 ὀ
3575 3203 3716 3268 Θεὸς

2125 3303 2274 3374 αὑτῷ
2311 3302 2546 3365 τέθεικε,
2569 3299 2668 3371 τὴν
2697 3299 2998 3369 γενομένην
3029 3297 3178 3367 αὐτῷ
3201 3296 3350 3350 θείαν
3381 3295 3717 3365 ἐπιφάνειαν

2124 3394 2213 3448 διὰ
2230 3390 2348 3464 ’τῆς
2377 3395 2750 3465 προσηγορίας
2781 3390 2977 3460 δηλῶν.

2196 3482 2292 3538 κδ’.
2335 3501 2352 3533 ι
2390 3483 2502 3535 Kal.
2533 3480 2740 3553 ηὔξησε
2783 3481 2875 3534 τὸν
2907 3481 3035 3534 λαὸν
3094 3479 3262 3536 αὐτοῦ
3325 3479 3554 3548 σφόδρα,
3619 3478 3722 3532 καὶ

2126 3575 2506 3646 ἐκραταίωσεν
2559 3573 2722 3628 αὐτὸν
2782 3573 2922 3644 ὑπὲρ
2970 3573 3098 3636 τοὺς
3165 3573 3398 3644 ἐχθροὺς
3455 3570 3648 3624 αὐτοῦ.
3690 3590 3709 3622 ν

2127 3670 2300 3724 Τοῦτο
2327 3669 2422 3722 καὶ
2454 3669 2556 3737 τῆς
2607 3665 2819 3733 Ἐξόδου
2870 3668 2904 3736 ή
2961 3665 3173 3735 ἱστορία
3233 3664 3498 3719 διδάσκει.
3561 3663 3720 3732 Ὂσῳ

2128 3763 2260 3834 γάρ,
2288 3761 2479 3833 φησὶν,
2514 3760 2753 3813 ἐκάκουν
2783 3760 2985 3821 αὐτοὺς
3013 3759 3061 3811 οἱ
3100 3758 3413 3826 Αἰγύπτιοι,
3471 3753 3719 3826 τοσούτῳ

2128 3857 2348 3919 πλείους
2379 3854 2649 3921 ἐγένοντο,
2679 3855 2775 3906 καὶ
2802 3851 3104 3921 ἐπλήθυνεν
3136 3853 3334 3914 αὐτοὺς
3359 3854 3391 3920 ὴ
3437 3851 3532 3919 γῆ.

2199 3955 2299 4002 κε’.
2333 3966 2350 3998 ι
2383 3943 2738 4015 Μετέστρεψε
2763 3944 2808 3974 ⁷⁸
2840 3945 2939 4013 τὴν
2974 3942 3208 4012 καρδίαν
3240 3941 3443 4001 αὐτῶν,
3481 3939 3574 3992 τοῦ
3622 3957 3718 4008 μι-

2133 4042 2297 4112 σῆσαι
2330 4039 2424 4091 τὸν
2451 4039 2582 4091 λαὸν
2623 4035 2814 4089 αὐτοῦ.
2860 4057 2878 4088 ι
2916 4036 3030 4088 Οὐκ
3060 4035 3226 4098 αὐτὸς
3261 4031 3586 4103 μεταϐαλὼν
3602 4031 3717 4083 τῶν

2129 4130 2448 4200 Αἰγυπτίων
2480 4128 2581 4200 τὴν
2614 4126 2864 4198 γνώμην,
2897 4126 3035 4180 ἀλλὰ
3063 4126 3142 4196 τῷ
3177 4123 3513 4193 αὑτεξουσίῳ
3543 4139 3720 4192 παραο

2131 4221 2326 4294 χωρῶν
2352 4238 2366 4251 ·
2406 4220 2504 4273 καὶ
2543 4218 2642 4280 τὰς
2677 4218 2774 4287 μὲν
2806 4215 3104 4278 ἐπιϐουλὰς
3140 4216 3215 4285 μὴ
3243 4214 3493 4275 κωλύων,
3523 4212 3718 4281 κρείτ-

2131 4330 2258 4376 τους
2291 4312 2347 4364 δὲ
2375 4309 2483 4363 τῶν
2517 4307 2986 4362 ἐπιϐουλευόντων
3016 4309 3145 4371 τοὺς
3186 4306 3719 4375 ἐπιϐουλευομένους

2132 4401 2369 4465 δεικνύς.
2413 4421 2432 4452 ι
2466 4399 2574 4452 Τοῦ
2602 4398 2912 4452 δολιοῦσθαι
2962 4400 3018 4450 ὲν
3047 4401 3160 4460 τοῖς
3195 4396 3408 4460 δούλοις
3463 4396 3656 4450 αὑτοῦ.
3693 4416 3713 4446 ι

445 4493 589 4562 ejus.
631 4511 651 4545 ι
720 4490 996 4547 Interdum
1072 4493 1289 4563 quidem
1344 4494 1583 4566 Egyptii
1641 4495 2017 4552 obstetricibus

2134 4495 2274 4548 Ποτὲ
2307 4493 2409 4564 μὲν
2436 4493 2481 4524 ⁷⁸
2516 4493 2637 4554 ταῖς
2669 4491 2865 4560 μαίαις
2894 4488 3166 4552 ἐπέταξαν
3206 4490 3254 4540 οἱ
3288 4489 3580 4556 Αἰγύπτιοι
3603 4489 3722 4539 δια-

442 4583 750 4652 jusserunt,
783 4593 842 4637 ut
869 4582 1219 4640 Hebraeorum
1253 4582 1490 4639 infantes
1521 4583 1838 4639 occiderent
1875 4602 1887 4637 :
1931 4586 2021 4639 in-

450 4676 661 4731 terdum
695 4692 843 4743 vero,
878 4687 938 4732 ut
969 4677 1068 4732 hos
1100 4677 1156 4730 in
1188 4677 1390 4731 llurnen
1435 4677 1786 4747 projicereut,
1819 4692 2027 4746 praece-

450 4775 670 4837 perunt.
699 4767 1083 4822 Verumtamen
1115 4777 1168 4823 et
1201 4769 1303 4822 hoc
1331 4769 1494 4821 modo
1526 4768 1718 4823 mortis
1747 4769 2027 4823 machina-

453 4861 630 4915 tiones
660 4861 1011 4915 llebrarorum
1039 4875 1211 4930 genus
1243 4859 1556 4914 declinavit.

527 4948 688 5005 Vens.
729 4951 821 5019 26,
849 4953 938 5005 27.
986 4971 1004 5003 ι
1049 4951 1196 5006 Misit
1247 4951 1430 5006 Mosen
1477 4965 1693 5004 servum
1738 4967 1922 5019 suum,
1977 4963 2033 5006 et

451 5048 747 5110 Aaronem,
801 5060 961 5114 quem
1017 5045 1180 5113 elegit
1243 5045 1347 5098 sibi
1428 5043 1552 5112 ipsi.
1598 5042 1893 5112 Proposuit
1950 5046 2031 5100 eis

452 5137 614 5192 verba
661 5138 943 5207 signorum
981 5147 1033 5192 et
1067 5136 1441 5207 prodigiorum
1487 5151 1736 5199 suorum,
1787 5136 1840 5190 in
1893 5145 2033 5191 terra

528 5345 556 5384 δ
593 5344 729 5403 Gen.
771 5361 824 5411 ι,
857 5344 912 5410 6,
945 5343 1037 5398 20.
1121 5356 1143 5382 ε
1174 5342 1347 5400 Exod.
1387 5363 1425 5409 ι,
1469 5345 1552 5400 l2.

2137 4585 2380 4655 φθείρειν
2409 4581 2518 4634 τῶν
2563 4580 2836 4650 Ἐϐραίων
2862 4579 2934 4632 τὰ
2960 4579 3189 4648 ἄρρενα,
3225 4578 3358 4630 ποτὲ
3385 4577 3442 4630 δὲ
3487 4576 3567 4647 τῷ
3618 4593 3724 4629 πο-

2135 4677 2296 4748 ταμῷ
2317 4674 2490 4729 ταῦτα
2537 4672 2935 4743 παραπέμπειν
2977 4671 3294 4724 ἐκέλευσαν.
3357 4669 3506 4722 Ἀλλ’
3567 4669 3726 4739 ὅμως

2136 4773 2232 4824 καὶ
2265 4769 2438 4832 οὕτως
2487 4767 2546 4819 τὸ
2575 4767 2730 4834 γένος
2760 4765 2981 4833 διέφυγε
3015 4763 3112 4816 τοῦ
3147 4763 3383 4816 θανάτου
3418 4761 3486 4815 τὰ
3543 4779 3727 4831 μηχα-

2137 4865 2375 4931 νήματα.

2209 4959 2321 5017 κζ’,
2351 4949 2451 5013 κζ’.
2492 4965 2510 4998 ι
2565 4945 2878 4999 Ἀπέστειλε
2917 4946 2960 4974 ⁷⁸
2994 4944 3201 5012 Μωσῆν
3237 4945 3328 4996 τὸν
3373 4943 3567 4996 δοῦλον
3621 4943 3724 4995 αὑ-

2139 5046 2256 5106 τοῦ,
2299 5045 2396 5097 καὶ
2427 5043 2471 5072 ⁷³
2510 5038 2724 5110 Ἀαρὼν
2758 5039 2816 5090 ὃν
2871 5037 3153 5102 ἐξελέξατο
3191 5034 3368 5105 ἐαυτῷ
3397 5037 3465 5090 ⁷⁸,
3529 5037 3727 5089 “anm

2144 5138 2329 5198 αὐτοῖς
2361 5134 2405 5164 ⁷⁵
2438 5131 2563 5193 τοὺς
2597 5129 2790 5197 λόγους
2816 5127 2923 5180 τῶν
2951 5127 3194 5198 σημείων
3238 5125 3428 5191 αὑτοῦ,
3461 5128 3558 5180 καὶ
3615 5128 3726 5181 τῶν

1587 5459 1817 5514 VARL‘E
1856 5454 2244 5513 LECTIONES
2281 5457 2368 5512 ET
2404 5456 2644 5512 NOTAE.

567 5577 612 5608 ⁶⁶
638 5579 761 5629 cod.
796 5577 816 5629 1
857 5571 1043 5646 ἦλθεν.
1093 5575 1443 5646 Sicquoque
1476 5576 1580 5646 leg.
1616 5576 1758 5646 apud
1803 5571 1994 5628 Montf.
2029 5573 2083 5628 in
2133 5575 2373 5646 llesapl.
2400 5575 2471 5646 ad
2513 5574 2635 5646 ll:_l.

459 5661 598 5701 eum.
687 5661 732 5678 “°
777 5661 870 5711 uc
898 5661 1135 5700 εαυτον.
1169 5661 1181 5700 1

462 5717 504 5786 ξε
529 5715 674 5770 Μέν.
705 5719 827 5770 cod.
854 5719 874 5768 1
903 5717 1028 5772 add.
1053 5717 1181 5786 γάρ.

464 5861 614 5908 textu
651 5841 759 5908 τῶν
784 5841 844 5909 δ’
881 5856 1096 5924 legitur.

2727 5573 2768 5603 ιτ
2800 5572 3160 5639 Ἐπύρωσεν.
3210 5569 3375 5624 Hebr.
3403 5567 3729 5638 [imploravit

687 5647 732 5678 “
774 5640 1135 5711 Ὡς’ἐαυτόν.
1168 5645 1332 5700 llebr.
1355 5640 1475 5699 'Pro
1522 5640 1746 5700 arbitrio
1782 5661 1901 5698 suo.
1978 5645 2017 5676 ⁵⁸

2135 5646 2171 5698 1.
2213 5645 2233 5697 1
2272 5640 2475 5697 λαϐών.
2554 5644 2601 5674 ⁷⁸
2630 5641 3034 5709 Μετέστρεψε,
3068 5641 3190 5694 cod.
3219 5640 3340 5693 Vat.
3373 5655 3577 5711 ωηιξη]ἒ
3604 5641 3721 5693 καί.

1286 5718 1329 5746 ⁷³
1359 5715 1489 5771 liec.
1512 5717 1674 5770 lectio
1713 5717 1766 5770 lt.
1800 5715 1839 5768 Ι.
1869 5715 2336 5779 εεῐὲξαπὲστειλε.

463 5783 508 5814 ⁷³
541 5786 934 5856 Ἑαυτῷφοά.
969 5787 989 5838 1
1030 5788 1088 5837 ὲν
1118 5783 1291 5856 αὐτῷ,
1322 5787 1559 5856 ascripta
1593 5797 1771 5841 tamen
1802 5785 1969 5841 altera
2008 5787 2017 5841 l

2138 5802 2260 5842 Ollc.

2416 5715 2458 5745 ⁷³
2488 5714 2621 5768 Kal.
2656 5713 2824 5766 Abest
2861 5727 2891 5764 a
2920 5711 3042 5766 cod.
3083 5711 3107 5764 1
3145 5720 3198 5765 et
3255 5725 3284 5763 a
3321 5718 3469 5764 textu
3507 5709 3620 5762 τῶν
3647 5714 3706 5762 0'

2364 5785 2406 5818 ⁷⁵
2438 5783 2671 5848 Aetate.
2721 5781 2895 5837 cod.l
2934 5797 3123 5851 praem.
3159 5782 3234 5835 ἐν.
3284 5780 3362 5836 Ita
3389 5794 3614 5851 quoque
3670 5779 3726 5834 ixi
