3924 6484
191 346 325 415 1721

1576 350 1660 411 ΙΝ
1702 351 1908 414 PSAL.
1973 354 2087 416 CV.

3315 350 3462 419 1722

188 484 362 521 πευσι
383 465 444 521 δὲ
484 464 666 522 αὐτῶν
704 465 801 519 καὶ
831 463 892 518 τὸ
922 463 1078 534 δίψος
1111 465 1229 528 ταῖς
1254 459 1585 535 παραδόξοις
1617 462 1771 517 ὠδῖσι

1892 468 2039 523 ttiam
2095 468 2242 526 sitim
2275 467 2529 524 restinxit
2562 469 2823 525 inauditis
2869 468 3139 540 partubus
3187 472 3328 525 saxt.
3392 470 3453 525 In

189 561 291 631 τῆς
321 559 554 630 πέτρας.
612 559 699 613 Ἐν
728 558 943 629 ἀνύδρῳ
970 558 1079 630 γὰρ
1114 559 1207 628 γῇ.
1240 557 1338 611 καὶ
1365 555 1571 619 νοτίδος
1621 556 1775 609 ἐστε-

194 652 433 724 ρημένῃ,
468 652 749 721 ποταμοὺς
762 649 1064 704 ἀναϐλῦσαι
1084 648 1391 718 προσέταξε
1421 664 1436 677 ·
1468 646 1775 715 ποταμοὺς

192 744 249 797 δὲ
283 741 447 795 καλεῖ
500 742 613 795 τῶν
636 741 1004 796 ἀναδοθέντων
1031 741 1097 794 ἐκ
1152 740 1252 811 τῆς
1300 739 1509 809 πέτρας
1564 738 1774 793 ὑδάτων

186 834 311 898 τοὺς
340 833 585 903 ὀχετούς.

256 944 370 1014 μβ¹,
407 951 518 1013 μγ’.
557 959 577 997 t
617 946 740 997 Ὅτι
769 942 1017 1015 ἐμνήσθη
1036 943 1132 998 τοῦ
1162 943 1326 1013 λόγου
1362 940 1459 996 τοῦ
1490 942 1648 1009 ἁγίου
1675 941 1776 995 αὑ-

189 1035 305 1099 τοῦ,
332 1034 427 1088 τοῦ
457 1037 595 1105 πρὸς
635 1035 887 1104 Ἀϐραὰμ
915 1034 1006 1088 τὸν
1043 1033 1229 1087 δοῦλον
1261 1032 1452 1088 αὑτοῦ.
1530 1033 1641 1087 Καὶ
1681 1031 1773 1098 ἐξ-

189 1128 367 1197 ήγαγε
407 1124 499 1178 τὸν
533 1126 660 1179 λαὸν
688 1125 854 1179 αὑτοῦ
886 1126 945 1177 ἐν
977 1125 1318 1193 ἀγαλλιάσει,
1347 1124 1443 1178 καὶ
1472 1124 1596 1187 τοὺς
1621 1122 1774 1175 ἐκλε-

190 1218 353 1279 κτοὺς
385 1215 554 1269 αὑτοῦ
585 1218 642 1269 ἐν
672 1214 1001 1288 εὐφροσύνῃ.
1041 1234 1061 1268 ι
1096 1214 1314 1268 Τούτων
1347 1215 1402 1268 δέ
1432 1214 1649 1267 πάντων
1672 1216 1772 1267 αὑ·-

190 1307 300 1367 τοῖς
338 1305 636 1374 μετέδωκε,
667 1306 766 1368 τὰς
797 1304 934 1375 πρὸς
957 1306 1048 1359 τὸν
1095 1304 1349 1376 Ἀϐραὰμ
1398 1304 1773 1375 γεγενημένας

190 1392 282 1446 ὑπ’
310 1392 477 1446 αὑτοῦ
510 1392 845 1461 ἐπαγγελίας
869 1392 1114 1463 πληρῶν.

261 1503 364 1573 μδ’.
403 1522 423 1555 ς
470 1505 581 1557 Καὶ
619 1505 817 1559 ἔδωκεν
848 1506 1034 1569 αὐτοῖς
1076 1504 1263 1577 χώρας
1309 1501 1502 1569 ἐθνῶν,
1536 1506 1633 1559 καὶ
1672 1505 1773 1558 πό·

191 1614 313 1661 νους
341 1598 490 1651 λαῶν
512 1598 749 1669 κατεκλη
760 1599 1068 1670 ρονόμησαν
1092 1601 1134 1652 ¹.
1150 1616 1169 1650 ι
1201 1598 1273 1651 Οὐ
1296 1598 1403 1667 γὰρ
1430 1599 1452 1629 ³
1489 1594 1646 1667 μόνον
1671 1597 1773 1664 τῆς

190 1691 510 1759 Αἰγυπτίων
534 1688 874 1763 ἠλευθέρωσε
898 1691 1167 1757 δουλείας,
1185 1690 1323 1744 ἀλλὰ
1342 1691 1437 1744 καὶ
1457 1691 1565 1743 τῶν
1592 1692 1776 1743 Χανα-

192 1783 359 1836 ναίων
408 1784 593 1845 αὐτοῖς
620 1783 933 1854 ἐδωρήσατο
980 1780 1109 1853 γῆν.
1163 1782 1259 1837 καὶ
1305 1782 1415 1836 τῶν
1475 1781 1775 1852 ἀλλοτρίων

191 1876 373 1928 πόνων
404 1875 671 1937 δεσπότας
694 1851 940 1945 ἀπέφηνε
965 1890 978 1905 ⁸
1018 1851 1115 1928 καὶ
1144 1874 1391 1936 ἐκείνους
1415 1873 1651 1934 κολάσας
1690 1873 1771 1923 ἐν·
1806 1851 1846 1905 Β

191 1966 377 2029 δὶκως,
420 1969 516 2020 καὶ
544 1967 641 2030 τὰς
678 1967 884 2030 οἰκείας
909 1966 1233 2037 ἐμπεδώσας
1263 1963 1617 2033 ἐπαγγελίας.
1653 1965 1772 2017 Ὅτι

191 2056 246 2108 δὲ
275 2058 377 2110 οὐκ
429 2057 630 2119 ἀδίκως
654 2056 879 2121 ἐξέϐαλε
908 2059 1035 2122 τοὺς
1061 2057 1254 2129 πρώην
1281 2057 1381 2128 τὴν
1409 2056 1775 2125 Παλαιστίνην

191 2149 495 2213 οἰκοῦντας,
519 2149 761 2203 διδάσκει
792 2150 894 2217 μὲν
929 2151 1024 2204 καὶ
1047 2150 1116 2203 δι’
1147 2136 1222 2204 ὧν
1265 2149 1543 2211 Ἰουδαίοις
1582 2149 1773 2217 ἐνομο-

196 2238 413 2310 θέτησε,
449 2240 673 2309 φεύγειν
701 2241 965 2305 κελεύσας
988 2241 1090 2312 τῆς
1120 2241 1345 2295 ἐκείνων
1379 2240 1654 2303 πολιτείας
1678 2239 1776 2310 τὴν

200 2328 454 2401 μίμησιν.
516 2331 769 2385 Διδάσκει
816 2332 875 2385 δὲ
904 2333 1001 2386 καὶ
1044 2333 1143 2396 τὰς
1174 2331 1312 2403 πρὸς
1376 2332 1465 2385 τὸν
1532 2330 1778 2402 Ἀϐραὰμ

197 2421 533 2490 ἐπαγγελίας
563 2424 906 2494 ποιούμενος,
954 2426 1008 2479 τί
1041 2426 1242 2497 δήποτε
1307 2426 1382 2497 μὴ
1417 2426 1578 2489 εὐθὺς
1629 2424 1778 2495 αύτῷ

197 2511 376 2565 δίδωσι
410 2513 510 2583 τῆς
532 2514 638 2582 γῆς
664 2517 877 2587 ἐκείνης
904 2517 1004 2585 τὴν
1036 2517 1379 2581 δεσποτείαν,
1414 2516 1549 2571 ἀλλὰ
1578 2532 1777 2585 παροι-

198 2606 315 2657 κεῖν
343 2606 438 2656 ἐπὶ
468 2605 718 2659 πλεῖστον
753 2604 839 2678 ἐᾷ.
875 2628 893 2659 ι
924 2607 1094 2661 Οὔπω
1145 2608 1277 2679 γὰρ,
1330 2609 1517 2679 φησὶν,
1576 2608 1775 2661 ἀναπεο

201 2693 517 2764 πλήρωνται
572 2697 627 2749 αί
672 2697 940 2766 ἁμαρτίαι
967 2698 1078 2750 τῶν
1123 2698 1468 2768 Ἀμορραίων
1519 2698 1629 2771 ἕως.
1684 2696 1780 2750 τοῦ

1874 558 2027 614 arida
2055 560 2202 614 enim
2227 570 2393 625 terra,
2448 569 2503 614 et
2538 560 2767 617 humore
2820 562 3052 631 privata,
3115 569 3175 616 ιιι
3226 559 3452 615 ﬁumina

1875 651 2205 707 scaturirent
2235 652 2539 723 imperavit.
2577 654 2832 707 Flumina
2869 665 3047 709 autem
3081 662 3242 707 vocat
3278 669 3452 723 aqua-

1874 754 1996 796 rum
2020 742 2189 808 rivos,
2218 742 2308 811 qui
2337 758 2367 798 e
2391 752 2545 813 petra
2586 744 2882 799 ﬂuxerunt.

1943 936 2112 994 Vens.
2150 939 2242 1004 42,
2282 939 2371 993 4⁸5.
2411 956 2429 990 ι
2462 938 2730 1005 Quoniam
2758 954 2967 994 memor
3007 942 3108 997 fuit
3142 941 3294 996 verbi
3328 958 3455 996 san-

1873 1031 1947 1086 cti
1978 1031 2083 1097 sui,
2116 1031 2259 1100 quod
2290 1031 2505 1087 locutus
2536 1042 2653 1086 erat
2678 1031 2745 1085 ad
2790 1033 3167 1088 Abrahamum
3230 1048 3453 1088 servum

1875 1139 2053 1178 suum.
2085 1122 2149 1178 Et
2176 1123 2363 1178 eduxit
2389 1124 2644 1192 populum
2669 1139 2827 1177 suum
2885 1125 2937 1179 in
2976 1127 3362 1189 exsultatione,
3400 1136 3454 1180 et

1875 1215 2076 1269 electos
2105 1230 2234 1268 suos
2260 1214 2312 1267 in
2352 1215 2556 1270 laetitia.
2598 1231 2616 1265 ι
2649 1216 2916 1271 Caeterum
2953 1220 3067 1271 haec
3098 1220 3282 1273 omnia
3346 1218 3454 1273 illis

1878 1306 2160 1375 impertiit,
2209 1307 2479 1376 promissa
2512 1310 2582 1362 ab
2636 1324 2703 1364 eo
2751 1307 3067 1365 Abrahamo
3130 1311 3274 1366 facta
3322 1326 3453 1381 per-

1877 1397 2091 1452 ﬁciens.

1950 1508 2113 1564 Vnus.
2144 1508 2233 1564 44.
2271 1526 2292 1562 ι
2329 1508 2396 1564 Ει
2420 1510 2568 1564 dedit
2596 1507 2704 1565 illis
2728 1510 2979 1580 regiones
3008 1513 3273 1581 gentium,
3302 1522 3355 1569 et
3370 1514 3452 1567 la-

1876 1602 2037 1656 bores
2066 1602 2385 1672 populorum
2422 1603 2803 1672 possederunt.
2846 1620 2864 1654 ι
2927 1598 3045 1657 Non
3101 1605 3261 1659 modo
3303 1606 3448 1659 enim

1877 1696 1944 1749 ab
2001 1692 2322 1765 Egyptiaca
2386 1695 2647 1749 servitute
2687 1692 2887 1747 liberos
2948 1691 3094 1761 fecit,
3139 1694 3234 1750 sed
3285 1696 3449 1749 etiam

1875 1784 2305 1839 Chananzeorum
2350 1785 2485 1852 ipsis
2506 1785 2733 1853 largitus
2757 1795 2838 1839 cst
2862 1794 3084 1849 terram,
3115 1786 3451 1843 alienorum-

1875 1890 1981 1946 que
2004 1877 2246 1931 laborum
2279 1876 2528 1930 dominos
2570 1876 2719 1939 fecit,
2754 1884 2807 1929 et
2834 1876 2888 1929 in
2919 1876 3040 1930 illos
3089 1875 3238 1945 juste
3264 1875 3446 1929 anim-

1874 1967 2192 2031 adverteris,
2281 1976 2333 2020 et
2394 1978 2521 2021 suas
2574 1966 2997 2034 pollicitationes
3090 1966 3447 2020 conlirmans.

1876 2059 2031 2126 Quod
2064 2066 2244 2111 autem
2278 2072 2389 2112 non
2423 2057 2625 2125 injuste
2655 2073 2773 2122 eos,
2803 2058 2895 2125 qui
2932 2056 3165 2125 primum
3214 2054 3454 2111 Palaesti-

1875 2167 2000 2205 nam
2032 2150 2357 2215 incolebant,
2390 2148 2660 2217 exegerit,
2703 2147 2863 2202 docet
2893 2146 3114 2215 quidem
3173 2156 3226 2199 et
3263 2158 3359 2214 per
3387 2156 3452 2198 ea

1877 2258 1999 2313 quae
2035 2240 2236 2295 Iudaeis
2259 2240 2477 2303 indixit,
2508 2239 2829 2310 praecipiens
2864 2248 2924 2292 ut
2946 2237 3300 2292 imitationem
3325 2237 3454 2291 vita:

1877 2334 2097 2389 illorum
2132 2333 2402 2403 fugerent.
2434 2331 2598 2386 Docet
2623 2332 2784 2385 etiam
2802 2330 3195 2399 promissiones
3222 2328 3455 2383 Abrahae

1880 2425 2105 2487 iaciens,
2142 2438 2241 2477 cur
2279 2438 2387 2476 non
2428 2422 2614 2477 statim
2646 2421 2982 2476 illius‘tcrrm
3040 2419 3323 2490 imperium
3354 2418 3454 2473 de-

1878 2516 2042 2582 derit,
2072 2516 2164 2573 sed
2196 2517 2289 2572 diu
2330 2516 2453 2571 illos
2484 2514 2818 2584 peregrinari
2870 2514 3078 2568 siverit.
3148 2532 3166 2564 ‹
3202 2511 3454 2567 Nondum

1878 2609 2044 2674 enim,
2104 2609 2302 2678 inquit,
2346 2608 2583 2675 impletae
2637 2615 2762 2662 sunt
2792 2605 3108 2674 iniquitates
3138 2604 3455 2658 Amorraeo-

1880 2718 2002 2757 rum
2036 2716 2207 2770 usque
2261 2701 2315 2754 in
2352 2699 2681 2755 hodiernum
2712 2699 2854 2753 diem
2892 2701 2939 2750 8.
2980 2716 2997 2747 ι
3025 2696 3191 2762 Quasi
3212 2696 3454 2751 diceret:

203 2783 297 2838 νῦν
322 2802 337 2815 ο
381 2804 401 2838 ι
437 2788 556 2841 ἀντὶ
585 2787 703 2852 τοῦ,
727 2788 1345 2860 Ούδέπωπανωλεθρίας
1376 2790 1780 2859 τετολμήκασιν

208 2872 331 2940 ἄξια
358 2894 373 2909 ’
400 2878 497 2931 καὶ
529 2880 589 2931 οὐ
624 2878 830 2933 δίκαιον
865 2880 1048 2944 αὐτοῖς
1100 2880 1198 2950 τὴν
1244 2880 1514 2951 τιμωρίαν
1574 2881 1784 2947 ἐπαγα-

1880 2794 2129 2848 Noodum
2168 2803 2410 2847 extrema
2437 2790 2677 2861 pernicie
2704 2791 2867 2861 digna
2897 2792 3015 2844 ausi
3048 2798 3213 2844 sunt:
3245 2796 3300 2842 et
3351 2787 3458 2841 mi-

1882 2886 2026 2940 nime
2056 2885 2259 2954 justum
2318 2892 2437 2937 erat
2495 2883 2627 2953 ipsis
2688 2898 2901 2952 poenam
2937 2882 3199 2950 irrogare,
3247 2876 3463 2949 ι35ἀΙ

206 2967 340 3032 γεῖν,
374 2966 498 3019 οὐδὲ
527 2968 592 3038 τῇ
623 2968 928 3038 προγνώσει
956 2972 1056 3040 τῆς
1090 2969 1336 3039 μείζονος
1366 2968 1643 3039 ἁμαρτίας
1683 2971 1778 3039 τῆς

1892 2993 2059 3045 neque
2098 2976 2321 3045 majoris
2383 2976 2589 3046 peccati
2632 2974 2973 3045 praescientia
3017 2971 3264 3042 supplicii
3333 2984 3461 3024 sen-

203 3057 474 3128 τιμωρίας
496 3057 595 3129 τὴν
614 3058 795 3128 ψῆφον
826 3058 1157 3128 ἐξενεγκεῖν,
1188 3060 1323 3113 ἀλλὰ
1355 3060 1644 3129 ἀναμεῖναι
1673 3058 1778 3111 τῶν

1892 3069 2105 3121 tentiam
2134 3067 2512 3137 pronuntiare,
2541 3066 2635 3120 sed
2674 3079 2856 3118 rerum
2888 3064 3050 3116 linem
3116 3068 3457 3129 exspectare.

202 3150 546 3218 πραγμάτων
572 3150 633 3201 τὸ
660 3150 833 3213 τέλος.
861 3152 977 3205 Μέτ
989 3170 1065 3221 ρῳ
1092 3153 1199 3222 γὰρ
1224 3151 1470 3222 χρῶμαι,
1498 3152 1591 3205 καὶ
1626 3150 1778 3203 σταθ·

1892 3157 2136 3213 lllensura
2175 3159 2319 3212 enim
2357 3166 2503 3225 utor,
2532 3166 2585 3212 et
2637 3166 2837 3212 statera
2887 3153 3161 3218 moderor,
3222 3159 3275 3205 et
3331 3147 3464 3203 nihil

207 3239 290 3309 μῷ
352 3241 700 3310 πρυτανεύω,
733 3243 826 3294 καὶ⁹
866 3242 1018 3296 οὐδὲν
1054 3242 1404 3314 ἀστάθμητον
1441 3246 1577 3314 παρ’
1636 3243 1778 3313 ἐμοί.

1892 3257 1971 3304 est
1998 3248 2139 3320 apud
2164 3264 2250 3304 me
2282 3249 2424 3318 quod
2455 3247 2711 3302 libratum
2753 3262 2858 3300 non
2890 3247 2982 3301 sit.
3009 3242 3301 3312 Pmpterea
3326 3256 3467 3308 qua-

206 3330 302 3385 Διὰ
326 3330 487 3384 τοῦτο
505 3333 873 3402 τετρακοσίων
902 3335 1040 3387 ἐτῶν
1070 3335 1326 3407 ἀναμένω
1340 3334 1607 3405 περίοδον.
1625 3334 1778 3387 Οὕτω

1892 3339 2299 3411 dringentorum
2332 3355 2598 3393 annorum
2632 3340 2911 3405 periodum
2943 3348 3223 3405 exspecto.
3262 3334 3353 3388 Sic
3408 3340 3466 3387 et

208 3425 493 3488 κάκείνους
530 3425 772 3490 ἐξέϐαλε,
821 3428 918 3479 καὶ
964 3428 1176 3492 τούτοις
1239 3427 1624 3497 ἐπαγγελίειις¹⁵
1682 3428 1778 3481 ἀπ·

1892 3430 2014 3485 illos
2040 3430 2242 3501 exegit,
2278 3438 2333 3485 et
2362 3428 2446 3483 his
2471 3430 2864 3499 promissiones
2893 3427 3176 3497 persolvit.

209 3514 428 3573 ἔδωκεν.

277 3618 380 3681 με’.
422 3630 441 3662 ι
477 3611 661 3673 Ὅπως
694 3610 759 3663 ἂν
798 3609 1080 3679 φυλάξωσι
1112 3610 1178 3664 τὰ
1206 3608 1558 3680 δικαιώματα
1592 3608 1784 3675 αὐτοῦ,

211 3704 299 3757 καὶ
343 3703 437 3756 τὸν
490 3703 653 3771 νόμον
700 3702 863 3756 αὑτοῦ
907 3702 1284 3771 ἐκζητήσωσιν
1314 3703 1356 3755 ³.
1390 3718 1409 3752 ι
1467 3701 1681 3755 Δέδωκε
1731 3702 1789 3755 δὲ

211 3797 410 3859 αὐτοῖς,
442 3797 628 3865 φησιν,
658 3796 725 3865 ἣν
755 3796 776 3826 ⁸
817 3795 1184 3864 ἐπηγγείλατο
1214 3794 1341 3864 γῆν,
1392 3793 1557 3864 νόμον
1606 3794 1789 3858 αὐτοῖς

212 3888 478 3955 δεδωκὼς,
516 3888 611 3942 καὶ
636 3887 779 3941 κατὰ
802 3886 991 3940 τοῦτον
1024 3882 1287 3958 βιοτεύειν
1343 3887 1636 3952 κελεύσας.

1962 3608 2128 3663 Vens.
2155 3608 2246 3662 45.
2292 3627 2310 3658 ι
2344 3605 2414 3660 Ut
2440 3604 2782 3661 custodirent
2801 3601 3221 3672 justiﬁcatioucs
3250 3599 3392 3667 ejus,
3415 3605 3471 3651 et

1891 3701 2059 3771 legem
2098 3701 2217 3769 ejus
2262 3699 2626 3768 requirerent.
2669 3716 2687 3747 ι
2729 3695 2887 3749 Dedit
2948 3702 3128 3746 autem
3167 3690 3322 3756 ipsis,
3368 3688 3467 3752 ait,

1893 3802 2093 3848 terram
2134 3805 2296 3861 quant
2357 3788 2706 3858 promiserat,
2759 3800 2882 3839 cum
2930 3784 3008 3838 eis
3067 3785 3240 3851 legem
3292 3782 3467 3844 daret,

1891 3892 1945 3939 et
1996 3881 2297 3938 secundum
2357 3882 2499 3934 hanc
2544 3882 2713 3948 legem
2774 3877 2940 3929 vitam
2999 3874 3197 3941 degere
3259 3873 3471 3942 pracci-

1893 3979 2065 4042 pcret.

2306 4124 2323 4142 ⁶
2349 4119 2622 4175 lNTEliP.
2649 4117 2899 4174 PSALW
2964 4115 3077 4172 CV.

1963 4238 2210 4295 Alleluia.
2248 4236 2305 4291 In
2333 4237 2634 4292 centesimo
2667 4241 2867 4305 quarto
2905 4232 3117 4303 psalmo
3188 4231 3466 4319 propheti-

527 4130 791 4185 EPMHN.
823 4130 960 4185 ΤΟΥ
987 4127 1084 4184 PE'
1133 4130 1460 4189 ΨΑΛΜΟΥ.

292 4242 678 4309 Ἀυηλούτω
738 4244 826 4296 Ἐν
876 4244 974 4314 μὲν
1025 4242 1105 4313 τῷ
1152 4248 1197 4313 ρ’
1233 4243 1327 4295 καὶ
1371 4240 1412 4294 δ’
1449 4240 1649 4312 ψαλμῷ
1691 4241 1792 4306 τὰς

216 4333 361 4398 θείας
386 4336 415 4388 ό
443 4334 782 4403 προφητικδς
809 4333 967 4403 λόγος
989 4332 1265 4403 διεξῆλθεν
1310 4332 1633 4402 εὐεργεσίας
1662 4349 1675 4363 ·
1732 4335 1778 4385 ἐπι

1893 4347 1989 4387 cus
2023 4344 2202 4385 sermo
2231 4328 2414 4383 divina
2445 4326 2701 4397 exposuit
2730 4326 3035 4381 beneﬁcia:
3091 4324 3144 4377 in
3178 4323 3283 4377 hoc
3340 4337 3474 4376 vero

216 4428 384 4498 τούτῳ
407 4427 465 4479 δὲ
494 4425 719 4480 καὶτῶν
758 4424 1087 4495 εὐεργεσιῶν
1140 4422 1437 4494 μέμνηται,
1498 4422 1593 4474 καὶ
1645 4420 1778 4484 τὰςτ

1893 4422 2053 4477 etiam
2109 4418 2370 4474 beneﬁcia
2402 4423 2815 4475 commemorat.
2843 4424 2898 4468 et
2927 4413 3197 4482 ingratum
3226 4410 3472 4464 animum

217 4519 321 4572 τῶν
383 4515 856 4588 εύεργετηθέντων
924 4514 1251 4585 ἀχαριστίας
1301 4514 1640 4582 κατηγορεῖ,
1696 4512 1778 4564 καὶ

1892 4529 2106 4573 eorum,
2140 4511 2232 4581 qui
2265 4510 2522 4566 beneﬁcia
2591 4509 2868 4564 consecuti
2935 4514 3108 4569 erant,
3164 4502 3469 4566 insimulat,

217 4610 310 4673 τὰς
334 4608 721 4678 ἐπενεχθείσας
770 4608 952 4671 αὐτοῖς
1005 4606 1279 4676 διαφόρως
1338 4604 1610 4673 τιμωρίας
1658 4603 1775 4656 διδά

1893 4614 1947 4661 et
1982 4618 2171 4673 ρωιιοε
2198 4603 2333 4673 ipsis
2382 4602 2533 4657 varie
2596 4601 2863 4668 irrogatas
2949 4597 3128 4650 docet.
3180 4593 3471 4648 Formatus

222 4718 357 4755 σκει.
389 4698 816 4769 Ἐσχημάτισται
842 4699 899 4751 δὲ
928 4698 1003 4761 ὡς
1028 4700 1091 4751 ἐκ
1118 4696 1411 4769 προσώπου
1440 4686 1549 4748 τῶν
1569 4695 1778 4748 εὐσεϐε-

1895 4704 1979 4751 est
2012 4704 2195 4749 autem
2243 4703 2502 4764 tanquam
2532 4708 2599 4747 ex
2661 4704 2895 4760 persona
2950 4687 3243 4741 hominum
3300 4684 3472 4754 magis

222 4788 447 4857 στέρων,
495 4786 593 4847 τὰς
652 4786 836 4849 κοινὰς
860 4786 1274 4857 ὀλοφυρομένων
1338 4785 1643 4856 συμφορὰς,
1698 4785 1778 4838 xui

1896 4788 2133 4855 piorum,
2191 4799 2511 4840 communes
2541 4782 2941 4852 deplorantium
3000 4778 3359 4841 calamitates,
3415 4786 3471 4829 et

227 4878 438 4949 φειδοῦς
466 4880 648 4947 τυχεῖν
679 4877 1123 4931 ἀντιϐολούντων.

294 4997 363 5044 α’.
397 5010 416 5042 ι
458 4988 901 5059 Ἐξομολογεῖσθε
932 4989 1011 5058 τῷ
1041 4988 1251 5058 Κυρίῳ,
1301 4988 1382 5040 ὅτι
1398 4986 1651 5057 χρηστὸς,
1710 4988 1795 5040 ὅτι

228 5083 305 5146 είς
350 5080 445 5135 τὸν
474 5082 647 5135 αἰῶνα
687 5081 749 5133 τὸ
778 5081 923 5144 ἔλεος
968 5079 1153 5133 αὐτοῦ.
1203 5098 1221 5130 ι
1257 5081 1365 5132 Καὶ
1397 5080 1488 5131 ἐπὶ
1513 5080 1630 5141 ταῖς
1659 5095 1795 5149 προ.

1900 4887 1959 4933 ut
1993 4877 2383 4947 indulgentiam
2422 4886 2830 4944 consequantur
2861 4870 3290 4926 obsecrantium.

1968 4991 2135 5046 Vsus.
2166 4991 2215 5045 1.
2254 5010 2273 5042 ι
2308 4990 2654 5045 Conﬁtemini
2682 4987 2943 5051 Domino,
2973 4983 3236 5054 quoniam
3274 4982 3475 5045 bonus,

1903 5084 2163 5153 quoniam
2192 5084 2244 5137 in
2280 5082 2535 5137 saeculum
2568 5079 2939 5137 misericordia
2972 5076 3115 5145 ejus.
3154 5092 3173 5125 ο
3228 5074 3293 5126 Et
3348 5087 3478 5141 pro-

226 5174 409 5245 τέραις
442 5174 787 5243 εὐεργεσίαις
811 5174 901 5227 τὸν
932 5174 1211 5243 Δεσπότην
1241 5172 1541 5242 ὑμνήσατε,
1582 5172 1677 5225 καὶ
1698 5171 1778 5231 τὰς

1903 5183 2022 5242 pter
2049 5173 2274 5242 pristina
2309 5171 2571 5227 beneﬁcia
2629 5170 2920 5225 Dominum
2967 5165 3257 5222 celebrate,
3284 5171 3336 5217 et
3359 5177 3475 5215 me-

228 5266 592 5337 χρηστοτέρας
618 5266 835 5330 ἐλπίδας
865 5266 1257 5337 προσμείνατε.
1298 5264 1528 5332 Ἀγαθὸς
1557 5264 1667 5335 γὰρ
1700 5265 1778 5317 κα¹

1892 5264 2055 5320 liores
2090 5280 2213 5333 spes
2244 5263 2534 5332 concipite.
2587 5261 2768 5315 Bonus
2802 5260 2947 5313 enim
2981 5266 3036 5312 et
3066 5254 3338 5324 benignus
3394 5261 3477 5306 est

228 5355 603 5426 φιλάνθρωπος
629 5357 657 5409 ὀ
686 5358 985 5429 Δεσπότης,
1033 5359 1130 5411 καὶ
1154 5357 1242 5410 ἀεὶ
1273 5355 1349 5426 τῷ
1380 5356 1517 5425 ἐλέῳ
1562 5355 1778 5409 διατελε

1904 5353 2188 5421 Dominus,
2226 5352 2712 5421 misericordiaque
2760 5363 2978 5419 semper
3012 5347 3207 5402 utitur.
3268 5345 3477 5400 Deinde

292 5518 318 5557 ⁸
337 5516 474 5572 Gen.
508 5531 597 5584 xv,
626 5516 711 5571 16.

1312 5604 1551 5663 νΑΒΙίΕ
1593 5606 1974 5663 LECTIONES
2012 5606 2100 5662 ET
2139 5606 2372 5663 ΝΟΤΛΕ.

292 5698 313 5730 ‘
337 5695 463 5754 cod.
500 5695 622 5771 Vat.
653 5698 1117 5771 ἐκληρονόμησαν.
1230 5701 1250 5734 ⁸
1284 5702 1367 5755 Οὐ
1394 5700 1525 5768 γὰρ,
1558 5716 1610 5753 κ.
1646 5716 1695 5753 τ.
1730 5699 1778 5752 λ.

1892 5699 2069 5771 uciora
2103 5699 2265 5771 habet
2291 5700 2467 5771 rCord.
2491 5708 2530 5753 t.
2559 5696 2646 5771 l_li,
2680 5712 2737 5771 p.
2770 5696 2888 5771 ilio.

3001 5692 3022 5726 δ
3065 5696 3079 5717 9

292 5698 313 5730 ‘
337 5695 463 5754 cod.
500 5695 622 5753 Vat.
653 5698 1117 5771 ἐκληρονόμησαν.
1230 5701 1250 5734 ³
1284 5702 1367 5755 Οὐ
1394 5700 1525 5768 γὰρ,
1558 5716 1610 5753 κ.
1646 5716 1695 5753 τ.
1730 5699 1778 5752 λ.

229 5766 255 5822 ί
284 5783 468 5839 prtem.
492 5769 609 5832 τάς.
688 5770 708 5804 ⁸
739 5770 963 5838 'Eant.
999 5770 1164 5829 Hebr.
1198 5780 1253 5824 ut
1296 5779 1681 5825 conservareul.
1757 5770 1777 5801 ⁶

1892 5699 2069 5754 uciora
2103 5699 2265 5754 habet
2306 5700 2467 5754 Cord.
2491 5708 2530 5753 t.
2559 5696 2646 5760 lli,
2680 5712 2737 5765 p.
2770 5696 2888 5751 l50.
3001 5692 3022 5726 ⁸
3065 5692 3309 5766 Ἐπαγγ.
3341 5692 3444 5752 cod

1892 5786 1941 5823 ν.
1974 5770 2095 5826 cod.
2138 5772 2159 5825 1
2201 5769 2349 5824 addit
2377 5769 2488 5825 καί.
2566 5769 2586 5799 ⁷
2617 5768 2736 5824 cod.
2764 5767 2789 5821 1
2820 5768 2938 5838 τῆς.
3230 5776 3233 5781 '
