3924 6500
430 330 567 398 1723

1384 344 1879 408 THEODORETI
1948 349 2291 410 EPISCOPI
2361 350 2733 412 CYRENSIS

3564 352 3693 417 1724

424 443 608 510 docet,
639 446 785 516 quod
837 448 1135 507 humanam
1196 460 1448 508 naturam
1482 458 1834 513 transcendat
1861 460 2000 514 divi-

2124 458 2412 528 (ρώμενος.
2452 454 2589 513 Εἶτα
2613 460 2635 491 ⁸
2668 460 2912 515 διδάσκει
2941 462 3019 527 ὼς
3055 463 3393 535 ὑπερϐάλλει
3432 460 3547 517 τῶν
3606 466 3672 517 ἀν

425 551 623 592 norum
672 540 1060 597 miraculorum
1101 546 1368 599 narratio.

495 745 660 802 Vens.
694 747 749 801 Ξ.
775 766 794 799 ι
834 748 967 815 Quis
996 751 1282 822 eloquetur
1314 756 1584 820 potentias
1620 757 1878 812 Domini?
1906 775 2009 814 au»

421 838 567 893 ditas
604 838 768 895 faciet
802 856 995 898 omnes
1029 844 1372 901 laudationes
1402 848 1567 917 ejus?
1603 869 1622 900 ι
1652 849 1843 905 Nullus
1893 868 2007 907 ser-

424 945 516 984 mo
566 932 699 987 satis
728 933 871 989 valet
921 935 987 991 ad
1031 934 1197 992 Deum
1223 938 1603 995 universorum
1649 942 1861 1013 1355
1888 944 2008 998 lau-

423 1022 693 1078 dandum.

500 1112 667 1169 Vens.
699 1116 751 1169 5.
789 1135 807 1168 ι
838 1116 990 1172 Beati
1013 1119 1106 1189 qui
1131 1120 1448 1175 custodiunt
1481 1121 1778 1191 judicium,
1813 1133 1867 1180 et
1925 1124 2007 1179 fa-

423 1206 578 1260 ciunt
601 1206 868 1276 justitiam
904 1212 1052 1265 omni
1087 1220 1354 1283 tempore.
1384 1234 1403 1266 ι
1439 1215 1650 1271 Peccati
1671 1218 2004 1289 agnitionem

425 1298 647 1354 virtutis
683 1302 841 1356 beata
877 1318 998 1358 sors
1038 1305 1415 1374 subsequitur.
1443 1309 1545 1375 Qui
1577 1311 1719 1364 enim
1760 1327 1858 1380 pro
1892 1328 2009 1381 pec-

425 1400 549 1445 cato
584 1408 776 1462 poenas
808 1395 926 1461 luit,
962 1396 1149 1453 felices
1171 1400 1451 1455 existimat
1485 1402 1630 1468 illos,
1663 1403 1757 1471 qui
1797 1405 2004 1473 peccati

424 1494 676 1555 expertes
727 1498 876 1552 sunt,
925 1491 1363 1561 quiquejustitia
1396 1502 1596 1549 ornant
1629 1496 1789 1548 vitam
1826 1512 2004 1551 suam.

425 1575 660 1632 Felicem
719 1595 850 1634 vero
908 1582 1204 1637 arbitratur
1253 1600 1360 1639 non
1407 1602 1553 1647 eum,
1580 1586 1671 1655 qui
1708 1587 1878 1640 semel
1914 1588 2007 1656 ju-

426 1668 573 1723 stitia
603 1685 736 1724 usus
767 1671 857 1735 sit,
892 1674 985 1727 sed
1030 1674 1123 1743 qui
1153 1692 1371 1747 semper
1408 1687 1463 1731 et
1487 1687 1749 1748 perpetuo
1788 1679 2006 1736 virtutis

424 1758 675 1828 vestigiis
702 1762 941 1818 insistat.

2110 550 2344 620 θρώπων
2365 552 2464 623 τὴν
2506 551 2668 621 φύσιν
2701 556 2734 624 ἡ
2790 554 2897 607 τῶν
2941 557 3102 611 θείων
3153 556 3453 627 θαυμάτων
3504 555 3694 626 διήγη-

2112 657 2217 704 σις.

2181 754 2294 823 β’.‹
2347 756 2441 819 Τίς
2492 756 2712 829 λαλήσει
2764 759 2863 824 τὰς
2921 760 3239 825 δυναστείας
3310 758 3403 813 τοῦ
3464 758 3694 829 Κυρίου,

2108 846 2381 910 ἀκουστὰς
2419 851 2637 919 ποιήσει
2676 852 2858 916 πάσας
2882 853 2980 915 τὰς
3010 853 3244 916 αίνέσεις
3280 849 3491 915 αὐτοῦς
3536 870 3556 902 ι
3593 851 3696 903 Οὐ-

2107 940 2219 1002 δεὶς
2253 942 2273 973 θ
2314 942 2528 1014 ἀπόχρη
2562 944 2719 1014 λόγος
2761 949 2841 1011 εἰς
2909 948 3183 1019 ὑμνῳδίαν
3245 948 3340 1000 τοῦ
3393 947 3508 999 τῶν
3564 945 3698 999 ὅλων

2109 1030 2270 1086 Θεοῦ.

2180 1130 2249 1192 γ’.
2295 1143 2311 1175 ι
2351 1126 2626 1198 Μακάριοι
2654 1130 2702 1181 οἱ
2726 1131 3096 1199 φυλάσσοντες
3125 1132 3331 1201 κρίσιν,
3359 1132 3455 1183 καὶ
3480 1128 3697 1182 ποιοῦν-

2109 1231 2199 1276 τες
2224 1214 2575 1289 δικαιοσύνην
2608 1223 2665 1272 ἐν
2706 1222 2870 1274 παντὶ
2906 1222 3108 1293 καιρῷ.
3149 1242 3166 1273 ι
3203 1224 3281 1291 Τῇ
3314 1222 3575 1291 αἰσθήσει
3597 1220 3694 1289 τῆς

2112 1307 2389 1377 ἁμαρτίας
2427 1312 2455 1362 ό
2482 1311 2581 1379 τῆς
2610 1313 2811 1382 ἀρετῆς
2854 1314 3205 1384 μακαρισμὸς
3273 1312 3690 1383 ὑπεισέρχεται.

2122 1395 2179 1447 ’0
2210 1398 2316 1466 γὰρ
2358 1400 2458 1461 τὰς
2494 1401 2632 1470 ὑπὲρ
2664 1404 2869 1472 ταύτης
2892 1403 3125 1466 εὐθύνας
3157 1402 3388 1455 ἐκτίνων
3446 1401 3693 1471 μακαρί-

2110 1485 2190 1549 ζει
2224 1490 2351 1552 τοὺς
2379 1490 2583 1558 ταύτης
2608 1494 3084 1564 ἀπηλλαγμένους,
3120 1496 3216 1547 καὶ
3244 1493 3574 1563 δικαιοσύνῃ
3599 1492 3690 1545 τὸν

2108 1578 2310 1630 οἰκεῖον
2340 1577 2455 1646 βίον
2507 1578 2961 1650 διακοσμοῦντας.
3021 1581 3337 1652 Μακαρίζει
3396 1581 3547 1634 δὲού
3604 1581 3695 1633 τὸν

2110 1668 2256 1735 ἅπαξ
2281 1672 2347 1739 τῇ
2380 1662 2699 1746 δικαιοσύνῃ
2732 1674 3101 1743 χρησάμενον,
3132 1673 3267 1725 ἀλλὰ
3290 1672 3379 1725 τὸν
3442 1671 3537 1725 ἀεὶ
3598 1672 3694 1725 καὶ

2108 1759 2373 1829 διηνεκῶς
2404 1765 2515 1825 τοῖς
2541 1764 2747 1833 ταύτης
2780 1764 3049 1834 ἑπόμενον
3086 1764 3279 1833 ἴχνεσι.

493 1870 661 1927 Vens.
690 1874 744 1927 4.
777 1893 797 1926 ι
838 1875 1105 1932 Memento
1148 1880 1340 1945 nostri,
1366 1881 1619 1947 Domine,
1662 1883 1714 1937 in
1743 1884 2004 1954 benepla-

2178 1873 2241 1927 δ’.
2272 1874 2556 1945 Μνήσθητι
2589 1875 2767 1946 ἡμῶν,
2789 1876 2986 1947 Κύριε,
3008 1879 3066 1930 ἐν
3093 1879 3162 1947 τῇ
3190 1876 3410 1945 εὐδοκία
3432 1874 3532 1928 τοῦ
3556 1874 3689 1928 λαοῦ

425 1961 534 2017 cito
565 1964 747 2032 populi
784 1965 883 2029 tui,
920 1968 1077 2023 visita
1130 1985 1227 2024 nos
1262 1972 1315 2024 in
1352 1973 1584 2027 salutari
1648 1984 1760 2028 tuo.
1804 1994 1822 2026 ι
1893 1976 2005 2031 Hoc

427 2050 482 2104 in
508 2049 630 2106 loco
670 2068 869 2108 novum
899 2059 1154 2126 populum
1187 2061 1457 2130 designat,
1494 2063 1912 2135 Ecclesiamque
1939 2080 2004 2119 ex

426 2142 681 2210 gentibus
718 2145 1030 2215 conﬂatam,
1087 2166 1248 2219 quam
1300 2153 1479 2208 salute
1541 2155 1785 2219 donavit,
1847 2157 2007 2226 cujus

426 2232 664 2302 aliquam
722 2237 1035 2294 societatem
1092 2242 1342 2312 abripere
1394 2243 1705 2301 Judaeorum
1770 2249 2008 2317 populus

426 2324 675 2382 docetur.
711 2328 1025 2386 Concinunt
1057 2334 1185 2389 huic
1216 2339 1499 2393 sententiae
1529 2347 1583 2394 et
1620 2355 1682 2394 ea
1736 2356 1857 2410 quae
1914 2357 2005 2396 se-

427 2429 696 2487 quuntur.

500 2530 668 2588 Vens.
700 2534 752 2589 5.
776 2556 793 2586 ι
818 2535 895 2590 Ad
922 2537 1214 2593 videndum
1237 2540 1534 2621 bonitatem
1562 2545 1859 2601 electorum
1882 2555 2007 2601 tuo-

428 2637 573 2691 rum,
611 2625 675 2679 ad
710 2627 1001 2683 laetandum
1034 2632 1086 2684 in
1138 2632 1321 2687 laetitia
1348 2629 1524 2702 gentis
1574 2646 1698 2704 tute,
1737 2648 1795 2693 ut
1823 2640 2009 2694 laudes.

427 2718 505 2771 ris
558 2734 681 2770 cum
717 2719 1029 2775 luet-editate
1062 2732 1174 2778 tua.
1215 2743 1236 2778 ι
1268 2724 1655 2795 Obsecramus,
1692 2730 1888 2798 inquit,
1948 2739 2009 2783 ut

428 2822 581 2859 novae
616 2815 720 2861 tuae
747 2810 923 2878 gentis
974 2811 1175 2867 iretilite
1220 2816 1515 2887 participes
1575 2819 1768 2883 simus,
1838 2828 2007 2890 utqtte

427 2897 575 2953 illius
605 2898 889 2966 bonitatis,
925 2917 1044 2971 qua:
1071 2903 1177 2958 illis
1205 2906 1404 2962 donata
1442 2908 1565 2974 fuit,
1594 2920 1880 2980 compotes
1906 2912 2005 2965 lia-

426 3004 569 3045 lllllS.

497 3104 518 3122 ‘
550 3098 713 3156 Vens.
740 3101 794 3157 6.
827 3122 845 3155 ι
873 3102 1229 3162 Peccavimus
1292 3125 1415 3163 cum
1470 3112 1720 3181 patribus
1776 3115 2003 3179 nostris,

2111 1982 2227 2025 σου,
2260 1966 2554 2035 ἐπίσκεψαι
2593 1970 2742 2038 ἡμᾶς
2790 1970 2846 2020 ἐν
2878 1969 2953 2038 τῷ
2993 1969 3247 2038 σωτηρίῳ
3309 1984 3428 2021 σου.
3469 1986 3487 2017 ι
3572 1968 3692 2019 Ἐν-

2108 2054 2281 2108 ταῦθα
2330 2056 2421 2108 τὸν
2448 2058 2566 2110 νέον
2594 2058 2722 2112 λαὸν
2752 2060 3074 2123 αἰνίττεται,
3113 2058 3207 2112 καὶ
3244 2060 3341 2129 τὴν
3398 2057 3459 2122 ἐξ
3512 2057 3689 2109 ἐθνῶν

2120 2145 2469 2217 Ἐκκλησίαν,
2502 2151 2568 2219 ἣν
2596 2150 2695 2219 τῆς
2726 2150 3000 2221 σωτηρίας
3042 2150 3296 2219 ἠξίωσεν,
3325 2144 3393 2221 ἧς
3441 2151 3692 2220 ἁρπάσαι

2106 2236 2418 2292 διδάσκεται
2444 2239 2541 2309 τὴν
2576 2242 2868 2294 κοινωνίαν
2896 2244 2929 2311 ἡ
2975 2241 3245 2294 Ἰουδαίων
3280 2240 3512 2310 πληθύς.
3549 2242 3697 2311 Συμ-

2110 2328 2279 2392 φωνεῐ
2313 2325 2369 2378 δὲ
2399 2329 2464 2397 τῇ
2502 2328 2544 2358 ¹⁰
2573 2328 2778 2401 διανοίᾳ
2810 2331 2905 2383 καὶ
2937 2330 3005 2382 τὰ
3033 2330 3438 2401 ἐπιφερόμενα.

2179 2524 2241 2579 ε’.
2269 2545 2286 2576 ι
2327 2526 2434 2580 Τοῦ
2469 2528 2599 2581 ἰδεῖν
2635 2530 2692 2581 ἐν
2742 2533 2808 2600 τῇ
2868 2531 3199 2603 χρηστότητι
3248 2530 3359 2585 τῶν
3413 2531 3696 2586 ἐκλεκτῶν

2111 2632 2226 2679 σου,
2260 2618 2355 2671 τοῦ
2382 2620 2753 2691 εὐφρανθῆναι
2796 2623 2853 2674 ἐν
2874 2626 2939 2693 τῇ
2988 2622 3298 2694 εὐφροσύνῃ
3354 2622 3449 2676 τοῦ
3503 2623 3698 2685 ἔθνους

2111 2725 2225 2771 σου,
2255 2708 2346 2772 τοῦ
2381 2711 2719 2764 ἐπαινεῖσθαι
2748 2715 2789 2744 ¹¹
2822 2716 2960 2783 μετὰ
2983 2714 3082 2784 τῆς
3114 2715 3481 2784 κληρονομίας
3516 2731 3633 2769 σου.
3669 2731 3691 2764 ι

2121 2802 2533 2873 ’Λντιόολοῢμεν
2563 2806 2627 2871 ¹¹,
2672 2805 2828 2875 φησὶ,
2877 2806 2977 2873 τῆς
3020 2804 3115 2858 τοῦ
3168 2807 3287 2859 νέου
3332 2823 3427 2858 σου
3500 2806 3699 2870 ἔθνους

2113 2893 2437 2963 μεταλαχεῖν
2487 2894 2850 2966 εὐφροσύνης,
2881 2898 2975 2949 καὶ
3007 2898 3259 2949 κοινωνοὶ
3298 2895 3550 2966 γενέσθαι
3584 2894 3697 2966 τῆς

2107 2987 2338 3049 ἐκείνοις
2367 3004 2607 3058 χορηγου
2617 2988 2785 3059 μένης
2805 2988 3204 3059 χρηστότητος.

2182 3098 2256 3165 ς’.
2293 3120 2309 3151 τ
2361 3100 2713 3172 Ἢμάρτομεν
2747 3103 2883 3172 μετὰ
2910 3103 3021 3156 τῶν
3050 3102 3307 3173 πατέρων
3339 3101 3497 3172 ήμῶν
3523 3117 3535 3132 ·
3554 3104 3697 3172 ipo-

426 3187 629 3257 injuste
662 3192 896 3259 egimus,
931 3193 1270 3263 iniquitatem
1302 3198 1554 3256 fecimus.
1580 3223 1598 3253 ι
1642 3201 1799 3257 Velut
1853 3205 2001 3258 enim

2124 3194 2388 3264 ιήσαμεν,
2419 3193 2784 3266 ἠδικήσαμεν.
2823 3215 2842 3248 ι
2880 3197 3088 3268 Ὠσπερ
3143 3197 3253 3266 γάρ
3319 3213 3466 3255 τινα,
3523 3196 3695 3263 φησὶ,

427 3278 800 3337 haereditatem
850 3286 1166 3355 quamdam,
1229 3291 1324 3355 ait,
1376 3308 1402 3343 a
1460 3295 1781 3361 parentibus
1826 3296 2004 3365 legum

429 3383 645 3429 tuarum
678 3382 1171 3448 transgressionem
1225 3386 1561 3452 accepimus.
1617 3385 1810 3441 Patres
1871 3404 2006 3442 sane

427 3478 605 3533 vocat,
651 3486 757 3526 non
790 3484 1010 3530 sanctos
1063 3475 1422 3544 patriarchas,
1466 3479 1557 3532 sed
1594 3495 1691 3534 eos
1738 3481 1829 3549 qui
1884 3492 2008 3550 post

427 3560 551 3616 illos
603 3560 845 3621 fuerunt.
889 3563 1164 3622 Hocenim
1209 3583 1303 3637 per
1354 3572 1638 3638 sequentia
1689 3572 2007 3627 declaravit.

502 3696 668 3753 Vens.
704 3700 757 3755 7.
784 3719 804 3752 ι
844 3699 1034 3755 Patres
1063 3704 1234 3757 nostri
1268 3706 1318 3757 in
1355 3704 1591 3774 Egypto
1628 3723 1735 3761 non
1795 3708 2009 3762 intelle-

427 3802 625 3846 xerunt
693 3793 961 3848 mirabilia
1012 3804 1125 3861 tua,
1177 3806 1230 3850 et
1286 3812 1394 3850 neu
1454 3797 1676 3852 fuerunt
1742 3814 2011 3854 memores

427 3881 796 3939 multitudinis
825 3885 1214 3941 misericordia;
1245 3899 1369 3942 tuaa.
1417 3907 1434 3939 ι
1478 3887 1582 3942 Tot
1621 3890 1766 3943 enim
1818 3891 2013 3945 tantis-

427 3988 532 4043 que
597 3973 651 4028 in
705 3973 941 4047 Egypto
1007 3977 1293 4033 miraculis
1343 3990 1564 4049 propter
1610 3980 1760 4048 ipsos
1825 3982 2008 4044 editis,

430 4077 573 4118 tuam
603 4068 903 4135 potentiam
938 4068 1151 4140 1356
1178 4069 1483 4140 intelligere
1515 4073 1834 4126 noluerunt.
1891 4091 1911 4124 ι
1946 4072 2011 4127 Et

428 4158 783 4213 irritaverunt
842 4161 1201 4217 ascendentes
1267 4164 1319 4217 in
1384 4164 1516 4217 mari
1568 4165 1778 4219 Rubro.
1814 4184 1831 4214 ι
1875 4164 2009 4219 Cum

426 4250 572 4303 enim
632 4249 919 4320 Egypt‘ios
975 4264 1371 4321 persequentes
1418 4255 1704 4319 vidissent,
1761 4264 1815 4310 et
1861 4272 2013 4312 mare

428 4339 610 4409 fugam
645 4341 921 4405 inhibens,
956 4350 1106 4397 luam
1136 4359 1294 4413 opem
1338 4348 1642 4415 praestolari
1674 4348 2009 4403 noluerunt:

429 4434 521 4488 sed
557 4449 757 4505 magno
804 4434 937 4489 Mosi
994 4436 1402 4505 obstrepebant,
1460 4438 1704 4493 dicentes
1760 4457 1773 4493 :
1824 4458 1841 4489 ‹
1874 4440 2010 4505 Quia

2110 3285 2331 3356 κλῆρον,
2368 3286 2519 3356 παρὰ
2560 3287 2669 3339 τῶν
2714 3289 2968 3358 πατέρων
3021 3288 3379 3358 διεδεξάμεθα
3426 3288 3522 3358 τήν
3577 3287 3696 3340 τῶν

2113 3378 2221 3430 σῶν
2256 3381 2435 3449 νόμων
2459 3379 2805 3450 παράϐασινο
2839 3381 3100 3447 πατέρας
3132 3381 3187 3433 δὲ
3221 3381 3395 3444 καλεῖ,
3458 3382 3519 3434 οὐ
3554 3382 3693 3443 τοὺς

2112 3470 2299 3538 ἁγίους
2347 3471 2715 3541 πατριάρχας,
2746 3472 2884 3525 ἀλλὰ
2912 3475 3043 3535 τοὺς
3088 3473 3204 3541 μετ’
3238 3473 3479 3535 ἐκείνους
3536 3490 3700 3540 γενο-

2114 3561 2325 3631 μένους.
2359 3561 2528 3615 Τοῦτο
2554 3562 2661 3633 γὰρ
2711 3562 2800 3615 διὰ
2823 3562 2932 3616 τῶν
2986 3564 3345 3635 ἐπαγομένων
3398 3564 3697 3635 ἐδήλωσεν.

2184 3688 2246 3755 ζ’.
2281 3712 2299 3743 ι
2329 3692 2392 3744 Ui
2421 3692 2657 3762 πατέρες
2719 3692 2877 3763 ἡμῶν
2933 3694 2991 3745 ἐν
3026 3695 3289 3763 Αἰγύπτῳ
3326 3694 3388 3746 οὐ
3448 3694 3699 3764 συνῆκαν

2113 3784 2397 3853 θαυμάσια
2437 3785 2479 3816 ¹⁸
2508 3802 2624 3847 σου,
2667 3786 2761 3837 καὶ
2783 3786 2885 3838 οὐκ
2916 3784 3269 3855 ἐμνήσθησαν
3297 3785 3391 3837 τοῦ
3450 3785 3700 3855 πλήθους

2114 3881 2204 3934 τοῦ
2237 3882 2416 3945 ἐλέους
2447 3900 2562 3935 σου.
2598 3902 2616 3933 ι
2662 3881 2945 3936 Τοσούτων
2980 3882 3090 3953 γὰρ
3120 3883 3177 3934 ἐν
3206 3882 3471 3950 Αἰγύπτῳ
3499 3881 3569 3934 δι’
3592 3881 3698 3933 αὐο

2113 3974 2238 4035 τοὺς
2263 3973 2649 4041 γεγενημένων
2677 3972 2991 4041 θαυμάτων.
3028 3971 3259 4024 συνιδεῖν
3319 3972 3418 4041 τὴν
3450 3971 3549 4040 σὴν
3590 3970 3700 4023 οὐκ

2116 4062 2378 4132 ὲθέλησαν
2409 4062 2658 4129 δύναμιν.
2695 4081 2713 4112 ι
2753 4062 2864 4115 Καὶ
2899 4062 3323 4132 παρεπίκραναν
3373 4060 3698 4113 ἀναὸαίνον-

2114 4174 2205 4220 τες
2238 4157 2283 4188 ¹⁸
2313 4159 2369 4209 ὲν
2404 4161 2468 4227 τῇ
2529 4157 2765 4228 Ἐρυθρᾷ
2820 4157 3084 4228 θαλάσσῃ.
3120 4176 3139 4206 ι
3189 4158 3529 4227 Θεασάμενοι
3583 4158 3698 4226 γὰρ

2113 4247 2241 4309 τοὺς
2279 4247 2611 4316 Αἰγυπτίους
2639 4247 2959 4311 διώκοντας,
2993 4249 3087 4299 καὶ
3113 4248 3214 4317 τὴν
3256 4247 3536 4300 θάλασσαν
3596 4248 3698 4298 ἐπι

2116 4340 2343 4409 ἐχουσαν
2367 4340 2464 4409 τὴν
2494 4341 2692 4409 φυγὴν,
2725 4339 2824 4409 τὴν
2854 4340 3178 4408 ἐπικουρίαν
3212 4340 3541 4409 προσμεῖναι
3592 4338 3698 4405 τὴν

2120 4429 2216 4499 σὴν
2244 4430 2343 4481 οὐκ
2379 4427 2643 4497 ἐθέλησαν
2676 4445 2689 4460 ·
2752 4426 2893 4481 ἀλλὰ
2921 4427 3015 4480 τοῦ
3051 4427 3287 4496 μεγάλου
3310 4425 3509 4479 Μωσοῦ
3560 4443 3699 4478 κατ-

434 4540 540 4580 non
582 4537 737 4580 erant
770 4528 1019 4596 sepulcra
1061 4528 1111 4580 in
1154 4527 1411 4599 Egypto,
1474 4530 1711 4584 eduxisti
1773 4546 1894 4594 nos,
1952 4540 2007 4586 ut

2124 4522 2285 4575 εὸόων
2321 4523 2386 4585 ⁸⁸,
2449 4521 2735 4589 λέγοντες⁸
2772 4538 2790 4570 ι
2822 4520 2981 4591 Παρὰ
3003 4518 3063 4571 τὸ
3097 4519 3172 4587 μὴ
3218 4515 3360 4570 εἶναι
3435 4517 3700 4587 μνήματα

438 4632 662 4673 necares
688 4634 788 4673 nos
821 4619 879 4674 in
914 4619 1211 4674 solitudine
1246 4621 1345 4675 hac
1380 4622 1428 4676 ιι.
1455 4641 1473 4673 ι
1516 4620 1719 4676 Vermn
1757 4622 1885 4678 licet
1919 4624 2007 4677 iu-

440 4711 575 4779 grati
623 4710 846 4776 fuerint,
892 4720 1072 4766 tamen
1115 4711 1289 4767 Salute
1330 4727 1424 4766 eos
1459 4711 1715 4781 dignatus
1762 4729 1841 4767 cs.
1891 4710 2009 4767 Hoc

435 4802 581 4856 enim
613 4802 828 4857 subdit:

506 4911 672 4967 Vens.
731 4912 887 4968 8-10.
946 4934 964 4967 ι
1002 4913 1066 4968 Ει
1105 4915 1335 4969 salvavit
1395 4930 1491 4969 eos
1544 4924 1764 4985 promer
1813 4930 2011 4970 nomen

435 5016 619 5065 suum,
648 5012 707 5057 ut
736 5016 921 5058 notam
958 5004 1163 5059 faceret
1204 5007 1499 5074 potentiam
1538 5022 1715 5059 suam.
1752 5005 2019 5061 Etincrc-

434 5097 553 5165 puit
584 5112 734 5152 mare
782 5096 1053 5163 Rubrum,
1117 5108 1168 5153 ct
1199 5099 1537 5153 exsiccatum
1576 5109 1657 5154 cst
1688 5117 1701 5165 ;
1760 5107 1816 5154 et
1853 5099 2011 5153 duxit

508 5214 537 5254 δ
569 5229 729 5287 Num.
758 5250 873 5300 ut,
906 5234 958 5287 5.

2114 4616 2171 4666 ἐν
2201 4612 2481 4683 Αἰγύπτῳ,
2509 4613 2775 4682 ἐξήγαγες
2813 4612 2962 4681 ἡμᾶς
2992 4610 3318 4661 ἀποκτεῖναι
3352 4609 3411 4660 ἐν
3447 4610 3515 4675 τῇ
3563 4607 3701 4677 ἐρή-

2119 4721 2205 4774 μῳ
2237 4706 2430 4773 ταύτῃ.
2461 4721 2479 4753 ι
2534 4701 2670 4753 Ἀλλ’
2714 4702 2863 4770 ὅμως
2892 4700 2986 4752 καὶ
3036 4697 3362 4765 ἀγνώμονας
3421 4697 3702 4765 φανέντας

2119 4795 2391 4865 σωτηρίας
2418 4793 2678 4862 ἠξίωσας.
2712 4790 2883 4843 Τοῦτο
2931 4790 3039 4858 γὰρ
3074 4790 3356 4859 ἐπήγαγεν
3382 4805 3397 4819 ⁸

2191 4915 2277 4981 η’·
2301 4915 2352 4960 ι’.
2389 4927 2407 4958 ι
2442 4907 2552 4961 Καὶ
2574 4907 2776 4957 ἔσωσεν
2813 4905 3010 4964 αὐτοὺς
3060 4904 3246 4954 ἕνεκεν
3296 4901 3389 4953 τοῦ
3429 4902 3703 4969 ὀνόματος

2123 4999 2311 5067 αὐτοῦ,
2362 4998 2454 5050 τοῦ
2495 4995 2757 5066 γνωρίσαι
2809 4996 2906 5064 τὴν
2957 4993 3276 5046 δυναστείαν
3334 4990 3524 5043 αὐτοῦ.
3593 4992 3701 5042 Καὶ

2123 5094 2422 5163 ἐπετίμησε
2452 5093 2520 5161 τῇ
2552 5088 2790 5160 Ἐρυθρᾷ
2822 5088 3089 5159 θαλάσσῃ,
3120 5087 3215 5139 καὶ¹
3263 5084 3538 5156 ἐξηράνθη
3565 5101 3577 5114 -
3608 5080 3704 5137 καὶ

1428 5328 1431 5329 ⁷
1527 5328 1758 5383 νΑΡιΙίΕ
1798 5326 2185 5384 LECTIONES
2234 5324 2321 5379 ET
2352 5322 2586 5379 NOTAE.

508 5440 530 5516 ξ
560 5396 960 5516 ὲίτα-διῃγ.
993 5441 1116 5498 Des.
1148 5445 1289 5513 apud
1315 5445 1478 5499 Cord.
1518 5457 1555 5500 t.
1594 5445 1683 5509 ΙΙΙ,
1708 5462 1762 5516 p.
1802 5446 1926 5501 148.
1999 5450 2007 5479 ¹

2124 5444 2317 5511 δεὶς-
2340 5442 2507 5516 Θεοῦ.
2543 5439 2830 5516 Ιίαξοορρό
2859 5437 3026 5516 Co_rd_.
3051 5438 3088 5492 ι.
3120 5452 3169 5492 c.
3200 5436 3266 5491 ad
3293 5449 3455 5516 princ.
3494 5434 3697 5516 vers-ie:

438 5509 607 5564 relata
643 5520 788 5565 sunt.
811 5509 926 5564 Alia
963 5522 1143 5567 autem
1180 5509 1214 5568 l.
1248 5530 1296 5569 c.

432 5738 698 5812 £66110“.

1335 5531 1388 5598 ρ.
1423 5517 1547 5598 Mil.
1579 5518 1645 5570 ad
1670 5513 1815 5598 hunc
1846 5517 2326 5598 versi_c._appnsita
2353 5513 2556 5598 videas.

438 5578 637 5633 ἑπαιν.
665 5579 827 5635 Hebr.
866 5581 932 5636 Ut
970 5583 1187 5653 glorier.
1261 5587 1303 5615 ”
1337 5578 1546 5640 Ἆντιϐ.
1582 5604 1637 5639 κ.
1667 5604 1718 5640 τ.
1750 5587 1801 5641 λ.
1834 5587 1949 5640 Alia
1986 5590 2007 5640 ί]

2124 5578 2339 5641 ἰ”(]οι’(1.
2376 5585 2410 5636 Ι.
2449 5597 2499 5637 c.
2534 5596 2587 5651 p.
2618 5581 2721 5635 149
2747 5597 2864 5650 seq.

443 5680 593 5748 testu
627 5672 735 5725 τῶν
755 5676 829 5729 0'.
910 5675 950 5708 “
988 5676 1175 5734 Ἀναϐ.
1203 5675 1364 5731 Hebr.
1397 5660 1593 5743 ειν-θεῖ,
1645 5678 1696 5731 in
1739 5693 1886 5732 mare
1935 5695 2004 5748 qu

2130 5679 2177 5729 οἱ
2223 5680 2277 5729 0'
2312 5677 2554 5746 legerunt
2587 5658 2747 5740 οὖν,
2785 5672 3142 5726 ascendentes.

2638 5511 2681 5541 ¹⁰
2710 5504 2813 5578 Τῇ.
2846 5509 2965 5563 cod.
2998 5510 3019 5563 1
3059 5523 3245 5579 praem.
3280 5504 3425 5576 τῇδε.
3486 5505 3551 5579 _“
3589 5504 3704 5579 Τοῦ

2946 5580 2989 5611 ⁸³
3017 5574 3138 5633 cod.
3171 5579 3197 5632 1
3226 5574 3412 5647 praem.
3440 5574 3534 5641 τὰ,
3564 5583 3624 5627 ιιι
3647 5575 3701 5627 in

3238 5668 3282 5698 ¹³
3318 5664 3440 5719 cod.
3472 5664 3497 5719 1
3567 5679 3703 5718 κατ-
