3924 6486
190 336 325 402 1725
1606 341 1688 402 IN
1731 342 1937 403 PSAL.
1981 344 2091 405 CV.
3326 332 3460 399 1727.6

183 450 466 521 ὡδήγησεν
498 448 699 512 αὐτοὺς
725 449 784 502 ἐν
809 448 1143 522 ἀϐύσσῳ,ὡς
1173 454 1232 506 ἐν
1261 453 1478 524 ἐρήμῳ.
1501 449 1612 503 Kal
1632 450 1766 504 ἐσω-

1893 467 1966 507 :os
2006 468 2101 523 per
2124 452 2381 522 abyssum
2424 451 2569 508 sicut
2625 450 2679 505 in
2720 449 2962 505 deserto.
3008 448 3071 502 Et
3108 446 3339 502 salvavit
3365 461 3461 502 eos

185 557 276 593 σεν
308 540 509 603 αὐτοὺς
543 540 608 593 ἐκ
631 540 816 610 χειρὸς
850 543 1139 611 μισοῦντος
1170 545 1235 607 ¹⁸,
1272 546 1368 598 καὶ
1419 543 1766 614 ἐλυτρὼσατο

1893 546 1937 599 Ie
1977 561 2141 599 manu
2177 546 2387 600 osoris:
2419 554 2474 600 et
2512 544 2744 599 redemit
2779 558 2873 597 eos
2901 543 2969 596 de
2994 539 3408 595 manuinimici.
3435 558 3454 591 ι

184 631 381 693 αὐτοὺς
409 631 473 683 ἐκ
515 631 698 702 χειρὸς
731 632 949 703 ἐχθροῦ.
985 652 1003 686 ι
1039 635 1198 706 Λόγῳ
1226 636 1336 705 γὰρ
1358 636 1459 701 τῆς
1487 634 1767 704 θαλάσσης

1893 636 2005 690 iam
2040 652 2163 692 cum
2199 638 2365 692 verbo
2390 637 2559 693 maris
2594 636 2827 690 fundum
2864 636 3193 707 aperuisset,
3225 637 3463 691 immen-

185 723 276 774 τὸν
307 720 554 789 πυθμένα
591 720 912 791 γυμνώσας,
940 724 1038 792 τὴν
1070 725 1271 795 πολλὴν
1330 724 1547 794 ἐκείνην
1599 724 1769 778 ἄϐυσ-

1872 744 1989 784 sam
2042 730 2191 782 illam
2235 730 2496 799 abyssum
2553 730 2689 799 ipsis
2726 729 3084 782 solitudinem
3128 728 3287 797 equis
3334 743 3461 797 per-

188 830 278 867 σον
333 814 639 885 ἱππήλατον
686 816 870 879 αὐτοῖς
932 817 1213 889 ἀπέφηνεν
1268 817 1495 888 ἔρημον.
1552 815 1770 886 Ἐπειδὴ

1893 819 2015 872 riam
2054 818 2201 872 fecit.
2237 818 2509 884 Quoniam
2549 820 2696 871 enim
2732 817 2784 870 in
2837 814 3233 871 solitudinibus
3290 815 3459 869 multa

188 905 297 977 γὰρ
357 907 417 959 ἐν
466 907 589 967 ταῖς
637 907 871 978 ἐρήμοις
915 908 1085 980 πολλὴ
1128 912 1241 973 τοῖς
1290 908 1575 979 τρέχουσιν
1617 909 1773 961 εὐκο-

188 997 297 1058 λία,
344 997 480 1067 μήτε
503 996 688 1063 φυτῶν
716 998 906 1065 ὄντων,
944 1000 1081 1069 μήτε
1116 1000 1393 1070 φραγμῶν
1423 999 1767 1063 κωλυόντων,

190 1090 289 1159 τὴν
319 1090 417 1161 τῆς
468 1089 777 1154 διαϐάσεως
818 1089 1072 1145 εὐκολίαν
1116 1090 1387 1162 δεδήλωκε
1414 1092 1480 1160 τῇ
1516 1090 1622 1159 τῆς
1648 1091 1776 1161 ἐρή-

195 1198 294 1250 μου
330 1179 635 1251 παραϐολῇ.
1663 1238 1665 1241 .

263 1277 348 1325 ια’.
389 1290 407 1322 ι
449 1271 752 1341 Ἐκάλυψεν
794 1271 939 1341 ὕδωρ
966 1272 1094 1334 τοὺς
1125 1270 1407 1335 θλίϐοντας
1456 1264 1775 1335 αὑτοὺς,είς

194 1362 252 1428 ἐξ
279 1363 455 1416 αὐτῶν
482 1363 580 1433 οὐχ
611 1363 937 1434 ὑπελείφθη.
992 1382 1011 1415 ι
1051 1364 1266 1427 Πάντας
1293 1364 1402 1435 γὰρ
1430 1364 1554 1426 τοὺς
1609 1363 1780 1429 Δίγυ-

194 1454 380 1518 πτίους
408 1454 781 1526 ὑποϐρυχίους
806 1455 1077 1525 πεποίηκε
1103 1471 1117 1485 ο
1147 1456 1243 1508 καλ⁵
1283 1457 1316 1525 ἡ
1353 1454 1493 1525 αὐτὴ
1529 1453 1778 1507 Θάλασσα

207 1546 475 1617 Ἑϐραίοις
518 1548 617 1618 μὲν
665 1548 963 1619 σωτηρίαν,
1003 1547 1329 1616 Αἰγυπτίοις
1385 1546 1443 1599 δέ
1504 1545 1780 1616 τιμωρίαν

196 1643 465 1711 ἐπήγαγε.
916 1632 931 1646 ’

264 1734 349 1803 ιβ’.
388 1752 408 1787 ι
452 1734 564 1788 Kal
591 1735 924 1788 ἐπίστευσαν
966 1734 1046 1805 τῷ
1070 1733 1216 1803 λόγῳ
1245 1732 1289 1763 ¹⁷
1351 1729 1537 1795 αὐτοῦ,
1599 1730 1695 1783 καὶ
1735 1729 1777 1760 ¹⁸

1876 907 2113 961 facilitas
2158 917 2242 961 est
2273 908 2643 971 currentibus,
2706 922 2831 961 cum
2895 907 3120 959 arbores
3168 919 3275 957 non
3328 905 3460 969 sint,

1875 1015 2057 1068 neque
2107 1014 2265 1068 sepes
2304 1014 2426 1067 qua:
2456 998 2804 1068 prohibeant,
2838 996 3105 1051 transitus
3145 995 3461 1051 facilitatem

1875 1092 2191 1146 solitudinis
2222 1091 2634 1160 comparatione
2682 1088 2964 1143 indicavit.

1946 1268 2115 1323 Vens.
2153 1270 2239 1322 11.
2280 1287 2299 1319 ι
2351 1267 2581 1337 Operuit
2616 1281 2757 1337 aqua
2790 1266 3117 1321 tribulantes
3148 1280 3267 1328 eos.
3319 1280 3463 1320 unus

1878 1376 1946 1417 ex
1980 1362 2062 1416 eis
2088 1376 2196 1417 non
2232 1360 2517 1415 remansit.
2562 1379 2579 1410 ι
2613 1359 2817 1415 Omnes
2846 1358 2992 1414 enim
3027 1358 3317 1430 Egyplios
3333 1358 3464 1411 sub-

1880 1453 2092 1517 mersit,
2146 1462 2200 1506 et
2233 1436 2376 1507 idem
2425 1467 2578 1507 mare
2638 1450 2884 1507 Hebraeis
2920 1453 3141 1523 quidem
3184 1453 3418 1508 salutem
3444 1493 3461 1519 ,

1880 1544 2155 1616 Egyptiis
2184 1560 2316 1600 vero
2357 1544 2687 1614 supplicium
2712 1545 2923 1598 attulit.

1952 1724 2120 1778 Vsus.
2158 1722 2245 1776 12.
2276 1740 2297 1774 ι
2354 1724 2422 1778 Et
2451 1723 2806 1778 crediderunt
2836 1723 3014 1779 verbis
3064 1723 3208 1793 ejus,
3239 1734 3292 1777 et
3324 1725 3468 1778 cele-

195 1800 324 1899 ᾖσαν
360 1826 403 1858 ¹⁹
429 1826 528 1897 τὴν
558 1827 766 1880 αίνεσιν
810 1800 1059 1879 αὑτοῦ.-)
1089 1800 1209 1877 Τῶν
1249 1823 1360 1892 γὰρ
1399 1820 1610 1892 ἀνδρῶν
1666 1822 1773 1890 ὁμο

1893 1826 2111 1871 )rarunt
2139 1816 2356 1871 laudem
2410 1815 2551 1886 ejus.
2588 1836 2605 1866 ι
2664 1814 2798 1869 Nam
2843 1816 3088 1869 virorum
3130 1817 3464 1872 laudantium

196 1913 423 1969 νούντων
449 1916 653 1985 Μωσῆς
684 1918 712 1969 ὁ
738 1916 912 1986 μέγας
959 1917 1164 1986 ἠγεῖτο,
1202 1913 1297 1967 τοῦ
1346 1912 1404 1965 δὲ
1450 1910 1612 1983 χοροῦ
1663 1912 1775 1966 τῶν

196 2006 465 2076 γυναικῶν
488 2007 724 2078 Μαριὰμ
753 2008 786 2079 ή
816 2007 1113 2079 προφῆτις.
1147 2004 1531 2075 Ἀνάγραπτος
1580 2003 1638 2055 δὲ
1678 2004 1776 2056 καὶ

263 2198 350 2260 ιγ’,
376 2191 463 2245 ιδ’.
501 2210 520 2242 ι
553 2190 875 2261 Ἐτάχυναν,
896 2190 1223 2245 ἐπελάθοντο
1248 2192 1356 2244 τῶν
1377 2191 1555 2263 ἔργων
1583 2189 1772 2253 αὐτοῦ,

195 2281 285 2351 οὐχ
308 2283 617 2352 ὑπέμειναν
645 2282 744 2353 τὴν
778 2282 974 2352 βουλὴν
1024 2284 1213 2338 αὑτοῦ.
1247 2285 1359 2337 Καὶ
1418 2282 1776 2353 ἐπεθύμησαν

197 2372 490 2442 ἐπιθυμίαν
546 2374 603 2425 ἐν
638 2376 705 2444 τῇ
745 2373 961 2447 ἐρήμῳ,
997 2375 1094 2428 καὶ
1160 2374 1466 2445 ἐπείρασαν
1513 2374 1607 2427 τὸν
1642 2373 1776 2425 Θεὸν

197 2465 247 2517 ἐν
284 2462 522 2535 ἀνύδρῳ.
563 2484 581 2514 ι
616 2464 867 2519 Τοσαῦτα
897 2466 943 2496 ²⁰
979 2466 1089 2537 γὰρ
1129 2465 1350 2536 ἔχοντες
1406 2466 1502 2519 καὶ
1549 2465 1775 2519 τοιαῦτα

196 2553 429 2623 ἐχέγγυα
474 2554 575 2622 τῆς
600 2552 751 2617 θείας
773 2553 1078 2625 δυνάμεως,
1105 2555 1207 2608 οὐκ
1231 2555 1442 2626 ᾔτησαν
1463 2554 1562 2624 τὴν
1584 2554 1776 2624 χρείαν

196 2644 396 2707 λαϐεῖν,
428 2644 551 2697 οὐδὲ
581 2645 681 2715 τὴν
742 2645 893 2698 θείαν
950 2646 1320 2716 προσέμειναν
1373 2646 1598 2717 δωρεὰν,
1657 2636 1775 2699 ἀλλ’

195 2738 346 2801 εὐθὺς
378 2738 672 2809 λοιδορίαις
705 2737 847 2791 κατὰ
892 2736 1001 2791 τῶν
1060 2739 1223 2793 θείων
1261 2740 1565 2811 ἐχρήσαντο
1612 2739 1776 2811 θερα-

197 2833 402 2886 πόντων
412 2875 425 2887 .

258 2921 339 2976 ιε’.
385 2943 404 2974 ι
443 2924 553 2977 Kal
588 2923 787 2978 ἔδωκεν
830 2927 1016 2988 αὐτοῖς
1052 2924 1114 2978 τὸ
1161 2924 1373 2995 αἴτημα
1415 2924 1618 2990 αὐτῶν,
1680 2924 1771 2991 ἐξ·

193 3015 476 3068 απέστειλε
508 3016 830 3087 πλησμονὴν
850 3018 893 3049 ³⁸
946 3018 1028 3079 είς
1051 3014 1150 3080 τὰς
1179 3016 1361 3086 ψυχὰς
1390 3016 1592 3071 αὐτῶν.
1632 3036 1650 3067 ι
1672 3016 1774 3070 ΑΖ-

1878 1924 2115 1978 magnus
2168 1908 2350 1963 Moses
2398 1908 2508 1962 dux
2554 1906 2659 1961 fuit
2699 1948 2714 1971 ,
2773 1907 3066 1961 mulierum
3115 1923 3248 1961 vero
3309 1908 3464 1962 chori

1876 2000 2103 2055 Mariam
2159 2001 2505 2071 prophetissa
2551 2002 2596 2054 ί.
2652 1999 2719 2053 Ει
2769 2000 2875 2054 hoc
2934 1999 3209 2055 canticum
3270 2000 3465 2055 litteris

1880 2094 2135 2147 traditum
2173 2104 2276 2149 est.

1954 2186 2115 2241 Vens.
2175 2189 2262 2252 15,
2296 2187 2383 2241 14.
2428 2205 2447 2239 ι
2480 2186 2605 2242 Cito
2637 2185 2904 2250 fecerunt,
2943 2186 3099 2239 obliti
3136 2194 3263 2240 sunt
3336 2201 3463 2255 ope-

1878 2295 2000 2333 rum
2039 2280 2194 2347 ejus,
2228 2288 2282 2334 et
2325 2295 2430 2334 non
2465 2281 2848 2336 sustinuerunt
2903 2278 3195 2333 consilium
3251 2278 3463 2348 1357

1876 2372 2017 2439 ejus.
2054 2371 2121 2426 Et
2148 2373 2582 2440 concupiverunt
2609 2370 3112 2439 concupiscentiam
3143 2369 3197 2422 in
3224 2372 3464 2432 deserto,

1876 2473 1931 2521 et
1981 2474 2325 2520 tentavernnt
2372 2464 2540 2519 Deum
2598 2468 2652 2519 in
2699 2465 2820 2519 loco
2880 2464 3169 2532 inaquoso.
3218 2490 3237 2513 1
3287 2461 3467 2516 “Nam

1879 2567 1960 2612 tot
2011 2566 2065 2612 et
2096 2558 2222 2611 talia
2269 2558 2531 2613 habentes
2584 2558 2808 2627 pignora
2839 2556 3041 2611 divina:
3071 2555 3348 2622 potentia},
3406 2560 3469 2608 ut

1877 2652 2188 2706 necessaria
2223 2651 2537 2721 acciperent
2589 2649 2818 2703 minime
2871 2647 3237 2717 postularunt,
3288 2660 3469 2714 neque

1876 2743 2119 2799 divinum
2171 2751 2558 2812 exspectarunt
2614 2742 2843 2806 donum,
2870 2740 2962 2796 sed
2994 2739 3177 2795 statim
3210 2738 3465 2793 convitiis

1876 2835 1930 2890 in
1971 2836 2184 2889 divinos
2226 2836 2465 2891 famulos
2498 2835 2580 2889 usi
2621 2843 2773 2890 sunt.

1948 2926 2115 2982 Vens.
2154 2926 2237 2980 15.
2273 2946 2291 2978 ι
2343 2926 2409 2980 Et
2447 2926 2591 2981 dedit
2636 2926 2718 2980 eis
2754 2924 3072 2994 petitionem
3106 2922 3376 2991 ipsorum,
3412 2930 3468 2974 et

1876 3019 2029 3074 misit
2054 3021 2397 3074 saturitatem
2446 3020 2500 3073 in
2555 3018 2771 3073 animas
2810 3032 3027 3071 eorum.
3089 3035 3105 3067 ι
3150 3014 3466 3069 Petitionem

194 3124 340 3176 τημα
364 3108 412 3139 ⁸³
464 3107 565 3178 τὴν
594 3108 890 3177 ἐπιθυμίαν
932 3107 1226 3161 ἐκάλεσεν·
1272 3108 1333 3160 οὐ
1381 3108 1492 3179 γὰρ
1536 3108 1771 3178 ᾔτησαν,

1893 3113 2095 3167 vocavit
2125 3112 2651 3181 concupiscentiam.
2704 3109 2823 3163 Non
2861 3108 3005 3162 enim
3044 3107 3340 3177 petierunt,
3371 3105 3466 3161 sed

190 3195 321 3249 ἀλλὰ
343 3194 722 3266 κατελάλησαν
746 3214 760 3228 ·
787 3197 987 3251 δέδωκε
1010 3196 1065 3249 δὲ
1089 3196 1239 3267 ὅμως
1261 3197 1445 3261 αὐτοῖς
1475 3198 1571 3250 καὶ
1595 3196 1776 3268 κρεῶν

190 3287 474 3356 ἀφθονίαν,
505 3289 599 3340 καὶ
624 3288 787 3358 ἄρτον
811 3288 1247 3360 ἀχειροποίητον,
1279 3289 1376 3342 καὶ
1398 3287 1543 3359 ὕδωρ
1564 3288 1782 3359 ἣδιστόν

190 3396 245 3433 τε
267 3380 364 3433 καὶ
392 3379 647 3449 ἄφθονον.

256 3480 353 3538 ις’.
393 3490 413 3524 ι
452 3472 561 3525 Kal
588 3471 952 3542 παρὼργισαν
982 3470 1076 3526 τδν
1115 3471 1324 3541 Μωσῆν
1360 3472 1419 3525 ἐν
1461 3474 1529 3543 τῇ
1564 3488 1783 3542 παρεμ-

191 3563 342 3635 ϐολῇ,
378 3564 470 3617 τὸν
489 3565 535 3596 ’⁸
576 3564 788 3635 Ἀαρὼν
817 3565 910 3617 τὸν
958 3565 1118 3633 ἆγιον
1153 3564 1383 3635 Κυρίου.
1425 3583 1444 3617 ι
1494 3565 1641 3635 Κορὲ
1679 3564 1780 3634 μέν

190 3656 315 3727 γὰρ,
351 3657 449 3709 καὶ
476 3658 511 3727 ἡ
540 3658 731 3709 τούτου
754 3657 1057 3727 συμμορία,
1089 3656 1466 3727 ἐπειράθησαν
1491 3657 1590 3726 τὴν
1622 3658 1782 3728 ίερω-

193 3748 356 3817 σύνην
404 3749 653 3820 ἁρπάσαι
692 3750 755 3803 ³⁸.
804 3748 984 3804 Δαθὰν
1026 3749 1085 3803 δέ
1122 3750 1216 3803 καὶ
1276 3748 1543 3820 Ἀϐειρὼν
1587 3751 1780 3821 ἑτέραν

195 3841 535 3911 ἐμελέτησαν
563 3842 881 3910 τυραννίδα.

259 3930 347 3996 ιζ’,
382 3938 472 4003 ιη’.
507 3952 525 3984 ι
577 3934 828 4004 Ἦνοίχθη
862 3936 895 4004 ἡ
926 3934 997 4005 γῆ
1032 3933 1127 3986 καὶ
1158 3935 1391 3988 κατέπιε
1436 3934 1639 3999 Δαθὰν,
1686 3933 1781 3987 καὶ

194 4024 461 4094 ἐκάλυψεν
506 4026 599 4077 ἐπὶ
635 4026 735 4097 τὴν
785 4027 1111 4098 συναγωγὴν
1170 4026 1455 4096 Ἀϐειρών.
1513 4028 1622 4080 Kal
1687 4026 1779 4093 ἐξ-

192 4115 395 4185 εκαύθη
427 4115 539 4187 πῦρ
572 4118 631 4168 ἐν
648 4120 713 4187 τῇ
740 4122 1033 4190 συναγωγῇ
1061 4120 1265 4184 αὐτῶν,
1294 4118 1425 4187 φλὸξ
1439 4120 1483 4151 ’⁵
1511 4117 1781 4186 κατέφλε-

197 4207 279 4270 ξεν
326 4208 709 4278 ἁμαρτωλούς.
743 4228 761 4260 ι
816 4210 995 4263 Δαθὰν
1043 4213 1143 4280 μὲν
1188 4212 1283 4264 καὶ
1326 4210 1590 4282 Ἀϐειρὼν
1640 4210 1780 4280 μετὰ

196 4301 373 4369 πάσης
404 4301 505 4370 τῆς
542 4304 779 4373 πατριᾶς
806 4302 852 4334 ’⁸
893 4302 1492 4372 κατεποντίσθησαν’⁷’
1521 4303 1664 4372 Κορὲ
1698 4304 1777 4366 δὲ,

199 4393 288 4444 καὶ
316 4394 363 4444 οί
394 4394 491 4445 σὺν
521 4392 691 4462 αὐτῷ,
721 4393 970 4464 θεηλάτῳ
1001 4396 1134 4463 πυρὶ
1165 4394 1635 4464 κατεφλέχθησαν.
1669 4393 1780 4457 Τὰς

1884 3202 2125 3256 oblocuti
2159 3210 2286 3255 sunt
2308 3218 2319 3253 :
2339 3210 2392 3255 et
2422 3201 2569 3254 dedit
2602 3209 2781 3253 tamen
2809 3199 2941 3267 ipsis
2966 3208 3021 3254 et
3039 3196 3469 3251 carnisaflluen-

1884 3295 2036 3361 tiam,
2064 3304 2118 3350 et
2152 3310 2344 3365 panem
2381 3310 2484 3349 non
2515 3292 2915 3355 manufactum,
2936 3299 2992 3344 et
3035 3304 3233 3359 aquam
3264 3288 3471 3343 dulcis-

1884 3388 2080 3441 simam
2132 3397 2183 3441 et
2214 3387 2681 3456 copiosissimam.

1960 3478 2127 3535 Vens.
2176 3479 2261 3533 16.
2317 3497 2336 3530 ι
2391 3477 2457 3533 Ει
2503 3479 2861 3531 irritaverunt
2913 3473 3100 3529 Mosen
3151 3474 3205 3527 in
3248 3472 3467 3536 castris,

1883 3572 2154 3627 Aaronem
2187 3580 2436 3625 sanctum
2472 3569 2707 3623 Domini.
2760 3587 2779 3620 ι
2814 3565 2955 3622 Core
2994 3566 3237 3635 quidem,
3277 3573 3331 3618 et
3373 3565 3467 3633 qui

1884 3681 2008 3720 cum
2025 3666 2144 3734 ipso
2163 3674 2337 3726 erant,
2365 3663 2731 3717 sacerdotium
2759 3660 3046 3729 subripere
3068 3660 3248 3713 conati
3270 3666 3397 3711 sunt
3418 3668 3431 3706 ι
3450 3698 3464 3711 .

1887 3757 2097 3810 Dathan
2142 3771 2271 3808 vero
2302 3763 2353 3808 et
2388 3754 2594 3808 Abiron
2639 3752 2804 3805 aliam
2855 3750 3240 3819 excogitarunt
3282 3756 3468 3817 tyran-

1884 3846 2090 3900 nidem.

1958 3936 2126 3992 Vens.
2163 3936 2248 4001 17,
2282 3935 2401 3989 18.‹
2442 3935 2643 4002 Aperta
2671 3940 2755 3986 est
2783 3940 2953 3995 terra,
2977 3939 3029 3985 et
3054 3928 3337 4000 deglutivit
3362 3928 3469 3982 Da-

1883 4030 2142 4094 thanem,
2189 4037 2241 4081 ct
2285 4026 2500 4095 operuit
2546 4022 3023 4092 congregationem
3072 4021 3353 4075 Abironis.
3405 4021 3469 4073 Et

1883 4118 2089 4174 exarsit
2134 4116 2276 4187 ignis
2328 4116 2381 4169 in
2436 4123 2582 4169 cmtu
2627 4119 2857 4176 corum',
2892 4111 3124 4167 'flamma
3166 4112 3470 4167 combussit

1885 4220 2219 4281 peccatores.
2255 4228 2271 4258 ι
2310 4207 2521 4261 Dathan
2551 4206 2769 4274 quidem
2809 4214 2863 4259 et
2934 4204 3139 4259 Abiron
3195 4220 3317 4258 cum
3356 4215 3466 4258 tota

1885 4306 2092 4361 familia
2137 4301 2378 4371 absorpti
2412 4308 2541 4354 sunt
2572 4318 2583 4352 :
2613 4298 2752 4353 Core
2789 4312 2941 4365 vero,
2991 4307 3046 4351 et
3077 4297 3170 4368 qui
3202 4314 3327 4352 cum
3376 4298 3470 4351 illo

1883 4404 2062 4461 erant,
2105 4396 2227 4463 igne
2256 4408 2285 4446 a
2340 4390 2449 4446 Deo
2484 4390 2732 4445 immisso
2786 4388 3060 4444 combusti
3090 4398 3219 4443 sunt
3242 4389 3291 4445 ι.
3344 4388 3471 4443 llaec

200 4483 253 4537 δὲ
282 4486 553 4556 τιμωρίας
592 4488 870 4556 ἐπήγαγεν
911 4490 939 4539 ὁ
981 4488 1134 4551 Θεὸς,
1170 4489 1295 4551 τοὺς
1336 4487 1531 4549 ἄλλους
1566 4504 1777 4559 σωφρο-

1893 4499 2064 4544 autem
2091 4485 2359 4557 supplicia
2394 4482 2536 4538 Deus
2565 4482 2782 4547 inflixit,
2812 4483 2951 4537 alios
2994 4498 3185 4551 sapere
3205 4497 3408 4551 cogens
3453 4499 3467 4534 :

203 4580 311 4630 νεῖν
342 4578 695 4645 ἁναγκάζωψ
726 4579 984 4648 οὐδεμίαν
1008 4580 1063 4632 δὲ
1099 4578 1287 4631 λαϐεῖν
1315 4578 1567 4631 ἐντεῦθεν
1595 4579 1780 4648 ὄνησιν

203 4669 577 4740 ἐϐουλήθησαν
597 4686 610 4699 ·
649 4670 740 4723 καὶ
776 4669 932 4723 τοῦτο
967 4671 1117 4742 δηλοῖ
1148 4673 1179 4741 ή
1213 4670 1324 4724 τῶν
1352 4671 1780 4741 τετολμημένων

201 4760 485 4830 ἐξήγησις.

265 4853 353 4906 ιϐ’.
399 4870 417 4902 ι
454 4852 568 4904 Kal
623 4854 888 4923 ἐποίησαν
941 4854 1141 4925 μόσχον
1189 4856 1245 4906 ἐν
1300 4854 1525 4925 Χωρήϐ.
1585 4872 1603 4904 ι
1662 4855 1780 4923 Οὐχ

194 4944 379 5007 ἁπλῶς
410 4943 504 4997 τοῦ
539 4945 699 5015 ὅρους
728 4947 1158 5016 ἐμνημόνευσεν,
1206 4948 1342 5001 ἀλλὰ
1374 4948 1472 5018 τὴν
1514 4947 1615 5017 τῆς
1646 4949 1777 5000 ἀσε-

196 5039 347 5103 ϐείας
406 5038 677 5092 διδάσκων
728 5039 1055 5110 ὑπερϐολήν.
1107 5040 1195 5092 Ἐν
1251 5040 1426 5110 τούτῳ
1471 5041 1581 5111 γὰρ
1614 5038 1775 5109 ὤφθη

195 5131 300 5184 τῶν
328 5132 470 5185 ὅλων
511 5134 541 5185 ὁ
584 5131 789 5202 Κύριος
809 5147 823 5161 °
858 5133 916 5185 ἐν
944 5131 1118 5202 τούτῳ
1142 5131 1401 5203 δείματος
1430 5134 1630 5197 αὐτοὺς
1694 5136 1779 5186 ἐν·

235 5283 249 5321 ί
313 5283 490 5343 Exod.
545 5300 637 5351 xv,
674 5284 765 5353 20,
806 5284 898 5339 21.
980 5297 993 5334 ι
1031 5284 1192 5340 Num.
1226 5302 1338 5341 xvr.
1422 5284 1447 5323 ¹ι
1488 5287 1620 5342 ibid.

1890 4582 1984 4636 sed
2016 4580 2151 4634 nihil
2188 4576 2546 4632 emolumenti
2581 4576 2708 4629 hinc
2746 4574 3023 4644 percipere
3047 4574 3359 4628 voluerunt.
3406 4574 3469 4627 Et

1890 4671 1994 4726 hoc
2018 4669 2256 4725 declarat
2285 4667 2529 4721 narratio
2558 4680 2769 4730 eorum,
2806 4679 2927 4733 qua:
2974 4664 3317 4718 committere
3349 4664 3468 4718 ausi

1890 4774 2125 4912 militans.
2180 4855 2267 4910 19.
2328 4873 2346 4904 ι
2391 4852 2457 4907 Ει
2502 4852 2747 4904 fecerunt
2780 4847 3015 4902 vitulum
3050 4848 3104 4901 in
3144 4846 3380 4900 Choreb.
3446 4864 3464 4895 ι

1890 4949 2006 5003 Non
2041 4946 2359 5016 simpliciter
2399 4944 2604 4998 montis
2637 4941 2901 5006 meminit,
2934 4939 3026 4994 sed
3072 4948 3131 4993 ut
3169 4937 3470 5007 impietatis

1890 5041 2262 5096 incredibilem
2309 5038 2739 5109 magnitudinem
2787 5034 3209 5090 demonstraret.
3258 5028 3314 5083 ln
3365 5030 3469 5082 hoc

1888 5130 2033 5186 enim
2083 5129 2300 5201 1358
2349 5129 2603 5200 apparuit
2637 5126 2901 5182 Dominus
2951 5124 3356 5189 universorum,
3414 5122 3471 5175 in

1276 5398 1513 5455 νΑιιιΑε
1554 5399 1937 5458 LECTIONES
1988 5399 2075 5455 ΕΤ
2109 5397 2343 5454 NOTAE.

286 5517 329 5589 ξι
358 5514 567 5589 1ιαῖθᾶ
603 5516 657 5570 in
692 5516 812 5589 cod.
842 5519 994 5573 Alex.
1074 5520 1115 5551 ³⁷
1152 5517 1240 5584 Τῷ
1270 5522 1454 5588 λόγῳ.
1516 5518 1591 5572 Ita
1647 5510 1843 5589 legitur
1898 5521 1951 5575 in
1999 5520 2086 5573 ed.
2141 5519 2260 5572 Ald.
2313 5514 2625 5589 etC-Aman

580 5601 662 5641 ec.
697 5586 864 5660 lectio
880 5597 960 5643 est
988 5583 1218 5660 ᾔνεσαν.
1244 5659 1250 5660 γ
1287 5592 1330 5622 ⁸ο
1358 5583 1654 5655 Τοσαῦτα,
1680 5583 1734 5644 κ.
1768 5610 1777 5625 σ

1893 5632 1900 5644 .
1938 5591 2057 5643 Alia
2098 5589 2207 5660 vid.
2249 5586 2393 5655 apud
2423 5583 2605 5660 (ἐοιίί.Δ
2627 5593 2664 5637 ι.
2697 5583 2865 5660 lll,>p.
2910 5584 3029 5639 152.

201 5588 242 5657 ῗῗ
270 5580 497 5657 71.109?-

199 5654 361 5712 llebi'.
396 5654 451 5707 Η
459 5657 646 5710 aciem.

200 5726 298 5812 τῂν
329 5725 946 5812 όρτυγομήτρανιᾶάιριε
967 5731 1097 5808 ipsis
1130 5731 1442 5812 cottmtices.

206 5793 319 5850 Vat.
346 5793 679 5865 ᾐτωιιιζκαί.
757 5799 802 5831 ³⁸
830 5793 1103 5868 Πατρὶᾶς.
1138 5802 1257 5856 cod.
1298 5801 1318 5854 1
1354 5800 1633 5872 στρατιᾶς.

2746 5515 2788 5545 ³⁸
2818 5515 2949 5567 Καί.
3002 5515 3168 5571 Abest
3194 5530 3223 5568 a
3248 5515 3369 5569 end.
3411 5515 3462 5570 1.

2746 5584 2784 5638 Ι.
2814 5600 2865 5638 ι).
2910 5584 3029 5638 152.
3143 5586 3185 5615 ²¹
3218 5587 3459 5638 [Unam

3314 5600 3459 5653 ησμ.

722 5658 768 5687 ²¹
791 5654 1039 5727 Αἶτημᾶ.
1072 5678 1125 5713 κ.
1153 5677 1205 5713 τ.
1242 5659 1292 5712 λ.
1325 5654 1647 5719 Cordcrius,
1671 5662 1763 5725 qui

722 5745 767 5783 ν.
796 5728 929 5781 dans
967 5731 1097 5783 ipsis
1130 5731 1442 5783 coturnices.
1548 5730 1594 5761 ³³
1630 5730 1762 5783 Τόν.

1898 5677 1927 5714 c
1973 5663 2006 5716 l.
2043 5676 2092 5715 ο.
2127 5659 2192 5713 ad
2222 5654 2363 5711 vers.
2396 5656 2629 5726 praeced.
2668 5654 2871 5717 retulit,
2898 5670 3087 5724 praem.
3119 5654 3243 5716 δοὺς
3278 5657 3464 5718 αὐτοῖς

1893 5730 1923 5783 Ι.
1958 5731 2075 5783 Vat.
2110 5729 2225 5781 καί.
2330 5728 2376 5758 ν’
2400 5726 2523 5781 cod.
2552 5728 2577 5779 1
2612 5726 2932 5783 διαρπάσαι.
3042 5726 3088 5758 ³⁸
3116 5726 3301 5783 Φλόξ.
3336 5728 3460 5782 cod.

1698 5748 1762 5784 ιν.
1803 5746 1923 5785 (εοιι.
1960 5746 2075 5784 ναι.
2110 5746 2225 5781 και.

2330 5728 2376 5758 ⁸⁵
2400 5726 2523 5781 cod.
2552 5728 2577 5779 1
2612 5726 2932 5795 διαρπάσαι.
3042 5726 3088 5758 ’⁸
3116 5726 3301 5792 Φλόξ.
3336 5728 3460 5782 cod.

1713 5802 1758 5833 ³⁷
1790 5803 1911 5857 cod.
1958 5802 1976 5855 1
2007 5799 2407 5869 κατεπόθησαν.
