3924 6500
461 317 596 388 1727

1468 320 1572 381 ΤΗ
1582 320 1962 381 EODORETI
1982 322 2324 383 EPISCOPI
2342 324 2713 386 CYRENSIS

3597 326 3757 397 1728

456 428 566 484 hoc
594 426 832 498 implevit
858 427 1005 498 ipsos
1029 428 1248 494 timore,
1280 421 1705 499 appareuscum
1744 431 1871 502 igne
1911 432 2033 501 plu-

2173 435 2376 503 πλησε,
2437 435 2574 503 μετὰ
2630 434 2888 489 πλείστου
2924 436 3095 505 πυρὸς
3149 434 3337 505 φανεὶς
3360 438 3427 503 ’⁸,
3470 438 3757 507 σάλπιγξι

457 520 624 583 rimo,
655 520 800 576 tubis
828 530 1007 585 utens,
1042 539 1105 578 ac
1140 523 1452 577 tonitrubus
1475 538 1639 577 aures
1681 539 1874 578 eorum
1905 538 2035 578 ver—

460 612 681 677 berans.
711 625 765 668 et
793 629 915 669 cum
956 615 1057 670 hoc
1090 626 1299 672 terrore
1328 617 1497 686 legem
1535 616 1791 671 oﬂ‘erens.
1840 619 1902 670 ιη
1937 617 2042 670 hoc

461 706 799 775 impietatem
855 716 1075 777 patrare
1123 707 1247 764 ausi
1286 718 1437 764 sunt.
1490 729 1509 761 ι
1560 708 1627 764 Et
1675 709 2044 763 adoraverunt

463 797 733 867 sculptile.
770 818 789 852 ι
828 798 895 853 Ει
930 800 1033 854 hoc
1074 799 1301 855 alterius
1340 800 1627 855 dementiae
1670 811 1755 855 est
1784 800 2045 854 crimina-

462 890 561 945 tio.
599 889 757 955 Quod
809 891 954 944 enim
990 900 1105 945 arte
1135 893 1369 945 humana
1418 891 1717 946 formatum
1764 892 2043 957 videbant,

468 981 597 1035 huic
625 981 870 1035 divinum
903 982 1165 1036 honorem
1196 983 1584 1038 exbibueruut.

542 1071 710 1127 Vens.
738 1072 830 1127 20.
868 1092 886 1125 ι
930 1072 997 1128 Et
1040 1083 1385 1129 mutaverunt
1407 1076 1635 1144 gloriam
1657 1075 1774 1146 ejus
1804 1074 1857 1129 in
1897 1075 2048 1130 simi-

469 1164 756 1221 litudinem
815 1167 971 1221 vituli
1027 1168 1362 1223 comedentis
1410 1169 1617 1223 fenum.
1666 1189 1683 1219 ι
1736 1169 2046 1223 Admodum

473 1258 718 1328 apposite
748 1259 963 1314 illorum
991 1261 1322 1317 dementiam
1344 1263 1615 1333 deplorat.
1648 1261 1782 1317 Nam
1806 1278 1904 1331 pro
1934 1262 2048 1325 illo,

472 1349 567 1419 qui
600 1350 725 1404 talia
774 1350 1021 1406 ediderat
1052 1354 1340 1419 miracula,
1386 1363 1441 1408 et
1475 1352 1852 1408 admirandam
1902 1353 2050 1407 illam

468 1440 700 1495 dederat
723 1441 977 1507 salutem,
1006 1452 1060 1498 et
1087 1446 1182 1514 qui
1216 1454 1296 1500 tot
1316 1455 1369 1501 et
1416 1445 1544 1501 talia
1602 1445 1781 1499 facere
1814 1453 2050 1514 poterat,

473 1530 628 1584 vituli
664 1532 1022 1586 simulacrum
1057 1533 1486 1599 honoraverunt,
1529 1535 1690 1604 cujus
1723 1536 2055 1606 archetypus

475 1623 598 1679 cibo
621 1623 846 1694 indiget.
876 1623 1043 1679 Vituli
1076 1640 1241 1694 porro
1263 1626 1441 1693 cibus,
1472 1642 1580 1679 non
1616 1624 1773 1694 panis
1813 1633 1915 1689 est,
1943 1639 2055 1694 quo

477 1716 709 1770 rationis
738 1728 1017 1787 compotes
1044 1730 1352 1783 vescuntur,
1384 1724 1402 1742 ‘
1424 1718 1521 1774 sed
1554 1718 1723 1773 herba
1757 1726 1810 1771 et
1844 1716 2050 1772 fenum.

478 1805 597 1861 Jam
629 1808 803 1872 vituli,
830 1810 987 1879 cujus
1017 1820 1206 1866 natura
1256 1812 1488 1867 rationis
1516 1826 1711 1879 expers
1752 1819 1859 1875 est,
1894 1818 1949 1863 et
1974 1808 2057 1864 fe-

482 1914 614 1953 num
640 1900 817 1967 cibus,
846 1911 900 1956 et
918 1903 1155 1957 servitus
1186 1904 1497 1959 hominibus
1522 1905 1672 1967 data,
1703 1905 1888 1973 imago
1914 1901 2059 1956 mul-

484 1994 540 2044 te
570 1990 728 2044 vilior
751 2003 853 2045 est.
899 1992 1034 2046 Cum
1059 1995 1205 2048 enim
1253 1995 1326 2050 sit
1354 2010 1460 2050 non
1494 1997 1656 2051 modo
1700 1996 1931 2050 rationis
1960 2010 2060 2049 ex-

482 2093 627 2147 pers,
652 2095 843 2135 verum
873 2082 1035 2137 etiam
1067 2084 1387 2150 inanimata,
1420 2102 1521 2142 nec
1541 2088 1780 2156 operari,
1808 2102 1905 2143 nec
1924 2102 2062 2140 mu-

484 2169 621 2239 gire,
676 2188 780 2228 nec
826 2175 1111 2231 comedere
1163 2186 1339 2246 potest
1386 2197 1402 2235 :
1445 2188 1680 2235 attamen
1737 2179 2061 2235 imbecillem

484 2256 648 2313 istam
688 2259 799 2316 Deo
838 2263 1218 2320 universorum
1269 2267 1645 2335 praetulerunt.

557 2349 721 2408 Vsus.
756 2353 847 2419 21,
877 2355 969 2411 22.
1006 2374 1025 2407 ι
1083 2356 1148 2411 Et
1179 2358 1332 2413 obliti
1380 2367 1511 2414 sunt
1559 2358 1654 2414 Dei
1686 2360 1780 2429 qui
1832 2358 2066 2415 salvavit

440 2508 441 2521 χ
487 2457 605 2504 eos.
637 2445 730 2512 qui
763 2444 890 2501 fecit
920 2463 1116 2517 magna
1152 2448 1205 2502 in
1247 2448 1503 2520 Egypto.
1530 2450 1799 2506 Mirabilia
1828 2451 1883 2506 in
1916 2462 2062 2505 terra

487 2533 683 2598 Cbann,
720 2537 979 2593 terribilia
1022 2539 1078 2593 in
1126 2541 1263 2594 mari
1316 2541 1522 2598 Rubro.
1563 2563 1581 2596 ι
1626 2544 1737 2599 Nec
1783 2543 1927 2597 enim
1956 2558 2068 2598 suae

490 2624 736 2694 ipsorum
793 2629 987 2685 salutis
1033 2634 1417 2699 meminerunt,
1474 2651 1650 2705 neque
1685 2636 2067 2707 Egyptiorum

491 2715 768 2785 supplicii,
804 2733 981 2789 neque
1021 2724 1201 2792 magni
1245 2724 1494 2779 miraculi
1536 2725 1682 2794 quod
1722 2726 1774 2778 in
1810 2724 1948 2787 mari
1983 2725 2068 2779 fa-

492 2814 639 2863 ctum
667 2817 806 2874 erat,
833 2812 924 2866 sed
957 2815 1141 2869 omnia
1178 2816 1326 2872 illico
1351 2825 1825 2888 contempserunt.

564 2988 728 3049 Vsus.
754 2993 843 3049 25.
878 3013 896 3047 ι
943 2994 1009 3051 Et
1055 2998 1190 3053 dixit
1230 3014 1289 3054 se
1318 3000 1461 3055 velle
1512 3000 1727 3071 1359
1756 2999 2072 3069 disperdere

2140 523 2446 594 χρώμενος,
2474 526 2568 579 καὶ
2604 527 2976 580 κατακτύπων
3009 526 3285 598 βρονταῖς,
3322 529 3419 582 καὶ
3447 529 3594 597 μετά
3618 547 3758 583 τοσ-

2141 615 2299 668 ούτου
2340 616 2495 679 δέους
2532 616 2634 686 τὴν
2668 616 2994 684 νομοθεσίαν
3033 617 3389 688 προσφέρων.
3434 619 3528 671 Ἐν
3561 618 3756 688 τούτῳ

2140 706 2508 776 τετολμήκασι
2536 709 2639 777 τὴν
2670 707 2949 776 ἀσέϐειαν.
2989 727 3007 760 ι
3064 710 3173 761 Καὶ
3204 709 3631 779 προσεκύνησαν
3657 708 3755 780 τῷ

2144 797 2368 867 γλυπτῷ
2388 800 2455 855 ’⁸.
2496 818 2514 851 ι
2564 799 2790 867 Ἑτέρας
2822 801 2915 853 καὶ
2946 800 3106 853 τοῦτο
3134 799 3527 871 παραπληξίας
3597 817 3749 853 κατ-

2143 891 2346 959 ηγορία
2364 890 2421 944 ’ὃ
2443 891 2552 963 γὰρ
2578 890 2766 961 ἐώρων
2793 892 2883 945 διὰ
2904 892 3097 962 τέχνης
3126 892 3482 964 ἀνθρωπίνης
3509 893 3572 946 τὸ
3597 890 3754 957 εἶδος

2145 981 2458 1051 δεξάμενον,
2484 981 2661 1053 τούτῳ
2684 984 2745 1036 τὺ
2769 984 2935 1047 σέϐας
2957 984 3018 1037 τὸ
3048 984 3193 1037 θεῖον
3225 987 3640 1055 προσήνεγκαν.

2217 1078 2287 1125 κ’.
2324 1090 2344 1123 ι
2379 1072 2489 1125 Kal
2514 1073 2818 1142 ἠλλάξαντο
2845 1073 2941 1143 τὴν
2969 1073 3130 1138 δόξαν
3167 1074 3334 1128 αὐτοῦ
3375 1076 3421 1108 ³⁸
3451 1076 3513 1129 ἐν
3540 1074 3756 1145 ὁμοιὼ-

2154 1180 2284 1233 ματι
2328 1164 2531 1233 μόσχου
2557 1164 2598 1196 ⁸¹
2623 1163 2895 1227 ἐσθίοντος
2911 1165 2954 1197 ³²
2991 1165 3205 1234 χόρτον.
3245 1184 3263 1217 ι
3300 1166 3521 1235 Σφόδρα
3556 1167 3754 1219 αὐτῶν

2153 1253 2429 1323 ἁρμοδίως
2466 1254 2564 1323 τὴν
2608 1252 2795 1307 ἄνοιαν
2836 1254 3235 1325 ἐτραγῴδησεν.
3284 1256 3432 1309 ’Δντὶ
3475 1258 3595 1327 γὰρ
3645 1256 3755 1309 τοῦ

2151 1345 2389 1399 τοσαῦτα
2450 1345 3077 1416 θαυματουργήσαντος,
3132 1349 3228 1400 καὶ
3283 1347 3383 1417 τὴν
3430 1349 3757 1417 παράδοξον

2156 1439 2373 1505 ἐκείνην
2402 1438 2678 1510 σωτηρίαν
2710 1439 3080 1509 χαρισαμένου
3101 1480 3115 1498 .
3163 1441 3260 1493 καὶ
3302 1440 3551 1494 τοσαῦτα
3585 1443 3757 1511 ἐνερ-

2155 1530 2271 1597 γεῖν
2317 1528 2644 1597 δυναμένου,
2690 1530 2875 1583 εἰκόνα
2915 1531 3248 1599 τετιμήκασι
3300 1533 3529 1602 μόσχου.
3564 1528 3635 1604 ἧς
3683 1532 3757 1586 τὸ

2157 1622 2466 1692 ἀρχέτυπον
2497 1621 2701 1691 τροφῆς
2727 1621 2932 1685 ἐνδεέςο
2964 1621 3140 1693 τροφὴ
3170 1623 3264 1675 καὶ
3292 1624 3371 1692 τῷ
3401 1623 3613 1693 μόσχῳ,
3644 1624 3758 1676 οὐκ

2161 1714 2346 1784 ἄρτος,
2382 1716 2410 1767 ὁ
2432 1716 2546 1776 τοῖς
2562 1713 2803 1782 λογικοῖς
2841 1715 3308 1785 προσφερόμενος,
3344 1714 3481 1769 άλλά
3510 1716 3625 1769 πόα
3653 1716 3758 1769 καὶ

2160 1806 2376 1876 χόρτος.
2412 1804 2518 1858 Τοῦ
2560 1805 2618 1858 δέ
2655 1805 2880 1876 μόσχου,
2924 1799 2987 1858 οὗ
3017 1806 3214 1873 ἄλογος
3259 1808 3291 1875 ἡ
3339 1807 3528 1876 φύσις,
3577 1807 3677 1860 καὶ
3722 1809 3760 1860 ὁ

2162 1884 2355 1967 χέρ’τος
2383 1898 2556 1966 τροφὴ
2575 1898 2639 1960 ³³,
2660 1898 2756 1950 και
2805 1899 2837 1967 ή
2879 1897 3096 1951 δουλεία
3136 1897 3488 1968 δεδωρημένη
3538 1898 3761 1967 ἀνθρώ.

2162 2002 2306 2052 ποις,
2357 1990 2391 2058 ή
2448 1986 2611 2041 εἰκὼν
2661 1987 3020 2059 εύτελεστέρα
3054 1987 3254 2058 πολλῷ.
3300 1989 3374 2041 Ού
3422 1990 3537 2061 γὰρ
3591 1990 3761 2058 μόνον

2162 2080 2377 2148 ἄλογος,
2405 2079 2544 2133 ἀλλά
2573 2081 2667 2133 xal.
2688 2079 2915 2150 ἄψυχος,
2947 2080 3046 2133 ούκ
3069 2081 3331 2150 ἐνεργεῖν,
3353 2082 3415 2133 ού
3444 2080 3755 2151 μυκᾶσθαι,

2164 2171 2266 2225 οὐκ
2297 2169 2497 2223 ἐσθίειν
2539 2170 2828 2239 ίσχύουσα’
2849 2156 2986 2224 ἀλλά
3006 2172 3156 2240 ὅμως
3185 2171 3392 2242 ἀδρανῆ
3411 2172 3456 2204 ³⁵
3487 2171 3586 2225 τοῦ
3614 2169 3756 2223 Θεοῦ

2164 2264 2273 2319 τῶν
2302 2262 2439 2317 ὅλων
2470 2264 2963 2334 προτετιμήκασιν.

2237 2362 2345 2423 κα’,
2380 2354 2491 2425 διβ’.
2533 2374 2552 2407 t
2587 2356 2698 2409 Kal.
2718 2357 2760 2388 ³⁸
2787 2354 3121 2409 ἐπελάθοντο
3149 2354 3246 2407 τοῦ
3271 2353 3409 2407 Θεοῦ
3434 2353 3529 2407 τοῦ
3556 2352 3761 2417 σώζον-

2168 2467 2260 2514 τος
2302 2449 2522 2512 αὐτοὺς.
2570 2448 2666 2502 τοῦ
2717 2450 3047 2518 ποιήσαντος
3106 2447 3321 2517 μεγάλα
3358 2447 3417 2499 ἐν
3460 2446 3756 2515 Αἰγύπτῳ.

2169 2541 2461 2612 Θαυμάσια
2490 2542 2548 2593 ἐν
2578 2542 2648 2612 γῇ
2674 2539 2825 2609 Χὰμ,
2855 2538 3064 2609 φοϐερά
3084 2540 3128 2571 ⁸⁸
3156 2539 3251 2591 ἐπὶ
3274 2537 3556 2608 θαλάσσης
3597 2538 3766 2607 Ἐρυο

2172 2624 2326 2704 θρ’ἇς.
2362 2652 2381 2685 ι
2417 2630 2552 2687 Οὔτε
2587 2632 2694 2701 γὰρ
2728 2632 2830 2701 τῆς
2860 2630 3068 2694 οἰκείας
3110 2630 3536 2701 ἐμνημόνευσαν
3577 2645 3765 2697 σωτη-

2176 2725 2316 2795 ρίας,
2348 2722 2471 2777 οθτε
2514 2723 2619 2793 τῆς
2643 2720 2753 2775 τῶν
2795 2721 3113 2789 Αἰγυπτίων
3154 2720 3459 2791 τιμωρίας.
3494 2718 3624 2772 οῦτε
3662 2717 3764 2771 τοῦ

2176 2816 2412 2888 μεγάλου
2442 2814 2540 2884 τῆς
2561 2813 2833 2883 θαλάττης
2856 2812 3157 2884 θαύματος,
3183 2812 3320 2866 ἀλλά
3347 2811 3525 2865 πάντα
3544 2809 3768 2882 ἀθρόως

2172 2908 2515 2963 ἀπέπτυσαν.

2247 3004 2353 3065 κγ.
2392 3017 2411 3051 ι
2451 2996 2562 3051 Kal.
2599 2993 2719 3050 εἷπε
2754 2993 2848 3050 τοῦ
2882 2992 3268 3061 ἐξολοθρεῦσαι
3306 2992 3541 3055 αὐτοὺς,
3576 2993 3628 3045 εἰ
3684 2990 3765 3061 μὴ

494 3098 613 3147 eos,
636 3084 741 3140 nisi
776 3086 950 3142 Moses
980 3089 1183 3144 electus
1211 3090 1328 3161 ejus
1358 3093 1608 3146 stetisset
1632 3094 1685 3145 in
1713 3101 1935 3160 ruptura
1970 3105 2059 3145 co-

2180 3088 2386 3156 Μωσῆς
2417 3088 2446 3140 ὁ
2479 3086 2735 3147 ἐκλεκτὸς
2769 3083 2935 3139 αὐτοῦ
2980 3084 3114 3154 εστη
3173 3084 3234 3136 ἐν
3283 3086 3351 3153 τῇ
3394 3081 3625 3153 θραύσει
3670 3082 3767 3133 ἐν-

496 3189 615 3229 ram
640 3191 726 3241 eo,
753 3186 1096 3235 utaverteret
1120 3182 1258 3237 iram
1283 3183 1425 3253 ejus,
1447 3199 1514 3238 ne
1537 3184 1871 3253 disperderet
1897 3199 2013 3238 eos.
2048 3202 2059 3236 l

2175 3180 2347 3233 ὡπιον
2371 3178 2564 3241 αὑτοῦ,
2590 3178 2687 3231 τοῦ
2722 3177 3069 3247 ἀποστρέψαι
3105 3176 3198 3231 τὸν
3213 3175 3387 3245 θυμὸν
3418 3174 3586 3228 αὑτοῦ
3601 3174 3645 3206 ³⁷
3662 3170 3768 3226 τοῦ

497 3262 636 3320 Nam
655 3282 778 3321 cum
803 3284 984 3324 rerum
1009 3273 1252 3327 omnium
1274 3273 1416 3329 Deus
1441 3276 1667 3330 dixisset
1697 3295 1709 3329 :
1747 3294 1765 3326 ι
1802 3276 1932 3328 Sine
1965 3289 2052 3328 me

2181 3274 2257 3343 μὴ
2301 3272 2682 3341 ἐξολοθρεῦσαι
2732 3270 2931 3335 αὐτούς
2954 3271 3020 3324 ⁸⁸.
3079 3288 3098 3321 ι
3147 3267 3257 3322 Τοῦ
3304 3268 3415 3336 γάρ
3469 3266 3609 3320 Θεοῦ
3650 3265 3769 3318 τῶν

500 3362 555 3409 et
583 3355 753 3413 iratus
782 3358 971 3413 delebo
1009 3376 1103 3416 eos
1144 3363 1197 3416 in
1237 3364 1339 3427 ira,
1366 3364 1639 3419 etfaciam
1689 3365 1819 3419 tein
1862 3373 2059 3433 genten'

2178 3366 2313 3418 ὅλων
2346 3364 2654 3433 εἰρηκότος,
2704 3380 2723 3414 ι
2765 3361 2967 3417 Ἐασόν
2999 3379 3101 3431 με,
3151 3360 3248 3414 καὶ
3299 3358 3573 3422 θυμωθεὶς
3622 3358 3766 3429 ὀργῇ

504 3458 754 3513 magnam
804 3445 849 3512 1,
886 3467 904 3499 ι
942 3434 1081 3503 dixit
1110 3450 1299 3506 beatus
1333 3451 1553 3508 Moses:
1595 3472 1613 3504 ι
1661 3452 1940 3522 Siquidem
1989 3468 2059 3506 re.

2181 3453 2422 3523 ἐκτρίψω
2455 3453 2673 3517 αὐτοὺς,
2697 3452 2793 3506 καὶ
2828 3452 3040 3521 ποιήσω
3060 3467 3122 3504 σε
3144 3451 3226 3515 εἰς
3252 3449 3403 3512 ἔθνος
3426 3448 3572 3519 μέγα
3594 3464 3610 3478 ο
3642 3466 3663 3500 ι
3690 3442 3770 3501 εἶ-

504 3535 675 3590 mittis
703 3537 809 3594 illis
854 3551 1157 3609 peccatum,
1194 3543 1408 3598 remitte
1438 3561 1453 3610 ;
1486 3552 1581 3598 aut
1608 3545 1653 3599 si
1686 3561 1800 3599 non
1826 3543 1929 3607 vis,
1964 3543 2059 3598 delt

2182 3560 2282 3596 πεν
2304 3545 2332 3596 ό
2368 3543 2641 3613 μακάριος
2673 3542 2902 3612 Μωσῆς,
2941 3560 2960 3593 ι
3016 3541 3078 3594 Εἰ
3107 3539 3207 3609 μὲν
3243 3540 3404 3607 ἀφεῖς
3439 3538 3631 3601 αὐτοῖς
3666 3536 3771 3605 τὴν

505 3642 594 3685 nte
615 3631 682 3688 de
707 3633 848 3689 libro
877 3644 990 3702 tuo,
1024 3652 1185 3707 quem
1232 3640 1501 3709 scripsisti
1533 3652 1592 3693 ω.
1643 3658 1662 3691 ι

2184 3634 2482 3705 ἁμαρτίαν,
2515 3634 2650 3704 ἄφες
2670 3651 2685 3665 ’
2737 3635 2787 3686 εί
2814 3634 2874 3688 δὲ
2923 3632 3019 3704 μὴ,
3070 3628 3352 3698 ἐξάλειψόν
3400 3646 3468 3700 με
3490 3629 3536 3662 ³⁸
3571 3631 3640 3683 ἐκ
3668 3629 3770 3699 τῆς

2186 3726 2370 3798 βίϐλου
2399 3722 2467 3797 ἦς
2496 3724 2765 3797 ἔγραψας.
2807 3745 2826 3778 ι

2262 3839 2280 3871 ι
2314 3820 2412 3884 κδ’,
2446 3825 2545 3872 κε’.
2596 3836 2614 3870 t
2651 3818 2764 3872 Kal.
2821 3815 3187 3880 ἐξουδένωσαν
3238 3814 3343 3883 γῆν
3392 3809 3766 3881 ἐπιθυμητὴν,

2185 3910 2286 3965 ούκ
2308 3910 2354 3941 δ’
2381 3908 2711 3962 ἐπίστευσαν
2744 3906 2824 3974 τῷ
2848 3906 2992 3977 λόγῳ
3021 3902 3214 3958 αὑτοῦ.
3244 3904 3354 3957 Καὶ
3376 3903 3695 3970 ἐγόγγυσαν
3712 3902 3772 3953 ἐν

2185 4004 2300 4067 τοῖς
2328 4000 2681 4073 σκηνώμασιν
2712 3999 2916 4062 αὐτῶν,
2946 3998 3048 4052 οὐκ
3080 3998 3412 4067 εἰσήκουσαν
3449 3994 3549 4063 τῆς
3583 3990 3774 4061 φωνῆς

2188 4094 2419 4160 Κυρίου.
2452 4112 2472 4145 ι
2508 4093 2735 4164 Ἐτέρας
2756 4090 3039 4154 ἀπειθείας
3065 4088 3473 4160 ἀναμιμνήσκει
3492 4101 3507 4116 ο
3540 4083 3640 4137 τοῦ
3664 4082 3775 4153 γὰρ

2188 4182 2323 4237 Θεοῦ
2370 4183 2853 4254 παρεγγυήσαντος
2900 4180 2997 4247 τῆς
3044 4176 3468 4249 ἐπηγγελμένης
3507 4172 3774 4241 ἐπιϐῆναι

2190 4273 2316 4343 γῆς,
2357 4275 2457 4345 τῆς
2509 4273 2709 4336 δειλίας
2770 4272 2831 4324 τὺ
2878 4269 3049 4333 πάθος
3097 4268 3406 4337 δεξάμενοι,
3462 4265 3775 4319 ἀντέτεινον

579 3810 743 3870 Vsus.
775 3815 865 3881 24,
895 3816 987 3873 25.
1031 3838 1050 3870 ‹
1087 3818 1151 3873 Ει
1187 3835 1284 3889 pro
1324 3820 1494 3875 nihilo
1543 3820 1852 3875 habuerunt
1884 3829 2084 3875 terram

509 3904 945 3973 desiderabilem,
974 3925 1080 3964 non
1102 3911 1450 3966 crediderunt
1480 3913 1647 3967 verbo
1670 3912 1810 3982 ejus.
1846 3911 1911 3966 Et
1939 3928 2089 3966 mur-

510 4007 867 4052 muraverunt
903 3999 955 4053 in
984 4000 1347 4057 tabernaculis
1374 4003 1510 4069 suis,
1540 4012 1593 4057 et
1622 4018 1728 4058 non
1757 4004 2089 4059 audiverunt

511 4102 701 4143 vocem
766 4090 995 4145 Domini.
1038 4111 1059 4144 ι
1119 4092 1295 4148 Aliam
1341 4095 1621 4164 perﬁdiam
1670 4103 2085 4149 commemorat.

511 4176 649 4233 Nam
671 4195 794 4234 cum
825 4179 969 4237 Deus
1015 4183 1386 4253 praecepisset.
1430 4192 1489 4238 ut
1542 4186 1870 4253 promissam
1906 4185 2089 4254 ingre-

515 4271 770 4325 derentur
800 4281 1024 4336 terram,
1054 4273 1359 4329 timiditatis
1386 4275 1517 4330 vitio
1550 4276 1882 4342 laborantes,
1925 4276 2088 4346 plane

516 4363 774 4418 obluctati
809 4374 956 4429 sunt,
991 4365 1328 4421 Chauanaeos
1378 4368 1596 4436 quidem
1636 4383 1931 4438 generosos
1962 4383 2059 4423 essl

2191 4367 2504 4438 προφανῶς,
2534 4367 2661 4430 τοὺς
2699 4365 2798 4435 μὲν
2826 4362 3165 4426 Χαναναίους
3199 4359 3483 4426 γενναίους
3512 4353 3661 4409 εἶναι
3684 4353 3773 4407 λέο

515 4464 841 4521 asserentes,
865 4471 923 4511 se
949 4456 1097 4526 ipsos
1126 4472 1252 4513 vero
1275 4472 1380 4511 non
1410 4458 1544 4512 satis
1567 4458 1752 4513 ﬁrmas
1774 4460 1959 4528 copias
1982 4461 2059 4515 ba

2191 4475 2397 4527 γοντες,
2437 4459 2577 4525 σφᾶς
2599 4457 2653 4510 δὲ
2682 4455 2878 4517 αὐτοὺς
2896 4452 3127 4523 δύναμιν
3157 4450 3461 4520 ἀξιόχρεων
3497 4448 3599 4500 οὐκ
3628 4445 3715 4514 ἔχε
3727 4462 3777 4498 ιν

516 4546 665 4611 bere,
701 4548 900 4617 quibus
952 4549 1214 4604 adversus
1244 4564 1339 4604 eos
1366 4550 1737 4619 conﬂigerent.
1799 4549 1913 4606 lloc
1950 4567 2059 4606 sant

2196 4549 2333 4621 πρὸς
2390 4548 2489 4619 τὴν
2540 4547 2764 4601 ἐκείνων
2803 4543 3131 4615 παράταξιν.
3179 4540 3351 4594 Τοῦτο
3401 4538 3461 4592 δὲ
3510 4536 3775 4597 ἀπιστίας

514 4640 864 4710 perspicuum
910 4650 995 4696 est
1042 4653 1421 4712 argumentum
1467 4642 1888 4699 incredulitatis.
1950 4642 2059 4697 Nan

2196 4640 2489 4714 προφανῶς
2517 4640 2812 4709 τεκμήριον
2832 4654 2845 4667 ο
2876 4638 3003 4699 τοὺς
3039 4635 3148 4705 γάρ
3172 4632 3444 4687 τοσούτων
3471 4629 3571 4683 καὶ
3601 4625 3776 4680 τοιού⁴

517 4732 660 4798 illos,
694 4734 784 4803 qui
830 4742 908 4788 tot
955 4742 1340 4805 tantorumque
1380 4734 1769 4789 miraculorum
1808 4744 2055 4804 spectato

2193 4750 2303 4786 των
2352 4730 2640 4800 θαυμάτων
2688 4728 2963 4790 αὐτόπτας
3008 4725 3231 4795 θαρρεῖν
3276 4724 3356 4786 είς
3405 4720 3586 4774 πάντα
3607 4719 3651 4749 ⁸¹
3700 4716 3777 4769 δί-

517 4838 609 4879 res
649 4823 882 4889 fuerant,
912 4826 1321 4896 omnipotentiae
1354 4825 1496 4896 ejus,
1545 4827 1637 4895 qui
1689 4826 1821 4896 ipsis
1856 4827 2059 4882 saluten

2196 4840 2351 4879 καιον
2379 4818 2447 4895 ἦν
2478 4825 2543 4894 τῇ
2579 4822 2674 4876 τοῦ
2706 4819 3011 4882 σεσωκότος
3037 4815 3291 4886 δυνάμει.

519 4914 745 4984 largitus
772 4926 875 4982 est,
907 4918 1160 4973 omnibus
1184 4917 1240 4972 in
1272 4918 1435 4972 rebus
1461 4917 1731 4973 conlidere
1757 4932 1853 4987 par
1880 4927 2015 4973 erat.

598 5091 813 5150 1Exod.
849 5110 1019 5162 xxx",
1046 5094 1131 5150 l0.
1201 5104 1240 5132 ιη
1272 5095 1401 5151 ibid.
1443 5096 1532 5152 52.

1504 5356 1511 5363 ,
1593 5292 1834 5349 VARUE
1865 5288 2255 5348 LECTIONES
2300 5286 2388 5343 ET
2432 5283 2670 5349 ΝΟΤᾸΞ,

593 5453 640 5487 ⁸⁸
675 5454 910 5519 Φανείς.
938 5454 1058 5507 cod.
1092 5453 1116 5506 1
1151 5468 1335 5521 praem.
1362 5453 1587 5521 αὐτοῖς..
1689 5444 2031 5521 "(ﬁliumin

2172 5461 2227 5499 ir.
2258 5426 2452 5521 7199335
2482 5441 2625 5497 idolo
2656 5440 2797 5521 (uso.
2902 5438 2947 5521 ξ’
2970 5436 3187 5521 Αὑτοῦ.
3215 5435 3377 5490 Hebr.
3617 5435 3774 5521 ,Πρίσ-

527 5527 666 5580 riam
684 5502 910 5579 ΞέἇᾶίῘ
936 5502 1485 5590 inmagines;
1502 5502 1683 5574 eam.
1758 5520 1803 5551 ι’
1827 5517 1956 5590 Rec.
1979 5502 2059 5590 ἰςεε

2180 5502 2265 5571 est
2289 5502 2559 5577 ἔσθοντος.
2628 5502 2708 5590 [⁸³
2734 5508 2952 5590 Ῐροςρῄ.
2986 5509 3163 5590 εούλί
3199 5507 3505 5590 praem.“ﬁ._
3554 5507 3603 5590 δέ
3628 5502 3772 5590 ’Ᾰδφ

528 5576 652 5649 cod.
685 5576 930 5664 tim}...
965 5576 1274 5715 τηνοῦἷέωςί
1314 5576 1319 5577 ί
1354 5576 1562 5644 "Kal.
1590 5590 1755 5671 Abest
1797 5602 1826 5642 a
1858 5588 1980 5641 cod.
2015 5587 2059 5648 1.

530 5662 654 5715 Vat.
691 5680 878 5715 mrem.
938 5681 1008 5715 κα
1039 5703 1052 5715 .
1128 5663 1170 5693 ⁸⁷
1204 5663 1320 5715 Τὸν·
1351 5662 1716 5715 θυμ.ηὐτου.
1770 5657 1890 5712 cod.
1942 5656 2059 5711 Vat.

2180 5594 2358 5641 exstat
2391 5576 2597 5638 tantum
2628 5582 2681 5636 in
2706 5576 2792 5635 ed.
2817 5576 2936 5634 Ald.
2980 5588 3034 5632 et
3088 5576 3302 5648 Compl.
3380 5577 3426 5609 ³⁸
3468 5576 3613 5629 Φοϐ.
3655 5576 3771 5628 eod.

2172 5654 2213 5709 τὸ
2244 5654 2417 5715 θυμοῦ
2470 5654 2641 5715 ὀργῆς
2676 5649 2863 5705 αὐτοῦ.
2941 5650 2986 5681 ³⁸
3020 5650 3273 5715 Αὑτούς.
3307 5648 3539 5705 Additur
3566 5646 3623 5701 in
3646 5642 3770 5703 θοὰ.

1191 5642 1722 5735 ῖὸνγθυῇξηύτοῦ.
1770 5657 1900 5735 φά...
1942 5642 2059 5711 Vat.

2172 5654 2213 5709 τὸ
2244 5654 2641 5735 θυμοῦηόργῆς
2661 5649 2863 5735 ἀύτοῦ.
2941 5650 2986 5681 ³⁸
3020 5642 3273 5715 Αὑτούξ.
3307 5648 3539 5705 Additur
3566 5646 3623 5701 in
3646 5642 3770 5703 θοὰ.

530 5721 709 5789 ΔΙει.’
765 5734 809 5767 ³⁹
845 5734 951 5789 Mt.
989 5734 1108 5790 cod.
1142 5733 1165 5787 i
1202 5734 1366 5805 κάμέ.
1427 5721 1488 5764 ’⁸ο
1521 5732 1662 5785 Οὐκ.
1700 5729 1819 5785 cod.
1861 5727 1976 5783 Vat.
2015 5741 2059 5798 pl

2172 5746 2200 5781 ι.
2242 5725 2355 5780 καί.
2431 5726 2471 5757 ³¹
2504 5721 2624 5781 eod.
2655 5725 2677 5778 l
2709 5721 2947 5776 ἅπαντα.
