3924 6494
476 322 603 386 1731

1467 322 1964 383 TIIEODORETI
1989 321 2329 383 EPISCOPI
2371 319 2740 382 CYRENSIS

3621 316 3766 384 17.32

471 439 623 503 suis;
661 456 678 488 ι
714 435 871 507 quasi
908 435 1076 502 dicat,
1109 434 1228 491 Non
1260 437 1395 492 citra
1413 436 1810 492 dubitationem
1841 438 2057 492 locutus

2166 442 2270 502 τοῖς
2306 438 2543 508 χείλεσιν
2583 433 2772 499 αὑτοῦ,
2806 451 2824 484 ι
2861 433 2983 487 ἀντὶ
3031 433 3156 493 τοῦ,
3213 434 3312 487 οὐκ
3356 435 3762 505 ἀναμφιϐόλως

471 540 575 584 est.
611 530 702 584 Ait
729 530 874 584 enim
908 548 921 585 :
959 548 978 580 ι
1024 530 1170 585 Dixit
1197 529 1375 584 Moses
1402 531 1536 599 ipsis
1571 530 1753 584 :Num
1789 541 1866 585 ex
1906 539 2055 598 petra

474 622 577 678 bac
607 622 842 678 educam
899 621 1060 676 vobis
1105 637 1304 690 aquam
1338 623 1408 675 P?
1446 643 1463 674 ι
1493 621 1701 677 Idcirco
1731 623 1902 676 iratus
1933 622 2057 676 uni-

472 731 760 771 versorum
805 713 973 778 Deus,
1021 728 1132 767 non
1184 730 1279 782 per
1327 715 1504 784 ipsum
1559 723 1760 767 terram
1813 713 2058 782 patrihus

475 807 800 878 promissam
833 807 915 862 eis
957 805 1127 870 dedit,
1163 807 1257 860 sed
1291 805 1442 859 illum
1475 805 1690 875 quidem
1729 805 1848 859 vine
1897 807 2059 858 finem

474 901 628 954 obire
654 884 840 968 jussit,
873 913 970 968 per
1001 896 1229 952 Josuam
1259 912 1390 952 vero
1419 895 1568 951 Nave
1591 896 1762 950 filium
1785 905 2058 967 promissa

476 991 724 1061 perfecit.
761 989 826 1043 Et
882 988 1103 1042 videtur
1158 1002 1294 1042 sane
1331 988 1716 1042 universorum
1748 987 2061 1042 moderator

381 1153 384 1157 Δ
477 1082 621 1135 bane
649 1080 698 1134 ei
723 1094 939 1149 poenam
971 1076 1268 1133 indixisse:
1298 1078 1389 1132 sed
1419 1078 1526 1132 alia
1549 1078 1780 1133 moliens
1804 1079 1908 1133 hoc
1936 1095 2062 1149 ges-

477 1176 568 1230 sit.
589 1171 722 1227 Nam
741 1172 975 1241 primum
996 1170 1216 1239 quidem
1234 1168 1547 1224 Judaeorum
1565 1171 1837 1225 insaniam
1856 1172 2058 1237 sciens,

477 1280 582 1318 non
616 1264 864 1333 permisit
911 1271 969 1317 ut
1013 1278 1108 1331 per
1150 1264 1328 1331 ipsum
1363 1273 1475 1316 tota
1503 1265 1520 1282 '
1556 1264 1851 1332 promissio
1897 1264 2060 1316 finem

475 1357 789 1420 sortiretur,
825 1370 895 1408 ne
932 1354 1110 1423 ipsum
1145 1354 1306 1407 deum
1345 1369 1467 1408 esse
1499 1355 1930 1424 suspicarentur.
1959 1353 2063 1419 Qui

475 1447 621 1500 enim
648 1445 804 1500 vituli
856 1445 1145 1514 imaginem
1208 1445 1368 1500 deum
1406 1443 1666 1511 fecerant,
1698 1461 1860 1514 quem
1896 1445 2066 1498 hono-

477 1538 594 1592 rem
648 1554 756 1593 non
794 1537 1107 1592 attulissent
1137 1536 1240 1604 illi,
1292 1538 1385 1606 qui
1432 1545 1510 1591 tot
1541 1539 1931 1592 miraculorum
1962 1537 2066 1591 mi-

477 1630 652 1682 nister
682 1627 828 1682 fuit?
865 1626 1159 1696 Propterea
1185 1627 1350 1680 etiam
1377 1627 1497 1696 ejus
1538 1627 1848 1696 sepulcrum
1883 1629 2067 1682 occul-

479 1718 587 1771 tari
625 1717 812 1771 voluit.
855 1715 1125 1771 Praeterea
1182 1715 1350 1786 legem
1385 1715 1452 1770 ad
1498 1724 1714 1785 tempus
1745 1731 1867 1770 esse
1897 1716 2060 1771 latam

483 1809 696 1880 1362
730 1808 1019 1864 ostendere
1049 1808 1224 1862 voluit
1254 1822 1316 1860 ex
1349 1807 1414 1860 iis
1446 1822 1568 1875 quae
1593 1807 1886 1877 legislatori
1913 1808 2057 1862 acci-
2093 1790 2132 1845 Β

477 1903 697 1956 derunt.
731 1900 788 1953 Si
829 1899 975 1954 enim
1013 1900 1129 1969 ipse
1159 1898 1440 1967 Iegislator
1475 1899 1744 1967 promissa
1768 1909 1909 1952 terra
1939 1914 2061 1968 per-

477 1990 588 2044 frui
620 2006 728 2044 non
768 1990 964 2061 potuit,
1007 1990 1134 2045 hinc
1163 1989 1323 2044 facile
1355 1991 1609 2058 cognosci
1651 1998 1850 2059 potest,
1882 2006 2061 2060 neque

481 2084 633 2154 ipsos
663 2084 769 2138 hac
797 2098 929 2138 cura
964 2083 1177 2138 diutius
1210 2081 1582 2152 perfruituros
1625 2098 1770 2138 esse.
1819 2082 1911 2138 Sic
1934 2100 2059 2139 cum

476 2193 541 2233 ea
570 2190 692 2247 qua:
733 2175 787 2230 in
818 2175 1114 2231 solitudine
1159 2175 1475 2231 acciderunt
1505 2186 1841 2241 enarrasset,
1883 2186 2053 2232 trans-

477 2270 816 2340 gressionem
868 2268 939 2324 ab
969 2268 1037 2325 iis
1066 2268 1121 2323 in
1166 2267 1553 2338 promissionis
1603 2276 1748 2323 terra
1791 2280 2059 2338 pati-ataui

477 2361 772 2432 redarguit.

555 2623 721 2678 Vsus.
765 2621 959 2677 54-36.
1014 2640 1032 2673 ι
1072 2619 1191 2675 Non
1245 2621 1684 2691 disperdiderunt
1732 2631 1940 2690 gentes,
1995 2623 2062 2678 de

478 2716 680 2786 quibus
704 2714 844 2770 dixit
871 2714 980 2768 illis
1019 2713 1300 2768 Dominus.
1336 2715 1402 2766 Et
1440 2713 1715 2768 commisti
1759 2723 1887 2768 sunt
1921 2715 2062 2770 inter

481 2815 692 2878 gentes,
732 2814 788 2861 et
820 2806 1133 2860 didicerunt
1163 2820 1328 2874 opera
1358 2820 1569 2860 eorum.
1605 2805 1672 2860 Et
1717 2807 2064 2862 serviveruut

485 2898 835 2968 sculptilibus
866 2912 1081 2962 eorum,
1134 2907 1186 2951 et
1233 2896 1358 2950 facti
1408 2906 1536 2950 sunt
1569 2897 1677 2953 illis
1721 2898 2002 2952 seandalo.
2039 2919 2057 2950 ι

479 2989 933 3046 Commistionem
973 2989 1118 3044 enim
1153 2989 1454 3058 prohibuit,
1489 2990 1555 3042 ad
1606 2989 1879 3044 vitandam
1916 3006 2063 3044 com-

2157 530 2334 598 λόγοις
2365 529 2657 602 ἐχρήσατο.
2693 521 2827 578 Εῐπε
2854 527 2963 595 γάρ
2985 541 2997 554 ·
3038 544 3055 577 ι
3085 527 3222 595 Φησὶ
3244 526 3452 594 Μωσῆς
3486 526 3628 595 πρὸς
3656 525 3763 578 αύ-

2158 623 2306 685 τούς,
2336 623 2427 692 Μὴ
2464 621 2529 673 ἐκ
2553 619 2655 689 τῆς
2687 619 2895 688 πέτρας
2937 616 3144 687 ταύτης
3170 615 3346 681 ἐξάξω
3368 619 3502 686 ὑμῖν
3528 617 3707 684 ὖδωρς
3733 635 3755 667 ι

2160 713 2363 767 Τούτου
2395 714 2556 781 χάριν
2586 709 2978 779 ἀγανακτήσας
3010 707 3170 777 δῆθεν
3208 709 3237 760 ό
3276 707 3385 760 τῶν
3419 707 3560 760 ὅλων
3599 706 3758 770 Θεὸς,

2159 805 2266 859 οὐδ’
2300 804 2448 874 αὐτῷ
2474 805 2574 872 τὴν
2605 804 2720 864 τοῖς
2748 801 3017 871 πατράσιν
3053 798 3471 869 ἐπηγγελμένην
3503 798 3762 851 ἀπέδωκε

2160 897 2263 966 γῆν
2284 911 2296 924 ·
2331 894 2468 948 ἀλλά
2491 893 2580 946 τὸν
2610 893 2707 962 μὲν
2739 891 2996 946 ἐκέλευσε
3018 891 3276 956 δέξασθαι
3299 890 3396 943 τοῦ
3429 891 3552 960 βίον
3579 892 3643 943 τὸ
3665 891 3761 942 τέο

2161 989 2249 1052 λος
2273 1005 2285 1020 ο
2319 988 2385 1041 δι’
2430 985 2604 1056 Ἰησοῦ
2631 985 2686 1038 δέ
2715 984 2807 1036 τοῦ
2836 984 2993 1054 Ναυῆ
3029 983 3364 1054 πεπλήρωκε
3389 983 3490 1054 τὴν
3518 983 3759 1050 ὑπόσχε-

2165 1097 2272 1136 σιν.
2306 1080 2423 1133 Kal.
2443 1079 2591 1130 δοκεῖ
2633 1077 2732 1148 μὲν
2757 1075 2967 1145 ταύτην
2995 1075 3143 1144 αύτῷ
3175 1075 3450 1144 τιμωρίαν
3473 1073 3760 1127 ἐπιτεθειο

2164 1172 2318 1225 κέναι
2360 1169 2470 1222 τῶν
2512 1170 2648 1222 ὅλων
2699 1171 2728 1221 ὁ
2776 1167 3074 1237 πρύτανις⁶
3131 1167 3292 1237 ἕτερα
3333 1167 3390 1219 δὲ
3446 1165 3761 1234 οίκονομὼν

2166 1262 2666 1334 ἐπραγματεύσατο
2697 1259 2878 1313 τοῦτο.
2913 1259 3134 1331 Πρῶτον
3167 1259 3266 1328 μὲν
3299 1258 3430 1328 γὰρ,
3464 1256 3577 1310 τῶν
3625 1258 3762 1308 ’1ου-

2164 1357 2330 1409 δαίων
2365 1355 2735 1424 ἐπιστάμενος
2773 1354 2984 1418 ἄνοιαν,
3014 1352 3117 1405 οὐκ
3146 1352 3293 1404 εἴασε
3330 1350 3397 1402 δι’
3431 1347 3603 1403 αὑτοῦ
3649 1351 3760 1401 πᾶ-

2167 1467 2265 1503 σαν
2286 1447 2382 1518 τὴν
2413 1448 2708 1516 ὑπόσχεσιν
2745 1446 2920 1515 πέρας
2949 1444 3153 1508 λαϐεῖν,
3207 1443 3295 1497 ἵνα
3327 1443 3401 1513 μὴ
3434 1441 3600 1496 αὐτὸν
3635 1441 3760 1493 θεὸν

2167 1539 2532 1595 ὑπολάϐωσιν.
2576 1539 2638 1592 Οί
2676 1537 2785 1608 γάρ
2831 1538 3018 1590 είκόνα
3053 1537 3256 1606 μόσχου
3302 1535 3758 1603 θεοποιήσαντες.

2169 1637 2318 1688 ποῖον
2351 1634 2452 1685 ούκ
2495 1632 2562 1685 ἂν
2591 1631 2975 1701 προσήνεγκαν
3013 1627 3178 1692 σέϐας
3222 1626 3299 1698 τῷ
3324 1627 3599 1680 τοσούτων
3628 1626 3760 1676 θαυ-

2172 1728 2357 1797 μάτων
2389 1723 2650 1794 ὑπουργῷ
2689 1725 2999 1793 γενομένῳς
3054 1723 3155 1775 Διά
3195 1739 3278 1774 τοι
3317 1720 3480 1774 τοῦτο
3517 1721 3618 1771 καὶ
3667 1718 3758 1769 τὸν

2163 1819 2332 1887 τάφον
2365 1818 2531 1872 αὐτοῦ
2559 1817 2742 1870 λαθεῖν
2765 1816 3067 1886 πεποίηκεν
3088 1818 3116 1868 ὁ
3137 1815 3270 1877 Θεός
3287 1831 3300 1844 ·
3328 1813 3464 1884 πρὸς
3492 1813 3552 1865 δέ
3574 1811 3756 1871 τοῦτο,

2163 1897 2259 1959 καί.
2288 1909 2388 1977 τῆς
2418 1905 2743 1976 νομοθεσίας
2780 1904 3058 1976 ἠϐουλήθη
3099 1902 3271 1968 δεῖξαι
3303 1905 3364 1956 τὸ
3411 1903 3756 1974 πρόσκαιρον

2161 2000 2270 2052 ἀπὸ
2298 1999 2405 2052 τῶν
2427 1996 2575 2068 αύτῷ
2603 1997 2683 2069 τῷ
2723 1997 2988 2069 νομοθέτῃ
3031 1996 3378 2067 συμϐάντων.
3412 1995 3476 2047 Εἰ
3513 1996 3628 2065 γάρ
3660 1996 3689 2045 ὁ
3710 1994 3756 2024 ⁸⁹

2163 2089 2460 2160 νομοθέτης
2507 2090 2604 2159 τῆς
2655 2087 3078 2159 ἐπηγγελμένης
3131 2088 3232 2140 οὐκ
3279 2087 3566 2158 άπήλαυσε
3619 2088 3754 2156 γῆς,

2164 2181 2398 2234 συνιδεῖν
2458 2179 2714 2233 ἐντεῦθεν
2762 2181 2943 2252 ράδιον
2962 2180 3028 2245 ⁵ο,
3073 2181 3148 2243 ὡς
3187 2179 3307 2232 οὐδὲ
3346 2179 3504 2231 αὐτοὶ
3549 2179 3757 2247 ταύτης

2165 2270 2554 2325 ἀπολαύσωσιν
2577 2269 2670 2321 ἐπὶ
2701 2268 2954 2321 πλεῖστον
2973 2265 3072 2335 τῆς
3103 2265 3464 2335 προμηθείας.
3497 2263 3660 2316 Οὕτω
3693 2265 3757 2314 τά

2165 2363 2307 2415 κατά
2352 2360 2451 2432 τὴν
2487 2360 2693 2430 ἔρημον
2743 2358 3172 2428 διηγησάμενος,
3209 2354 3306 2426 τὴν
3350 2357 3408 2407 ἐν
3442 2357 3511 2424 τῇ
3542 2355 3616 2422 γῇ
3660 2351 3756 2420 τῆς

2164 2454 2501 2523 ἐπαγγελίας
2538 2452 2916 2522 γεγενημένην
2959 2449 3140 2502 αὐτῶν
3183 2449 3393 2516 ἐλέγχει
3417 2447 3459 2479 ⁸⁸
3509 2462 3755 2515 παρανο-

2167 2548 2319 2618 μίαν.

2233 2638 2445 2702 λδνολςδ.
2487 2656 2505 2687 ι
2540 2637 2655 2690 Οὐκ
2709 2634 3116 2706 ἐξωλόθρευσαν
3141 2633 3208 2685 τά
3239 2632 3390 2700 ἔθνη,
3423 2630 3461 2684 δι
3491 2628 3617 2683 εἷπε
3646 2630 3756 2684 Κύ-

2168 2749 2279 2804 ριος
2309 2731 2514 2792 αὐτοῖς.
2548 2729 2656 2780 Καί
2689 2727 2964 2796 ὲμίγησαν
2989 2727 3046 2777 ἐν
3069 2728 3184 2788 τοῖς
3205 2724 3407 2785 ἔθνεσι,
3432 2725 3531 2774 καὶ
3553 2723 3757 2792 ἔμαθον

2163 2824 2231 2878 τὰ
2261 2823 2399 2894 ἔργα
2429 2820 2625 2874 αὐτῶν.
2649 2820 2756 2874 Καὶ
2779 2818 3104 2871 ἐδούλευσαν
3125 2820 3236 2882 τοῖς
3261 2816 3523 2886 γλυπτοῖς
3553 2815 3756 2878 αὐτῶν,

2165 2919 2260 2972 καὶ
2293 2917 2529 2987 ἐγενήθη
2558 2915 2742 2977 αὐτοῖς
2769 2915 2848 2976 είς
2883 2911 3202 2965 σκάνδαλον.
3233 2930 3250 2962 ι
3287 2911 3399 2980 Τὴν
3426 2910 3540 2979 γὰρ
3558 2911 3604 2942 ⁸⁸
3636 2913 3757 2962 ἐπι-

2171 3010 2356 3083 μιξίαν
2393 3009 2479 3062 διὰ
2503 3010 2603 3078 τὴν
2629 3007 2728 3074 τῆς
2759 3004 3017 3068 ἀσεϐείας
3047 3002 3288 3057 ἐκώλυσε
3329 3003 3648 3062 κοινωνίαν,
3691 3003 3756 3072 τῇ

483 3080 798 3135 ιιιιιιίοιιεῐη
832 3081 1150 3149 impietatis,
1183 3081 1347 3133 tinem
1383 3096 1508 3134 cum
1551 3081 1818 3151 principio
1847 3081 1913 3135 de
1941 3098 2058 3136 me-

2166 3080 2308 3174 ἀρχῇ
2342 3102 2402 3154 τὸ
2424 3102 2574 3163 τέλος
2607 3097 2968 3166 συναναιρῶν,
3003 3097 3095 3150 καὶ
3116 3097 3213 3148 σὺν
3245 3098 3311 3166 τῇ
3336 3095 3467 3167 ῥίζῃ
3501 3096 3599 3146 τὸν
3624 3112 3759 3164 καρ-

482 3173 574 3229 dio
604 3173 823 3239 tollens,
857 3182 912 3227 et
951 3188 1075 3227 cum
1107 3173 1288 3228 radice
1335 3173 1573 3227 fructum
1607 3174 1818 3239 delens,
1871 3185 1925 3228 et
1959 3175 2062 3229 mi-

481 3268 601 3322 nori
640 3267 784 3321 malo
816 3266 972 3336 pejus
1003 3265 1325 3334 reprimens.
1361 3264 1467 3321 Sed
1514 3275 1692 3320 tamen
1736 3267 1845 3332 isti,
1877 3267 1929 3320 in
1960 3267 2063 3321 hoc

483 3360 649 3413 etiam
681 3360 922 3413 divinam
948 3360 1122 3428 legem
1147 3359 1500 3430 transgressi,
1526 3375 1703 3430 neque
1734 3360 1928 3430 impias
1955 3370 2064 3413 tru-

479 3451 736 3504 cidarunt
763 3459 974 3519 gentes,
1003 3464 1178 3517 neque
1207 3450 1759 3504 communicationem
1779 3465 1902 3503 cum
1929 3451 2062 3519 ipsis

482 3539 742 3609 fugerunt
771 3558 783 3593 :
817 3540 910 3595 sed
943 3555 1167 3610 pravam
1195 3541 1412 3597 illorum
1441 3543 1607 3596 vitam
1639 3543 1882 3597 aemulati
1908 3555 2057 3598 sunt.

556 3626 722 3685 Vsus.
767 3628 958 3684 57-59.
1016 3649 1034 3680 ι
1075 3630 1142 3685 Ει
1187 3633 1608 3688 immolaverunt
1650 3635 1789 3688 lilios
1831 3649 1963 3688 suos
2009 3644 2063 3689 et

487 3720 628 3777 filias
675 3736 810 3777 suas
849 3723 1153 3778 daemoniis.
1183 3723 1251 3778 Et
1279 3725 1587 3780 effuderunt
1620 3729 1944 3797 sanguinem
1978 3729 2062 3782 in-

482 3821 794 3877 nocentem,
823 3817 1145 3885 sangu'onem
1173 3815 1410 3871 filiorum
1441 3832 1691 3882 suurum,
1728 3829 1782 3873 et
1826 3821 2062 3875 filiarum

483 3920 739 3971 suarum,
764 3921 904 3976 quas
936 3908 1386 3962 sacrificaverunt
1415 3910 1756 3978 sculptilibus
1778 3910 2060 3967 Chanaan.

478 3997 546 4052 Et
593 3999 802 4069 polluta
846 4009 930 4056 est
976 4009 1120 4056 terra
1161 4003 1547 4072 sanguinibus.
1601 4001 1669 4058 Et
1693 4007 2060 4060 contaminata

478 4101 564 4147 est
588 4094 846 4161 operibus
879 4107 1092 4149 eorum.
1127 4113 1147 4147 ι
1193 4094 1562 4165 Colophonem
1606 4097 1900 4167 impietatis
1929 4099 2061 4152 ulti-

479 4199 631 4238 mum
666 4185 1026 4255 reliquerunt.
1063 4185 1206 4253 Quid
1233 4188 1380 4242 enim
1409 4190 1476 4244 ad
1524 4189 1822 4260 impietatis
1871 4207 2064 4246 cumu-

479 4277 592 4330 lum
626 4276 729 4331 sibi
765 4277 962 4348 reliqui
990 4278 1258 4346 fecerunt,
1304 4282 1398 4351 qui
1434 4284 1793 4352 sanguinibus
1826 4285 2060 4340 filiorum

479 4375 534 4420 et
565 4366 802 4422 ﬁliarum
836 4378 1038 4423 terram
1067 4369 1445 4441 inquinarunt,
1476 4384 1528 4430 et
1571 4376 1928 4444 daemonibus,
1966 4378 2060 4448 qui

2165 3193 2267 3246 πὸν
2293 3191 2591 3260 ἀφανίζων,
2622 3193 2718 3244 καὶ
2745 3189 2821 3260 τῷ
2841 3189 3084 3242 ἐλάττονι
3115 3187 3273 3258 κακῷ
3295 3188 3357 3239 τὸ
3406 3190 3594 3257 χεῖρον
3622 3204 3759 3258 προ-

2165 3285 2529 3340 αναστέλλων.
2579 3283 2721 3336 Ἀλλ’
2742 3284 2889 3352 ὅμως
2917 3274 3060 3334 οὗτοι
3092 3282 3185 3333 καὶ
3205 3283 3264 3332 ἐν
3291 3279 3467 3349 τούτῳ
3490 3278 3584 3331 τὸν
3615 3278 3756 3330 θεῖον

2165 3377 2592 3446 παραϐαίνοντες
2620 3377 2806 3444 νόμον,
2832 3373 2956 3426 οὔτε
2990 3372 3057 3426 τὰ
3078 3372 3314 3442 δυσσεϐῆ
3345 3371 3757 3439 ἐξωλόθρευσαν

2164 3469 2313 3539 ἔθνη,
2345 3466 2470 3521 οὔτε
2497 3468 2597 3536 τὴν
2629 3467 2766 3536 πρὸς
2792 3466 2930 3519 αύτά
2963 3465 3163 3532 έιρυγον
3194 3463 3507 3527 κοινωνίαν,
3546 3463 3688 3516 ἀλλὰ
3713 3463 3757 3493 ⁸³

2162 3563 2262 3633 τὴν
2292 3561 2541 3631 πονηρὰν
2569 3559 2750 3614 αὐτῶν
2779 3558 3053 3611 πολιτείαν
3079 3558 3384 3628 ἐζήλωσαν.

2234 3653 2444 3720 λζ’-λθ.
2485 3671 2505 3703 ‹
2549 3652 2661 3706 Καὶ
2695 3650 2892 3704 ἔθυσαν
2925 3651 3052 3714 τοὺς
3101 3650 3251 3712 υἱοὺς
3294 3650 3473 3704 αὐτῶν
3519 3654 3619 3704 καὶ
3657 3647 3757 3710 τὰς

2164 3746 2470 3816 θυγατέρας
2499 3743 2680 3797 αὐτῶν
2710 3745 2823 3806 τοῖς
2856 3742 3172 3813 δαιμονίοις.
3211 3742 3320 3794 Καὶ
3358 3741 3583 3810 ἐξέχεαν
3617 3735 3755 3810 αἷμα

2163 3839 2358 3901 ἀθῶον,
2393 3831 2535 3907 αἷμα
2565 3835 2698 3888 υἱῶν
2729 3835 2908 3888 αὐτῶν
2960 3836 3053 3888 καὶ
3085 3834 3425 3904 θυγατέρων,
3454 3827 3530 3886 ὧν
3554 3834 3754 3886 ἔθυσαν

2163 3933 2274 3994 τοῖς
2321 3928 2580 3997 γλυπτοῖς
2617 3927 2866 3981 Χαναὰν
2915 3929 3009 3980 καὶ
3054 3925 3456 3996 ἐφονοκτονήθη
3503 3929 3536 3996 ἡ
3579 3927 3652 3995 γῆ
3695 3928 3753 3976 ἐν

2163 4025 2275 4086 τοῖς
2301 4023 2518 4093 αἵμασι.
2572 4022 2682 4074 Καὶ
2718 4018 2950 4091 ἐμιάνθη
2974 4020 3020 4051 ⁸⁵
3050 4020 3107 4071 ἐν
3130 4021 3241 4080 τοῖς
3269 4018 3452 4089 ἔργοις
3487 4018 3690 4071 αὐτῶν.
3727 4035 3745 4066 ι

2163 4115 2326 4168 Τὸνθδ
2355 4113 2640 4182 κολοφῶνα
2672 4113 2768 4182 τῆς
2803 4110 3059 4174 ἀσεϐείας
3087 4110 3395 4164 τελευταῖον
3424 4110 3750 4162 κατέλιπον·

2163 4206 2324 4259 ποίαν
2347 4207 2392 4238 ⁶⁶
2420 4206 2529 4276 γάρ
2547 4204 2869 4267 δυσσεϐείας
2896 4202 3205 4274 ὑπερϐολὴν
3235 4201 3554 4256 καταλείπει
3581 4201 3644 4253 τὸ
3668 4203 3750 4253 αῖ-

2166 4311 2332 4364 μασιν
2362 4294 2494 4346 υίῶν
2533 4293 2629 4347 καὶ
2684 4292 3002 4362 θυγατέρων
3062 4291 3288 4363 μολῦναι
3331 4292 3430 4362 τὴν
3483 4292 3608 4362 γῆν,
3656 4293 3750 4344 καὶ

2162 4389 2274 4450 τοῖς
2297 4386 2614 4457 αίμοϐόροις
2652 4385 2873 4456 δαίμοσι
2916 4385 3018 4448 τάς
3063 4385 3271 4438 τούτων
3321 4385 3518 4447 θυσίας
3579 4401 3750 4455 προσ-

477 4461 802 4532 sanguinem
858 4471 1084 4529 vorant,
1141 4463 1344 4519 borum
1391 4469 1658 4525 sacrificia
1703 4471 2060 4526 obtulerunt?

2166 4481 2440 4547 ενεγκεῖν;
2463 4477 2554 4548 Τῷ
2580 4477 2701 4548 Θεῷ
2729 4477 2827 4548 μὲν
2847 4478 2957 4548 γὰρ
2971 4477 3092 4531 οὐδὲ
3107 4477 3175 4530 τά
3195 4478 3560 4547 νενομισμένα
3583 4492 3752 4545 προσ-

475 4549 614 4604 Nam
662 4550 774 4607 Deo
812 4567 881 4607 ne
932 4552 1173 4624 legitima
1212 4555 1423 4628 1363
1464 4561 1683 4629 quidem
1739 4562 2058 4628 offerebant,

476 4643 637 4698 idolis
663 4647 792 4698 vero
818 4656 1071 4700 natorum
1093 4648 1256 4702 etiam
1292 4649 1487 4704 caedes.
1517 4669 1536 4702 ι
1574 4651 1640 4705 Ει
1663 4653 1915 4708 fornicati
1935 4664 2063 4711 sunt

477 4736 674 4791 studiis
707 4737 841 4790 suis.
881 4754 898 4788 ι
935 4736 1369 4793 Fornicationem
1397 4741 1504 4795 hoc
1537 4742 1589 4794 iu
1628 4741 1749 4798 loco
1794 4758 1904 4798 non
1939 4760 2060 4801 m0-

475 4825 548 4879 do
578 4825 1084 4896 intemperantiam,
1116 4845 1306 4884 verum
1351 4831 1515 4884 etiam
1549 4831 1819 4887 idolorum
1849 4835 2056 4890 cultum

472 4927 656 4972 vocat.
690 4917 967 4982 Quoniam
1015 4921 1165 4977 enim
1198 4922 1309 4978 Deo
1359 4925 1622 4992 copulati,
1673 4926 1890 4981 illorum
1931 4917 2053 4983 cui-

474 5018 591 5063 tum
623 5011 970 5076 adamarunt,
1001 5013 1314 5073 daemonum
1363 5018 1627 5072 honorem
1664 5018 1860 5074 merito
1890 5019 2055 5076 forni-

472 5103 744 5158 cationem
774 5105 1087 5175 appellavit.

541 5289 574 5332 ρ
606 5276 770 5336 Num.
795 5299 887 5352 xx,
913 5284 1000 5340 10.
1041 5309 1044 5313 '

2164 4571 2362 4640 έφερον
2381 4586 2395 4600 ·
2420 4574 2535 4634 τοῖς
2555 4569 2613 4622 δὲ
2639 4568 2879 4632 εἰδώλοις
2905 4570 3000 4623 καὶ
3022 4569 3121 4632 τὰς
3147 4568 3257 4622 τῶν
3280 4569 3487 4622 παίδων
3510 4569 3750 4637 σφαγάς.

2170 4683 2188 4716 ι
2226 4665 2339 4717 Καὶ
2387 4663 2729 4734 ἐπόρνευσαν
2762 4665 2821 4716 ἐν
2850 4665 2964 4726 τοῖς
3007 4661 3434 4732 ἐπιτηδεύμασιν
3481 4661 3688 4714 αὐτῶν.
3726 4679 3745 4710 ι

2162 4757 2459 4825 Πορνείαν
2481 4755 2715 4810 ἐνταῦθα
2733 4756 2805 4816 ¹οὐ
2835 4755 2937 4826 τὴν
2957 4755 3256 4808 ἀκολασίαν
3289 4754 3468 4824 μόνον,
3493 4752 3634 4805 ἀλλὰ
3659 4753 3748 4804 καὶ

2159 4849 2259 4921 τὴν
2309 4849 2416 4902 τῶν
2463 4847 2698 4903 εἰδώλων
2747 4847 3005 4918 λατρείαν
3046 4845 3221 4899 καλεῖ.
3271 4845 3490 4915 Ἐπειδὴ
3527 4844 3640 4913 γάρ
3673 4844 3748 4913 τῷ

2161 4940 2281 5010 Θεῴ
2313 4940 2652 5011 συνημμένοι
2682 4938 2780 5009 τὴν
2813 4937 3039 4992 ἐκείνων
3081 4937 3376 5008 θεραπείαν
3417 4937 3741 5005 ἠγάπησαν,

2161 5033 2259 5103 τὴν
2285 5031 2710 5102 δεισιδαιμονίαν
2737 5030 2966 5095 εἰκότως
2992 5030 3252 5101 πορνείαν
3281 5027 3569 5082 ἐκάλεσεν.

1571 5403 1804 5461 VARIE
1840 5405 2223 5464 LECTIONES
2271 5408 2361 5463 ΕΤ
2398 5409 2637 5468 NOTAE.

518 5527 592 5595 l"
640 5561 724 5616 '0.
759 5560 880 5616 cod.
920 5562 945 5616 ι
983 5577 1174 5632 praem.
1231 5563 1414 5628 αὐτός.

472 5633 654 5703 Pauca
689 5633 1094 5703 praemittuntur
1117 5634 1260 5703 apud
1291 5635 1454 5690 (Iord.
1489 5635 1527 5690 l.
1561 5651 1610 5692 c.

1521 5565 1566 5598 σο
1610 5565 1866 5641 Ῥᾴᾷιρις.
1908 5567 2092 5641 θρὰ-λ
2140 5570 2265 5641 add.
2322 5565 2413 5641 ἦν.

2500 5573 2540 5648 f‘
2575 5574 2698 5629 cod.
2731 5576 2756 5630 1
2793 5576 3084 5648 διελέγχει.
3157 5578 3201 5609 ⁸⁸
3240 5576 3362 5644 Τὴν
3392 5580 3501 5646 γὰρ
3533 5596 3588 5632 κ.
3614 5597 3662 5632 τ.
3691 5579 3734 5633 λ.

1650 5653 1702 5710 pg,
1735 5637 1858 5710 es.
1938 5637 1982 5668 θ’
2041 5638 2060 5690 ’ς

2166 5639 2228 5692 λὰ
2277 5637 2720 5710 -’ἐζήλωσαν.
2776 5649 2892 5704 Alia
2951 5637 3115 5704 habet
3152 5637 3316 5702 (Iord.
3355 5637 3478 5704 l.'c.'
3554 5650 3600 5682 “
3631 5652 3734 5704 Kal

455 5702 748 5784 -ὲμιάνᾷψ
781 5701 943 5790 Hebr.
999 5702 1082 5790 Et
1110 5701 1418 5790 [polluerunt
1460 5722 1589 5790 sese.
1650 5701 1712 5739 ’⁸⁸
1889 5737 1961 5747 —-
1983 5724 2060 5788 κα

2171 5723 2336 5765 ιπον.
2395 5701 2522 5771 Des.
2560 5701 2716 5786 apud
2742 5701 2905 5777 Cordi.
2938 5701 3052 5774 [ξι-ἶ
3071 5701 3142 5790 ’ρ.
3167 5701 3298 5774 157.
3361 5701 3734 5775 έοῖιοιανῖὲ

483 5771 745 5840 σφαγάς.
786 5771 911 5828 llaec
943 5775 1084 5844 apud
1107 5771 1270 5830 Cord.
1303 5774 1340 5831 l.
1376 5791 1425 5832 c.
1459 5777 1526 5831 ad
1568 5791 1710 5833 vers.
1739 5777 1810 5832 35
1835 5779 2086 5849 apposita
2116 5791 2266 5836 sunt.
