3924 6486
160 292 298 358 1733

1570 285 1651 346 ΙΝ
1691 282 1899 345 PSAL.
1941 279 2053 339 CV.

3307 268 3441 333 1734

228 402 427 475 μ’-μβ’.
461 420 479 453 ι
517 402 630 456 Καὶ
660 397 907 472 ὠργίσθη
949 397 1107 469 θυμῷ
1139 395 1345 468 Κύριος
1378 396 1472 451 ἐπὶ
1504 395 1593 448 τὸν
1620 394 1749 447 λαὸν

1923 386 2091 440 Vens.
2130 382 2319 437 40-42.
2357 398 2376 432 ι
2421 379 2487 435 Et
2532 380 2704 435 iratus
2730 387 2815 435 est
2849 376 3034 433 furore
3074 376 3337 434 Dominus
3387 382 3439 433 in

158 495 347 557 αὐτοῦ,
375 493 473 546 καὶ
502 491 826 556 ἐϐδελύξατο
866 490 966 562 τὴν
998 490 1371 561 κληρονομίαν
1408 486 1599 543 αὑτοῦ.
1637 486 1747 539 Καὶ

159 587 477 657 παρέδωκεν
499 585 696 647 αὐτοὺς
729 585 809 647 είς
834 586 1023 654 χεῖρας
1049 581 1263 652 ἐχθρῶν
1287 582 1356 647 ⁸⁷,
1379 581 1474 634 καὶ
1494 578 1748 649 ἐκυρίευ-

164 695 257 731 σαν
293 675 474 729 αὐτῶν
507 678 555 728 οἱ
586 674 875 746 μισοῦντες
904 673 1127 736 αὐτούς.
1156 672 1267 725 Καὶ
1304 671 1529 741 ἕθλιψαν
1552 671 1749 732 αὐτοὺς

160 771 207 821 οἱ
230 769 421 839 ἐχθροὶ
452 768 657 831 αὐτῶν,
696 768 788 821 καὶ
819 764 1264 836 ἐταπεινώθησαν
1298 765 1403 817 ὑπὸ
1438 764 1535 826 τὰς
1562 766 1750 833 χεῖρας

162 859 361 913 αὐτῶν.
396 878 415 910 ι
450 857 636 913 Ταῦτα
670 860 765 911 καὶ
787 859 821 928 ή
845 857 952 910 τῶν
989 856 1209 926 Κριτῶν
1243 855 1452 925 ἱστορία
1484 854 1748 920 διδάσκει,

163 952 252 1003 καὶ
293 950 477 1019 μέντοι
508 950 603 1003 καὶ
639 952 672 1021 ἡ
715 950 824 1003 τῶν
871 949 1174 1002 Βασιλειῶν
1250 950 1562 1021 συγγραφή.
1614 949 1753 1001 Ποτέ

168 1042 263 1111 μὲν
294 1041 402 1110 γὰρ
428 1040 774 1103 Μωαϐίταις,
813 1038 945 1092 ποτὲ
965 1038 1023 1091 δὲ
1063 1039 1446 1109 Ἀμμανίταις,
1484 1038 1673 1092 ἄλλοτε
1696 1038 1753 1093 δέ

176 1137 605 1207 Ἀμαλακίταις,
658 1136 753 1189 καὶ
806 1134 1195 1204 Μαδιηναίοις,
1254 1136 1350 1188 καὶ
1408 1133 1751 1202 Ἀλλοφύλοις

169 1231 473 1299 παρέδωκε.
505 1230 571 1298 τῇ
600 1226 821 1298 παιδείᾳ
853 1228 952 1295 τὴν
974 1225 1248 1295 ὠφέλειαν
1279 1225 1660 1297 καρπούμενος
1684 1226 1749 1278 ⁸⁸.

236 1345 350 1408 μγ’.
383 1359 399 1389 ε
437 1338 736 1401 Πλεονάκις
766 1336 1037 1409 ἐρρύσατο
1058 1337 1289 1400 αὐτούς·
1319 1338 1475 1390 αὐτοὶ
1496 1338 1555 1392 δέ
1614 1354 1757 1408 παρ-

170 1432 469 1500 επίκραναν
499 1430 660 1483 αὐτὸν
680 1432 738 1483 ὲν
764 1432 830 1501 τῇ
859 1429 1023 1501 βουλῇ
1051 1428 1254 1493 αὐτῶν,
1272 1430 1361 1482 καὶ
1382 1429 1755 1501 ἐταπεινώθη-

173 1541 266 1577 σαν
288 1524 350 1576 ἐν
370 1526 489 1587 ταῖς
517 1523 764 1593 ἀνομίαις
793 1522 992 1576 αὐτῶν.
1024 1540 1041 1573 ι
1085 1521 1341 1589 Ἐπάγων
1362 1523 1470 1593 γὰρ
1498 1522 1597 1593 τὴν
1631 1540 1760 1575 παι-

172 1613 315 1665 δείαν
337 1614 498 1667 πάλιν
525 1612 801 1683 μετεδίδου
826 1611 1270 1683 φιλανθρωπίαςο
1292 1614 1343 1665 οἱ
1370 1613 1427 1666 δέ
1455 1612 1616 1665 αὐτὸν
1643 1614 1758 1677 τοῖς

174 1705 430 1767 ἐναντίοις
461 1704 772 1775 ἠμείϐοντο.

242 1818 346 1889 μδ⁹.
385 1837 406 1870 ι
444 1816 555 1871 Καὶ
590 1814 699 1871 εἶδε
740 1815 945 1887 Κύριος
962 1817 1006 1849 ⁶⁹
1033 1816 1092 1869 ἐν
1123 1815 1201 1887 τῷ
1232 1816 1507 1870 θλίϐεσθαι
1535 1816 1751 1881 αὐτοὺς,

177 1912 229 1964 ἐν
273 1910 351 1981 τῷ
400 1910 563 1964 αὐτὸν
622 1908 943 1962 εἰσακοῦσαι
996 1909 1095 1979 τῆς
1145 1909 1384 1979 δεήσεως
1422 1908 1602 1962 αὐτῶν
1624 1909 1691 1963 τ’.
1730 1927 1748 1959 ι

176 2001 357 2055 Ταῦτα
411 2002 505 2054 καὶ
537 2000 592 2053 αἱ
627 2001 854 2071 ἱστορίαι
896 1995 1235 2055 διδάσκουσιο
1282 2000 1375 2053 καὶ
1414 2000 1495 2052 ὅτι
1531 1998 1755 2069 ἐδεήθη-

179 2111 271 2146 σαν
297 2093 390 2146 τοῦ
440 2092 576 2146 Θεοῦ
625 2093 792 2147 ἀπὸ⁷¹
846 2093 945 2163 τῆς
988 2094 1236 2164 ἀνάγκης
1281 2092 1617 2163 ὠθούμενον
1663 2093 1758 2145 καὶ

178 2189 252 2239 ὅτι
282 2184 564 2256 δεηθέντες
593 2184 965 2255 ἡκούσθησαν.

246 2307 347 2371 με’.
388 2318 407 2350 ι
438 2301 547 2354 Καὶ
578 2298 823 2369 ἐμνήσθη
851 2299 951 2368 τῆς
978 2299 1242 2370 διαθήκης
1267 2299 1454 2365 αὑτοῦ,
1482 2300 1576 2353 καί
1636 2317 1761 2371 μετ-

181 2392 416 2465 εμελήθη
438 2394 650 2447 κατὰτὸ
671 2393 876 2463 πλῆθος
905 2393 997 2447 τοῦ
1025 2394 1175 2446 ἐλέου
1200 2396 1243 2425 τ’
1272 2393 1459 2447 αὑτοῦ.
1487 2412 1506 2445 ι
1529 2393 1627 2445 Διά
1652 2394 1760 2461 γὰρ

179 2487 273 2550 τὰς
298 2488 437 2557 πρὸς
468 2487 595 2550 τοὺς
627 2488 871 2557 πατέρας
906 2486 1242 2555 ἐπαγγελίας
1269 2487 1361 2539 τὸν
1388 2486 1538 2539 ἔλεον
1563 2487 1760 2556 ἐχορή-

180 2594 340 2650 γησε·
376 2577 782 2646 μεταμέλειαν
816 2579 871 2630 δὲ
894 2578 1051 2631 καλεί
1083 2579 1179 2647 τῆς
1208 2578 1458 2641 παιδείας
1491 2577 1587 2649 τήν
1631 2579 1762 2630 παῦ-

181 2671 292 2723 λαν.
335 2671 396 2723 Ὀ
422 2669 531 2739 γὰρ
577 2670 709 2731 Θεὸς
746 2671 841 2740 τῆς
885 2670 1247 2741 μεταμελείας
1285 2671 1384 2723 οὐκ
1427 2670 1540 2742 ἔχει
1575 2671 1635 2723 τὸ
1668 2670 1763 2723 ’πά⁹

184 2763 288 2829 θος,
320 2764 443 2817 οὐδὲ
465 2763 559 2816 νῦν
594 2763 692 2832 μὲν
714 2762 942 2829 τούτοις,
974 2762 1069 2815 νῦν
1099 2764 1155 2816 δέ
1182 2763 1409 2827 ἐκείνοις
1442 2762 1758 2834 ἀρέσκεται·

184 2858 313 2909 ἀλλά
334 2858 517 2927 σοφῶς
549 2857 763 2909 ἅπαντα
800 2856 1183 2927 πρυτανεύων,
1216 2856 1311 2909 καὶ
1353 2856 1604 2919 παιδείας
1665 2857 1764 2908 ἐπ-

186 2949 325 3016 άγει,
353 2946 449 2999 καὶ
475 2946 886 3016 φιλανθρωπίαν
913 2946 1116 3017 ὀρέγει.

251 3069 371 3132 pg’.
410 3081 429 3112 ε
468 3062 575 3114 Καὶ
603 3061 800 3114 ἔδωκεν
830 3062 1025 3123 αὐτοὺς
1055 3062 1132 3124 εἰς
1157 3062 1497 3131 οἰκτιρμοὺς,
1521 3062 1761 3115 ἐναντίον
1787 3096 1830 3153 C

188 3155 400 3207 πάντων
420 3155 528 3206 τῶν
563 3152 1125 3223 αἰχμαλωτευσάντων
1160 3154 1378 3215 αὐτούς.
1424 3173 1441 3204 ι
1486 3154 1641 3207 Οὕτω
1670 3156 1761 3207 τὸν

187 3247 363 3317 Κύρον
392 3244 735 3311 κατέθελξεν,
764 3243 856 3298 καὶ
882 3246 961 3307 είς
996 3244 1141 3296 ἔλεον
1176 3244 1410 3315 ἔκαμψε,
1454 3248 1548 3300 καὶ
1581 3246 1765 3298 δοῦναι

186 3342 291 3401 τοῖς
310 3337 667 3409 δορυαλώτοις
690 3336 787 3408 τὴν
817 3336 1130 3408 ἐλευθερίαν
1169 3338 1453 3409 πεποίηκε.

254 3457 364 3525 με’.
404 3475 421 3506 ι
461 3454 641 3506 Σῶσον
678 3454 825 3523 ἡμᾶς
851 3496 865 3520 ,
891 3454 1064 3522 Κύριε
1096 3456 1123 3507 ὁ
1157 3454 1289 3518 Θεὸς
1324 3455 1497 3524 ήμῶν,
1530 3456 1625 3509 καὶ
1648 3456 1766 3508 ἐπι-

189 3547 461 3613 συνάγαγε
495 3548 641 3615 ἡμᾶς
667 3547 730 3597 ἐκ
761 3547 869 3597 τῶν
904 3546 1099 3599 ἐθνῶν·
1133 3546 1227 3600 τοῦ
1266 3545 1766 3618 ἐξομολογήσασθαι

188 3642 261 3710 τῷ
291 3641 517 3711 ὀνόματί
549 3658 642 3692 σου
673 3640 751 3710 τῷ
779 3642 939 3710 ἁγίῳ,
969 3639 1064 3693 τοῦ
1098 3640 1476 3711 ἐγκαυχᾶσθαι
1507 3642 1564 3694 ἐν
1589 3644 1654 3710 τῇ
1682 3643 1767 3692 ai-

190 3734 335 3785 νέσει
368 3749 485 3785 σου.
530 3752 547 3783 ι
596 3733 705 3784 Καὶ
737 3731 911 3784 ταῦτα
938 3732 1107 3801 δηλοῖ,
1144 3732 1219 3794 ὼς
1246 3735 1274 3785 ὀ
1308 3731 1643 3802 προφητικὸς
1667 3732 1768 3783 αὐ-

188 3829 309 3889 τοὺς
338 3826 579 3879 διδάσκει
618 3824 795 3893 λόγος,
838 3825 955 3888 πῶς
992 3826 1075 3878 δεῖ
1116 3826 1207 3879 τὸν
1247 3826 1378 3878 Θεὸν
1422 3824 1766 3889 ίλεώσασθαι,

189 3923 279 3975 καὶ
309 3925 407 3991 τῆς
434 3922 565 3992 παρ’
604 3920 769 3973 αὐτοῦ
808 3920 1131 3991 κηδεμονίας
1157 3924 1355 3990 τυχεῖν.
1394 3921 1502 3973 Καὶ
1530 3922 1558 3972 ὁ
1586 3920 1772 3972 θεσπέ-

192 4031 302 4075 σιος
324 4014 381 4065 δὲ
430 4012 751 4074 Ἀπόστολος
780 4011 877 4082 τὴν
896 4012 1163 4081 ἐσομένην
1206 4011 1478 4072 Ἰουδαίοις
1496 4010 1770 4081 σωτηρίαν

191 4107 274 4159 διά
317 4106 495 4159 Ἡλιοῦ
542 4105 637 4158 τοῦ
673 4107 928 4158 Θεσϐἰτου
974 4106 1407 4175 προηγόρευσεν
1462 4122 1481 4155 ‹
1520 4104 1675 4167 ’Ἥξει
1706 4105 1771 4156 ἐκ

194 4198 327 4251 Σιὼν
348 4200 414 4263 ⁷³,
440 4200 626 4268 φησὶν,
659 4201 687 4251 ὁ
717 4198 999 4269 ῥυόμενος,
1034 4198 1129 4250 καὶ
1160 4197 1493 4266 ἀποστρέψει
1516 4196 1771 4259 ἀσεϐείας

194 4294 297 4344 απὸ
340 4291 569 4345 Ἰακώϐ⁴
600 4292 691 4345 καὶ
718 4292 857 4361 αὕτη
894 4292 1077 4353 αὐτοῖς
1107 4293 1139 4360 ή
1176 4292 1305 4361 παρ’
1340 4291 1472 4359 ἐμοῦ
1513 4290 1769 4361 διαθήκη,

193 4383 316 4436 ὅταν
342 4384 633 4451 ἀφέλωμαι
672 4382 772 4444 τάς
814 4382 1090 4451 ἁμαρτίας
1112 4381 1310 4433 αὐτῶν.
1360 4399 1378 4431 ι
1432 4382 1505 4433 Οὐ
1546 4381 1645 4449 μὲν
1674 4380 1773 4450 τὴν

193 4473 501 4543 οἰκοδομίαν
542 4474 643 4543 τῆς
702 4474 1058 4544 Ἰερουσαλὴμ
1106 4475 1432 4541 προσμεῖναι
1474 4473 1579 4533 δεῖ,
1632 4471 1772 4525 κατὰ

196 4568 313 4628 τοὺς
342 4566 546 4635 μύθους
590 4567 696 4618 τῶν
738 4567 1005 4635 ἀνοήτων,
1052 4565 1147 4617 καὶ
1180 4565 1277 4633 τὴν
1308 4565 1447 4617 κατά
1476 4564 1641 4633 νόμον
1680 4564 1772 4615 λα-

196 4659 393 4728 τρείαν,
425 4659 642 4721 καὶτὰς
675 4658 903 4725 ἀλόγους
934 4657 1145 4719 θυσίας,
1186 4658 1280 4709 καὶ
1324 4656 1643 4726 περιτομὴν,
1678 4655 1774 4708 καὶ

198 4747 484 4811 σάϐϐατον,
521 4749 616 4800 καὶ
646 4748 849 4816 σκιώδη
874 4750 1310 4817 περιρραντήρια
1341 4748 1477 4816 μετά
1522 4747 1583 4797 τὸ
1634 4764 1772 4800 παν-

198 4839 343 4905 άγιον
367 4838 648 4908 βάπτισμα
667 4853 683 4869 ο
716 4837 887 4891 ταῦτα
920 4840 1026 4909 γὰρ
1055 4840 1314 4908 γραῖδίων
1334 4839 1639 4907 μεθυόντων
1669 4854 1770 4890 παρ

198 4932 327 5002 ραλη
339 4933 405 5001 ρή
415 4948 560 5000 ματα
583 4932 627 4963 ⁷⁸
648 4947 661 4959 °
690 4930 823 4983 ἀλλά
842 4931 1032 5000 κλῆσιν
1056 4934 1148 4983 καὶ
1166 4932 1461 4997 ἐπίγνωσιν
1488 4929 1767 5000 ἀληθείας,

198 5024 287 5077 καὶ⁵
314 5024 498 5076 πίστιν
518 5024 599 5086 είς
626 5024 717 5076 τὸν
736 5025 1015 5093 Δεσπότην
1048 5022 1302 5093 Χριστὸν,
1340 5024 1434 5075 καὶ
1453 5022 1551 5091 τῆς
1578 5022 1770 5091 καινῆς

196 5113 460 5185 διαθήκης
483 5114 581 5184 τὴν
604 5115 899 5168 πολιτείαν.

264 5308 289 5346 ιτ
326 5293 487 5347 Rom.
522 5309 597 5355 xl,
649 5291 740 5356 26,
790 5292 895 5357 27;
936 5291 1063 5345 coll.
1127 5288 1228 5346 lsa.
1268 5306 1379 5355 ux,
1419 5291 1510 5346 20.

1850 480 2115 551 pepulum
2170 490 2329 531 suum
2362 514 2377 537 ,
2435 482 2490 527 et
2532 473 2883 527 abominatus
2929 480 3014 526 est
3067 471 3441 527 baereditatem

1852 585 2032 624 suam.
2063 566 2166 621 ‘Et
2190 566 2413 620 tradidit
2435 580 2530 619 eos
2564 565 2617 617 in
2652 578 2849 617 manus
2874 563 3137 627 hostium,
3176 573 3231 616 et
3258 563 3445 617 domi-

1852 661 1966 714 nati
2001 667 2130 714 sunt
2169 657 2257 719 iis,
2290 656 2385 726 qui
2416 657 2650 710 oderunt
2680 670 2795 709 eos.
2827 653 2894 707 Et
2917 653 3313 707 tribulaverunt
3348 669 3444 709 eos

1854 751 2059 807 inimici
2130 765 2363 814 eorum,
2414 758 2468 803 et
2528 746 2799 801 humiliati
2862 755 2992 801 sunt
3045 746 3150 801 sub
3191 745 3445 801 manibus

1855 860 2073 899 eorum.
2142 862 2159 895 ι
2200 843 2325 896 llaac
2363 850 2416 896 et
2461 840 2716 895 Judirum
2765 840 2998 894 historia
3047 839 3228 903 docet,
3281 849 3447 908 atque

1855 935 2016 989 etiam
2052 933 2364 1005 Regnorum
2394 932 2536 985 libri.
2567 929 2701 984 Nam
2728 932 2891 985 modo
2927 929 3148 999 quidem
3170 928 3443 993 Moabitis,

1856 1027 2020 1079 modo
2054 1040 2186 1079 vero
2222 1023 2578 1085 Ammanitis,
2622 1024 2760 1077 alias
2802 1031 2984 1076 autem
3016 1020 3354 1084 Amaleeitis,
3390 1029 3447 1075 et

1858 1117 2202 1183 Madianmis,
2237 1127 2292 1171 et
2327 1115 2635 1186 Allopbylis
2661 1129 2759 1169 eos
2791 1114 3033 1179 tradidit,
3065 1124 3124 1168 ut
3152 1130 3246 1184 per
3280 1114 3446 1169 casti-

1857 1210 2133 1281 gationem
2180 1207 2483 1261 commodis
2519 1206 2763 1275 ipsorum
2806 1206 3135 1259 consuleret.

1932 1320 2095 1374 Vens.
2133 1318 2223 1371 45.
2262 1334 2281 1367 ι
2327 1315 2481 1385 Saepe
2513 1316 2764 1370 liberavit
2795 1332 2911 1380 eos,
2951 1317 3052 1385 ipsi
3101 1326 3283 1371 autem
3313 1332 3446 1372 exa-

1859 1410 2225 1466 Cerhaverunt
2248 1424 2374 1462 eum
2412 1408 2643 1462 consilio
2675 1424 2793 1473 soo,
2821 1419 2876 1462 et
2906 1409 3174 1463 ltumiliati
3225 1416 3354 1463 sunt
3389 1410 3446 1463 in

1861 1502 2247 1572 iniquitatibus
2276 1502 2412 1555 suis.
2468 1518 2485 1551 ι
2523 1499 2779 1571 lnlligens
2803 1501 2948 1554 enim
2984 1516 3223 1570 poenam,
3255 1518 3447 1556 rursus

1861 1590 2255 1661 benignitatem
2292 1589 2521 1661 largitus
2553 1599 2672 1657 est;
2711 1589 2812 1659 ipsi
2850 1599 3031 1644 autem
3060 1592 3332 1646 contraria
3364 1607 3448 1646 re-

1862 1682 2188 1754 pendebant.

1932 1816 2103 1873 Vans.
2147 1816 2235 1869 44.
2270 1834 2289 1866 ι
2350 1815 2415 1870 Et
2454 1816 2590 1870 vidit
2630 1815 2895 1872 Dominus
2943 1832 3067 1871 eum
3111 1815 3447 1871 tribularen-

1865 1920 1976 1975 tur,
2024 1924 2147 1965 cum
2199 1909 2417 1962 audiret
2467 1910 2775 1963 orationem
2824 1923 3037 1963 eorum.
3074 1925 3092 1958 ι
3130 1907 3255 1962 Haec
3282 1910 3445 1963 etiam

1862 2002 2109 2057 historiae
2132 2002 2351 2063 docent,
2383 2010 2437 2055 et
2475 2001 2625 2071 ipsos
2655 2000 2825 2055 Deum
2857 2002 3183 2055 obseerasse
3204 2017 3232 2053 a
3264 2017 3449 2057 neces-

1864 2095 2025 2148 sitate
2066 2091 2356 2162 impulsos.
2391 2101 2594 2146 etcum
2644 2106 2833 2162 preces
2888 2090 3177 2154 fudissent,
3220 2092 3448 2146 exaudi-

1865 2193 1950 2237 tos
1985 2181 2171 2236 luisse.

1933 2293 2099 2348 Vens.
2132 2293 2222 2347 45.
2258 2311 2276 2343 ι
2316 2290 2382 2345 Ει
2414 2306 2623 2347 memor
2650 2291 2752 2347 fuit
2794 2293 3015 2350 {traderis
3042 2295 3148 2361 sui,
3195 2306 3247 2350 et
3278 2296 3451 2361 poeni-

1865 2385 1968 2439 tuit
2039 2400 2163 2437 eum
2227 2384 2528 2438 secundum
2595 2384 2999 2439 multitudinem
3061 2386 3450 2440 misericordi:e

1865 2490 1998 2529 suae.
2041 2494 2058 2525 ι
2099 2474 2229 2528 Nam
2283 2486 2507 2545 prepter
2539 2476 2934 2543 promissiones
2968 2476 3214 2545 patribus
3278 2477 3450 2533 factas

1865 2569 2300 2623 misericordiam
2338 2569 2606 2623 exhibuit.
2665 2567 3041 2623 Paenitentiam
3082 2569 3295 2642 1364
3320 2587 3452 2627 vero

1866 2672 2145 2729 nuncupat
2169 2675 2342 2727 poma:
2374 2661 2758 2715 cessationem.
2793 2661 3073 2732 Siquidem
3116 2664 3451 2732 pteuiteutiaa

1865 2753 2095 2807 aﬂ'ectus
2124 2753 2175 2806 in
2213 2753 2381 2807 Deum
2423 2768 2529 2807 non
2558 2750 2723 2817 cadit,
2754 2770 2931 2823 neque
2959 2757 3121 2810 modo
3157 2757 3263 2819 bis,
3289 2760 3451 2811 modo

1867 2845 1975 2900 illis
2022 2848 2320 2900 delectatur
2352 2864 2363 2899 :
2395 2846 2487 2899 sed
2523 2846 2704 2898 omnia
2742 2846 3015 2915 sapienter
3054 2848 3369 2916 moderans,
3393 2860 3449 2905 et

1866 2936 2133 3005 supplicia
2165 2934 2380 3006 inﬂigit,
2412 2948 2467 2989 et
2503 2936 2889 3005 benignitatem
2922 2938 3162 2992 exhibet.

1941 3048 2099 3103 Vrsas.
2132 3050 2220 3103 46.
2272 3067 2288 3098 ι
2332 3050 2395 3101 Et
2437 3050 2637 3114 eﬂ‘ecit,
2674 3059 2731 3103 ut
2777 3051 3205 3106 misericordiam
3252 3068 3450 3109 cense-

1868 3149 2173 3211 querentur
2204 3156 2392 3195 coram
2432 3144 2688 3197 omnibus
2720 3144 2812 3213 qui
2844 3155 3101 3214 ceperant
3142 3161 3259 3200 eos.
3302 3166 3320 3198 ι
3357 3147 3449 3204 Sic

1866 3236 2065 3304 Cyrum
2090 3234 2372 3297 demulsit,
2402 3243 2456 3288 et
2489 3235 2553 3288 ad
2582 3236 3013 3292 misericordiam
3050 3238 3278 3306 inﬂexit,
3304 3251 3358 3295 et
3388 3252 3445 3297 ut

1866 3326 2096 3395 captivis
2132 3326 2436 3381 libertatem
2470 3329 2643 3393 daret,
2678 3329 2875 3383 eﬂeeit.

1942 3438 2106 3494 Vsus.
2135 3440 2225 3495 47.
2266 3459 2283 3490 ι
2320 3440 2512 3496 Salvos
2542 3458 2641 3497 nos
2676 3442 2779 3509 fac,
2803 3442 3031 3500 Domine
3064 3447 3205 3503 Deus
3239 3458 3447 3514 noster,

1867 3540 1919 3587 ct
1950 3547 2218 3601 eongrega
2249 3547 2348 3585 nos
2375 3532 2442 3585 de
2472 3533 2785 3588 nationibus
2814 3551 2827 3589 ε
2865 3544 2923 3589 ut
2951 3540 3313 3593 couliteamur
3345 3555 3446 3594 no-

1869 3620 2001 3673 mini
2021 3628 2113 3674 tuo
2142 3630 2349 3687 saneto,
2379 3623 2748 3691 etgloriemur
2775 3625 2827 3677 iu
2861 3626 3017 3681 laude
3044 3636 3153 3680 tua.
3192 3648 3211 3679 ι
3246 3628 3308 3685 Et
3336 3631 3450 3686 hac

1870 3714 2192 3773 ostendunt,
2230 3714 2548 3782 prOphetam
2568 3714 2717 3784 ipsos
2741 3715 2954 3779 docere,
2990 3722 3265 3787 quomodo
3296 3735 3452 3790 opor-

1870 3812 1983 3857 teat
2014 3802 2182 3856 Deum
2218 3805 2458 3872 placare,
2489 3815 2540 3859 et
2573 3807 2857 3875 providam
2888 3809 3006 3878 ejus
3036 3825 3223 3864 curam
3253 3827 3449 3868 conse-

1870 3894 1987 3964 qui.
2020 3895 2086 3948 Et
2133 3895 2351 3948 divinus
2374 3898 2668 3965 Apostolus
2694 3899 2930 3953 futuram
2967 3899 3279 3957 Judmorum
3303 3906 3451 3960 salu-

1872 3997 1978 4042 tem
2011 4003 2107 4056 per
2140 3987 2311 4041 Eliam
2342 3989 2655 4044 Thesbitam
2688 3993 2904 4047 asserit.
2955 4013 2973 4046 ‹
3010 3994 3220 4059 Veniet,
3253 3996 3451 4067 inquit,

1872 4096 1938 4135 ex
1974 4078 2139 4133 Sione
2164 4081 2255 4149 qui
2288 4082 2503 4150 eripiat,
2536 4092 2590 4137 et
2621 4093 2832 4138 avertat
2873 4086 3201 4155 impietatem
3236 4104 3264 4140 a
3292 4088 3456 4145 Jaco-

1871 4172 1944 4226 bo
1979 4191 1991 4226 :
2025 4182 2077 4226 et
2104 4173 2209 4227 hoc
2241 4173 2349 4227 illis
2377 4190 2405 4226 a
2443 4190 2528 4227 me
2563 4186 2969 4242 testamentum,
3016 4197 3140 4234 eum
3175 4183 3456 4238 abstulero

1877 4276 2099 4335 peccata
2126 4282 2317 4320 eorum
2348 4277 2397 4321 τι.
2440 4286 2457 4318 ι
2490 4265 2605 4320 Non
2628 4268 2791 4338 igitur
2820 4272 3234 4328 aediﬁcationem
3266 4276 3458 4330 Hiero-

1881 4359 2102 4428 solyma:
2129 4369 2447 4429 exspectare
2478 4370 2715 4430 Oportet,
2745 4365 3047 4419 secundum
3078 4366 3290 4423 fabulas
3323 4370 3457 4423 stul-

1880 4462 2083 4513 torum,
2116 4460 2169 4503 et
2207 4453 2413 4505 cultum
2454 4458 2468 4472 '
2496 4453 2799 4506 secundum
2838 4456 3032 4525 legem,
3084 4465 3138 4510 et
3188 4459 3453 4515 sacrificia

1882 4541 2113 4595 ratiOuis
2152 4543 2417 4610 expertia,
2449 4554 2502 4595 et
2530 4545 3028 4609 eireumcisionem,
3052 4558 3103 4601 et
3141 4550 3452 4616 sabbatum,

1882 4640 1935 4684 et
1987 4632 2309 4687 umbratiles
2347 4635 2693 4703 aspersiones
2739 4647 2861 4705 post
2908 4645 3156 4691 sanetum
3188 4638 3451 4708 baptisma

1885 4726 2026 4794 (haec
2056 4725 2202 4778 enim
2239 4726 2422 4779 omnia
2451 4727 2726 4781 chriarum
2765 4729 3105 4782 anicularum
3144 4741 3274 4784 sunt
3317 4731 3457 4786 deli-

1886 4817 2177 4883 lamenta),
2200 4819 2291 4871 sed
2323 4818 2687 4878 vocationem,
2714 4829 2769 4873 et
2799 4820 3043 4874 veritatis
3063 4822 3453 4890 cognitionem.

1882 4917 1935 4962 et
1965 4907 2123 4960 Iidem
2155 4909 2206 4960 in
2250 4906 2541 4964 Dominum
2580 4908 2885 4974 Christum,
2908 4920 2963 4966 et
2992 4912 3116 4967 novi
3149 4915 3454 4970 testamenti

1879 4999 2350 5055 constitutionem.
2452 4997 2461 5005 ’
3266 4996 3271 5001 ”

1285 5444 1519 5501 ἾΑΒΙᾹΞ
1555 5446 1938 5507 LECTIONES
1978 5452 2063 5507 ET
2102 5453 2336 5511 ΝΟΤΑΞ.

266 5566 306 5595 ιτ
339 5562 617 5633 Ἐχθρῶγ.
643 5561 805 5617 Hebr.
832 5564 1084 5633 gentium-

199 5636 240 5665 "
268 5632 697 5702 Τῆς⁷⁷δεήσεως
739 5633 958 5687 αὐτῶν.
1024 5632 1188 5688 llebr.
1242 5632 1542 5687 Clamorem
1589 5650 1793 5688 eorum.

1164 5562 1208 5593 ⁸⁸
1247 5566 1436 5639 Egon.
1513 5565 1634 5619 cod.
1683 5566 1707 5619 1
1764 5570 2309 5639 πραγματευόμενος.

199 5638 240 5665 ’⁸
268 5638 383 5702 Τῆς
434 5638 697 5699 δεήσεως
739 5638 958 5687 αὐτῶν.
1024 5638 1188 5688 Hebr.
1242 5638 1542 5687 Clamorem
1589 5650 1763 5688 eorum

198 5706 359 5761 Abest
390 5721 421 5760 a
452 5705 575 5760 eod.
609 5704 661 5757 1.
737 5704 784 5735 ⁷⁸
811 5707 1041 5773 Ιιαραλ.
1067 5704 1187 5760 cod.
1219 5704 1241 5757 l
1274 5703 1340 5758 τὰ
1360 5703 1674 5775 ληρήματα.
1716 5704 1763 5760 Ρη

1876 5638 2066 5709 τ’,οοὼ
2134 5638 2156 5695 l
2204 5642 2330 5695 ὑπό.
2408 5644 2453 5674 τ’
2502 5638 2594 5700 eod

1877 5706 2013 5761 ἀλλὰ
2040 5710 2171 5765 ibid.
2200 5712 2447 5782 sequitur
2479 5717 2594 5771 καί.

2410 5573 2454 5645 ff
2494 5576 2729 5645 Κύριος.
2790 5579 2955 5635 Abest
3009 5594 3040 5636 α
3088 5590 3235 5637 textu
3287 5581 3452 5641 Hebr.

2408 5644 2453 5674 τ’
2502 5644 2627 5702 cod.
2679 5647 2702 5701 1
2759 5650 2967 5714 ἐλέους.
3043 5650 3090 5685 ⁷³
3134 5651 3234 5708 Ἐκ
3277 5654 3445 5711 Σιών.
