3924 6486
478 278 616 341 1735

1428 272 1922 334 THEODORETI
1957 274 2306 337 EPISCOPI
2346 278 2719 343 CYRENSIS

3616 288 3767 356 1736

552 392 715 449 VERS.
746 390 838 446 48.
886 407 905 441 ι
943 388 1275 445 Benedictus
1310 388 1572 443 Dominus
1600 389 1742 444 Deus
1775 390 1993 445 lsraclis
2019 407 2046 443 a

2227 400 2339 464 μη’.
2376 414 2393 446 ι
2436 396 2747 469 Εὐλογητὸς
2779 398 2985 472 Κύριος
3021 403 3050 456 ό
3078 402 3213 469 Θεὸς
3255 405 3476 478 Ἰσραὴλ
3506 408 3616 463 ἀπὸ
3657 410 3764 465 τοῦ

472 488 697 549 saeculo.
725 494 780 541 et
812 500 988 554 usque
1021 485 1074 538 in
1101 483 1387 545 saeculum,
1420 492 1473 537 et
1495 483 1637 537 dicet
1661 483 1843 536 omnis
1874 497 2052 551 pepu-

473 583 561 637 lus
592 598 606 636 :
638 578 779 643 Fiat,
826 577 941 632 liat.
990 596 1009 628 ι
1054 575 1371 631 Laudabilis
1409 576 1553 630 enim
1611 574 1822 644 1365
1872 583 1956 630 est
2005 576 2059 629 in

471 673 734 729 omnibus
783 670 1174 724 universorum
1212 667 1500 731 Dominus,
1536 669 1628 735 qui
1665 666 1878 722 lsraelis
1914 665 2061 721 Deus

471 773 722 827 vocatur,
755 762 847 831 qui
877 762 948 816 ob
980 759 1266 815 hominum
1286 758 1517 813 salutem
1554 765 1705 811 tanta
1739 757 1925 812 subiit.
1956 757 2060 811 De-

470 862 558 912 cet
612 865 799 909 aulem
829 868 1049 908 omnem
1079 850 1339 921 populum
1370 848 1714 903 laudantium
1745 851 1863 904 voci
1893 850 2062 904 Amen

470 946 804 1015 subjungere
839 962 851 998 :
886 941 1329 1013 quandoquidem
1388 937 1553 1003 Fiat,
1610 939 1743 1007 ﬁat,
1802 938 2061 996 Hebraeus

472 1037 636 1090 Amen
677 1047 730 1088 ,ει
763 1034 926 1087 Amen
967 1042 1146 1087 vocat.
1198 1029 1356 1084 Unde
1401 1030 1565 1084 etiam
1599 1032 1944 1086 consuetudo
2004 1034 2060 1087 in

472 1126 733 1182 Ecclesiis
762 1124 1086 1195 permansit,
1118 1133 1180 1178 ut
1213 1122 1517 1193 doxologia:
1564 1123 1863 1179 sacerdotis
1888 1139 2064 1195 popu-

470 1220 555 1274 lus
587 1234 680 1287 per
712 1217 936 1271 verbum
970 1217 1134 1269 Amen
1153 1215 1509 1277 assentiatur,
1534 1229 1769 1284 eamque
1794 1231 1916 1286 quae
1935 1218 2062 1273 hinc

470 1312 838 1382 proﬁciscitur
872 1310 1322 1366 communionem
1352 1308 1570 1375 oderat,
1604 1322 1669 1363 ac
1698 1308 1942 1365 vicissim
1965 1310 2063 1367 be-

470 1404 837 1463 nedictionem
865 1403 1115 1472 recipiat.
2041 1402 2059 1419 ·

887 1517 1170 1574 INTERP.
1209 1514 1463 1571 PSALMI
1497 1515 1634 1571 CVI.

546 1633 567 1669 ί
610 1614 928 1670 Alleluia”
984 1610 1198 1681 Saepius
1236 1608 1580 1665 ostendimus
1640 1608 1891 1664 umbram
1936 1609 2061 1664 novi

471 1708 789 1766 testamenti
829 1721 951 1763 esse
979 1714 1138 1761 vetus
1182 1722 1195 1758 :
1234 1718 1337 1759 nec
1372 1703 1559 1757 minus
1588 1717 1656 1757 ex
1703 1702 1810 1757 hoc
1853 1703 2064 1772 psalmo

474 1802 636 1860 facile
666 1802 718 1856 id
745 1800 880 1857 disci
928 1806 1133 1869 potest.
1162 1794 1477 1852 Iudaeorum
1518 1794 1719 1865 quippe
1756 1793 2064 1849 libertatem

471 1896 718 1968 psalmus
777 1892 1045 1962 praecinit,
1093 1899 1149 1946 et
1179 1888 1428 1944 omnium
1482 1887 1771 1943 hominum
1832 1886 2063 1945 salutem

472 1988 739 2060 praedicit.
765 1985 1000 2042 Pulchre
1026 1997 1158 2038 vero
1186 1982 1426 2037 cohaeret
1453 1996 1579 2035 cum
1607 1979 2062 2050 praecedentibus.

471 2080 822 2138 Centesimus
861 2076 1009 2131 enim
1042 2083 1273 2144 quartus
1300 2073 1707 2142 promissioncs
1752 2087 1784 2126 a
1824 2071 1937 2125 Deo
1963 2087 2063 2140 pa-

472 2171 733 2230 triarchis
781 2169 957 2223 factas
994 2167 1258 2229 continet,
1291 2173 1347 2219 et
1377 2163 1519 2219 dona
1559 2162 1782 2217 illorum
1828 2162 2064 2231 posteris

471 2264 721 2337 praebita.
775 2260 880 2327 Qui
928 2257 1214 2331 proximus
1261 2264 1364 2320 est,
1401 2264 1596 2323 prmter
1638 2252 1924 2317 beneﬁcia,
1956 2249 2056 2303 Ju-

471 2357 716 2412 dzeorum
750 2352 1025 2421 ingratum
1060 2350 1306 2404 animum
1342 2345 1553 2409 docuit,
1609 2357 1911 2414 poenasque
1942 2342 2063 2395 istis

472 2457 762 2521 propterea
792 2446 1086 2514 irrogatas.
1120 2440 1221 2496 Hic
1244 2450 1427 2495 autem
1454 2436 1734 2495 servitutis
1760 2435 2061 2490 libertatem

471 2557 571 2613 per
588 2536 1027 2609 inexplicabilem
1051 2532 1142 2588 Dei
1166 2532 1561 2602 benignitatem
1586 2528 1719 2599 ipsis
1745 2541 2061 2582 concessam

473 2632 823 2689 vaticinatur.
861 2626 928 2681 Et
971 2624 1231 2696 quoniam
1281 2624 1333 2676 iu
1363 2624 1472 2678 illis
1506 2638 1594 2677 res
1637 2630 1841 2676 nostra:
1871 2620 2065 2675 adum-

471 2728 643 2785 brata:
670 2731 817 2785 sunt,
854 2720 1138 2776 cernimus
1162 2727 1344 2773 autem
1382 2716 1487 2771 hoc
1528 2717 1583 2769 in
1620 2715 1834 2785 psalmo
1867 2722 2066 2768 nostra:

472 2819 673 2877 salutis
691 2813 1112 2870 vaticinationes
1136 2830 1149 2865 :
1175 2825 1371 2880 magna
1395 2824 1463 2863 ex
1485 2816 1640 2879 parte
1669 2807 1832 2862 nobis
1856 2806 2063 2876 potius,

471 2928 639 2985 quam
662 2910 791 2971 illis,
826 2906 1146 2961 vaticinatio
1173 2903 1449 2961 convenit.

2167 483 2384 549 αἰῶνος,
2426 486 2520 541 καὶ
2565 488 2671 553 ἐως
2699 489 2793 543 τοῦ
2824 491 3048 557 αίῶνος·
3099 496 3195 549 καὶ
3224 498 3343 567 ἐρεῖ
3378 502 3487 563 πᾶς
3532 503 3562 554 ό
3602 501 3765 567 λαὸς,

2166 575 2403 642 Γένοιτο,
2437 581 2647 648 γένοιτο
2669 584 2732 636 ⁷⁸.
2788 601 2809 636 ι
2871 585 3142 658 Ὕμνητὸς
3169 590 3280 661 γὰρ
3329 592 3420 644 ἐπὶ
3469 596 3603 648 πᾶσι
3646 597 3769 649 τῶν

2165 667 2304 721 ὅλων
2355 672 2384 723 ὁ
2432 670 2659 743 Κύριος,
2710 674 2857 728 ότοῦ
2894 677 3111 749 Ἰσραὴλ
3153 683 3503 752 χρηματίσας
3545 686 3704 751 Θεὸς,
3738 689 3769 739 ὁ

2166 762 2404 816 τοσαῦτα
2436 765 2536 835 τῆς
2566 765 2676 818 τῶν
2715 765 3019 838 ἀνθρώπων
3045 768 3210 823 ἕνεκα
3256 777 3768 846 πραγματευσάμεο

2167 870 2256 917 νος
2276 855 2320 887 ⁷⁸
2355 859 2646 925 σωτηρίας.
2690 859 2962 929 Προσήκει
3016 861 3073 914 δὲ
3116 862 3207 915 τὸν
3252 862 3380 917 λαὸν
3430 866 3655 922 ἅπαντα
3704 870 3768 923 τὺ

2180 946 2372 1016 Ἀμὴν
2399 952 2466 1020 τῇ
2501 950 2609 1004 τῶν
2651 950 2965 1021 ὑμνούντων
3011 954 3294 1025 ἐπιφέρειν
3330 962 3501 1033 φωνῇ.
3532 961 3606 1014 Τὸ
3650 962 3767 1031 γὰρ

2168 1040 2439 1103 Γένοιτο,
2480 1040 2731 1108 γένοιτο,
2774 1041 2962 1111 Ἀμὴν
2988 1043 3085 1096 καί
3107 1045 3290 1113 ἀμὴν,
3318 1050 3347 1101 ό
3384 1048 3637 1121 Ἐϐραῖος
3663 1069 3767 1105 κα-

2168 1130 2269 1186 λεῖ.
2299 1132 2463 1186 Ὅθεν
2482 1133 2579 1185 καὶ
2606 1133 2668 1186 τὸ
2696 1134 2819 1198 ἔθος
2850 1137 2908 1188 ἐν
2932 1139 3052 1200 ταῖς
3092 1137 3447 1209 Ἐκκλησίαις
3474 1146 3766 1214 μεμένηκε

2168 1222 2230 1277 τὸ
2275 1228 2346 1296 τῇ
2379 1225 2659 1298 δοξολογίᾳ
2691 1226 2787 1280 τοῦ
2836 1228 3028 1299 ίερέως
3057 1229 3147 1283 διὰ
3178 1232 3274 1284 τοῦ
3316 1233 3485 1304 Ἀμὴν
3506 1237 3767 1289 συντίθε-

2170 1314 2291 1369 σθαι
2321 1315 2414 1370 τὸν
2443 1315 2571 1369 λαὸν
2588 1316 2652 1382 ⁷⁸,
2686 1319 2781 1371 καὶ
2809 1316 2908 1387 τὴν
2931 1317 3179 1373 ἐντεῦθεν
3211 1323 3494 1377 κοινωνίαν
3523 1324 3768 1395 προσφέ-

2171 1424 2305 1477 ρειν,
2334 1408 2429 1464 καὶ
2457 1409 2557 1479 τὴν
2586 1408 2840 1477 εὐλογίαν
2867 1409 3186 1480 λαμϐάνειν.

2474 1523 2743 1579 ΕΡΜΗΝ.
2786 1523 2923 1576 ΤΟΥ
2958 1524 3078 1590 PC,”
3116 1525 3439 1583 ΨΑΛΜΟΥ.

2252 1611 2630 1679 Ἁλληλούτα.
2665 1612 2934 1677 Πολλάκις
2967 1614 3353 1686 ἀπεδείξαμεν,
3386 1619 3467 1671 ὅτι
3497 1620 3629 1673 σκιά
3660 1620 3770 1689 τῆς

2172 1702 2366 1770 καινῆς
2411 1704 2444 1771 ἡ
2495 1702 2703 1755 παλαιὰ
2754 1703 2991 1773 διαθήκη
3021 1720 3035 1734 ·
3083 1706 3233 1759 οὐδὲν
3277 1706 3335 1760 δέ
3368 1704 3533 1779 ἦττον
3564 1713 3664 1764 καὶ
3701 1714 3769 1764 ἐκ

2173 1792 2327 1846 τοῦδε
2362 1792 2456 1846 τοῦ
2490 1792 2708 1862 ψαλμοῦ
2743 1793 2924 1866 ῥᾴδιον
2951 1793 3110 1848 τοῦτο
3149 1799 3507 1869 καταμαθεῖν.
3552 1802 3673 1871 Τήν
3707 1818 3768 1853 τε

2175 1885 2283 1956 γὰρ
2309 1883 2578 1939 Ἰουδαίων
2603 1885 2920 1957 ἐλευθερίαν
2946 1887 3269 1951 θεσπίζειπ,
3300 1893 3394 1944 καὶ⁵
3417 1892 3518 1962 τὴν
3537 1894 3770 1947 πάντων

2173 1976 2478 2048 ἀνθρώπων
2512 1976 2790 2046 σωτηρίαν
2825 1978 3215 2049 προαγορεύει.
3264 1981 3419 2052 Ἔχει
3459 1982 3518 2036 δὲ
3556 1985 3768 2054 πολλὴν

2172 2069 2310 2139 πρὸς
2338 2070 2465 2132 τοὺς
2500 2070 2980 2139 προτεταγμένους
3026 2071 3367 2127 ἀκολουθίαν.
3421 2074 3480 2127 '0
3517 2076 3621 2145 μὲν
3653 2078 3769 2148 γὰρ

2170 2162 2429 2229 τέταρτος
2473 2162 2568 2214 καὶ
2598 2162 2888 2225 ἐκατοστὸς
2921 2162 3175 2232 διήγησιν
3215 2163 3331 2233 ἔχει
3369 2166 3481 2221 τῶν
3518 2167 3626 2222 ὑπὸ
3666 2169 3765 2223 τοῦ

2168 2254 2303 2306 Θεοῦ
2323 2254 2457 2325 πρὸς
2478 2254 2604 2317 τοὺς
2626 2254 2970 2327 πατριάρχας
2988 2258 3373 2327 γεγενημένων
3392 2260 3763 2328 ἐπαγγελιῶν,

2168 2348 2263 2399 καὶ
2306 2346 2414 2399 τῶν
2451 2348 2565 2409 τοῖς
2612 2347 2837 2400 ἐκείνων
2874 2347 3122 2414 ἐκγόνοις
3159 2351 3613 2422 παρασχεθεισῶν
3657 2355 3767 2409 δω-

2173 2438 2332 2511 ρεῶν.
2377 2438 2435 2491 Ὁ
2468 2438 2525 2491 δὲ
2571 2438 2711 2507 μετὰ
2759 2440 2987 2504 ἐκεῖνον,
3032 2441 3169 2510 πρὸς
3208 2445 3331 2505 ταῖς
3386 2445 3765 2515 εὐεργεσίαις,

2170 2531 2265 2583 καὶ
2300 2530 2400 2599 τὴν
2446 2530 2722 2584 Ἰουδαίων
2755 2531 3080 2602 ἀχαριστίαν
3126 2533 3361 2599 ἐδίδαξε,
3416 2538 3510 2593 καὶ
3558 2539 3661 2604 τὰς
3697 2539 3766 2592 δι’

2170 2622 2389 2694 ἐκείνην
2441 2623 2828 2693 ἐπενεχθείσας
2886 2626 3159 2696 τιμωρίας
3218 2627 3421 2692 αὐτοῖς.
3484 2623 3661 2694 οὗτος
3708 2633 3769 2686 δὲ

2171 2714 2537 2785 προαγορεύει
2587 2715 2686 2785 τὴν
2730 2716 2829 2785 τῆς
2876 2717 3255 2787 αἰχμαλωσίας
3299 2720 3627 2793 ἀπαλλαγὴν
3678 2723 3769 2777 διὰ

2169 2806 2270 2875 τὴν
2308 2806 2547 2876 ἄρρητον
2590 2806 2683 2857 τοῦ
2719 2806 2855 2858 Θεοῦ
2903 2808 3313 2879 φιλανθρωπίαν
3359 2813 3765 2883 γεγενημένην.

2184 2897 2404 2967 Ἐπειδὴ
2435 2898 2492 2950 δὲ
2523 2898 2674 2951 mi"
2707 2900 2764 2951 ἐν
2794 2899 3024 2962 ἐκείνοις
3059 2902 3491 2972 ἐσκιογράφηται
3520 2905 3593 2957 τὰ
3624 2907 3767 2975 ἡμέο

472 3028 627 3083 τερα,
659 3011 878 3081 ὁρῶμεν
905 3007 961 3060 δὲ
987 3005 1082 3060 καὶ
1104 3006 1160 3058 ἐν
1184 3004 1317 3075 τῷδε
1340 3003 1417 3075 τῷ
1442 3001 1643 3072 ψαλμῷ
1701 3001 1804 3072 τῆς
1860 2997 2139 3071 ἡμετέρας
2179 2995 2456 3066 σωτηρίας
2493 2994 2563 3047 τὰ
2592 2994 2940 3065 θεσπίσματα
2968 3012 2982 3027 ·
3035 2995 3236 3067 μᾶλλον
3272 2999 3407 3069 ἡμῖν
3451 3000 3484 3070 ἢ
3527 3001 3767 3064 ἐκείνοις

471 3106 741 3184 ἁρμόττει
770 3108 870 3177 τῆς
903 3100 1243 3176 προφητείας
1270 3100 1332 3153 τὸ
1363 3100 1637 3151 πλεῖστον.

547 3177 715 3257 Vsus.
746 3199 799 3254 l.
841 3217 859 3250 ι
898 3192 1254 3252 Conﬁtemini
1298 3191 1528 3245 Domino
1558 3187 1819 3259 quoniam
1856 3186 2058 3245 bonus,

2238 3180 2308 3233 α’.
2353 3198 2371 3230 ι
2416 3177 2858 3247 Ἐξομολογεῖσθε
2907 3177 2985 3247 τῷ
3028 3178 3217 3248 Κυρίῳ
3254 3179 3337 3232 δτι
3380 3180 3641 3251 χρηστὸς,
3684 3180 3770 3234 ὅτι

479 3295 697 3367 1366
729 3291 990 3362 quoniam
1039 3288 1095 3342 in
1127 3284 1387 3342 saeculum
1442 3279 1819 3336 misericordia
1858 3278 1998 3347 ejus.
2039 3295 2057 3327 ι

478 3389 696 3442 Rursus
750 3397 933 3439 sermo
966 3378 1321 3451 propheticus
1366 3388 1469 3429 nos
1503 3382 1564 3426 ut
1598 3372 1764 3426 Deum
1814 3368 2063 3424 beneﬁcii

476 3486 756 3534 auctorem
787 3472 1076 3527 laudemus
1114 3469 1368 3523 hortatur
1409 3481 1421 3515 :
1453 3477 1679 3517 causam
1709 3475 1838 3516 vero
1866 3459 2063 3529 hujus-

477 3571 624 3627 modi
658 3566 836 3622 laudis
868 3561 1261 3632 benignitatem
1286 3571 1408 3612 esse
1428 3554 1584 3609 dicit.

548 3666 567 3686 "
594 3660 764 3716 Vens.
791 3659 848 3712 ‘2.
889 3675 907 3707 ι
940 3653 1137 3708 Dicant
1171 3649 1263 3719 qui
1298 3646 1565 3715 redempti
1600 3651 1727 3699 sunt
1756 3657 1786 3696 a
1811 3641 2063 3704 Domino,

478 3767 617 3824 quos
654 3747 891 3804 redemit
942 3759 973 3799 e
1026 3756 1189 3797 manu
1228 3736 1459 3794 inimici.
1499 3756 1517 3787 ι
1555 3733 1622 3788 Et
1646 3732 1866 3788 Judaaos
1898 3748 1928 3786 a
1962 3731 2065 3785 Ba-

479 3842 825 3917 byloniorum
854 3836 1121 3893 servitute
1148 3832 1410 3887 liberatos
1429 3830 1662 3900 hymnos
1687 3839 1884 3881 canere
1901 3839 2067 3893 opor-

479 3916 627 3993 tebat
662 3954 676 3990 :
709 3944 763 3989 et
801 3948 904 3987 nos
944 3931 1052 3984 hoc
1092 3941 1311 3996 semper
1338 3922 1520 3977 facere
1549 3921 1724 3983 decet,
1762 3919 1854 3990 qui
1890 3931 1922 3971 a
1950 3916 2070 3971 dia-

479 4029 593 4086 boli
628 4025 918 4098 tyrannide
958 4019 1170 4076 liberati
1203 4032 1416 4072 sumus.

551 4119 723 4175 Vsus.
749 4119 803 4173 3.
844 4137 862 4169 ι
907 4114 975 4169 Et
1014 4115 1080 4168 de
1124 4109 1441 4181 regionibus
1492 4102 1842 4176 congregavit
1887 4118 2001 4167 eos,
2037 4117 2067 4155 a

482 4213 616 4270 solis
646 4221 766 4266 ortu
802 4218 855 4263 et
888 4222 1115 4269 occasu,
1148 4205 1215 4257 ab
1247 4200 1506 4270 aquilone
1536 4208 1589 4251 et
1618 4196 1777 4251 mari.
1814 4214 1833 4247 ι
1869 4195 1983 4249 Hoc
2013 4195 2068 4247 iu

481 4304 686 4361 Judazis
726 4300 947 4370 quidem
987 4296 1053 4350 ad
1082 4296 1228 4348 hunc
1262 4291 1484 4345 modum
1541 4289 1743 4343 factum
1780 4301 1887 4341 non
1932 4283 2072 4338 didi-

483 4400 682 4453 cimus.
719 4392 930 4446 Etenim
962 4404 1055 4458 per
1084 4396 1257 4441 totum
1290 4392 1561 4437 terrarum
1592 4381 1780 4434 orbem
1823 4376 2067 4446 dissipati

484 4490 653 4543 vitam
691 4486 920 4540 ducunt.
964 4479 1265 4533 Ecclesiam
1292 4488 1424 4529 vero
1456 4472 1698 4541 gentium
1731 4470 1784 4522 in
1813 4468 2069 4522 omnibus

485 4581 637 4637 orbis
663 4578 934 4646 partibus,
966 4582 1022 4628 et
1048 4568 1410 4627 orientalibus
1432 4573 1485 4619 et
1513 4562 1780 4626 occiduis,
1812 4560 2070 4614 australi-

486 4676 591 4730 bus
618 4681 672 4727 ct
694 4667 1139 4739 aquilonaribus,
1182 4660 1402 4716 vocavit
1446 4665 1503 4711 et
1534 4654 1789 4709 conﬂavit
1824 4671 1839 4709 :
1876 4663 1929 4707 et
1961 4653 2067 4706 hu-

482 4762 731 4836 jusmodi
780 4767 1086 4815 conventus
1116 4754 1320 4822 ubique
1351 4759 1621 4804 terrarum
1653 4752 1708 4799 et
1741 4744 1910 4798 maris
1932 4758 2067 4797 con-

490 4856 623 4925 Spici
648 4859 896 4924 possunt.
936 4849 993 4902 in
1026 4845 1230 4901 Iudaeis
1254 4853 1438 4897 tamen
1471 4839 1705 4921 obscure
1731 4836 1836 4890 hoc
1864 4836 2067 4899 factum

491 4949 614 5013 fuit,
640 4962 764 5002 cum
800 4941 1048 4997 nonnulli
1085 4954 1115 4993 e
1141 4936 1417 5007 Babylone
1443 4930 1649 4987 reversi
1675 4935 1877 4993 essent,
1909 4928 2069 4998 pauci

491 5054 620 5094 vero
650 5037 875 5108 quidam
904 5047 998 5103 per
1031 5031 1083 5085 id
1134 5028 1393 5097 temporis
1427 5039 1494 5078 ex
1524 5021 1779 5093 Egypto,
1815 5031 1870 5075 et
1906 5020 2071 5074 ﬁniti-

490 5133 598 5187 mis
626 5128 903 5201 gentibus.
941 5123 1156 5181 collecti
1188 5120 1451 5176 fuissent.

2166 3276 2247 3337 είς
2271 3273 2363 3327 τὸν
2392 3272 2563 3324 αἰῶνα
2594 3271 2653 3322 τὸ
2683 3270 2828 3333 ἕλεος
2859 3270 3048 3326 αὐτοῦ.
3082 3290 3100 3325 ι
3142 3272 3311 3325 Πάλιν
3341 3274 3531 3343 ὑμνεῖν
3564 3278 3593 3327 ὁ
3627 3292 3765 3343 προ-

2167 3364 2397 3436 φητικδς
2440 3362 2873 3435 παρακελεύεται
2916 3363 3072 3431 λόγος
3116 3364 3207 3416 τὸν
3250 3364 3546 3434 εὐεργέτην
3586 3366 3761 3417 Θεονσ

2166 3458 2349 3512 αἰτίαν
2393 3454 2449 3508 δὲ
2508 3455 2609 3525 τῆς
2660 3454 2935 3525 ὐμνῳδίας
2993 3456 3093 3526 τὴν
3129 3456 3564 3527 ’φιλανθρωπίαν
3623 3454 3764 3510 εἶναί

2251 3564 2355 3600 σιν.

2251 3566 2355 3600 σιν.

2167 3566 2305 3707 φηβ.
2352 3653 2371 3687 t
2406 3634 2732 3689 Είπάτωσαν
2756 3637 2804 3687 oi
2837 3634 3243 3707 λελυτρωμένοι
3272 3638 3379 3691 ὐπὸ
3414 3639 3643 3708 Κυρίου,
3669 3638 3762 3701 οὓς

2167 3727 2510 3799 ἐλυτρώσατο
2557 3730 2622 3782 ἐκ
2670 3727 2850 3798 χειρὸς
2892 3728 3088 3798 ἐχθροῦ
3106 3730 3173 3784 ⁸⁸.
3223 3747 3241 3780 ι
3307 3730 3418 3784 Καὶ
3467 3731 3760 3794 Ἰουδαίους

2168 3820 2359 3890 ὑμνεῖν
2402 3821 2507 3874 ἔδει
2565 3823 2664 3890 τῆς
2720 3820 3079 3875 Βαϐυλωνίων
3129 3821 3600 3892 ἐλευθερωθέντας
3636 3823 3760 3875 δου-

2168 3913 2315 3975 λείας
2336 3928 2349 3944 ο
2383 3913 2478 3964 καὶ
2514 3914 2665 3981 ἡμᾶς
2693 3913 2779 3964 ἀεὶ
2819 3913 3085 3981 προσήκει
3116 3912 3273 3966 τοῦτο
3304 3917 3501 3977 ποιεῖν,
3531 3918 3635 3983 τῆς
3664 3914 3759 3969 τοῦ

2169 4004 2418 4058 διαϐόλου
2447 4004 2762 4075 τυραννίδος
2793 4004 3229 4070 ἀπαλλαγέντας.

2240 4104 2310 4166 γ’.
2358 4115 2376 4148 ι
2406 4098 2515 4150 Καὶ
2542 4098 2605 4149 ἐκ
2649 4096 2757 4149 τῶν
2793 4096 2985 4167 χωρῶν
3022 4097 3330 4165 συνήγαγεν
3373 4097 3610 4162 αὐτούς·
3649 4098 3762 4152 ἀπὸ

2170 4190 2466 4249 ἀνατολῶν,
2515 4191 2608 4241 καὶ
2639 4189 2884 4258 δυσμῶν,
2918 4188 3015 4241 καὶ
3050 4188 3241 4259 βορρᾶ,
3271 4190 3365 4241 καὶ
3394 4189 3699 4261 Θαλάσσης.
3736 4211 3756 4242 ι

2172 4278 2344 4333 Τοῦτο
2388 4280 2479 4330 ἐπὶ
2517 4280 2614 4347 μὲν
2661 4278 2931 4331 Ἰουδαίων
2973 4278 3114 4331 οὕτω
3131 4279 3175 4309 θ’
3210 4270 3585 4350 γεγενημένον
3624 4284 3691 4334 οὐ
3713 4283 3761 4317 ⁸⁸

2175 4368 2600 4439 μεμαθήκαμεν.
2657 4368 2813 4421 Κατὰ
2864 4371 3047 4419 πᾶσαν
3103 4367 3213 4439 γὰρ
3269 4368 3369 4439 τὴν
3428 4372 3761 4441 οἰκουμένην

2174 4462 2562 4531 ἐσκεδασμένοι
2594 4458 2926 4526 διάγουσιθδ.
2974 4460 3086 4530 Τὴν
3121 4460 3178 4513 δὲ
3209 4460 3267 4526 ἐξ
3310 4462 3481 4515 ἐθνῶν
3523 4463 3760 4534 Ἐκκλη-

2175 4552 2298 4604 σίαν
2347 4552 2405 4603 ἐν
2449 4550 2619 4604 ἆπασι
2680 4552 2781 4619 τῆς
2833 4551 3161 4620 οἰκουμένης
3214 4552 3327 4613 τοῖς
3381 4553 3757 4621 τμήμασινυ,

2175 4644 2330 4712 έῲοις
2373 4660 2433 4695 τε
2487 4643 2580 4695 καὶ
2625 4641 2923 4710 ἑσπερίοις,
2977 4642 3173 4704 νοτίοις
3220 4659 3281 4694 τε
3322 4645 3417 4694 καὶ
3455 4644 3755 4714 ἁρκτῴοις,

2174 4736 2400 4790 ἐκάλεσε
2432 4734 2526 4786 καὶ
2561 4734 2882 4803 συνήθροισε
2913 4750 2926 4762 ·
2980 4733 3076 4784 καὶ
3102 4732 3226 4795 τοὺς
3262 4732 3538 4791 τοιούτους
3568 4735 3757 4785 συλλόο

2174 4845 2304 4898 γους
2342 4826 2621 4895 πανταχοῦ
2650 4826 2752 4894 γῆς
2792 4825 2886 4877 καὶ
2920 4824 3190 4891 θαλάττης
3237 4823 3383 4877 ἐστιν
3427 4826 3577 4879 ἰδεῖν.
3638 4826 3755 4879 Ἐπὶ

2180 4922 2363 4991 μέντοι
2393 4918 2666 4971 Ἰουδαίων
2698 4916 2951 4986 ἀμυδρῶς
2979 4914 3137 4967 τοῦτο
3163 4916 3454 4985 γεγένηται
3472 4930 3487 4943 ⁸
3529 4918 3695 4969 τινῶν
3712 4918 3755 4947 ⁸⁸

2181 5014 2278 5083 μὲν
2307 5010 2414 5063 ἀπὸ
2440 5000 2756 5070 Βαϐυλῶνος
2786 5008 3190 5060 ἐπανελθόντων
3205 5007 3274 5068 ⁸⁷,
3300 5007 3499 5072 ὀλίγων
3521 5007 3577 5059 δέ
3599 5024 3757 5059 τινων

2176 5101 2297 5154 κατ’
2333 5100 2544 5153 ἐκείνου
2578 5097 2674 5149 τοῦ
2714 5096 2908 5166 καιροῦ
2946 5096 3315 5164 συλλεγέντων
3348 5096 3410 5160 ἐξ
3456 5096 3754 5163 Αἰγύπτου,

2177 5193 2271 5246 καὶ
2300 5193 2407 5245 τῶν
2438 5188 2830 5261 πλησιοχώρων
2858 5188 3047 5242 ἐθνῶν.

1571 5356 1803 5412 VARUE
1846 5352 2228 5410 LECTIONES
2267 5350 2353 5404 ET
2412 5348 2641 5404 NOTAE.

603 5461 652 5493 ’⁷⁸
680 5456 1048 5532 Γένοιτοζιη
1088 5463 1232 5532 textu
1272 5450 1434 5532 liebr.
1467 5465 1575 5532 non
1606 5451 1866 5532 repetitur

482 5499 486 5503 -
603 5461 652 5493 ’⁷⁸
680 5459 949 5514 Γένοιτο.
991 5456 1048 5512 In
1088 5463 1232 5509 textu
1272 5450 1434 5508 Hebr.
1467 5465 1575 5505 non
1606 5451 1866 5514 repetitur
1901 5457 2033 5514 mn.

2198 5442 2324 5498 cod.
2354 5444 2379 5495 1
2421 5442 2970 5514 πραγματευόμενος.

499 5534 544 5565 ⁷⁸
573 5531 685 5587 Τὸν
715 5531 893 5584 λαόν.
950 5526 1075 5580 Des.
1118 5526 1172 5578 in
1226 5525 1347 5578 cod.
1383 5523 1434 5574 1.
1510 5523 1554 5552 ⁷⁸
1578 5514 1701 5575 cod.
1746 5521 1769 5571 1
1824 5514 2201 5586 πρὸθεσπίζει.

3048 5441 3091 5472 ⁷⁷
3124 5441 3254 5494 Καί.
3289 5440 3459 5495 Abest
3487 5458 3519 5495 α
3552 5442 3674 5495 cod.
3704 5440 3752 5493 Ι.

2296 5514 2345 5593 °°_
2377 5510 2539 5593 Kal,
2575 5510 2742 5565 Abest
2787 5528 2815 5566 a
2870 5515 2991 5593 cod.
3036 5512 3087 5565 l.
3166 5512 3213 5593 si
3254 5511 3376 5565 cod.
3432 5513 3454 5564 1
3524 5510 3752 5593 ἐχθρῶν.

499 5605 547 5636 ⁸³
1031 5595 1078 5626 ⁸³
1112 5598 1215 5647 Οὐ.
1238 5592 1589 5647 Abestacod.
1612 5591 1662 5642 1.
1742 5588 1790 5619 “
1819 5581 2063 5655 Δὶἁγουε

2174 5584 2290 5639 eod.
2329 5583 2903 5657 lruyxo'tvouct,__quod
2942 5594 3119 5636 tamen
3149 5581 3252 5634 alia
3292 5581 3750 5657 manu‘scliptgm

499 5648 953 5726 csse—videtur.”
982 5666 1025 5699 ⁸⁵
1051 5665 1382 5734 Τμήμασιν.
1412 5662 1546 5734 cod.
1585 5660 1609 5713 1
1655 5658 1780 5713 add.
1817 5648 2063 5734 ﬂauipoul

2174 5673 2254 5734 ην,-
2283 5648 2645 5734 quodetiam
2686 5648 2847 5708 aliam
2900 5668 3124 5708 manum
3187 5652 3390 5720 prodit.
3460 5651 3511 5683 “
3543 5648 3747 5706 Turrim

500 5724 622 5797 cod.
656 5743 678 5796 l
715 5740 841 5795 add.
872 5737 998 5791 τῶν.
1077 5724 1119 5767 δ’
1150 5724 1271 5790 ὠά.
1306 5732 1665 5792 ιιέὶθόντων,
1690 5727 1925 5798 ascripta
1958 5724 2063 5781 itali

2208 5727 2379 5780 altera
2422 5724 2673 5779 lectione.
