3924 6486
168 324 293 388 1737

1539 306 1619 372 ΙΝ
1660 306 1865 370 PSAL.
1894 306 2038 367 CVI.

3291 312 3425 373 1738

222 436 284 488 δ’.
336 453 355 485 ι
387 429 805 503 Ἐπλανήθησαν
848 428 908 482 ἑν
954 427 1023 499 τῇ
1063 426 1257 499 ὲρήμῳ
1296 424 1354 480 ὲν
1384 424 1681 497 ἀνύδρῳθῆ
1717 442 1735 475 ι

1922 419 2083 475 Vens.
2116 420 2171 473 ι.
2209 439 2227 473 ι
2279 420 2616 478 Erraverunt
2660 421 2716 476 in
2747 422 2987 491 deserto,
3027 424 3119 480 ubi
3168 440 3277 481 non
3308 438 3426 481 crat

159 525 266 582 Καὶ
324 519 585 577 Βαϐυλὼν
643 520 872 592 ἐρημοςο
902 518 998 572 καὶ⁵
1045 517 1274 589 ἄνυδρος
1300 531 1316 547 ’
1381 516 1588 590 ἔρημος
1630 516 1740 587 γὰρ

161 613 370 684 ὑπῆρχε
424 610 522 666 τοῦ
556 608 692 663 Θεοῦ
727 624 740 639 ο
796 607 892 663 καὶ
938 607 1040 679 τῆς
1088 607 1464 678 πνευματικῆς
1498 604 1740 677 ἀρδείας,

161 703 407 759 δουλεῦον
435 702 644 773 ἐκείνῃ,
674 700 937 772 ἐστέρητο
962 700 1073 755 τῶν
1093 699 1364 755 Ἰουδαίων
1394 699 1458 754 τὸ
1499 698 1707 770 πλῆθος
1725 714 1739 728 ·

164 797 253 849 καὶ
282 797 332 848 οί
361 792 421 859 ἐξ
468 793 639 846 ἐθνῶν
686 793 1118 857 πεπιστευκότες
1161 792 1422 853 ὡσαύτως
1462 792 1522 844 ὲν
1549 792 1741 863 ἐρήμῳ

166 888 255 940 καὶ
285 886 504 957 ἀνύδρῳ
534 887 742 957 διῆγον,
791 884 987 939 ἐλπίδα
1036 886 1112 956 μὴ
1161 884 1396 955 ἔχοντες.
1450 882 1545 937 καὶ
1594 880 1745 935 ἄθεοι

164 979 335 1045 ὄντες,
386 978 555 1047 φησὶν
606 977 635 1029 ὁ
687 975 828 1039 θεῖος
872 973 1217 1037 ’Δπόστολος.
1273 991 1294 1026 ι
1341 972 1490 1027 Ὀδδν
1536 972 1746 1037 πόλεως

167 1072 593 1143 κατοικητηρίου
622 1072 723 1142 οὐχ
753 1064 933 1142 εὖρον.
969 1088 988 1121 ι
1040 1067 1179 1124 Οὔτε
1207 1068 1318 1138 γὰρ
1359 1066 1604 1121 Ἰουδαῖοι
1630 1065 1745 1118 δια-

168 1164 361 1231 φυγεῖν
384 1162 512 1225 τοὺς
540 1160 1034 1232 ἀνδραποδίσαντας
1062 1160 1262 1229 ἴσχυον,
1294 1158 1388 1211 καὶ
1415 1158 1514 1226 τὴν
1540 1154 1749 1209 οίκείαν

171 1254 404 1325 πατρίδα
426 1254 758 1308 καταλαϐεῖν
774 1270 790 1285 ·
814 1252 938 1306 οὕτε
960 1254 1010 1305 οἱ
1034 1252 1095 1318 ἐξ
1114 1252 1283 1305 ὲθνῶν
1305 1250 1749 1316 πεπιστευκότες,

173 1348 274 1419 πρὸ
308 1348 407 1418 τῆς
437 1344 533 1401 τοῦ
586 1345 839 1415 Σωτῆρος
873 1345 1344 1415 ὲνανθρωπήσεως
1373 1342 1474 1412 τὴν
1519 1342 1613 1394 ἐπὶ
1652 1339 1753 1409 τὴν

174 1439 323 1493 θείαν
353 1438 504 1492 πόλιν
549 1438 790 1505 ἄγουσαν
840 1431 999 1509 εὗρον
1045 1436 1185 1489 ὁδόν.
1236 1433 1474 1487 Πόλιν⁸⁸⁶
1516 1431 1752 1485 ἐνταῦθα

176 1533 391 1604 νοητέον
418 1531 520 1603 τὴν
548 1528 752 1599 εὐσεϐῆ
788 1529 1084 1582 πολιτείαν.

240 1712 303 1769 ε’.
349 1732 367 1765 ι
415 1711 715 1775 Πεινῶντες
759 1712 856 1765 καὶ
886 1710 1167 1779 διψῶντες,
1205 1711 1237 1777 ἡ
1288 1704 1437 1779 ψυχὴ
1487 1708 1663 1761 αὐτῶν
1695 1708 1752 1759 ἐν

180 1806 360 1868 αὐτοῖς
389 1802 657 1870 ἐξέλιπεν.
697 1823 716 1854 ι
764 1802 924 1866 θείας
952 1775 1482 1869 διδασκαλίαςνλιμδς
1517 1798 1610 1852 καὶ
1635 1798 1754 1852 τού-
1788 1775 1828 1829 Β

179 1914 302 1959 τους
335 1890 630 1958 κάκείνους
662 1894 901 1959 ἐπίεζεν.
943 1893 1189 1947 Ἰουδαῖοι
1223 1892 1323 1964 μὲν
1354 1890 1464 1963 γὰρ
1497 1893 1554 1943 ὲν
1585 1892 1759 1944 Βαϐυ-

182 1990 306 2043 λῶνι
348 1987 715 2050 δουλεύοντες,
765 1986 859 2038 καὶ
912 1985 1103 2056 ἱερέων
1149 1986 1465 2054 ἐστέρηντο,
1518 1982 1614 2035 καὶ
1659 1981 1758 2053 τὴν

185 2079 320 2133 κατὰ
348 2079 514 2149 νόμον
540 2077 799 2147 λατρείαν
828 2074 1071 2145 πληροῦν
1104 2076 1205 2128 οὐκ
1247 2073 1531 2145 ἠδύναντο.
1585 2072 1667 2125 Τὰ
1701 2072 1758 2125 δὲ

185 2172 305 2240 ἔθνη
334 2169 501 2226 πάλιν
534 2168 658 2224 οὒτε
690 2167 855 2238 νόμον
885 2166 1027 2220 θεῖον
1055 2165 1323 2227 ἐδέδεκτο,
1362 2163 1487 2218 οὔτε
1516 2177 1759 2233 πνευμα-

185 2262 338 2330 τικῆς
366 2256 721 2319 διδασκαλίας
752 2257 1025 2326 ἁπήλαυε,
1073 2254 1141 2307 δι’
1166 2248 1243 2308 ὧν
1283 2255 1343 2307 αῑ
1383 2254 1555 2324 ψυχαὶ
1584 2250 1763 2321 πεφύ-

188 2370 311 2408 κασι
341 2350 667 2424 τρέφεσθαι.
700 2349 903 2402 Τοῦτον
930 2346 1031 2417 μέν
1058 2364 1142 2400 τοι
1173 2346 1266 2399 τὸν
1295 2345 1453 2415 λιμὸν
1492 2343 1765 2407 Ἰουδαίοις

188 2447 485 2519 ἠπείλησεν
522 2449 549 2499 ό
582 2444 743 2508 Θεός·
784 2464 802 2496 ι
826 2442 1046 2510 Ἐπάξω
1083 2443 1213 2513 γὰρ,
1246 2442 1375 2513 ἔφη,
1421 2440 1579 2511 λιμὸν
1596 2443 1641 2474 ⁸⁹
1670 2442 1764 2495 ἐπὶ

188 2540 282 2611 τὴν
320 2539 451 2609 γῆν,
481 2538 543 2591 οὐ
574 2536 736 2608 λιμὸν
787 2536 980 2607 ἄρτου,
1012 2536 1135 2589 οὐδὲ
1167 2535 1326 2604 δίψαν
1374 2533 1590 2596 ὕδατος,
1629 2532 1767 2585 ἀλλὰ

190 2632 339 2705 λιμὸν
368 2630 468 2685 τοῦ
499 2628 732 2685 ἀκοῦσαι
766 2628 925 2695 λόγον
961 2627 1187 2699 Κυρίου.
1230 2645 1249 2678 ι

259 2730 335 2788 ς’.
384 2742 405 2774 t
434 2724 548 2778 Καὶ
592 2720 902 2792 ὲκέκραξαν
942 2720 1079 2786 πρὸς
1128 2719 1333 2789 Κύριον
1370 2720 1427 2771 ἐν
1463 2716 1540 2789 τῷ
1589 2717 1767 2769 0M6:-

196 2817 312 2871 σθαι
353 2814 559 2877 αὐτοὺς
586 2854 601 2877 ,
637 2814 731 2866 καὶ
759 2814 822 2865 ὲκ
863 2812 971 2865 τῶν
1000 2810 1261 2878 ἀναγκῶν
1289 2808 1471 2863 αὐτῶν
1497 2808 1768 2880 ἐρρύσατο

196 2909 411 2971 αὐτούς.
452 2928 471 2961 ι
514 2907 635 2959 Τῶν
656 2906 703 2937 ⁸⁸
738 2906 838 2976 μὲν
876 2903 1152 2957 Ἰουδαίων
1186 2904 1235 2955 οί
1270 2902 1652 2973 εὐσεϐέστεροι
1693 2900 1772 2971 τῷ

195 3002 307 3072 Θεῷ
341 3002 445 3072 τὴν
495 2999 790 3053 ίκετείαν⁹¹
841 2997 1253 3068 προσήνεγκαν⁸
1298 2997 1393 3049 καὶ
1424 2994 1586 3047 τοῦτο
1620 2996 1771 3063 ἡμᾶς

1844 528 2006 584 aqua.
2043 533 2062 565 ι
2100 512 2165 568 Ει
2193 512 2437 586 Babylon
2469 525 2590 572 erat
2621 515 2837 573 deserta
2866 526 2921 571 et
2948 516 3067 573 sine
3095 533 3237 588 aqua
3274 534 3289 572 :
3325 519 3426 574 de-

1846 614 1992 661 serta
2021 605 2168 661 enim
2209 614 2389 662 erata
2441 607 2574 673 Deo,
2610 620 2664 665 et
2711 609 2946 680 populus
2985 607 3299 665 Judazorum
3348 610 3425 664 illi

1845 697 2095 753 serviens
2140 698 2412 768 spirituali
2452 701 2769 771 irrigatioue
2800 700 3045 771 privatus
3073 708 3216 756 erat.
3255 698 3324 756 Et
3350 700 3425 755 illi

1846 788 1937 859 qui
1968 804 2033 845 ex
2067 792 2320 860 gentibus
2345 792 2717 853 crediderunt,
2745 791 2999 848 similiter
3023 792 3078 847 in
3105 791 3424 857 solitudine,

1846 882 1986 937 etin
2025 892 2169 938 terra
2216 883 2336 941 sine
2367 885 2521 955 'aqua
2567 886 2736 941 vitam
2781 886 3072 957 degebant,
3107 901 3233 942 cum
3274 900 3425 956 spem

1849 978 2075 1034 minime
2122 978 2407 1042 haberent,
2449 988 2502 1033 et
2541 980 2694 1051 impii
2745 992 2953 1047 essent,
2995 991 3055 1036 ut
3100 982 3176 1036 ait
3211 980 3428 1035 divinus

1847 1074 2145 1144 Apostolus
2173 1110 2189 1128 .
2228 1092 2245 1124 ι
2274 1071 2433 1129 Viam
2484 1074 2724 1129 civitatis
2754 1074 3049 1130 habitaculi
3080 1075 3291 1146 1367
3320 1090 3428 1128 non

1850 1163 2226 1219 invenerunt.r
2257 1180 2275 1214 ι
2327 1163 2436 1218 Nec
2467 1165 2611 1218 enim
2655 1162 2828 1219 Judaei
2863 1180 2979 1229 eos,
3025 1181 3054 1219 a
3102 1167 3306 1235 quibus
3340 1181 3433 1220 ca-

1850 1254 1987 1326 ptivi
2023 1253 2151 1309 facti
2186 1262 2336 1317 sunt,
2375 1254 2652 1310 declinare
2692 1264 3008 1325 potuerunt,
3051 1271 3219 1326 seque
3253 1256 3307 1309 in
3341 1271 3434 1324 pa-

1850 1347 2014 1429 tfiam
2069 1362 2225 1403 suam
2283 1348 2525 1418 recipere
2562 1366 2575 1401 :
2608 1364 2787 1419 neque
2822 1348 2857 1403 ii
2910 1348 3002 1419 qui
3056 1363 3119 1402 ex
3182 1347 3433 1417 gentibus

1852 1439 2223 1518 crediderunt,
2283 1450 2409 1494 ante
2441 1439 2745 1495 Salvatoris
2786 1439 3244 1502 incarnationem,
3289 1439 3432 1491 viam

1854 1531 1922 1586 ad
1951 1532 2194 1587 divinam
2222 1532 2501 1587 civitatem
2533 1532 2819 1587 ducentem
2852 1532 3199 1586 invenerunt.
3232 1530 3436 1585 Civitas

1856 1622 1946 1676 hic
1971 1620 2321 1692 intelligenda
2350 1631 2434 1677 est
2461 1622 2547 1691 pia
2579 1622 2945 1676 conversatio.

1927 1712 2091 1769 Vens.
2120 1712 2174 1767 ὃ.
2218 1733 2236 1764 ι
2280 1712 2599 1768 Esurientes
2630 1722 2683 1767 et
2713 1714 2982 1775 sitientes,
3018 1712 3200 1767 anima
3245 1728 3435 1768 eorum

1860 1806 1913 1859 in
1960 1806 2093 1877 ipsis
2125 1805 2343 1861 defecit.
2388 1825 2405 1857 ι
2450 1807 2654 1861 Divinae
2683 1805 2945 1861 doctrinae
2974 1804 3147 1861 fames
3173 1817 3226 1861 et
3259 1807 3357 1861 hos
3388 1818 3442 1861 et

1860 1896 1983 1951 illos
2003 1896 2305 1966 premebat.
2337 1896 2511 1951 Judaei
2547 1897 2693 1951 enim
2733 1896 3008 1967 Babylone
3037 1897 3360 1962 servientes,
3386 1910 3439 1953 ct

1861 1985 2238 2041 sacerdotibus
2257 1986 2434 2041 orbati
2451 1995 2625 2051 erant,
2644 1996 2698 2041 et
2715 1987 2921 2041 cultum
2941 1987 3243 2043 secundum
3269 1988 3439 2059 legem

1862 2076 2125 2148 perlicere
2161 2078 2389 2133 minime
2422 2090 2694 2148 poterant.
2729 2078 3001 2133 Caeterum
3041 2088 3229 2148 gentes
3264 2095 3443 2148 neque

1862 2171 2104 2227 divinam
2131 2182 2453 2241 acceperant
2476 2171 2671 2242 legem,
2698 2186 2874 2242 neque
2896 2171 3167 2241 spirituali
3192 2172 3441 2228 doctrina

1865 2262 2211 2326 fruebantur,
2240 2264 2443 2333 quibus
2473 2265 2670 2319 aulmze
2699 2265 2898 2317 nutriri
2931 2264 3131 2319 solent.
3161 2262 3313 2322 Hauc
3346 2265 3442 2335 igi-

1867 2364 1956 2408 tur
2006 2354 2206 2409 famem
2254 2354 2463 2410 Judwis
2510 2355 2650 2410 Deus
2708 2355 2947 2411 minatus
2989 2366 3092 2411 est.
3140 2375 3158 2406 ι
3191 2354 3445 2411 luducatu

1865 2444 2033 2508 enim,
2058 2446 2152 2507 ait,
2183 2443 2380 2497 fantem
2410 2458 2574 2512 super
2603 2452 2803 2497 terram
2846 2461 2859 2496 :
2895 2458 3000 2499 non
3033 2443 3232 2499 [atnem
3269 2445 3449 2515 panis,

1868 2549 2047 2604 neque
2095 2535 2241 2591 sitim
2288 2550 2473 2605 aqum,
2530 2536 2624 2591 sed
2676 2535 2874 2590 famem
2925 2536 3181 2592 audiendi
3226 2539 3449 2593 verbum

1870 2628 1963 2682 Dei
1991 2644 2034 2683 ⁶.
2080 2649 2098 2681 ι

1944 2726 1959 2743 ⁸
1997 2723 2158 2776 Vens.
2186 2721 2240 2775 6.
2292 2741 2311 2772 ‹
2359 2721 2424 2776 Et
2454 2723 2830 2778 clamaverunt
2872 2722 2937 2776 ad
2987 2723 3277 2777 Dominum
3327 2739 3452 2779 cum

1870 2815 2282 2879 tribulareutur,
2322 2824 2378 2869 et
2415 2830 2481 2869 ex
2513 2815 2785 2886 angustiis
2830 2830 3021 2870 eorum
3052 2817 3253 2886 eripuit
3280 2832 3396 2873 ec-s.
3426 2835 3451 2872 ι

1870 2904 2186 2960 Judmorum
2218 2907 2440 2976 quidem
2474 2908 2869 2979 religiosissimi
2898 2907 3102 2977 quique
3128 2908 3237 2963 Deo
3269 2924 3457 2978 preces

1874 2995 2211 3060 obtulerunt,
2252 3005 2307 3050 et
2337 2996 2447 3051 hoc
2485 2996 2723 3052 Dauielis
2756 3011 2981 3068 quoque
3009 2997 3324 3054 vaticinatio
3358 3014 3458 3054 nos

198 3097 343 3148 xui.”
374 3097 408 3166 ἠ
442 3092 539 3147 τοῦ
580 3090 781 3161 Δανιὴλ
811 3089 1125 3161 προφητεία
1163 3089 1426 3142 διδάσκει.
1463 3088 1576 3140 Καὶ
1608 3085 1764 3149 αὐτὸς

1876 3087 2036 3142 docet
2065 3088 2110 3143 ί.
2143 3087 2355 3143 Etenim
2397 3099 2449 3143 et
2476 3089 2613 3159 ipse,
2647 3099 2702 3146 et
2730 3089 2995 3155 Ananias,
3030 3099 3085 3147 et
3132 3091 3378 3157 Azarias,
3405 3104 3461 3149 et

196 3188 318 3255 γὰρ,
346 3188 443 3241 καὶ
478 3185 752 3249 Ἀνανίας,
789 3183 885 3236 καὶ
924 3181 1204 3250 Ἀζαρίας,
1237 3180 1335 3234 καὶ
1363 3178 1603 3248 Μισαὴλ,
1631 3176 1772 3246 ὑπὲρ

203 3283 417 3337 πάντων
447 3278 842 3349 ποτνιώμενοι,
876 3276 970 3330 τὸν
1005 3275 1149 3329 θετον
1182 3273 1456 3345 ἐζήτησαν
1489 3270 1657 3325 ἔλεον.
1693 3270 1775 3323 Τὰ

200 3374 253 3427 δὲ
283 3373 417 3443 ἔθνη
449 3374 636 3425 ἔστενε
660 3371 762 3441 μὲν
778 3371 899 3432 ταῖς
928 3366 1303 3429 παντοδαπαῖς
1330 3364 1775 3436 προσπαλαίοντα

202 3465 509 3533 συμφοραῖς
539 3500 555 3522 ,
588 3460 682 3514 καὶ
712 3461 1000 3529 οἰμωγαῖς,
1035 3458 1129 3511 καὶ
1157 3456 1375 3530 θρήνοις
1404 3454 1774 3525 ἀπαραμυθή-

200 3571 308 3617 τοις
348 3554 676 3623 ἐκέχρηντο,
705 3551 805 3619 τῆς
832 3547 1181 3609 ἀναστάσεως
1213 3547 1312 3600 οὐκ
1336 3546 1527 3616 ἔχοντα
1556 3544 1660 3614 τὴν
1693 3543 1777 3595 ὲλ-

204 3645 349 3710 πίδα,
383 3646 445 3699 οὐ
481 3643 637 3714 μὲν⁹³
668 3642 768 3713 τὴν
795 3640 952 3693 λύσιν
974 3639 1084 3692 τῶν
1120 3638 1462 3707 κατεχόντων
1492 3636 1680 3689 δεινῶν
1715 3636 1777 3687 ἐκ

203 3736 293 3791 τοῦ
327 3736 465 3790 Θεοῦ
500 3736 611 3788 τῶν
641 3734 777 3788 ὅλων
811 3732 1085 3803 ἐζήτησαν
1100 3730 1168 3785 ’⁵.
1211 3728 1335 3785 Είδε
1377 3730 1436 3784 δὲ
1472 3730 1621 3799 ὅμως
1661 3727 1781 3780 στέ-

207 3847 391 3892 νοντας
421 3831 449 3881 ό
477 3826 883 3899 φιλάνθρωπος,
908 3826 1002 3879 καὶ
1028 3824 1118 3877 τὸν
1141 3823 1290 3877 ἔλεον
1320 3820 1521 3894 ῶρεξεν
1533 3822 1600 3876 θ’.

280 4004 344 4068 ζ’.
380 4023 399 4056 ‹
434 4004 545 4056 Καὶ
588 4002 877 4072 ὡδήγησεν
924 4001 1123 4064 αὐτοὺς
1156 4001 1237 4063 εἰς
1265 4000 1383 4054 ὁδὸν
1413 4000 1650 4065 εὐθεῖαν,
1687 3998 1781 4053 τοῦ

212 4094 543 4166 πορευθῆναι
593 4096 674 4156 εἰς
721 4092 879 4145 πόλιν
934 4091 1383 4162 κατοικητηρίου.
1432 4112 1452 4143 ι
1510 4090 1785 4153 Ἰουδαίοις

214 4189 309 4257 μὲν
335 4185 447 4255 γὰρ
469 4184 561 4237 διὰ
590 4182 774 4255 Κύρου
800 4181 894 4236 τοῦ
916 4181 1128 4252 Πέρσου
1160 4181 1260 4251 τὴν
1284 4181 1544 4235 ἐπάνοδον
1575 4180 1784 4251 ἐδωρή-

216 4294 375 4332 σατο·
422 4277 491 4330 τὰ
540 4276 592 4329 δὲ
631 4275 760 4344 ἔθνη
792 4274 883 4328 διὰ
912 4273 1020 4327 τῶν
1059 4273 1233 4341 ἁγίων
1282 4272 1620 4344 ὲποδήγησεν
1649 4276 1786 4326 ἀπο-

1874 3180 2060 3236 Misael
2091 3196 2190 3252 pro
2223 3182 2482 3238 omnibus
2506 3192 2791 3253 precantes
2817 3184 3058 3239 divinam
3089 3184 3460 3255 emagitabant

1873 3271 2329 3326 misericordiam.
2367 3273 2435 3325 At
2466 3282 2677 3343 gentes,
2708 3288 2834 3329 cum
2862 3274 3042 3329 omnis
3067 3277 3283 3345 generis
3306 3276 3459 3332 cala-

1875 3362 2158 3417 mitatibus
2208 3362 2593 3429 colluctantes,
2640 3364 3068 3434 ingemiscebant
3110 3366 3354 3437 quidem,
3407 3377 3462 3423 et

1874 3453 2171 3523 ejulatibus
2194 3453 2524 3525 ﬂetibusque
2563 3456 2902 3526 gravissimis
2930 3458 3245 3523 utebantur,
3278 3474 3462 3513 resur-

1876 3549 2141 3603 rectionis
2190 3563 2339 3617 spem
2386 3564 2496 3603 non
2551 3550 2814 3605 habentes
2852 3568 2865 3605 :
2914 3551 3291 3621 depulsionem
3333 3566 3463 3607 vero

1878 3642 2174 3707 malorum,
2208 3655 2237 3695 ε
2272 3639 2478 3711 quibus
2516 3642 2921 3709 detinebantur,
2959 3657 2989 3697 a
3035 3642 3145 3698 Deo
3177 3645 3463 3699 universo-

1879 3749 2000 3786 rum
2060 3746 2168 3787 non
2220 3734 2567 3801 expetebant.
2624 3732 2767 3786 Vidit
2822 3744 3003 3787 tamen
3063 3748 3156 3787 eos
3217 3733 3464 3803 lugentes

1885 3820 2103 3891 1368
2136 3820 2405 3891 benignus
2437 3822 2603 3887 Deus,
2656 3832 2707 3876 et
2753 3822 3160 3878 misericordem
3210 3838 3269 3878 se
3307 3824 3464 3877 exhi-

1882 3910 2021 3964 huit.

1955 4002 2121 4056 Vens.
2155 4001 2205 4055 7.
2270 4019 2290 4053 ι
2346 4002 2413 4057 Ει
2450 4002 2676 4057 deduxit
2722 4018 2821 4059 eos
2861 4003 2915 4057 in
2952 4002 3094 4057 viam
3148 4011 3372 4071 rectam,
3409 4017 3469 4060 ut

1884 4093 2028 4147 irent
2062 4093 2116 4147 in
2151 4092 2425 4148 civitatem
2460 4093 2837 4149 habitationis.
2880 4114 2900 4147 ι
2937 4093 3140 4150 Iudaeis
3181 4095 3327 4150 enim
3374 4112 3471 4167 per

1885 4184 2092 4256 Cyrum
2124 4186 2349 4241 Persam
2401 4187 2636 4241 reditum
2676 4187 2900 4242 donavit
2935 4206 2948 4241 :
2989 4196 3175 4257 gentes
3204 4202 3335 4243 vero
3374 4203 3472 4259 per

1886 4275 2269 4331 sanctissimos
2304 4275 2581 4345 apostolos
2616 4275 2863 4341 deduxit,
2902 4292 3304 4348 super-namque
3337 4277 3474 4333 civi-

216 4365 443 4429 στόλων,
480 4364 578 4418 καὶ
613 4364 723 4435 τὴν
743 4363 856 4417 ἅνω
889 4362 1047 4415 πόλιν
1080 4361 1353 4427 ὑπέδειξε,
1386 4363 1485 4433 τὴν
1516 4364 1575 4415 ὲν
1605 4362 1764 4432 ὄρεσιε

1890 4374 2056 4419 tatem
2098 4367 2170 4420 iis
2218 4365 2481 4431 ostendit,
2533 4382 2655 4437 quae
2698 4366 3053 4423 fundamenta
3095 4368 3149 4421 in
3198 4370 3473 4424 montibus

215 4458 388 4526 ἁγίοις
413 4460 461 4491 ’⁸
492 4459 619 4520 τοὺς
653 4455 943 4527 θεμελίους
985 4454 1239 4526 ἔχουσαν,
1286 4451 1356 4526 ἦς
1397 4455 1649 4526 τεχνίτης
1695 4472 1764 4508 κα

1896 4458 2102 4513 sanctis
2138 4458 2323 4526 habet,
2348 4459 2509 4529 cujus
2532 4458 2725 4514 artifex
2764 4469 2819 4515 et
2841 4460 3022 4531 opifex
3057 4469 3141 4517 est
3169 4459 3333 4516 Deus.

212 4550 541 4622 δημιουργὸς
578 4552 606 4602 ό
636 4549 791 4613 Θεός.

282 4647 355 4711 η’.
396 4659 416 4693 ι
461 4637 1092 4711 Ἐξομολογησάσθωσαν
1118 4638 1198 4710 τῷ
1230 4638 1421 4709 Κυρίῳ
1446 4637 1666 4708 τὰιὲλέη
1690 4637 1791 4690 αὒ-

214 4734 329 4795 τοῦ,
356 4733 453 4786 καὶ
488 4732 560 4785 τὰ
599 4732 881 4802 θαυμάσια
908 4730 1074 4785 αὐτοῦ
1109 4734 1223 4794 τοῖς
1264 4732 1400 4792 υἱοῖς
1434 4730 1544 4783 τῶν
1583 4728 1793 4801 ἀνθρὼ-

215 4840 349 4877 πων.
384 4843 402 4873 ι
452 4823 510 4875 Ὀ
546 4822 603 4875 δὲ
641 4822 940 4893 Σύμμαχος
981 4820 1186 4883 οὕτως’
1230 4821 1341 4875 Καὶ
1389 4820 1465 4874 τὰ
1510 4818 1794 4887 τεράστια

217 4915 402 4970 αὑτοῦ
431 4914 506 4968 τὰ
530 4916 619 4981 είς
652 4915 795 4981 τοὺς
831 4915 1007 4983 υἱοὺς
1034 4914 1155 4970 τῶν
1185 4912 1533 4982 ἀνθρώπων.
1559 4912 1662 4966 Τὸν
1695 4913 1794 4983 μέν

292 5125 315 5153 τ
341 5115 361 5169 ι
387 5114 582 5169 Thess.
614 5130 685 5176 IV,
721 5113 806 5168 l2.

906 5121 928 5149 ⁸
956 5113 1123 5167 Amos
1175 5128 1294 5174 vm,
1326 5111 1410 5166 ll.
1508 5113 1529 5149 ⁸
1567 5110 1703 5166 Dan.
1732 5125 1793 5165 tl.

1968 4632 2134 4688 Vsus.
2163 4633 2217 4689 8.
2246 4650 2265 4684 ι
2290 4632 2667 4689 Conliteantur
2698 4633 2750 4687 iu
2777 4633 3039 4687 honorem
3073 4631 3289 4688 Domini
3314 4632 3479 4687 mise-

1898 4725 2193 4780 ricordiam
2233 4725 2376 4794 ejus,
2414 4734 2467 4779 et
2496 4724 2765 4780 mirabilia
2809 4725 2930 4794 ejus
2963 4725 3104 4779 inter
3129 4723 3267 4780 lilios
3302 4724 3479 4778 homi-

1900 4833 2055 4872 num.
2099 4836 2118 4869 ι
2162 4817 2522 4888 Symmachus
2567 4824 2745 4871 autem
2786 4816 2868 4871 sic
2910 4833 2924 4869 :
2963 4814 3032 4869 Et
3076 4816 3323 4888 prodigia
3365 4814 3478 4885 ejus

1901 4927 2027 4980 erga
2053 4911 2194 4980 filios
2223 4910 2495 4964 hominum
2520 4910 2685 4964 edita.
2718 4906 2992 4981 llymnum
3018 4924 3149 4965 sane
3180 4909 3478 4978 gratiarum

1354 5265 1587 5321 VARI/Ii
1612 5263 2001 5322 LI'IC'IIONES
2039 5262 2127 5319 ΕΤ
2167 5262 2399 5320 ΝΟΤΑΞ.

296 5408 341 5440 ⁸³
385 5407 484 5461 Ἐν
532 5404 793 5475 ἀνύδρῳ.
836 5404 1005 5459 Hebr.
1062 5401 1129 5457 In
1174 5402 1463 5458 solitudine
1513 5400 1619 5458 vite
1650 5418 1695 5458 s.
1735 5402 1788 5456 in
1837 5417 1943 5471 qua
1978 5417 2087 5457 non
2119 5410 2202 5456 est
2236 5400 2342 5455 via.
2397 5397 2503 5452 Sed
2540 5397 2589 5449 οί
2643 5394 2695 5451 0'
2732 5412 2917 5452 vocem
3095 5395 3164 5452 ad
3200 5397 3487 5467 sequentia

225 5505 553 5562 retulerunt.
631 5502 697 5532 ⁸³⁸
732 5502 938 5554 Πόλιν.
970 5498 1096 5555 cod.
1138 5498 1165 5552 1
1211 5496 1337 5553 add.
1365 5497 1443 5551 δέ.
1519 5498 1564 5530 ⁸⁸
1595 5499 1764 5565 Λιμόι

1874 5496 1993 5550 best
2032 5510 2063 5549 a
2109 5493 2231 5548 cod.
2272 5492 2324 5546 ί.
2402 5487 2620 5565 "Idm
2648 5488 3057 5565 -__é(1j_tnqatf
3095 5488 3293 5565 ξλερκ.
3353 5488 3483 5565 Dea.

228 5577 366 5640 apud
399 5574 565 5627 (Iord.
598 5582 637 5624 l.
668 5569 751 5625 111.
787 5588 840 5640 p.
879 5572 1002 5626 ‘ISl.
1077 5570 1139 5640 _"
1175 5569 1297 5640 cod.
1352 5568 1376 5621 1
1419 5567 1721 5640 ἱκετηρίαντ

1824 5569 1868 5598 ⁹¹
1906 5566 2036 5620 Ital.
2076 5564 2245 5618 Abest
2299 5576 2327 5614 a
2377 5560 2499 5617 cod.
2549 5560 2600 5613 l.

2701 5560 2745 5592 ”
2775 5560 2896 5615 cod.
2931 5560 2953 5614 i
2991 5561 3117 5629 μήν.
3222 5559 3270 5591 ⁸⁸
3293 5560 3419 5629 cod.
3456 5562 3477 5614 i

229 5628 520 5717 ξξῇτησαν.
602 5644 649 5674 ’⁸
700 5628 1192 5708 Ἓάεωχῶρεξεν.
1229 5638 1323 5693 llis
1362 5628 1608 5709 quredaiit
1645 5636 1764 5708 suhj

1874 5644 2012 5691 tntur
2035 5634 2176 5705 apud
2202 5631 2366 5688 Cord.
2409 5632 2445 5685 l.
2478 5646 2526 5685 c.
2604 5629 2649 5661 ⁰¹¹
2704 5630 2797 5683 Ἐν
2857 5629 3063 5699 ὄρεσιν
3107 5630 3317 5699 ἁγίοις.
3355 5628 3481 5685 Dte.

230 5714 431 5771 in'cod.
474 5714 518 5769 l.

515 5805 784 5889 I‘AmoL.
826 5803 938 5862 Gn.
982 5799 1211 5859 LXXX.

3095 5794 3163 5855 55
