3924 6492
532 310 668 377 1739

1540 298 2030 366 THEODORETI
2064 299 2407 361 EPISCOPI
2475 302 2842 363 CYRENSIS

3666 307 3795 373 1740

529 421 764 480 actionis
817 433 938 476 non.
980 413 1364 474 misericordia
1411 412 1524 470 Deo
1572 412 1752 479 offert,
1804 428 1907 468 nec
1949 413 2116 467 etiam

2225 431 2299 467 τοι
2330 416 2689 486 χαριστήριον
2729 414 2897 485 ὕμνον
2936 414 3038 485 οὐχ
3071 416 3100 468 6
3133 414 3281 478 ἕλεος
3307 417 3389 487 τῷ
3416 417 3533 490 Θεῷ
3564 424 3797 491 προσφέ-

529 514 824 577 mirabilia,
850 511 943 568 sed
967 510 1004 565 ii
1035 509 1131 580 qui
1158 517 1237 564 tot
1264 508 1406 563 bona
1437 511 1819 576 perceperunt.
1845 502 1981 558 Nam
2013 504 2111 558 ad-

530 605 800 662 mirabilis
835 602 1076 673 quidem,
1109 609 1163 655 et
1199 596 1562 653 admiratione
1592 596 1756 667 digna
1798 593 2113 649 Judaaorum

529 701 755 755 libertas
782 696 886 751 fuit
922 711 936 747 :
972 694 1068 749 sed
1107 693 1269 761 longe
1310 689 1710 752 admirabilior,
1739 697 1793 741 et
1822 687 1970 742 omni
2015 686 2114 741 ad-

530 791 822 847 miratione
842 787 1080 857 dignior,
1104 784 1254 839 orbis
1276 782 1449 846 salus,
1472 790 1528 834 et
1553 780 1785 834 mutatio
1808 780 1864 834 in
1894 780 2112 845 melius,

532 881 846 950 errorisque
894 874 1147 938 cessatio,
1198 884 1251 927 et
1290 872 1535 926 veritatis
1585 870 1849 940 cognitio.
1905 869 2113 924 Horum

533 986 716 1028 autem
780 969 1024 1024 omnium
1094 965 1278 1019 divina
1335 962 1716 1017 misericordia
1773 961 2117 1015 conciliatrix

534 1066 656 1118 fuit.
705 1082 723 1114 ι
765 1060 881 1116 Non
941 1059 1087 1114 enim
1150 1064 1370 1125 propter
1406 1054 1651 1123 justitias
1698 1064 1937 1118 nostras,
1980 1066 2118 1122 quas

537 1156 788 1218 fecimus,
826 1161 888 1205 ut
933 1150 1009 1203 ait
1044 1148 1260 1202 divinus
1293 1146 1608 1215 Apostolus,
1666 1143 1762 1199 sed
1817 1144 2114 1199 secundum

533 1247 761 1301 multam
811 1258 964 1297 suam
1007 1238 1444 1293 misericordiam
1491 1238 1672 1291 salvos
1719 1250 1821 1290 nos
1851 1234 1981 1289 fecit
2026 1250 2119 1304 per

535 1340 812 1393 lavacrum
862 1330 1312 1401 regenerationis,
1353 1342 1406 1384 et
1458 1327 1830 1382 renovationis
1881 1326 2118 1397 Spiritus

535 1428 733 1490 sancti,
769 1438 931 1495 quem
973 1421 1166 1479 eﬂ‘udit
1192 1421 1244 1474 in
1275 1435 1375 1474 nos
1404 1419 1684 1473 abunde“.
1717 1437 1737 1469 ι
2056 1406 2070 1415 ’

608 1519 774 1573 Vens.
804 1517 857 1580 9,
886 1514 973 1568 10.
1010 1533 1028 1565 ι
1058 1512 1331 1579 Quoniam
1362 1511 1582 1564 satiavit
1606 1510 1846 1563 animam
1876 1509 2114 1575 inanem,

535 1623 589 1667 et
618 1612 856 1665 animam
887 1607 1216 1662 esurientem
1262 1603 1502 1673 implevit
1545 1602 1726 1657 bonis.
1766 1598 2028 1656 Sedentes
2063 1600 2116 1653 in

539 1702 777 1758 tenebris
822 1709 876 1754 ct
923 1699 1111 1753 umbra
1144 1697 1357 1761 mortis,
1412 1696 1625 1749 vinctos
1666 1693 2013 1748 mendicitate
2066 1702 2119 1747 et

537 1796 705 1850 ferro.
756 1812 773 1844 ι
818 1791 882 1845 Ει
909 1789 1128 1845 Iudaeos
1171 1787 1427 1845 servituti
1463 1794 1516 1841 et
1539 1801 1817 1847 terumma:
1846 1784 2116 1851 addictos,

535 1896 592 1941 et
618 1885 763 1940 fame
792 1883 1097 1948 coniectos,
1142 1894 1171 1932 a
1220 1878 1379 1933 malis
1430 1876 1644 1947 1369
1677 1877 1878 1946 quibus
1906 1875 2118 1929 detine-

538 1981 737 2033 bantur
767 1973 1037 2036 liberavit,
1074 1980 1128 2027 et
1157 1978 1324 2025 totam
1369 1969 1654 2023 hominum
1701 1975 1950 2021 naturam
1984 1966 2121 2021 divi-

539 2070 625 2125 nis
654 2065 920 2122 doctrinis
950 2064 1107 2128 aluit,
1137 2071 1191 2118 et
1221 2063 1288 2117 ab
1318 2060 1642 2131 ignorantia:
1667 2059 1901 2129 caligine
1924 2058 2121 2113 libera-

538 2173 668 2225 tam,
703 2158 911 2213 lumine
948 2156 1146 2210 diviuae
1184 2153 1518 2225 cognitionis
1554 2150 1876 2215 illustravit,
1901 2153 1919 2171 ‘
1953 2158 2007 2203 et
2035 2154 2120 2201 tn-

536 2256 884 2305 cumbentem
930 2245 1125 2300 mortis
1172 2245 1423 2298 umbram
1456 2241 1737 2305 discussit,
1787 2254 1911 2295 cum
1942 2254 2122 2293 resur-

540 2342 796 2397 rectionis
855 2353 1007 2408 spem
1074 2337 1351 2401 dedisset,
1432 2344 1486 2389 et
1550 2332 1850 2388 fortissima
1914 2330 2119 2400 peccati

540 2433 756 2489 vincula
786 2430 1040 2499 disrupit.
1080 2447 1101 2481 ι
1142 2427 1532 2497 Unusquisque
1558 2425 1730 2489 enim,
1755 2423 1952 2494 inquit,
1991 2436 2121 2478 suo-

541 2541 663 2579 rum
696 2532 1041 2595 peccatorum
1089 2520 1297 2575 catenis
1328 2518 1613 2589 stringitur
1635 2526 1685 2571 γ.
1726 2536 1745 2570 ι
1802 2515 1915 2570 Et:
1964 2532 1982 2566 ι
2028 2513 2121 2568 Vae

539 2617 647 2671 illis
670 2617 763 2685 qui
805 2630 905 2670 sua
937 2627 1157 2682 peccata
1190 2612 1353 2666 veluti
1398 2611 1560 2680 longo
1593 2607 1839 2663 funiculo
1872 2606 2116 2671 trahunt,

538 2716 593 2763 et
623 2716 884 2777 tanquam
920 2706 1038 2761 loro
1062 2703 1180 2775 jugi
1224 2702 1475 2773 iuvenca:
1502 2700 1820 2772 iniquitates
1849 2714 1977 2755 suas
2002 2706 2052 2752 κ.
2094 2717 2112 2748 ι

609 2891 776 2948 Vens.
812 2889 1011 2955 11,12.
1048 2906 1067 2939 ι
1101 2887 1238 2954 Quia
1258 2886 1721 2942 exacerbaverunt
1749 2885 1967 2955 eloquia
2000 2884 2116 2951 Dei,

538 2996 594 3042 et
624 2984 916 3040 consilium
958 2979 1225 3035 Altissimi
1263 2978 1636 3033 irritaverunt.
1672 2976 1738 3030 Et
1770 2977 2117 3031 ltumiliatum

539 3083 622 3129 est
653 3072 931 3129 laboribus
968 3085 1066 3126 cor
1114 3083 1341 3133 eorum;
1390 3065 1655 3120 inlirmati
1706 3076 1855 3130 sunt,
1890 3082 1989 3120 nec
2022 3066 2119 3119 fuit

540 3166 637 3236 qui
674 3165 979 3232 adjuvaret.
1018 3180 1035 3212 ι
1072 3160 1279 3214 llarum
1324 3166 1507 3211 autem
1540 3156 1787 3211 omnium
1838 3156 2120 3209 calamita-

543 3265 654 3308 tum
683 3251 905 3315 Judmis,
938 3259 1103 3320 atque
1141 3250 1303 3303 etiam
1342 3247 1599 3301 omnibus
1628 3246 1965 3310 hominibus,
1994 3262 2119 3316 pec-

541 3356 723 3402 catum
758 3359 922 3397 causa
946 3341 1068 3396 fuit.
1095 3340 1229 3394 Nam
1256 3349 1309 3394 et
1336 3340 1412 3392 illi
1449 3353 1638 3409 pmnas
1667 3338 1988 3408 pendentes,
2021 3336 2122 3390 Ba-

542 3437 891 3508 byloniorum
935 3432 1188 3487 servituti
1232 3431 1413 3484 traditi
1460 3430 1612 3484 fuere
1660 3448 1672 3481 :
1712 3439 1765 3484 et
1805 3444 1995 3484 omnes
2026 3430 2123 3482 bo-

544 3529 741 3589 mines,
816 3535 941 3595 post
998 3522 1254 3593 praecepti
1309 3521 1818 3591 transgressionem,
1874 3520 2120 3574 laborum

544 3617 782 3674 miseriis
820 3614 1042 3671 obnoxii
1094 3613 1336 3669 fuerunt.
1396 3613 1528 3667 Post
1573 3612 1689 3667 haec
1722 3610 1867 3666 enim
1918 3610 2125 3664 audivit

542 3709 758 3763 Adam:
800 3726 819 3759 ι
859 3706 1144 3761 Maledicta
1183 3716 1326 3760 terra
1376 3705 1430 3758 in
1462 3704 1719 3773 operibus
1773 3703 1900 3765 luis,
1936 3704 2123 3771 spinas

540 3810 596 3855 et
627 3798 859 3853 tribulos
886 3795 1216 3868 germinabit
1241 3795 1359 3848 tibi.
1386 3794 1443 3848 ln
1469 3793 1750 3849 doloribus
1784 3792 2033 3847 comedes
2056 3808 2121 3845 ex

540 3906 604 3945 ea
641 3890 852 3944 cunctis
882 3888 1076 3943 diebus
1121 3886 1244 3941 vitae
1275 3895 1424 3942 tuze:
1461 3885 1515 3938 in
1564 3884 1763 3939 sudore
1809 3885 1994 3938 vultus
2046 3883 2123 3937 tui

541 3983 779 4038 vesceris
828 3996 967 4050 pane
996 3990 1110 4043 tuo,
1144 3981 1322 4034 donec
1367 3977 1661 4033 revertaris
1707 3975 1772 4030 ad
1806 3984 2029 4039 terram,
2059 3975 2125 4030 de

541 4089 649 4143 qua
681 4081 932 4142 sumptus
971 4088 1050 4136 es,
1101 4070 1362 4140 quoniam
1411 4078 1556 4123 terra
1601 4084 1682 4136 es,
1738 4076 1792 4122 et
1835 4068 1889 4121 in
1924 4076 2123 4121 terram

542 4164 833 4218 reverteris
858 4172 908 4216 ι’.
941 4182 960 4215 ι
1001 4162 1230 4217 Talibus
1257 4161 1661 4216 caiamitatibus
1688 4161 1875 4223 cincti,
1902 4159 2128 4214 solutio-

542 4270 666 4309 nem
727 4255 932 4309 nullam
974 4255 1379 4308 imminentium
1428 4255 1693 4308 malorum
1740 4253 2062 4327 invenerunt
2107 4268 2120 4304 :

542 4346 637 4402 sed
670 4346 783 4409 ille,
816 4346 914 4416 qui
949 4345 1103 4401 hisce
1133 4346 1292 4400 malis
1323 4346 1423 4400 bos
1451 4345 1678 4411 addixit,
1712 4344 1827 4413 ipse
1859 4344 2023 4398 etiam
2056 4343 2124 4398 li-

542 4436 875 4492 berationcm
911 4436 982 4492 ab
1014 4438 1104 4493 bis
1137 4438 1365 4507 largitus
1395 4450 1498 4493 εει.
1529 4438 1619 4494 Sic
1649 4438 1794 4493 enim
1826 4436 1902 4492 ait
1929 4454 1940 4488 :

618 4610 781 4677 Vens.
816 4614 904 4677 l3,
945 4612 1032 4670 ιι.
1080 4631 1098 4665 ι
1134 4611 1198 4667 Et
1230 4613 1443 4683 1370
1472 4614 1847 4669 clamaverunt
1893 4614 1957 4668 ad
2011 4612 2118 4667 Do-

538 4707 752 4760 minum
796 4722 919 4761 cum
956 4706 1377 4774 tribularentur,
1417 4720 1470 4761 et
1519 4722 1583 4762 ex
1632 4708 1900 4777 angustiis
1928 4722 2116 4761 eorum

542 4798 793 4852 liberavit
843 4814 958 4853 eos.
1005 4798 1067 4851 Et
1111 4799 1299 4854 eduxit
1341 4814 1435 4855 eos
1482 4815 1513 4854 e
1557 4800 1794 4854 tenebris
1838 4810 1891 4855 et
1928 4800 2120 4854 umbra

541 4889 828 4959 mortis,jet
855 4890 1071 4944 vincula
1089 4905 1276 4945 eorum
1300 4892 1556 4961 disrupit.
1590 4910 1606 4943 ι
1646 4890 1935 4948 Miseratus
1971 4893 2117 4947 enim

541 4990 594 5036 e'.
626 4981 724 5037 hos
756 4990 810 5036 et
848 4981 991 5048 illos,
1043 4983 1141 5038 bos
1168 4984 1390 5053 quidem
1432 4999 1497 5038 ex
1533 4984 1977 5053 impendentibus
2009 4987 2120 5042 eri-

618 5179 770 5237 uTit.
798 5198 877 5248 ιιι,
914 5184 969 5248 5,
1003 5183 1054 5237 6.
1164 5194 1191 5223 τ
1220 5176 1381 5239 Prov.
1417 5204 1469 5254 ιν,
1509 5186 1600 5240 22.

2216 523 2319 577 ρει,
2356 505 2480 559 οὔτε
2513 507 2671 577 μὲνθτ
2723 506 2791 558 τά
2818 505 3127 576 θαυμάσια,
3168 507 3285 560 ἀλλ’
3311 510 3360 561 oi
3385 509 3495 562 τῶν
3526 512 3795 566 τοσούτων

2213 596 2440 665 ἀγαθῶν
2465 598 2898 661 ἀπολαύσαντες.
2921 597 3225 668 Θαυμαστὴ
3260 601 3359 670 μὲν
3393 602 3504 673 γὰρ
3552 604 3649 658 καὶ
3689 606 3792 669 ἀξια

2216 688 2450 757 ἀγαστος
2480 692 2575 743 καὶ
2606 690 2870 743 Ἰουδαίων
2900 690 3183 761 ἐλευθερία
3203 710 3216 723 ·
3241 691 3668 765 θαυμασιωτέρα
3681 696 3723 727 ’⁸
3743 698 3793 751 δὲ

2216 781 2311 833 καὶ
2336 780 2780 850 ἀξιαγαστοτέρα
2813 782 2912 852 τῆς
2942 784 3272 854 οἰκουμένης
3319 787 3353 855 ἡ
3396 787 3664 854 σωτηρία,
3706 793 3789 841 καὶ

2216 870 2249 938 ἡ
2298 871 2389 921 ἐπὶ
2433 870 2495 922 τὸ
2548 875 2795 941 κρεῖττον
2846 873 3158 943 μεταϐολὴ,
3223 876 3319 926 καὶ
3362 876 3463 943 τῆς
3516 876 3788 948 πλάνηςή

2218 961 2433 1026 παῦλα,
2470 964 2564 1016 καὶ
2588 964 2687 1032 τῆς
2713 964 2968 1033 ἀληθείας
2998 968 3031 1034 ἡ
3061 966 3283 1032 γνῶσις.
3313 967 3537 1020 Τούτων
3576 969 3633 1021 δὲ
3662 975 3789 1023 πάν·

2217 1069 2327 1105 των
2366 1056 2395 1106 6
2430 1053 2571 1117 θεῖος
2619 1055 2879 1125 πρόξενος
2923 1057 3093 1119 ἔλεος.
3129 1076 3147 1108 ι
3187 1060 3262 1109 Οὐ
3305 1059 3415 1127 γὰρ
3456 1059 3548 1113 διὰ
3588 1063 3685 1124 τὰς
3721 1064 3790 1115 δι-

2220 1148 2518 1208 καιοσύνας
2555 1148 2732 1217 ἡμῶν,
2761 1148 2825 1211 ἂς
2857 1151 3197 1220 ἐποιήσαμεν
3215 1154 3283 1214 θ’,
3328 1154 3527 1220 φησ“.ν¹
3582 1156 3611 1206 6
3660 1156 3786 1219 Θείος

2232 1238 2590 1302 Ἀπόστολος,
2619 1240 2756 1293 ἀλλά
2785 1241 2925 1293 κατά
2951 1241 3013 1293 τὸ
3044 1242 3179 1294 πολὺ
3207 1242 3356 1305 ἔλεος
3390 1244 3561 1297 αὑτοῦ
3596 1246 3787 1299 ἔσωσεν

2217 1333 2369 1400 ἡμᾶς
2395 1332 2482 1383 διὰ
2504 1331 2731 1399 λουτροῦ
2758 1332 3196 1399 παλιγγενεσίας,
3248 1336 3343 1387 καὶ
3376 1336 3787 1403 ἀνακαινώσεως

2220 1418 2541 1487 Πνεύματος
2567 1420 2748 1487 ἁγίου,
2789 1414 2850 1472 οὗ
2889 1422 3105 1490 ἐξέχεεν
3136 1423 3223 1492 ἐφ’
3254 1426 3404 1493 ἡμᾶς
3447 1426 3733 1490 πλουσίως.
3770 1452 3785 1481 ι

2291 1509 2357 1577 θ’,
2389 1509 2439 1563 ι’.
2482 1512 2636 1564 «Ὅτι
2668 1513 2932 1582 ἐχόρτασε
2977 1515 3158 1585 ψυχὴν
3203 1519 3430 1587 κενὴν’,
3466 1521 3560 1572 καὶ
3586 1516 3791 1592 ψυχὴνι

2221 1600 2501 1654 πεινῶσαν
2532 1602 2829 1672 ἐνέπλησεν
2857 1605 3099 1671 ἀγαθῶν.
3135 1608 3498 1677 Καθημένους
3528 1612 3588 1662 ἐν
3622 1613 3790 1666 σκύτει

2220 1692 2316 1744 καὶ
2345 1694 2472 1763 σκιᾷ
2514 1693 2766 1756 θανάτου,
2800 1696 3212 1765 πεπεδημένους
3247 1700 3305 1748 ὲν
3333 1702 3578 1769 πτωχεία⁵
3607 1704 3697 1754 καὶ
3721 1720 3793 1755 ct-

2218 1785 2390 1855 δήρῳ.
2422 1804 2440 1836 ι
2474 1786 2584 1839 Καὶ
2625 1787 2952 1851 Ἰουδαίουςδ
2989 1788 3204 1859 δουλεία
3242 1790 3337 1842 καὶ
3361 1795 3635 1863 κακουχίᾳ
3673 1812 3790 1847 συν-

2218 1874 2609 1945 εζευγμένους,
2642 1877 2733 1928 καὶ
2759 1877 2905 1947 λιμῷ
2936 1879 3297 1948 τηκομένους,
3318 1882 3431 1935 τῶν
3459 1886 3788 1953 κατεχόντων

2216 1964 2405 2017 δεινῶν
2439 1964 2787 2035 ἠλευθέρωσε
2808 1985 2819 2000 ε
2859 1967 2953 2020 καὶ
2982 1969 3201 2021 ἃπασαν
3236 1969 3543 2040 ἀνθρώπων
3572 1973 3672 2042 τὴν
3694 1974 3784 2042 φύ-

2221 2072 2304 2108 σιν
2327 2059 2445 2119 ταίς
2475 2056 2648 2119 θείαις
2676 2056 3047 2122 διδασκαλίαις
3083 2061 3358 2131 διέθρεψε,
3394 2064 3490 2115 καὶ
3510 2063 3607 2116 τοῦ
3634 2065 3786 2134 ζόφου

2216 2149 2318 2220 τῆς
2350 2151 2575 2216 ἀγνοίας
2618 2150 3023 2222 ἐλευθερώσας,
3055 2152 3133 2222 τῷ
3165 2154 3304 2221 φωτὶ
3346 2155 3449 2223 τῆς
3474 2155 3787 2219 θεογνωσίας

2218 2242 2569 2312 κατηύγασε,
2598 2246 2692 2299 καὶ
2717 2245 2816 2314 τὴν
2860 2246 3217 2315 ἐπικειμένην
3246 2248 3342 2300 τοῦ
3376 2249 3610 2302 θανάτου
3644 2251 3787 2303 σκιὰν

2219 2336 2563 2390 ἀπεσκέδασε
2585 2379 2601 2400 ,
2638 2341 2739 2409 τῆς
2778 2339 3130 2402 ἀναστάσεως
3163 2340 3413 2405 δεδωκὼς
3444 2340 3545 2412 τὴν
3577 2343 3783 2395 ἐλπίδα·

2218 2428 2311 2481 καὶ
2342 2428 2595 2500 διέρρηξε
2626 2431 2692 2485 τὰ
2724 2433 2919 2502 ἰσχυρὰ
2948 2434 3047 2501 τῆς
3082 2434 3359 2503 ἁμαρτίας
3385 2435 3584 2504 δεσμά.
3627 2453 3646 2485 ι
3678 2436 3786 2489 Σειο

2220 2521 2341 2588 ραῖς
2368 2520 2500 2589 γὰρ,
2526 2522 2680 2591 φησι,
2709 2522 2816 2574 τῶν
2850 2523 3042 2576 ἑαυτοῦ
3079 2525 3537 2597 ἁμαρτημάτων⁸
3573 2527 3785 2589 ﬁxas-co;

2220 2611 2534 2680 σφίγγεται.
2564 2632 2582 2663 ι
2616 2613 2753 2665 Καίο
2792 2632 2809 2663 ι
2838 2615 2975 2667 Οὐαὶ
3008 2617 3057 2667 οἱ
3093 2616 3469 2684 ἐπισπώμενοι
3497 2616 3599 2681 τὰς
3622 2619 3787 2687 ἀμαρ-

2218 2701 2339 2766 τίας
2368 2703 2547 2755 αὐτῶν
2579 2703 2657 2765 ώς
2695 2705 2913 2774 σχοινίῳ
2938 2705 3154 2775 μακρῷ,
3191 2706 3287 2760 καὶ
3310 2706 3386 2769 ὡς
3418 2707 3588 2774 ζυγοῦ
3619 2709 3787 2778 ίμάντι

2216 2791 2506 2863 δαμάλεων
2542 2793 2641 2857 τὰς
2671 2794 2901 2864 ἀνομίας
2932 2796 3134 2849 αὐτῶν.
3183 2815 3201 2848 ι

2292 2891 2380 2949 ια’,
2418 2883 2505 2953 ιβ’.
2543 2904 2561 2936 ι
2598 2886 2722 2937 Ὅτι
2771 2887 3190 2958 παρεπίκραναν
3222 2888 3290 2941 τὰ
3330 2886 3491 2956 λόγια
3520 2888 3615 2941 τοῦ
3642 2889 3784 2954 Θεοῦ,

2220 2977 2315 3031 καὶ
2351 2977 2449 3047 τὴν
2487 2977 2684 3048 βουλὴν
2725 2977 2817 3030 τοῦ
2858 2978 3116 3048 Ὑψίστου
3150 2980 3495 3050 παρώξυναν.
3536 2983 3649 3037 Καὶ
3680 2985 3788 3034 ὲτιι-

2225 3067 2463 3137 πεινώθη
2482 3070 2501 3099 ⁶
2528 3070 2584 3122 ὲν
2617 3070 2807 3133 κόποις
2830 3072 2861 3140 ἡ
2887 3070 3086 3139 καρδία
3114 3072 3324 3125 αὐτῶν·
3348 3074 3683 3144 ἠσθένησαν,
3706 3075 3787 3126 καί

2221 3160 2321 3212 ούκ
2350 3156 2416 3230 ἦν
2444 3163 2470 3213 6
2503 3160 2736 3230 βοηθῶν.
2778 3181 2795 3213 ι
2837 3162 3054 3215 Τούτων
3098 3164 3154 3216 δὲ
3186 3165 3403 3217 πάντων
3445 3168 3654 3219 αίτιον⁷
3694 3168 3788 3219 τῶν

2221 3250 2508 3318 ἀλγεινῶν,
2544 3254 2636 3305 καὶ
2676 3253 2951 3318 Ἰουδαίοις
2974 3294 2988 3318 ,
3026 3257 3119 3308 καὶ
3154 3258 3336 3326 μέντοι
3381 3261 3476 3312 καὶ
3504 3262 3669 3313 πᾶσιν
3704 3262 3788 3313 ἀνε-

2224 3342 2464 3411 θρώποις
2493 3345 2590 3415 ,νὴ
2640 3345 2919 3415 ἁμαρτία·
2956 3349 3199 3400 κάκεῖνοι
3234 3350 3343 3419 γὰρ
3371 3351 3530 3414 δίκας
3568 3353 3787 3413 τίνοντες

2196 3434 2548 3504 ἐξεδόθησαν
2575 3439 2639 3505 τῇ
2672 3437 3034 3490 Βαϐυλωνίων
3064 3440 3280 3510 δουλεία
3301 3458 3313 3471 ο
3346 3443 3443 3495 καὶ
3482 3447 3679 3507 πάντες
3706 3446 3789 3498 ἄν·

2225 3526 2455 3597 Θρωποι,
2477 3529 2612 3597 μετά
2633 3528 2734 3597 τὴν
2764 3528 3077 3599 παράϐασιν
3102 3532 3201 3600 τῆς
3227 3533 3469 3603 ἐντολῆς,
3489 3535 3786 3605 ὑπεϐλήθη-

2227 3636 2322 3671 σαν
2373 3622 2439 3689 τῇ
2492 3619 2600 3672 τῶν
2648 3622 2828 3673 πόνων
2869 3622 3235 3694 ταλαιπωρίᾳ.
3282 3626 3444 3678 Μετὰ
3483 3626 3654 3679 ταῦτα
3692 3630 3785 3698 γὰρ

2224 3712 2459 3779 ἤκουσεν
2498 3712 2688 3782 Ἀδὰμ,
2714 3732 2732 3764 ι
2755 3714 3193 3784 Ἐπικατάρατος
3225 3718 3257 3784 ἡ
3276 3716 3359 3785 γῆ
3392 3718 3452 3768 ὲν
3480 3721 3595 3781 τοῖς
3620 3718 3782 3788 ἔργοις

2230 3820 2344 3868 σου,
2374 3805 2619 3868 ἀκάνθας
2647 3807 2745 3859 καὶ
2772 3807 3053 3875 τριϐόλους
3080 3809 3329 3861 ἀνατελεῐ
3358 3811 3498 3874 σοιδ,
3524 3813 3581 3863 ὲν
3612 3812 3785 3873 λύπαις

2227 3896 2378 3966 φάγῃ
2411 3897 2583 3966 αὐτὴν
2632 3900 2815 3959 πάσας
2863 3899 2961 3960 τὰς
2993 3902 3206 3968 ἡμέρας
3241 3902 3338 3968 τῆς
3385 3902 3533 3970 ζωῆς
3585 3919 3701 3957 σου“
3738 3906 3785 3953 ἐν

2227 3987 2409 4058 ἱδρῶτι
2437 3988 2532 4042 τοῦ
2569 3989 2864 4058 προσώπου
2897 4008 2991 4043 σου
3033 3993 3180 4063 φάγῃ
3221 3992 3311 4045 τὸν
3348 3994 3517 4064 ἄρτον
3557 4013 3667 4057 σου,
3694 3996 3785 4056 ἕως

2226 4078 2321 4130 τοῦ
2361 4080 2704 4150 ἀποστρέψαι
2752 4098 2809 4134 σε
2842 4084 2922 4145 είς
2962 4083 3059 4152 τὴν
3086 4084 3190 4152 γῆν
3231 4084 3289 4147 ἐξ
3327 4079 3393 4154 ἦς
3428 4086 3684 4157 ἐλήφθης,
3716 4087 3785 4139 ὅτι

2224 4170 2295 4239 γῆ
2324 4166 2393 4233 εἴ,
2427 4171 2521 4223 καὶ
2542 4172 2622 4234 είς
2651 4172 2757 4241 γῆν
2780 4172 3081 4245 ἀπελεύσῃ.
3111 4193 3129 4225 ι
3167 4175 3506 4239 Τοσαύταις⁹
3531 4194 3789 4247 περιστοι-

2228 4260 2505 4328 χιζόμενοι
2565 4266 2876 4333 συμφοραῖς
2923 4263 3076 4316 λύσιν
3130 4264 3387 4333 οὐδεμίαν
3432 4265 3653 4335 εὕροντο
3688 4266 3785 4317 τῶν

2226 4351 2591 4423 ἐπικειμένων
2628 4353 2836 4417 κακῶν,
2871 4354 2985 4405 ἀλλ’
3012 4358 3039 4406 6
3075 4355 3296 4418 ταύταις
3330 4357 3529 4420 αὐτοὺς
3559 4359 3781 4427 συγκλη-

2149 4448 2204 4510 D
2232 4440 2444 4511 ρὼσας,
2480 4442 2643 4505 αὐτὸς
2692 4445 2787 4496 καὶ
2830 4446 2929 4515 τὴν
2974 4445 3177 4499 τούτων
3224 4447 3549 4519 ἀπαλλαγὴν
3592 4450 3783 4520 ἐδωρήο

2224 4550 2374 4603 σατο.
2401 4535 2540 4604 Φησὶ
2568 4536 2679 4605 γάρ
2699 4536 2740 4567 ¹⁰
2764 4551 2777 4565 ·

2298 4631 2393 4692 ιγ’,
2423 4625 2505 4678 ιδ’.
2540 4627 2686 4679 «Καὶ
2710 4627 3015 4699 ἐκέκραξαν
3040 4629 3177 4700 πρὸς
3201 4630 3408 4701 Κύριον
3437 4632 3496 4685 ἐν
3526 4633 3601 4704 τῷ
3622 4633 3785 4687 θλίϐε-

2226 4714 2349 4769 σθαι
2380 4716 2600 4780 αύτοὺς,
2632 4718 2726 4770 καί⁵
2755 4720 2817 4771 ἐκ
2845 4720 2951 4773 τῶν
2982 4721 3236 4788 ἀναγκῶν
3271 4723 3453 4777 αὐτῶν
3479 4726 3677 4779 ἔσωσεν
3699 4728 3785 4779 αύ-

2224 4804 2369 4869 τούς.
2418 4807 2531 4859 Καὶ
2578 4806 2845 4878 ἐξήγαγεν
2876 4810 3073 4874 αὐτοὺς
3105 4813 3171 4865 ὲκ
3202 4813 3423 4877 σκότους
3454 4855 3468 4878 ,
3505 4818 3595 4868 καὶ
3637 4821 3780 4879 σκιᾶς

2230 4898 2482 4964 θανάτου,
2511 4899 2608 4952 καὶ
2644 4899 2769 4963 τοὺς
2810 4900 3044 4971 δεσμοὺς
3083 4903 3266 4955 αὐτῶν
3308 4905 3650 4979 διέρρηξεν.»
3699 4910 3782 4960 υί-

2229 4990 2451 5061 κτείρας
2482 4990 2591 5061 γὰρ
2635 4993 2729 5045 καὶ
2770 4991 2992 5057 τούτους
3037 4996 3358 5061 κάκείνους,
3406 4999 3535 5062 τοὺς
3565 4999 3659 5069 μὲν
3688 4999 3781 5050 τῶν
3870 5048 3883 5065 ,

1683 5196 1708 5223 ι
1745 5187 1848 5243 lsa.
1883 5205 1937 5255 γ,
1973 5182 2071 5246 18.’
2137 5199 2163 5238 ἲ
2200 5191 2338 5245 Gen.
2369 5209 2450 5258 ιιι,
2489 5194 2675 5249 l7-l9.

1629 5394 1861 5449 VARUE
1902 5394 2283 5452 LECTIONES
2324 5394 2410 5451 ET
2449 5397 2680 5455 NOTAE.

646 5506 688 5578 θῖ
727 5504 849 5562 eod.
897 5507 920 5561 1
987 5510 1115 5578 μήν.

540 5569 594 5648 ᾖ.
666 5576 939 5648 infe-with
987 5569 1173 5633 'll'cbr.
1243 5580 1527 5638 sitientem.

1214 5508 1261 5541 ’³
1284 5510 1405 5567 cod.
1459 5511 1483 5564 1
1533 5512 1977 5615 θαυμαστοτέρα.
2053 5517 2099 5548 ⁸³

1246 5580 1506 5615 u'n'mnnon
1689 5586 1904 5615 αι’...ιοιμ
2000 5585 2024 5615 Α
2041 5586 2117 5615 Lm

2225 5518 2495 5586 ~£~xonim
2543 5518 2667 5574 Des.
2696 5519 2750 5572 in
2782 5519 2903 5574 cod.
2942 5519 2995 5573 l.

2284 5589 2381 5615 ...\.t
2482 5587 2570 5615 υ...
2692 5590 2714 5615 ι
2751 5591 2853 5615 τίνι-ι
2910 5590 2989 5615 91..

1626 5585 1651 5617 ³
1689 5585 1923 5654 Ψυχὴν.
1990 5585 2160 5641 Abest
2198 5604 2226 5641 τι
2282 5585 2422 5641 cod.
2482 5587 2598 5641 Val.

3074 5520 3090 5550 ¹
3123 5520 3339 5588 «Matr.
3377 5520 3504 5574 cod.
3538 5522 3560 5576 l
3613 5534 3771 5590 praem.

2692 5590 2714 5619 ⁸
2746 5591 2855 5642 Καὶ
2910 5590 3088 5643 Ἰουδ.
3133 5608 3186 5644 κ.
3226 5609 3277 5645 τ.
3327 5590 3377 5645 λ.
3410 5592 3529 5645 Alia
3592 5598 3774 5647 exstant

542 5631 704 5729 iﬁlli“.
736 5631 902 5729 (Iord.
924 5648 974 5729 ΙΙ.
1593 5654 1625 5729 ,ί
1667 5631 2117 5729 ﬁttest'tﬁii-"a

2249 5657 2420 5710 ἐταπ.
2479 5657 2641 5729 Hebr.
2697 5631 3021 5713 Ηὶιῆιὲιίιῑιὲἷ
3075 5631 3277 5729 nihil
3349 5631 3529 5717 τ’ἑόὶίῗ
3570 5631 3770 5715 (Sim.

540 5714 564 5747 ⁸
611 5718 730 5769 Σοί.
761 5718 881 5773 cod.
919 5718 940 5771 l
974 5714 1160 5789 adqu
1184 5718 1277 5788 γῆ.

1356 5722 1375 5751 9
1410 5720 1758 5790 Τοσαύταιζν.
1789 5720 1910 5781 cod.
1945 5727 1968 5779 1
2004 5726 2117 5781 αὰιίη

2225 5766 2236 5780 .
2300 5728 2687 5798 ιοφησὶγάρ.
2744 5729 2866 5785 Des.
2936 5731 2988 5783 in
3038 5720 3222 5785 codfl
