3924 6486
194 368 324 433 1741

1570 376 1651 437 ΙΝ
1693 378 1900 438 PSAL.
1941 381 2081 440 CVI.

3316 391 3450 456 1742

186 482 558 557 διακειμένων
597 486 875 558 ἀπήλλαξε
920 491 1238 560 συμφορῶν,
1284 491 1409 554 τοὺς
1450 491 1505 543 δὲ
1535 492 1630 544 τοῦ
1669 494 1766 561 τῆς

1896 495 1988 547 iuit
2015 495 2442 564 calamitatibus,
2476 501 2576 557 hos
2612 518 2739 559 vero
2768 505 2838 561 ab
2868 506 3187 575 ignorantiae
3216 510 3453 565 tenebris

187 578 417 646 ἀγνοίας
447 578 795 649 ἠλευθέρωσε
828 579 1079 645 σκότους,
1119 582 1214 634 καὶ
1240 580 1341 652 τῆς
1359 580 1605 644 δουλείας
1625 582 1771 653 διέρ-

190 672 323 740 ρηξε
361 668 431 723 τὰ
463 670 661 740 δεσμά.

264 770 343 827 ιε’,
381 761 477 827 ις’.
512 781 530 814 ι
552 761 1185 833 Ἐξομολογησάσθωσαν
1220 764 1298 835 τῷ
1326 764 1518 836 Κυρίῳ
1548 765 1615 818 τὰ
1644 765 1771 834 ἐλέη

188 854 375 917 αὐτοῦ,
395 854 491 906 καὶ
517 853 587 908 τὰ
617 854 901 924 θαυμάσια
931 854 1098 908 αὐτοῦ
1129 857 1242 919 τοῖς
1265 855 1401 919 υίοῖς
1424 855 1532 909 τῶν
1562 855 1774 926 ἀνθρώ⁴

191 963 331 997 πων.
359 945 483 997 Ὀτι
541 945 833 1015 συνέτριψε
876 944 1052 1009 πύλας
1098 946 1347 1016 χαλκᾶς,
1401 941 1511 999 καῖ’
1543 945 1773 1017 μοχλοὺς

192 1038 449 1109 σιδηροῦς
499 1038 917 1093 συνέθλασεν¹¹.
960 1057 980 1089 ι
1020 1038 1204 1102 Πύλας
1249 1038 1481 1109 χαλκᾶς,
1528 1038 1625 1093 καὶ
1674 1055 1773 1107 μο-

191 1131 355 1202 χλοὺς
410 1131 701 1203 σιδηροῦς,
750 1132 812 1184 τὸ
859 1132 1103 1202 ἄφυκτον
1136 1130 1365 1185 ἐκάλεσε
1408 1129 1518 1183 τῶν
1550 1130 1767 1183 κακῶν·

194 1224 443 1293 καθάπερ
470 1224 580 1294 γάρ
606 1223 698 1276 τὸν
730 1223 862 1277 εἴσω
882 1225 1142 1278 τοιούτων
1163 1224 1565 1294 καθειργμένον
1591 1222 1772 1295 θυρῶν

192 1337 249 1370 τε
286 1320 382 1370 καὶ
424 1317 660 1388 μοχλῶν,
705 1317 1022 1386 διαφεύγειν
1043 1319 1087 1349 ³³
1116 1317 1224 1371 τῶν
1258 1318 1568 1371 ἀδυνάτωνο
1598 1316 1772 1382 οὕτως

192 1410 476 1479 ἀμήχανον
522 1404 591 1479 ἦν
634 1407 730 1460 καὶ
785 1409 1072 1473 Ἰουδαίους
1107 1408 1204 1480 τὴν
1243 1409 1605 1463 Βαϐυλωνίων
1654 1410 1771 1463 δια-

193 1503 386 1573 δρᾶναι
410 1501 679 1567 δουλείαν,
708 1501 803 1554 καὶ
834 1502 1046 1565 πάντας
1072 1501 1397 1573 ἀνθρώπους
1419 1501 1513 1554 τοῦ
1546 1500 1772 1555 θανάτου

192 1596 291 1665 τὴν
322 1594 663 1647 δυναστείαν.
694 1595 872 1656 Μόνος
899 1593 957 1647 δὲ
975 1596 1002 1646 ὁ
1023 1594 1166 1657 θεῖος
1187 1594 1335 1657 ἔλεος
1361 1595 1563 1665 ἤρκεσε
1589 1594 1773 1647 κάκεί-

193 1704 299 1741 νων
334 1688 429 1740 καὶ
465 1686 658 1739 τούτου
692 1685 945 1739 διαλῦσαι
991 1685 1051 1739 τὸ
1086 1686 1307 1757 κράτος,
1356 1686 1587 1740 καὶτῶν
1612 1687 1773 1739 ἀνια-

196 1781 304 1852 ρῶν
332 1781 433 1851 τὴν
463 1779 617 1833 λύσιν
650 1779 1003 1850 χαρίσασθαι.

265 1892 351 1959 ιζ’.
388 1914 408 1945 ι
459 1892 811 1947 Ἀντελάϐετο
858 1892 1107 1946 αύτῶν¹³
1150 1893 1210 1958 ἒξ
1241 1892 1360 1945 ὁδοῦ
1405 1893 1636 1964 ἀνομίας
1682 1895 1779 1947 αὐ-

194 1989 304 2042 τῶν
324 2006 338 2021 ο
369 1988 461 2041 διά
491 1988 601 2058 γὰρ
630 1989 731 2049 τὰς
760 1986 993 2057 ἀνομίας
1022 1986 1203 2039 αὐτῶν
1245 1985 1721 2059 ἐταπεινώθησαν.
1756 2007 1774 2039 ι

196 2081 333 2135 Οῦτε
373 2079 644 2139 Ἰουδαῖοι.
685 2078 809 2132 οὔτε
856 2080 1008 2132 πᾶσα
1038 2078 1148 2131 τῶν
1184 2077 1491 2149 ἀνθρώπων
1528 2080 1561 2148 ἡ
1594 2079 1778 2147 φύσις,

196 2172 401 2233 ἀδίκως
445 2173 559 2232 τοῖς
602 2171 849 2237 ἀνιαροῖς
905 2168 1273 2237 περιέπεσεν·
1311 2167 1450 2220 ἀλλὰ
1495 2169 1589 2221 καὶ
1636 2164 1781 2222 οῦτοι

196 2267 442 2319 κάκεῖνοι
498 2264 655 2325 δίκας
719 2256 793 2317 ὧν
855 2261 1292 2332 ἐπλημμέλησαν
1338 2261 1601 2315 τίνουσιν.
1641 2261 1780 2314 Ἀλλ’

198 2359 364 2427 ὅμως,
406 2357 504 2409 καὶ
532 2355 761 2418 τούτους
795 2354 1086 2417 κάκείνους
1117 2354 1397 2418 τοσούτοις
1431 2354 1778 2422 ἐγκαλινδού-

202 2449 401 2518 μένους
435 2449 626 2509 κακοῖς
656 2443 938 2515 σωτηρίας
969 2444 1227 2513 ἠξίωσεν.

264 2570 359 2632 ιη’.
405 2582 424 2613 ‹
467 2562 583 2615 Πᾶν
615 2560 814 2630 βρῶμα
845 2558 1169 2623 ὲόδελύξατο
1207 2558 1417 2631 ἡψυχὴ
1446 2558 1653 2613 αὐτῶν·
1689 2560 1782 2611 καὶ

198 2658 437 2727 ἤγγισαν
484 2655 589 2716 ἓως
633 2653 743 2705 τῶν
792 2650 978 2704 πυλῶν
1028 2649 1121 2702 τοῦ
1161 2650 1419 2704 θανάτου.
1461 2670 1479 2702 ι
1534 2650 1781 2703 Ἰουδαῖοι

203 2748 298 2818 μὲν
350 2747 485 2816 γὰρ,
536 2744 613 2814 τῷ
664 2744 860 2813 πλήθει
908 2744 1261 2813 συνεχόμενοι
1294 2743 1405 2795 τῶν
1444 2741 1653 2809 κακῶν,
1687 2744 1782 2796 καὶ

199 2839 367 2909 αὐτὴν
418 2835 828 2904 ἀπεστρέφοντο
887 2833 986 2902 τὴν
1040 2834 1272 2902 τροφήν.
1316 2831 1490 2885 Τοῦτο
1534 2834 1644 2903 γὰρ
1688 2833 1782 2885 καὶ

200 2932 254 2984 ὲν
279 2931 455 3000 ἑτέρῳ
480 2926 704 2996 ψαλμῷ,
730 2926 805 2987 ὡς
829 2924 887 2990 ἐξ
917 2924 1145 2977 ἐκείνων
1172 2924 1396 2994 εἴρηκεν
1418 2926 1445 2976 ὁ
1471 2924 1777 2994 προφήτης

206 3042 224 3076 ι
256 3024 379 3075 Ὅτι
415 3018 765 3087 ἐπελαθόμην
797 3016 893 3070 τοῦ
925 3017 1124 3084 φαγεῖν
1169 3015 1260 3068 τὸν
1294 3016 1455 3085 ἄρτον
1489 3032 1610 3084 μου.
1640 3033 1658 3065 ι
1702 3014 1782 3066 Τὰ

199 3117 253 3169 δὲ
282 3115 416 3182 ἔθνη
440 3113 559 3166 οὐδὲ
583 3112 624 3143 ¹¹⁵
650 3114 771 3173 ταῖς
799 3110 909 3163 τῶν
946 3109 1164 3161 οἰκείων
1193 3108 1502 3177 φιλοσόφων
1528 3108 1782 3160 διδασκα-

202 3210 345 3272 λίαις
370 3206 661 3278 προσέχειν
688 3203 963 3257 ἐϐούλετο.
1000 3195 1075 3255 Οὗ
1107 3201 1172 3272 δὴ
1214 3202 1395 3271 χάριν,
1448 3202 1494 3251 οἱ
1530 3199 1627 3268 μὲν
1664 3198 1781 3249 Σω-
1814 3186 1856 3240 C

203 3300 441 3371 κράτους
491 3295 940 3364 κατεψηφίσαντο
969 3292 1229 3345 θάνατον’
1267 3292 1316 3344 οί
1360 3291 1417 3343 δὲ
1461 3290 1555 3342 τὸν
1597 3286 1784 3351 Ἀνάξ-

204 3409 372 3462 αρχον
402 3390 529 3459 ξένῃ
578 3387 885 3456 παρέδοσαν
909 3384 1216 3456 τιμωρίᾳ¹⁸
1238 3402 1250 3414 ·
1279 3384 1329 3436 οἰ
1359 3383 1416 3436 δὲ
1440 3383 1482 3414 ¹⁶
1514 3381 1665 3435 ἄλλοι
1689 3379 1782 3434 τοῦ

208 3483 533 3553 Πυθαγόρου
568 3479 847 3549 διαδόχους
881 3478 1097 3549 πικρῶς
1122 3477 1497 3546 αἰκισάμενοι,
1535 3475 1785 3544 πρόωρον

205 3576 389 3638 αὐτοῖς
416 3575 700 3644 ἐπήγαγον
737 3570 991 3625 θάνατον.
1029 3568 1170 3622 Ἀλλ’
1195 3569 1345 3638 ὅμως
1367 3569 1405 3598 ⁸⁷
1445 3567 1539 3620 καὶ
1572 3565 1785 3628 τούτοις

206 3671 232 3720 ὁ
260 3666 369 3719 τῶν
399 3665 535 3719 ὅλων
560 3663 691 3726 Θεὸς
720 3661 1105 3733 παρεσκεύασε
1145 3659 1504 3730 μεταδοθῆναι
1535 3658 1632 3728 τῆς
1655 3657 1788 3711 ἀθα-

206 3762 373 3813 νάτου
402 3757 613 3827 τροφῆς
633 3796 649 3820 ,
680 3757 776 3808 καὶ
819 3754 957 3823 μετὰ
998 3754 1181 3821 πάσης
1205 3752 1381 3823 ταύτῃ
1415 3751 1787 3822 προσδραμεῖν

210 3845 524 3916 προθυμίας
574 3842 855 3908 ἀνέπεισε,
901 3843 998 3896 καὶ
1041 3841 1152 3895 τῶν
1179 3841 1275 3895 τοῦ
1319 3841 1553 3895 θανάτου
1603 3839 1789 3891 πυλῶν

207 3936 577 4008 ἠλευθέρωσε.

280 4028 369 4083 ιϐ’.
420 4047 439 4079 ι
475 4028 587 4080 Καὶ
625 4025 934 4097 ὲκέκραξαν
980 4024 1115 4096 πρὸς
1148 4022 1355 4094 Κύριον
1402 4024 1458 4075 ὲν
1497 4021 1576 4091 τῷ
1614 4021 1790 4074 θλίϐε-

210 4122 336 4176 σθαι
367 4121 589 4183 αύτοὺς,
624 4120 719 4172 καὶ
746 4120 809 4172 ἐκ
840 4119 951 4171 τῶν
977 4119 1237 4186 ἀναγκῶν
1264 4116 1441 4170 αὐτῶν
1469 4116 1671 4168 ἔσωσεν
1694 4116 1791 4168 σύ-

208 4214 357 4276 τούς.
401 4232 418 4263 ι
460 4207 593 4264 Εἶτα
626 4209 870 4263 διδάσκει
901 4209 1001 4278 τῆς
1030 4210 1307 4279 σωτηρίας
1332 4208 1424 4260 τὸν
1461 4208 1680 4277 τρόπον.

280 4337 348 4383 κ’,
396 4348 413 4379 ι
463 4326 778 4380 Ἀπέστειλε
814 4326 907 4377 τὸν
943 4324 1102 4391 λόγον
1134 4322 1321 4385 αὑτοῦ,
1356 4323 1448 4375 καὶ
1478 4323 1661 4375 ἰάσατο
1691 4321 1790 4374 αύ-
1832 4384 1849 4397 α

208 4425 355 4485 τοὺς,
386 4421 481 4474 καὶ
506 4418 776 4491 ἐρρύσατο
795 4418 991 4479 αὐτοὺς
1010 4418 1072 4469 ὲκ
1092 4416 1200 4468 τῶν
1222 4413 1529 4483 διαφθορῶν
1553 4413 1751 4466 αὐτῶν.
1766 4431 1784 4463 ›

1875 587 2148 656 liberavit,
2182 592 2575 663 servitutisque
2602 595 2827 654 vincula
2851 597 3107 669 disrupit.

1948 767 2111 825 Vens.
2153 771 2241 836 15,
2278 772 2359 827 16.
2403 793 2420 823 ι
2457 773 2837 832 Conﬁteantur
2864 778 2921 834 in
2946 780 3210 836 honorem
3244 784 3459 837 Domini

1878 864 2309 921 misericordiam
2337 869 2475 936 ejus,
2510 879 2563 923 et
2592 871 2861 927 mirabilia
2886 874 3004 943 ejus
3027 875 3167 933 inter
3199 878 3333 932 ﬁlios
3359 880 3460 933 ho-

1877 955 2107 1010 minum.
2141 955 2280 1024 Quia
2313 960 2571 1016 contrivit
2600 973 2785 1031 portas
2817 980 3018 1032 aeneas,
3049 977 3102 1021 et
3136 976 3317 1025 vectes
3350 970 3461 1026 fer—

1879 1061 2003 1101 reos
2045 1049 2332 1118 confregit.
2379 1070 2397 1101 ι
2448 1052 2640 1109 Portas
2688 1071 2866 1111 aeneas
2911 1068 2966 1112 et
3002 1069 3184 1116 vectes
3229 1062 3460 1127 ferreos,

1881 1136 2151 1191 malorum
2183 1139 2291 1193 vim
2318 1141 2686 1199 inevitabilem
2732 1151 3089 1217 nuncupavit.
3135 1151 3289 1206 Sicut
3315 1155 3460 1208 enim

1882 1241 1986 1280 non
2029 1237 2208 1297 potest
2237 1229 2374 1294 ﬁeri,
2416 1240 2476 1285 ut
2507 1232 2575 1298 is,
2601 1234 2692 1302 qui
2730 1236 2874 1291 intra
2908 1238 3041 1292 tales
3064 1239 3263 1308 januas
3296 1251 3350 1296 et
3371 1258 3463 1299 ve-

1878 1327 1992 1373 ctes
2019 1320 2269 1376 detentus
2290 1332 2393 1386 est,
2426 1323 2681 1395 ell‘ugiat:
2715 1328 2795 1382 sic
2826 1328 2944 1384 ﬁeri
2978 1331 3203 1387 minime
3226 1345 3462 1403 poterat,

1874 1416 1941 1462 ut
1987 1408 2158 1465 Judaei
2206 1411 2629 1483 Babyloniorum
2670 1418 2959 1474 evaderent
2997 1424 3333 1488 servitutem,
3380 1427 3463 1481 vel

1880 1515 2071 1555 omnes
2096 1501 2344 1559 homines
2368 1508 2559 1561 mortis
2586 1508 2897 1578 imperium.
2926 1510 3050 1567 Sola
3076 1524 3255 1570 autem
3282 1517 3468 1573 divina

1880 1594 2257 1650 misericordia
2290 1607 2343 1652 et
2374 1598 2593 1654 illorum
2624 1613 2678 1656 et
2701 1602 2867 1673 hujus
2896 1608 3196 1674 potentiam
3225 1619 3469 1668 evertere

1881 1686 2081 1754 putuit,
2111 1687 2554 1761 solutionemque
2590 1710 2619 1747 a
2652 1693 2816 1750 rebus
2842 1697 3094 1753 tristibus
3127 1709 3405 1767 praestare.

1955 1892 1969 1910 ⁴
2006 1890 2170 1947 Vens.
2209 1894 2294 1948 l7.
2349 1914 2366 1945 ι
2417 1894 2669 1967 Suscepit
2700 1914 2795 1954 eos
2835 1899 2902 1955 de
2928 1888 3013 1955 via
3047 1902 3350 1974 iniquitatis
3377 1922 3470 1962 eo-

1883 2000 2004 2039 rum
2038 2006 2052 2040 :
2083 1994 2303 2056 propter
2325 1989 2623 2058 injustitias
2645 1992 2789 2045 enim
2814 2008 2943 2048 suas
2970 1994 3238 2051 humiliati
3264 2008 3412 2055 sunt.
3446 2022 3463 2052 ι

1881 2077 1991 2132 Nec
2046 2078 2257 2147 Judaei,
2300 2098 2401 2137 nec
2446 2092 2557 2138 tota
2600 2084 2887 2140 hominum
2924 2098 3115 2143 natura
3170 2090 3373 2156 iniuste
3417 2094 3468 2147 in

1884 2172 2025 2225 mala
2064 2172 2258 2228 incidit
2295 2193 2308 2229 :
2338 2176 2431 2230 sed
2455 2186 2509 2231 et
2543 2176 2629 2231 isti
2655 2187 2707 2231 et
2729 2178 2805 2231 illi
2840 2196 3033 2248 pmnas
3070 2197 3259 2237 eorum
3290 2184 3472 2251 luunt,

1882 2280 2005 2333 quae
2035 2274 2251 2334 patrare
2281 2268 2399 2321 ausi
2437 2277 2589 2323 sunt.
2622 2268 3010 2327 Verumtamen
3052 2282 3106 2327 et
3134 2275 3234 2331 hos
3264 2287 3319 2331 et
3348 2278 3472 2332 illos

1884 2357 2086 2412 talibus
2118 2358 2274 2414 malis
2300 2358 2608 2428 implicatos
2632 2360 2807 2416 salute
2833 2363 3088 2432 dignatus
3113 2376 3213 2421 est.

1959 2554 2124 2611 Vens.
2164 2558 2243 2612 l8.
2297 2577 2313 2609 ι
2347 2559 2572 2612 Omnem
2603 2574 2785 2614 escam
2826 2561 3136 2616 abominata
3168 2572 3252 2620 est
3289 2566 3472 2620 anima

1883 2664 2098 2714 eorum,
2124 2661 2177 2702 et
2208 2651 2788 2720 appropinquaverunt
2819 2668 2994 2722 usque
3019 2659 3083 2708 ad
3113 2666 3301 2725 portas
3324 2673 3472 2713 mor-

1884 2742 1977 2795 tis.
2022 2761 2040 2793 ι
2100 2742 2235 2796 Nam
2289 2742 2461 2797 Judaei
2508 2744 2728 2811 quidem
2774 2746 2942 2800 tantis
2993 2746 3229 2801 miseriis
3277 2750 3472 2816 pressi,

1884 2833 2061 2904 ipsum
2099 2834 2263 2888 etiam
2296 2835 2477 2889 cibum
2528 2836 2946 2890 aversabantur.
2980 2835 3094 2892 Hoc
3137 2839 3281 2892 enim
3322 2848 3378 2895 ct
3417 2841 3471 2894 in

1884 2928 1992 2981 alio
2020 2928 2229 2997 1371
2262 2928 2499 2998 psalmo,
2528 2928 2695 2983 veluti
2723 2943 2786 2982 ex
2813 2929 3031 2982 illorum
3064 2944 3321 2999 persona,
3346 2946 3476 3001 pro—

1885 3020 2044 3088 pheta
2080 3020 2255 3073 dixit:
2302 3037 2320 3069 ι
2356 3019 2627 3085 Quoniam
2655 3009 2875 3074 'oblitus
2904 3035 3025 3074 sum
3059 3022 3347 3076 comedere
3374 3037 3474 3090 pa-

1887 3126 2008 3164 nem
2044 3127 2222 3165 meum
2258 3121 2301 3165 ι.
2355 3129 2373 3161 ι
2408 3111 2607 3166 Gentes
2638 3126 2768 3164 vero
2800 3127 2899 3165 nec
2927 3112 2993 3166 ad
3027 3128 3252 3167 suorum
3293 3096 3505 3183 philo?

1891 3201 2185 3267 sophorum
2218 3202 2497 3256 doctrinas
2543 3200 2824 3255 attendere
2861 3201 3135 3255 volebant.
3180 3200 3476 3271 Propterea

1892 3291 1944 3344 hi
1977 3293 2197 3361 quidem
2228 3292 2510 3348 Socratem
2538 3293 2606 3347 ad
2634 3304 2864 3349 mortem
2888 3294 3357 3360 condemnarunt;
3384 3294 3476 3348 alii

1891 3398 2021 3437 vero
2050 3384 2437 3439 Anaxarchum
2488 3385 2748 3438 inusitata
2794 3394 2969 3439 morte
3008 3385 3346 3451 multarunt;
3383 3386 3477 3441 alii

1894 3486 2074 3528 autem
2117 3471 2436 3545 Pythagorae
2465 3491 2814 3531 successores
2843 3477 3040 3532 acerbe
3065 3480 3340 3534 cruciatos
3374 3479 3479 3533 im-

1895 3576 2105 3619 matura
2139 3576 2315 3621 morte
2354 3566 2671 3622 all‘eccrunt.
2711 3566 3099 3624 Verumtamen
3143 3579 3197 3623 et
3233 3570 3320 3625 his
3353 3569 3481 3624 uni-

1895 3673 2178 3712 versorum
2209 3659 2348 3713 Deus
2374 3659 2738 3714 immortalem
2763 3661 2942 3715 cibum
2971 3662 3250 3730 impertiit,
3273 3671 3327 3717 et
3351 3677 3474 3716 cum

1894 3752 2043 3804 omni
2072 3751 2240 3803 animi
2270 3751 2697 3819 promptitudinc
2736 3751 2802 3805 ad
2842 3751 2990 3806 hunc
3032 3766 3319 3807 accurrere
3349 3767 3477 3822 per-

1896 3843 2092 3906 suasit,
2123 3852 2176 3895 et
2214 3856 2245 3894 a
2276 3841 2469 3897 mortis
2493 3841 2678 3911 januis
2701 3840 3017 3895 vindicavit.

1972 4019 2137 4074 Vens.
2185 4019 2269 4072 l9.
2323 4038 2340 4068 ι
2379 4017 2444 4072 Et
2486 4018 2861 4072 clamaverunt
2895 4017 2961 4071 ad
3012 4016 3303 4073 Dominum
3350 4034 3475 4075 cum

1897 4111 2313 4175 tribularentur,
2342 4117 2397 4162 et
2418 4124 2481 4162 ex
2518 4109 2786 4177 angustiis
2808 4122 2997 4163 eorum
3027 4107 3277 4164 liberavit
3303 4125 3416 4166 eos.
3451 4131 3473 4163 ν

1900 4206 2105 4262 Deinde
2132 4205 2326 4258 salutis
2353 4204 2575 4257 modum
2612 4203 2788 4257 docet.

1968 4317 2137 4371 Vens.
2163 4317 2253 4370 20.
2304 4333 2322 4365 ι
2355 4315 2501 4370 Misit
2528 4316 2752 4369 verbum
2788 4331 2973 4381 suum,
3003 4326 3059 4371 et
3090 4317 3303 4370 sanavit
3337 4332 3433 4372 eos
3465 4331 3481 4372 :

1898 4420 1955 4466 et
1981 4410 2160 4479 erupit
2191 4424 2286 4463 eos
2316 4423 2346 4462 e
2376 4408 2618 4478 pernicie
2648 4423 2768 4463 sua.
2808 4427 2827 4460 ι
2857 4406 2991 4462 Nam
3025 4425 3147 4463 cum
3182 4409 3323 4463 Deus
3355 4409 3487 4463 Ver-

220 4518 278 4567 ‘U
304 4515 419 4585 γάρ
450 4512 583 4575 Θεὸς
614 4512 784 4578 Λόγος
820 4508 1270 4579 ὲνανθρωπήσας,
1314 4507 1407 4559 καλ⁵
1441 4504 1780 4569 ἀποσταλεὶς,

1901 4503 2029 4558 bum
2058 4503 2353 4555 humanam
2380 4511 2635 4554 naturam
2660 4500 3011 4570 suscepisset,
3046 4512 3209 4569 atque
3232 4511 3289 4555 ut
3320 4500 3482 4555 homo

209 4607 282 4669 ὡς
315 4606 607 4674 ἄνθρωπος
636 4603 734 4673 (ὡς
764 4602 872 4673 γὰρ
906 4601 1060 4663 Θεὸς,
1093 4600 1496 4671 ἀπερίγραφος,
1528 4598 1622 4650 καὶ
1650 4614 1786 4649 παν-

208 4695 379 4765 ταχοῦ
411 4696 675 4763 πάρεστι,
703 4694 799 4745 καὶ
823 4692 1068 4762 περιέχει
1098 4693 1165 4744 τὰ
1200 4690 1263 4743 σύ
1274 4688 1626 4762 μπαντα),τά
1656 4704 1788 4739 παν·-

208 4786 423 4841 τοδαπὰ
454 4784 564 4837 τῶν
601 4784 792 4854 ψυχῶν
829 4785 1019 4838 ἰάσατο
1048 4783 1371 4854 τραύματα,
1405 4780 1501 4833 καὶ
1526 4780 1653 4842 τοὺς
1678 4778 1795 4831 δια-

211 4880 525 4951 φθαρέντας
565 4879 844 4950 ἀνέρρωσε
877 4878 1193 4948 λογισμούς.
1237 4875 1454 4929 Οῦτω¹⁸
1483 4873 1584 4945 τὴν
1617 4873 1798 4943 ἀμαρ-

214 4973 384 5027 τωλδν
422 4972 637 5041 ἐκείνην
673 4971 862 5023 ἰάσατο
895 4973 1134 5039 γυναῖκα
1157 5011 1171 5036 ,
1204 4969 1298 5023 καὶ
1328 4969 1551 5039 θαρρεῖν
1592 4981 1799 5035 παρεγ-

215 5064 453 5137 γύησεν’
507 5063 649 5117 οὕτω
699 5063 792 5116 τὸν
843 5063 1181 5134 παρειμένον
1225 5060 1485 5129 ἔσφιγξεν
1535 5056 1796 5128 εἰρηκὼς,

281 5256 303 5282 ι
340 5245 481 5299 l’sal.
513 5260 586 5307 cr,
618 5245 671 5297 4.
764 5257 788 5283 ει
819 5241 1007 5296 Matth.
1040 5258 1112 5304 ix,
1148 5240 1237 5293 29..

1902 4592 2105 4645 missus
2137 4599 2281 4645 esset
2318 4590 2399 4661 (ut
2446 4590 2589 4643 Deus
2621 4590 2789 4654 enim,
2834 4598 2918 4644 est
2952 4590 3483 4664 incircumscriptus,

1895 4694 1951 4740 et
2005 4684 2208 4753 ubique
2234 4685 2408 4744 adest,
2441 4689 2495 4735 ct
2528 4681 2711 4735 omnia
2750 4683 3036 4749 continet),
3070 4683 3322 4736 universa
3367 4683 3486 4737 ani-

1896 4792 2110 4832 marum
2152 4776 2377 4828 vulnera
2416 4773 2649 4837 sanavit,
2694 4784 3009 4841 ruentesque
3059 4783 3344 4841 corruptas
3388 4788 3485 4827 cn-

1896 4870 2058 4923 ravit.
2094 4865 2184 4920 Sic
2206 4876 2259 4918 et
2293 4865 2579 4919 mulierem
2615 4865 2761 4917 illam
2788 4864 3147 4933 peccatricem
3176 4879 3366 4918 sanam
3399 4864 3482 4918 l'e-

1898 4959 1974 5014 cit
2010 4961 2056 5020 ‘,
2100 4966 2153 5012 et
2189 4966 2248 5011 ut
2283 4958 2427 5011 bono
2467 4957 2654 5010 animo
2682 4965 2851 5017 eSset,
2889 4955 3167 5025 praecepit.
3200 4954 3295 5009 Sic
3324 4970 3482 5024 para-

1903 5052 2129 5123 lylicum
2177 5049 2562 5112 consolidavit,
2617 5047 2853 5103 dicens:
2910 5065 2928 5097 ι
2962 5045 3332 5103 Remittuntur
3382 5046 3481 5104 tibi

1303 5410 1540 5467 VARUE
1581 5408 1968 5467 LECTIONES
2008 5409 2095 5464 ΕΤ
2137 5408 2363 5464 ΝΟΤΙΕ.

283 5561 322 5593 ¹¹
356 5558 955 5615 Συνέθλασεν.οού.1
993 5554 1333 5625 συνέτριψεν.
1356 5602 1368 5614 ,
1414 5554 1455 5584 ¹¹
1496 5555 1617 5608 cod.
1655 5554 1679 5607 l
1716 5554 2022 5623 διαφυγεῖν.

2104 5553 2146 5584 ¹³
2190 5552 2421 5605 Ἀντελ.
2449 5549 2668 5603 αὐτῶν.
2701 5550 2861 5605 Hebr.
2896 5534 3060 5608 095m
3099 5550 3274 5606 stulti.
3305 5549 3407 5604 Sed
3433 5552 3482 5605 οἰ

212 5660 264 5711 0'
299 5671 458 5725 aeque
512 5672 575 5708 ac
621 5655 790 5724 Syrus
824 5653 1083 5725 etLArabs
1107 5652 1344 5725 “legisse
1389 5651 1645 5725 videntur
1681 5635 1907 5725 35mm
1942 5658 2001 5705 ut
2042 5649 2198 5725 [elici
2218 5645 2535 5725 conjectura
2564 5645 2910 5725 Δειλιι-ιξίιϐιςι.
2942 5631 3128 5725 υομιε
3169 5643 3379 5725 in‘ant.
3408 5647 3481 5725 ad

215 5728 265 5780 Ιι.
294 5727 330 5780 l.
369 5721 848 5793 interpretationis
880 5721 998 5793 Syr.
1102 5723 1146 5753 "
1176 5721 1297 5777 cod.
1326 5723 1350 5793 l
1382 5723 1465 5793 ού.

212 5798 389 5865 ὁμως.
415 5796 539 5853 cod.
579 5798 596 5849 l
633 5796 789 5850 ἀλλά.

1576 5724 1617 5792 ¹ῖν
1647 5723 1769 5775 cod.
1806 5724 1831 5774 1
1858 5721 2129 5792 τιμωρίας
2157 5720 2294 5792 ἰδέαι.

870 5790 1127 5861 ’θὀὖτω,
1161 5810 1214 5846 κ.
1252 5810 1301 5845 τ.
1340 5791 1387 5844 λ.
1414 5791 1549 5869 llaec
1580 5791 1695 5847 des.
1729 5792 1871 5861 apud
1902 5790 2067 5847 Cord.
2102 5806 2156 5860 p.
2184 5790 2305 5843 187.

2384 5715 2426 5744 ’³
2458 5720 2521 5771 οι
2555 5716 2639 5770 δέ.
2688 5718 2808 5770 Des.
2851 5715 2902 5768 in
2936 5715 3060 5769 cod.
3114 5717 3159 5767 ι.
3238 5716 3278 5745 ¹⁷
3322 5714 3483 5769 Ἀλλ’
