3924 6488
216 331 367 396 1745
600 334 605 337 ”
1634 332 1716 393 ΙΝ
1752 330 1792 391 Ρ

1901 330 1961 394 L.
2000 330 2146 393 CVI.
3354 323 3489 389 1746

214 451 420 505 ϐεσθαι
445 452 668 515 αὐτοὺς,
696 453 792 506 καὶ
816 454 881 506 ὲκ
903 452 1013 506 τῶν
1033 451 1292 521 ἀναγκῶν
1325 452 1505 507 αὐτῶν
1534 451 1792 518 ὲξήγαγεκ

1906 444 2323 508 tribularentur,
2354 453 2407 498 et
2437 456 2501 498 ex
2532 440 2806 513 angustiis
2837 456 3027 497 eorum
3058 441 3253 498 edtuit
3281 442 3492 496 cos.‘l;‘t

215 542 451 607 αὐτούς.
488 544 598 598 Καὶ
613 546 659 576 ’⁸
696 544 930 612 ἐπέταξε
960 547 1028 617 τῇ
1065 544 1368 613 καταιγίδι,
1412 544 1506 597 καὶ
1546 543 1680 611 ἔστη
1726 542 1792 606 εἰς

1909 537 2168 606 praecepit
2198 536 2452 606 procellae
2482 535 2625 605 ejus,
2655 544 2708 590 et
2742 534 2989 589 constitit
3022 549 3189 600 aura,
3226 542 3281 587 et
3318 533 3486 587 silue-

214 631 425 705 αὔραν,
451 636 547 689 καὶ
572 636 836 706 ἐσίγησαν
866 638 937 693 τὰ
967 638 1189 708 κύματα
1210 636 1403 705 αὐτῆς.
1432 635 1543 690 Kal
1567 636 1792 705 st‘xppav

1911 636 2039 682 runt
2064 627 2263 682 ﬂuctus
2297 626 2436 697 ejus.
2472 627 2537 682 Et.
2564 627 2729 682 laetati
2766 635 2916 689 sunt.
2965 626 3093 697 quia
3124 626 3417 682 siluerunt.
3462 646 3479 677 ι

216 724 421 793 θησαν,
453 725 537 777 ὅτι
560 723 865 795 ἡσύχασαν.
901 744 920 776 ι
957 725 1249 790 Κάκείνοις
1291 725 1351 778 δὲ
1393 724 1510 788 τοῖς
1549 722 1792 777 πλέουσιη

1908 716 2082 774 Porro
2134 728 2189 774 et
2234 719 2345 774 illis
2393 718 2487 789 qui
2540 719 2800 790 navigant
2854 718 3032 789 ipsum
3100 717 3483 772 invocantibus

215 815 682 884 ἐπικαλουμένοις
711 815 811 887 τὴν
833 816 1045 871 οἰκείαν
1075 816 1252 889 ῥοπὴν
1274 815 1479 887 ὀρέγει,
1494 815 1593 869 καὶ
1621 813 1802 868 νεύει·

218 905 317 957 καὶ
366 906 717 976 παραχρῆμα
774 908 856 968 είς
914 902 1092 977 αὔραν
1153 907 1391 975 πραεῖαν
1444 906 1477 974 ἡ
1540 904 1803 971 καταιγὶς

221 992 649 1062 μεταϐάλλεται,
693 995 917 1065 καὶτῆς
946 994 1115 1066 ζάλης
1157 994 1221 1048 τὺ
1253 996 1490 1063 πέλαγος
1522 994 1799 1049 ἀπαλλάτ·

217 1100 399 1147 τεται,
437 1084 533 1137 καὶ
558 1086 608 1138 oi
639 1084 905 1158 λυπηροῖς
940 1103 1050 1139 τισι
1083 1085 1552 1157 προσπαλαίοντες
1584 1087 1672 1140 διὰ
1700 1088 1803 1158 τῆς

217 1173 391 1227 αὑτοῦ
444 1174 666 1245 χάριτος
711 1176 1015 1247 μεταϐολὴν
1061 1177 1376 1247 εὑρίσκουσι
1420 1178 1532 1233 τῶν
1590 1179 1799 1233 κακῶν.

216 1266 407 1329 Οὕτως
427 1266 471 1299 ³⁷
488 1268 733 1321 Ἰουδαῖοι
761 1271 861 1339 τῆς
892 1270 1102 1340 πικρᾶς
1127 1271 1373 1336 δουλείας
1403 1260 1620 1340 ἐκείνης
1646 1270 1802 1340 ἠλευ-

219 1347 563 1426 θέρὼθησαν.
602 1377 620 1409 ι
665 1358 775 1411 Kal
811 1358 1098 1430 ὡδήγησεν
1128 1361 1327 1425 αὐτοὺς
1357 1361 1451 1414 ἐπὶ
1475 1360 1674 1430 λιμένα
1707 1360 1798 1413 θε-

220 1447 465 1517 λήματος
506 1448 674 1503 αὑτοῦ
690 1448 756 1502 ’⁸.
794 1467 816 1503 ι
855 1448 1007 1520 Ἀμα
1058 1449 1166 1519 γὰρ
1196 1448 1456 1518 ἠθέλησε,
1500 1449 1596 1502 καὶ
1641 1448 1799 1511 λύσις

222 1539 440 1608 ἐγένετο
475 1540 587 1594 τῶν
618 1541 826 1605 κακῶν,
864 1544 959 1596 καὶ
985 1542 1109 1595 ἀντὶ⁵
1148 1541 1244 1595 τοῦ
1274 1541 1543 1604 κλύδωνος
1569 1544 1597 1595 ὁ
1629 1541 1797 1610 λιμὴν

222 1632 463 1702 ἀνεφάνη
483 1647 499 1664 ’
524 1632 618 1687 xal
649 1633 810 1686 τοῦτο
838 1633 896 1688 δὲ
924 1633 1125 1704 μᾶλλον
1164 1634 1296 1703 ἡμῖν
1317 1675 1330 1698 ,
1361 1634 1395 1705 ἢ
1430 1633 1665 1696 ἐκείνοις
1696 1634 1797 1701 ἁρ-

224 1720 421 1790 μόδιον.
469 1721 647 1792 Ἢμᾶς
678 1723 786 1794 γὰρ
834 1724 915 1785 εἰς
952 1723 1044 1775 τὸν
1077 1721 1174 1776 τοῦ
1223 1723 1529 1793 θελήματος
1560 1723 1793 1776 αύτοῦ²⁹

219 1812 413 1882 λιμένα
445 1813 821 1886 καθώρμισεν,
868 1817 967 1887 τὴν
1002 1815 1151 1869 θείαν
1189 1815 1359 1869 αὑτοῦ
1406 1816 1799 1887 δωρησάμενος

219 1903 444 1971 γνῶσιν.

282 1996 383 2059 λα’,
410 1994 513 2067 λβ’.
547 2015 566 2050 ι
590 1997 1218 2070 Ἐξομολογησάσθωσαν
1246 1998 1324 2071 τῷ
1352 2000 1545 2071 Κυρίῳ
1569 2000 1640 2053 τὰ
1667 1998 1793 2069 ἐλέη

214 2089 405 2149 αὑτοῦ,
438 2090 537 2144 καὶ
580 2089 648 2145 τὰ
694 2089 975 2160 θαυμάσια
1020 2090 1186 2144 αὑτοῦ
1231 2093 1343 2155 τοῖς
1373 2093 1509 2155 υἱοῖς
1546 2091 1655 2145 τῶν
1697 2094 1795 2144 ἀν-

214 2176 471 2247 θρώπων.
514 2178 920 2248 Ὑψωσάτωσαν
952 2180 1116 2233 αὑτὸν
1145 2182 1203 2234 ἐν
1231 2181 1499 2251 ἐκκλησίᾳ
1525 2181 1678 2241 λαοῦ,
1699 2183 1794 2234 καὶ

212 2266 270 2318 ἓν
318 2267 560 2340 καθέδρᾳ
576 2269 622 2300 ³⁸
684 2270 1076 2341 πρεσϐυτέρων
1121 2272 1495 2327 αίνεσάτωσαν
1538 2273 1723 2326 αὐτόν.
1766 2292 1787 2325 ι

214 2360 323 2412 Καὶ
345 2360 509 2414 τοῦτο
542 2361 697 2431 παρὰ
718 2362 827 2415 τῶν
852 2363 1299 2417 πεπιστευκότιιιν
1328 2365 1496 2417 ἐθνῶν
1525 2364 1791 2428 διηνεκῶς

211 2451 502 2520 γινόμενον
526 2451 675 2505 ἔστιν
702 2452 849 2507 ίδεῖν.
894 2454 980 2507 Ἑν
1015 2454 1217 2520 πάσαις
1243 2456 1352 2527 γὰρ
1381 2460 1503 2521 ταῖς
1529 2458 1670 2513 κατὰ
1690 2458 1791 2528 τὴν

209 2542 543 2613 οἰκουμένην
587 2543 971 2612 Ἐκκλησίαις,
1015 2546 1110 2600 τοῦ
1135 2547 1281 2619 ίεροῦ
1304 2547 1719 2619 καθηγουμένου
1739 2552 1781 2582 ³¹

213 2632 497 2701 συλλόγου,
549 2634 696 2699 ἅπας
740 2637 769 2689 ὀ
798 2636 925 2701 λαὸς
970 2637 1062 2691 τὸν
1114 2640 1411 2710 εὐεργέτην
1458 2642 1644 2711 ὑμνεῖ,
1690 2643 1788 2713 τῆς

210 2723 362 2786 θείας
392 2723 805 2795 φιλανθρωπίας
834 2728 933 2791 τὰς
971 2727 1420 2801 θαυματουργίας
1444 2731 1679 2798 διεξιών.

277 2815 382 2882 λγ,
419 2815 519 2870 λδν.
553 2834 572 2869 ι
605 2816 797 2870 Ἐθετο
828 2822 1107 2890 ποταμοὺς
1139 2822 1220 2885 είς
1249 2822 1478 2894 ἔρημον,
1520 2825 1614 2877 καὶ
1646 2826 1788 2893 διεξ-

208 2907 364 2971 όδους
394 2908 606 2963 ὑδάτων
641 2910 722 2974 είς
746 2910 928 2981 δίψαν.
968 2913 1075 2984 Γῆν
1102 2915 1452 2984 καρποφόρον
1496 2916 1575 2978 είς
1606 2917 1786 2987 ἅλμην

209 2988 316 3051 ἀπὸ
341 2998 547 3062 κακίας
571 2999 677 3052 τῶν
706 3000 1112 3056 κατοικούντων
1136 3004 1193 3055 ὲν
1219 2998 1380 3073 αὐτῇ.
1407 3022 1426 3055 ι
1447 3003 1707 3074 Ὑμνοῦσι
1729 3006 1786 3060 δὲ

209 3091 375 3144 αὐτὸν
430 3092 481 3144 οῖ
536 3091 639 3160 τῆς
694 3093 973 3164 σωτηρίας
1032 3093 1415 3165 τετυχηκότες,
1472 3096 1572 3167 τὴν
1612 3097 1782 3169 ,ξένην
1809 3112 1853 3170 c

209 3182 448 3253 δρῶντες
480 3183 812 3256 μεταϐολήν.
843 3187 908 3239 Ol
946 3185 1057 3257 γὰρ
1096 3188 1264 3242 πάλαι
1292 3188 1508 3253 πολλοῖς
1549 3191 1786 3262 ἀρδόμε-

212 3293 291 3329 νοι
324 3280 691 3347 προφητικοῖς
709 3281 993 3349 ποταμοῖς,
1015 3280 1109 3333 καὶ
1137 3281 1351 3354 καρπὸν
1379 3282 1589 3354 ὥριμον
1615 3301 1786 3354 προσ-

102 3436 109 3446 ,
213 3365 471 3436 φέροντες
492 3367 573 3437 τῷ
598 3367 739 3439 Θεῷ,
762 3367 860 3422 νῦν
883 3369 1005 3423 οὐδὲ
1035 3370 1238 3436 νοτίδος
1269 3374 1471 3443 μικρᾶς
1492 3374 1790 3428 ἀπολαύου-

214 3472 318 3515 σιν,
360 3455 481 3509 ἀλλ’
513 3456 715 3529 ἔρημοι
748 3459 987 3529 πάμπαν
1025 3459 1114 3513 διὰ
1154 3461 1255 3531 τὴν
1285 3462 1493 3519 οἰκείαν
1521 3463 1790 3537 πονηρίαν

210 3546 307 3616 τῆς
340 3547 612 3619 προτέρας
640 3549 863 3620 ἀρδείας
889 3550 1231 3621 γεγένηνται.

278 3727 376 3781 λε’.
418 3746 435 3779 ι
454 3728 648 3782 Ἔθετο
673 3728 880 3801 ἔρημον
914 3731 994 3793 είς
1020 3730 1218 3801 λίμνας
1242 3731 1473 3797 ὑδάτων,
1500 3734 1592 3786 καὶ
1612 3736 1657 3767 ⁸⁸
1683 3736 1788 3806 γῆν

214 3818 441 3889 ἄνυδρον
470 3820 551 3883 είς
577 3820 844 3886 διεξόδους
868 3821 1102 3880 ὑδάτων.
1138 3842 1157 3873 ι
1192 3822 1275 3876 Τὰ
1303 3822 1360 3875 δὲ
1394 3823 1563 3879 πάλαι
1600 3824 1787 3897 ἔρημα

214 3909 338 3980 ἔθνη
364 3949 379 3973 ,
414 3911 509 3964 καὶ
540 3911 663 3965 οὐδὲ
690 3912 951 3984 βραχεῖαν
983 3913 1258 3985 ἐσχηκότα
1281 3913 1496 3981 λιϐάδα,
1532 3918 1645 3979 τοῖς
1685 3919 1786 3988 τῆς

212 4002 559 4065 διδασκαλίας
592 4001 747 4058 ὕδασι
785 4003 1178 4074 περικλύζεται
1205 4046 1221 4072 ,
1269 4005 1422 4078 ὑπὲρ.
1455 4004 1558 4078 τὴν
1596 4007 1786 4077 χρείαν

214 4092 278 4145 τὰ
301 4093 499 4161 λογικὰ
530 4093 793 4164 δεχόμενα
823 4095 1094 4167 ῥεύματα.

278 4269 387 4337 λς’.
432 4290 453 4323 ι
482 4271 595 4325 Kal
639 4270 948 4343 κατῴκισεν
976 4272 1094 4327 ἐκεῖ
1131 4274 1434 4340 πεινῶντας
1458 4316 1481 4341 ,,
1525 4278 1621 4331 καὶ
1660 4294 1785 4331 συνο

213 4364 511 4434 εστήσαντο
566 4363 753 4427 πόλεις
788 4364 1160 4428 κατοικεσίας.
1199 4384 1217 4416 ι
1283 4367 1422 4431 Τοὺς
1468 4368 1576 4439 γὰρ
1615 4369 1784 4423 πάλαι

1907 824 2066 883 opem
2100 827 2257 866 suam
2297 810 2528 875 confert,
2564 820 2624 866 et
2655 810 2870 877 annuit,
2906 811 3200 880 statimque
3233 810 3286 864 in
3330 819 3481 863 tran-

1906 903 2133 973 quillam
2173 919 2362 957 auram
2411 902 2649 974 procella
2689 903 3053 967 convertitur,
3101 910 3157 956 et
3196 902 3422 972 pelagus
3452 920 3481 955 a

1904 995 2160 1050 ﬂuctibus
2193 993 2480 1060 liberatur,
2512 1003 2567 1049 et
2599 994 2694 1063 qui
2723 1009 2847 1050 cum
2882 994 3137 1050 tristibus
3173 994 3339 1050 rebus
3365 995 3480 1048 col-

1903 1086 2275 1151 luctabantur,
2305 1102 2402 1159 per
2422 1086 2544 1157 ejus
2564 1086 2796 1156 gratiam
2820 1086 3089 1140 malorum
3119 1086 3477 1140 mutationem

1905 1176 2324 1231 nanciscuntur.
2377 1175 2467 1230 Sic
2509 1173 2681 1229 Judaei
2723 1174 2790 1229 ab
2839 1175 3034 1229 acerba
3078 1176 3168 1229 illa
3220 1174 3480 1230 servitute

1903 1267 2115 1321 liberati
2152 1266 2327 1322 fuere.
2367 1285 2385 1317 ι
2424 1266 2490 1321 Et
2522 1266 2748 1321 deduxit
2785 1279 2882 1320 eos
2922 1265 2976 1319 in
3022 1274 3236 1335 portum
3278 1265 3478 1319 volun-

1903 1360 2028 1414 tatis
2057 1374 2190 1414 suae.
2221 1377 2241 1410 ι
2283 1358 2458 1413 Simul
2490 1374 2555 1413 ac
2578 1358 2723 1412 enim
2756 1356 3109 1423 voluit,mala
3139 1372 3357 1427 quoque
3381 1358 3477 1411 de-

1898 1451 2056 1522 pulsa
2085 1459 2231 1515 sunt,
2266 1460 2321 1506 et
2360 1466 2459 1521 pro
2500 1456 2824 1521 tempestate
2868 1459 3060 1520 portus
3098 1450 3370 1520 apparuit.
3414 1449 3479 1502 Et

1899 1542 2006 1597 hoc
2051 1543 2211 1598 nobis
2270 1542 2453 1613 potius
2496 1558 2661 1612 quam
2717 1541 2824 1597 illis
2882 1557 3195 1611 congruens
3254 1549 3360 1596 est.
3415 1539 3474 1593 ln

1903 1634 2118 1707 1374
2161 1636 2462 1692 voluntatis
2492 1635 2637 1696 enim
2684 1649 2798 1689 suae
2829 1643 3048 1704 portum
3084 1650 3185 1689 nos
3227 1634 3471 1698 deduxit,

1898 1727 2137 1782 divinam
2177 1742 2329 1782 suam
2368 1725 2736 1796 cognitionem
2767 1724 3019 1795 largitus.

1968 1984 2132 2041 Vens.
2164 1986 2251 2047 31,
2286 1984 2375 2038 32.
2420 2002 2437 2035 ι
2471 1981 2847 2038 Conﬁteantur
2872 1983 2927 2038 in
2961 1984 3223 2040 honorem
3252 1986 3470 2041 Domini

1895 2076 2329 2133 misericordiam
2361 2076 2501 2146 ejus,
2553 2084 2608 2130 et
2656 2076 2931 2131 mirabilia
2970 2078 3093 2146 ejus
3146 2078 3287 2133 inter
3332 2078 3469 2133 ﬁlios

1893 2165 2197 2221 hominum.
2233 2165 2298 2220 Et
2326 2167 2564 2221 exaltent
2592 2182 2715 2222 eum
2752 2167 2806 2221 in
2842 2176 3111 2223 conventu
3160 2170 3368 2239 populi,
3405 2179 3460 2224 ct

1894 2256 1948 2312 in
1978 2258 2232 2312 cathedra
2262 2257 2542 2313 seniorum
2567 2258 2787 2312 laudent
2817 2275 2962 2314 eum.
2996 2279 3015 2311 ι
3056 2262 3122 2315 Et
3153 2261 3257 2315 hoc
3280 2278 3309 2315 a
3338 2277 3468 2331 gen-

1891 2350 2062 2415 tibus,
2094 2366 2216 2421 quae
2247 2350 2623 2415 crediderunt,
2658 2351 2919 2406 continue
2951 2354 3066 2407 tieri
3102 2353 3285 2409 videre
3316 2355 3464 2410 licet.

1890 2444 1950 2498 In
2007 2444 2222 2499 cunctis
2270 2443 2417 2497 enim
2472 2445 2622 2500 orbis
2667 2452 2937 2499 terrarum
2972 2446 3261 2509 Ecclesiis,
3306 2463 3466 2502 sacro

1890 2540 2168 2604 praeeunte
2201 2545 2369 2598 ctetu,
2418 2535 2598 2590 omnis
2632 2536 2867 2605 populus
2898 2536 3145 2592 beneﬁcii
3184 2548 3462 2594 auctorem

1890 2625 2113 2694 laudat,
2174 2625 2372 2681 divina:
2418 2626 2767 2698 benignitatis
2814 2628 3079 2684 miracula
3132 2646 3463 2686 commemo-

1886 2732 2037 2775 rans.
2878 2712 2891 2721 ⁷

1958 2809 2126 2864 Vsus.
2153 2809 2244 2874 33,
2280 2808 2368 2862 34.
2407 2828 2425 2861 ι
2466 2809 2615 2864 Fecit
2665 2820 2724 2865 ut
2774 2810 2999 2868 ﬂumina
3042 2813 3235 2868 ﬁerent
3274 2815 3465 2870 deser-

1887 2911 2026 2970 tum,
2060 2911 2115 2958 et
2141 2905 2322 2959 exitus
2357 2920 2647 2975 aquarum,
2695 2905 2835 2962 sitis.
2891 2907 2959 2964 Ut
2990 2916 3133 2963 terra
3181 2908 3462 2963 fructifera

1888 2994 2039 3050 ﬂeret
2068 2996 2291 3065 salsugo
2320 2996 2389 3051 ob
2419 2996 2687 3051 malitiam
2721 2998 3086 3053 habitantium
3124 3000 3177 3054 in
3221 3015 3305 3054 ea.
3350 3020 3366 3052 ι
3400 2999 3461 3053 lli

1886 3095 2091 3153 autem,
2110 3087 2204 3157 qui
2229 3088 2460 3142 salutem
2489 3089 2767 3160 consecuti
2792 3099 2941 3157 sunt,
2963 3091 3137 3160 ipsum
3164 3092 3461 3153 celebrant,

1888 3194 2085 3234 novam
2120 3188 2176 3234 et
2227 3154 2874 3239 inusitatam‘intuentes
2921 3184 3301 3241 mutationem.
3357 3184 3462 3252 Qui

1887 3272 2034 3325 enim
2076 3270 2268 3326 multis
2298 3272 2429 3327 olim
2471 3289 2752 3328 sacrorum
2799 3275 3187 3345 prophetarum
3220 3276 3463 3331 ﬂumini-

1888 3362 1992 3419 bus
2041 3362 2250 3434 irrigati
2289 3374 2465 3429 erant,
2519 3367 3009 3437 tempestivumque
3058 3367 3297 3422 fructum
3353 3368 3462 3423 Deo

1888 3453 2224 3520 aﬂ’erebant,
2279 3470 2427 3511 nunc
2472 3471 2541 3510 ne
2597 3458 2895 3527 perexiguo
2950 3458 3173 3528 quidem
3232 3459 3463 3514 lmmore

1887 3544 2270 3615 perfruuntur,
2324 3547 2419 3601 sed
2453 3549 2522 3602 ob
2558 3548 2832 3617 propriam
2877 3549 3200 3619 pravitatem
3230 3552 3459 3623 pristina

1887 3636 2209 3708 irrigatione
2234 3637 2448 3707 penitus
2478 3638 2720 3693 destituti
2758 3649 2907 3693 sunt.

1958 3729 2128 3785 Vens.
2180 3730 2269 3785 35.
2321 3748 2341 3781 ι
2396 3729 2547 3786 Fecit
2600 3741 2658 3785 ut
2709 3730 2983 3787 desertum
3046 3740 3353 3787 mutaretur
3406 3734 3461 3787 in

1888 3829 2078 3890 stagna
2122 3834 2429 3890 aquarum,
2468 3830 2521 3874 et
2563 3828 2707 3874 terra
2743 3835 2883 3889 aqua
2935 3837 3128 3875 carens
3173 3824 3228 3875 in
3280 3826 3461 3877 exitus

1887 3926 2177 3981 aquarum.
2216 3929 2235 3963 ι
2284 3910 2483 3966 Gentes
2518 3926 2667 3975 vero,
2708 3926 2828 3979 quas
2857 3910 2986 3965 olim
3021 3912 3251 3967 desertze
3281 3921 3458 3976 erant,

1886 4019 2117 4075 quaeque
2176 4019 2243 4058 ne
2290 4004 2544 4074 exiguam
2600 4004 2818 4072 quidem
2884 4004 3084 4059 stillam
3144 4006 3459 4069 habebant.

1886 4095 2151 4150 doctrinae
2197 4095 2355 4165 aquis
2396 4095 2715 4166 irrigantur,
2763 4104 2951 4165 utpote
2990 4112 3112 4167 quae
3151 4098 3457 4167 spiritualia

1885 4187 2087 4243 ﬂuenta
2122 4202 2288 4255 supra
2324 4203 2491 4257 quam
2537 4203 2760 4243 necesse
2793 4189 2886 4251 sit,
2922 4190 3213 4259 recipiunt.

1955 4277 2124 4334 Vens.
2156 4279 2245 4334 36.
2284 4299 2303 4331 ι
2339 4278 2405 4333 Ει
2445 4279 2730 4334 collocavit
2763 4280 2836 4335 ibi
2867 4281 3195 4346 esurientes,
3237 4292 3292 4336 et
3321 4297 3457 4337 cou-

1887 4373 2184 4429 slituerunt
2224 4371 2476 4427 civitates
2508 4372 2885 4427 habitationis.
2924 4394 2942 4426 ι
2993 4375 3100 4429 Eos
3137 4375 3310 4438 enim,
3365 4375 3458 4445 qui

212 4453 354 4523 λιμῷ
383 4454 726 4525 τηκομένους
750 4496 765 4521 ,
794 4456 1015 4525 καὶτῆς
1044 4457 1426 4528 πνευματικῆς
1453 4460 1663 4529 τροφῆς
1692 4460 1781 4513 ὲν-

1901 4468 2015 4525 )ιὶῐῐι
2053 4465 2195 4521 fame
2225 4464 2677 4529 conficiebantur,
2731 4473 2785 4519 et
2831 4466 3094 4533 spirituali
3137 4467 3335 4535 pabulo
3368 4444 3459 4520 ca-

211 4546 380 4609 δεεῖς,
415 4549 473 4599 ὲν
501 4547 731 4611 ἐκείνοις
764 4548 1044 4619 κατῴκισε
1083 4552 1197 4613 τοῖς
1236 4552 1523 4621 ποταμοῖς,
1551 4552 1644 4605 καὶ⁹
1682 4551 1780 4624 τὴν

1901 4560 2098 4624 πθὺεηι,
2131 4560 2185 4613 in
2216 4561 2236 4581 ⁴
2268 4557 2373 4613 illis
2403 4557 2721 4611 ﬂuminibus
2760 4558 3009 4613 habitare
3040 4558 3185 4624 fecit,
3224 4568 3279 4612 et
3312 4558 3457 4627 piant

211 4636 408 4706 εὐσεϐῆ
441 4639 809 4709 συνεστήσατο
837 4640 1133 4696 πολιτείαν.

1901 4648 2103 4721 [375
2146 4648 2268 4702 vitae
2314 4648 2577 4702 rationem
2622 4648 2921 4702 constituit.

274 4727 375 4793 λζ’.
409 4747 427 4778 ι
468 4728 576 4781 Kal
602 4728 863 4801 ἔσπειραν
887 4733 1112 4804 ἀγροὺς,
1132 4734 1229 4786 καὶ
1257 4734 1566 4803 ἐφύτευσαν
1599 4734 1783 4805 ἀμπεο

1961 4743 2126 4796 Vens.
2159 4741 2249 4795 37.
2285 4760 2303 4789 ‹
2339 4738 2404 4793 Et
2435 4739 2839 4793 seminaverunt
2872 4753 3051 4808 agros,
3091 4747 3142 4791 et
3173 4737 3453 4808 plantave-

210 4817 404 4881 λῶνας,
459 4820 553 4872 καὶ
592 4820 857 4892 ἐποίησαν
905 4823 1121 4894 καρπὸν
1180 4827 1541 4896 γεννήματος.
1590 4844 1611 4877 ι
1670 4826 1781 4880 Kal

1901 4840 2018 4888 runt
2048 4833 2264 4893 vineas,
2312 4838 2365 4883 et
2414 4828 2655 4882 fecerunt
2702 4828 2937 4881 fructum
2984 4835 3299 4895 proventus.
3340 4844 3358 4877 ι
3395 4825 3460 4879 Ει

212 4909 379 4961 ταῦτα
410 4908 626 4963 ἅπαντα
658 4912 941 4982 τροπικῶς
976 4915 1201 4986 εἴρηκεν
1238 4918 1266 4969 ὁ
1302 4918 1611 4986 προφήτης.
1670 4916 1782 4970 Kal

1901 4925 2008 4979 haec
2036 4921 2218 4977 omnia
2250 4918 2511 4990 propheta
2542 4933 2639 4989 per
2676 4918 3085 4973 translationem
3130 4916 3287 4971 dixit.
3340 4915 3459 4985 Ipse

213 5003 236 5053 ὁ
284 5000 488 5072 Κύριος
525 5003 569 5034 ³³
605 5004 945 5075 παραϐολαῖς
1000 5008 1278 5070 τοιαύταις
1334 5009 1637 5079 ἐχρήσατο’
1680 5008 1777 5060 καὶ

1901 5026 2108 5081 Juoque
2145 5010 2410 5065 Dominus
2447 5008 2758 5079 huiusmodi
2796 5007 3291 5076 comparationibus
3320 5021 3457 5061 usus

215 5092 335 5144 ποτὲ
367 5091 469 5162 μὲν
495 5094 623 5158 τοὺς
665 5096 1004 5162 ἀποστόλους
1037 5096 1267 5151 ἐκάλεσε
1312 5096 1594 5169 θεριστὰς,
1649 5096 1783 5150 ποτὲ

1901 5110 1977 5155 εει.
2016 5099 2327 5169 Aliquando
2364 5099 2512 5152 enim
2560 5097 2839 5166 apostolos
2893 5108 3169 5149 messores
3213 5091 3451 5153 vocavit,

1258 5292 1513 5359 ‘VARJAS
1554 5293 1947 5351 LECTIONES
1981 5294 2069 5349 ET
2108 5294 2341 5350 ΝΟΤίΕ.

279 5456 325 5484 ³⁸
355 5452 463 5506 Kal
492 5446 801 5523 -—-_at"paif.
863 5451 1024 5507 Hebr.
1077 5451 1232 5507 Stare
1277 5454 1400 5523 fecit
1454 5457 1715 5509 turbinem
1775 5455 1792 5509 ἱ

1901 5456 2189 5510 silentium.
2259 5456 2509 5509 Theodot.
2560 5455 2667 5506 Kal
2716 5454 2913 5521 ἔστησε
2976 5452 3075 5523 τὴν
3171 5454 3457 5523 κατ-αιγίδα

212 5523 383 5594 αὐτῶν
408 5524 490 5594 εἰς
511 5517 952 5594 ,αὖρανηὸγιιιιιμ
992 5517 1297 5591 Στήσαντος
1327 5525 1491 5578 αὑτοῦ
1522 5526 1623 5594 τὴν
1655 5543 1792 5579 κατα

1901 5530 1945 5578 ia
1975 5528 2055 5588 εἰς
2080 5527 2346 5594 γαλήνην.
2423 5526 2467 5555 ’⁷
2490 5525 2612 5577 end.
2648 5524 2668 5594 ί
2695 5517 2842 5594 οὕτω
2865 5522 2974 5594 καί.
3026 5517 3070 5551 ⁵⁸
3102 5517 3441 5594 cod._Vatic.

211 5592 399 5664 αὐτῶν.
479 5593 522 5664 'f'
549 5592 769 5664 ᾼύζᾳῦ.
790 5590 960 5664 Abest
989 5610 1016 5645 a
1049 5590 1169 5646 coit.
1194 5594 1258 5664 l.
1320 5596 1364 5626 ³⁸
1389 5590 1672 5664 Καθέδξοᾳ.
1706 5594 1792 5650 Hel

1901 5595 1966 5650 In
1989 5590 2252 5649 consessu.
2281 5590 2329 5627 ’³⁸
2360 5595 2481 5647 eod.
2518 5596 2539 5646 1
2577 5592 2909 5664 καθημένου.
2962 5593 3005 5623 ³⁸
3038 5590 3151 5664 Καὶ
3187 5591 3445 5664 ὑδάτων.

213 5661 385 5737 coit“!
429 5660 522 5713 καὶ
555 5661 819 5737 διεξόδου-ς
845 5661 1053 5737 ὑδατων
1082 5665 1162 5725 εἰς
1184 5663 1342 5732 δίψαν
1374 5668 1521 5737 γγὴν
1573 5660 1932 5737 καρποφόρον
1997 5668 2077 5737 εἰς
2135 5664 2482 5737 ἆλμηνμάπδ
2542 5660 2763 5737 κακιῶν.
2793 5663 3194 5737 κατοικούντων
3253 5663 3309 5714 ὲν
3358 5663 3456 5714 αὺ-

212 5732 292 5799 τῇ.
320 5729 448 5786 Haec
480 5747 549 5785 ex
578 5747 717 5785 vers.
746 5731 813 5785 33
838 5741 889 5786 ct
914 5731 981 5786 31
1020 5748 1114 5801 per
1136 5729 1614 5790 erroremdib'rarii
1652 5729 1792 5804 irrep

1901 5752 1939 5792 .c
1970 5729 2240 5789 videntur.
2271 5729 2280 5734 ⁷
2320 5733 2363 5765 ³³
2396 5734 2630 5800 Κύριος.
2668 5731 2788 5787 cod.
2822 5733 2842 5785 ι
2884 5732 3008 5787 add.
3044 5732 3119 5785 δέ.
