3924 6490
478 320 610 387 174⁷1

1466 323 1955 386 THEODORETI
1998 326 2357 391 EPISCOPI,
2396 326 2765 387 CYRENSIS

3606 323 3747 392 1768

473 438 771 511 aliquando
803 450 934 494 vero
966 440 1210 509 seipsum
1261 448 1497 496 satorem
1550 451 1604 497 et
1644 444 1966 513 agricolam,
1998 452 2050 499 et

2161 444 2213 496 δὲ
2247 445 2408 497 αὐτὸν
2445 444 2656 515 σπορέα
2688 446 2785 498 καὶ
2815 444 3087 515 γεωργὸν,
3125 445 3221 498 καὶ
3252 444 3360 513 γῆν
3393 444 3568 517 καλὴν
3615 445 3746 509 τοὺς

472 544 675 588 terram
713 531 911 585 bonam
942 546 1061 597 eos,
1103 533 1195 602 qui
1233 532 1397 589 facile
1428 534 1579 590 verbi
1609 535 1821 591 semina
1852 536 2054 590 admit-

476 621 667 677 tuntd.
722 622 1019 692 Apostolus
1066 631 1245 677 autem
1295 623 1513 694 inquit:
1553 642 1573 676 ι
1617 623 1732 696 Ego
1774 627 2051 696 plantavi,

474 714 669 785 Apollo
708 714 927 784 rigavit,
958 713 1105 769 Deus
1134 722 1314 769 autem
1342 716 1743 772 incrementum
1777 718 1923 773 dedit
1948 730 1995 775 ε.
2030 738 2049 771 ι

388 828 393 834 -
475 807 542 862 Ει
575 822 811 864 rursus:
851 826 869 859 ι
903 806 999 862 Dei
1031 807 1367 878 agricultura
1417 811 1581 874 estis,
1632 810 1726 866 Dei
1767 812 2054 867 aadiﬁcatio

473 898 609 955 estis
636 898 681 953 ί.
718 917 737 950 ι
772 898 1131 953 Seminarunt
1160 899 1329 969 igitur
1357 900 1589 969 apostoli
1618 901 1881 956 salutaria
1918 918 2056 972 prae-

449 993 654 1063 .conia,
713 992 1011 1063 hortosque
1061 993 1291 1048 rationis
1330 1002 1611 1063 compotes
1646 993 1757 1047 Deo
1796 1008 2056 1049 conseve-

477 1094 626 1151 runt,
657 1096 710 1140 et
749 1098 1024 1140 maturum
1053 1086 1279 1154 iustitiae
1313 1086 1546 1139 fructum
1584 1086 1695 1139 Deo
1730 1086 2051 1152 attulerunt,

475 1187 531 1233 et.
561 1193 752 1233 omnes
799 1178 999 1247 quibus
1036 1186 1158 1247 post
1209 1178 1331 1232 illos
1385 1177 1613 1233 docendi
1661 1193 1861 1234 munus
1906 1193 2055 1233 com-

475 1270 705 1324 missum
773 1279 896 1334 est,
964 1269 1071 1323 hoc
1123 1269 1262 1324 idem
1322 1268 1504 1324 facere
1562 1285 1670 1324 non
1724 1269 2051 1338 praetermit-

478 1368 613 1414 Iunt.

547 1450 709 1506 Vens.
743 1452 834 1506 58.
871 1469 889 1502 ι
917 1450 983 1506 Ει
1006 1450 1283 1507 benedixit
1312 1450 1414 1515 eis,
1441 1460 1495 1505 et
1520 1451 1675 1506 valde
1704 1451 2053 1522 multiplicati

474 1554 623 1610 sunt,
672 1552 728 1599 et
770 1543 1018 1611 iumenta
1057 1559 1253 1599 eorum
1287 1559 1397 1598 non
1446 1545 1666 1599 minuit.
1702 1564 1720 1595 ι
1758 1545 1859 1611 Qui
1908 1546 2053 1601 enim

475 1637 711 1691 seminat
764 1652 889 1691 cum
946 1636 1443 1698 benedictionibus,
1501 1644 1667 1690 metet
1720 1637 1883 1690 etiam
1930 1652 2053 1691 cum

474 1726 973 1791 benedictionibus,
1028 1727 1327 1783 secundum
1373 1727 1618 1782 divinum
1652 1727 1969 1797 Apostolum
2001 1730 2045 1780 8.

2156 535 2426 599 εὐπειθῶς
2462 536 2795 605 δεχομένους
2823 535 2919 589 τοῦ
2952 536 3114 604 λόγου
3149 536 3219 589 τά
3254 536 3576 606 σπέρματα.
3634 536 3747 589 Καὶ

2154 625 2183 677 6
2222 625 2552 687 Ἀπόστολος
2580 624 2638 677 δέ
2672 640 2861 695 φησιν·
2893 644 2913 677 ι
2962 624 3104 694 Ἐγὼ
3134 625 3433 694 ἐφύτευσα,
3463 623 3747 686 Ἀπολλὼς

2157 714 2430 779 ἐπότισεν,
2465 716 2493 769 6
2524 715 2584 768 δὲ
2609 715 2743 778 Θεὸς
2771 715 3024 785 ηὔξανεν.
3064 735 3082 768 ι
3129 715 3243 769 Καὶ
3270 716 3468 769 πάλιν·
3526 735 3546 767 ι
3605 713 3745 767 Θεοῦ

2154 802 2425 875 γεώργιόν
2454 806 2602 867 ἐστε,
2630 803 2768 857 Θεοῦ
2796 806 3053 876 οἰκοδομή
3087 807 3233 860 ἐστε.
3280 824 3301 858 ›
3335 807 3446 859 Kai.
3476 804 3745 874 ἕσπειραν

2155 894 2334 947 τοίνυν
2362 896 2411 947 oi
2458 895 2748 949 ἀπόστολοι
2797 897 2843 928 ³⁸
2872 897 2939 950 τὰ
2993 901 3242 969 σωτήρια
3288 897 3332 930 ³⁵
3378 894 3744 967 κηρύγματα,

2155 986 2407 1051 καὶτοὺς
2433 988 2687 1057 λογικοὺς
2714 987 2791 1057 τῷ
2835 988 2955 1059 Θεῷ
3005 988 3424 1057 κατεφύτευσαν
3468 986 3745 1057 παραδεί-

2158 1096 2306 1145 σους,
2342 1080 2440 1133 καὶ¹
2490 1082 2583 1134 τὸν
2611 1080 2823 1151 ὦριμον
2855 1082 2953 1151 τῆς
3008 1080 3360 1149 δικαιοσύνης
3406 1079 3628 1151 καρπὸν
3666 1077 3747 1147 τῷ

2154 1171 2275 1241 Θεῷ
2307 1171 2750 1240 προσεκόμισαν’
2786 1170 2883 1223 καὶ
2905 1169 3144 1233 ἅπαντες
3176 1170 3235 1222 δὲ
3264 1171 3311 1222 οἱ
3346 1170 3461 1238 μετ’
3491 1166 3748 1229 ἐκείνους

2154 1264 2254 1334 τὴν
2281 1262 2634 1317 διδασκαλίαν
2662 1263 3114 1333 πεπιστευμένοι,
3129 1261 3297 1315 ταυτὸ
3312 1261 3469 1314 τοῦτο
3497 1258 3747 1331 δρῶντες

2155 1355 2516 1409 διατελοῦσιν.

2225 1446 2333 1518 λη’.
2379 1464 2398 1497 ι
2448 1446 2560 1500 Καὶ
2583 1447 2899 1516 ζεύλόγησεν
2929 1446 3153 1513 αὐτοὺς,
3183 1444 3279 1498 καὶ
3312 1441 3747 1513 ὲπληθύνθησαν

2159 1538 2382 1609 σφόδρα,
2412 1539 2507 1591 καὶ
2542 1540 2610 1592 τὰ
2659 1540 2833 1611 κτήνη
2862 1539 3040 1592 αὐτῶν
3068 1539 3169 1591 οὐκ
3210 1536 3572 1608 ὲσμίκρυνεν.
3618 1554 3639 1587 ι
3686 1536 3746 1587 '0

2154 1632 2264 1703 γὰρ
2298 1632 2343 1663 ³⁸
2393 1630 2634 1701 σπείρων
2682 1630 2769 1685 ἐπ’
2819 1630 3113 1699 εὐλογίαις,
3167 1631 3256 1683 ἐπ’
3313 1629 3597 1696 εὐλογίαις
3648 1628 3747 1678 καὶ

2156 1721 2386 1793 θερίσει,
2424 1722 2569 1775 κατά
2611 1710 2703 1775 τὸν
2747 1722 2890 1775 θεῖον
2932 1722 2977 1755 ³⁷
3034 1721 3381 1775 ’Δπόστολον.
3416 1720 3631 1788 Enim
3686 1717 3744 1771 δὲ

471 1818 727 1873 Iumenta
769 1831 951 1875 autem
988 1828 1146 1876 vocat
1176 1835 1303 1883 eos,
1358 1820 1452 1889 qui
1485 1820 1554 1874 ab
1586 1819 1694 1875 illis
1724 1832 2046 1889 pascuntur,

2161 1816 2315 1870 καλεῖ
2336 1816 2464 1879 τοὺς
2495 1816 2587 1869 ὑπ’
2615 1815 2797 1869 αὐτῶν
2842 1814 3203 1885 νεμομένους,
3238 1814 3333 1877 οὓς
3374 1815 3542 1875 αὐτὸς
3566 1812 3742 1883 ηὔξη-

472 1924 610 1980 quos
639 1909 757 1979 ipse
787 1912 959 1975 auxit,
992 1927 1117 1967 cum
1159 1912 1415 1966 virtutem
1448 1913 1643 1967 edendi
1674 1913 1939 1969 miracula
1969 1915 2049 1970 eis

475 2001 898 2070 suppeditasset.
923 2001 987 2056 Et
1011 2003 1166 2057 testis
1194 2011 1280 2058 est
1308 2004 1499 2058 beatus
1530 2004 1708 2060 Lucas
1742 2005 1795 2059 in
1822 2006 2051 2062 Actibus

474 2092 706 2148 dicens:
762 2111 780 2144 ι
819 2093 1084 2149 Dominus
1132 2104 1314 2150 autem
1371 2098 1603 2167 augebat
1656 2099 1905 2167 quotidie
1953 2101 2049 2171 qui

475 2184 613 2237 salvi
646 2182 837 2239 tierent
872 2186 926 2239 in
959 2184 1204 2240 Ecclesia
1224 2187 1271 2239 ιι.
1314 2206 1331 2238 ι
1374 2187 1441 2241 Ει
1470 2188 1586 2257 ipse
1617 2188 1886 2247 Dominus
1920 2208 2050 2248 oves

473 2285 866 2346 nuncupateos
889 2276 980 2346 qui
1007 2277 1361 2333 crediderunt
1389 2296 1402 2332 :
1438 2297 1455 2331 ι
1483 2280 1624 2335 Oves
1654 2282 1823 2348 enim,
1852 2284 2048 2354 inquit,

474 2384 609 2423 mea:
638 2383 826 2422 vocem
864 2384 1041 2424 meam
1093 2370 1342 2435 audiunt,
1399 2382 1452 2424 et
1484 2387 1584 2439 ego
1615 2388 1886 2443 cognosco
1916 2392 2011 2433 eas
2033 2420 2049 2446 ,

472 2475 532 2518 et
595 2468 902 2529 sequuntur
931 2475 1037 2526 me,
1065 2470 1119 2514 et
1151 2475 1253 2530 ego
1271 2462 1436 2516 vitam
1464 2474 1721 2519 aeternam
1751 2468 1823 2522 do
1852 2470 1933 2525 eis
1969 2472 2045 2525 ί.»

475 2550 575 2604 llic
608 2567 801 2607 rursus
832 2552 995 2619 mala,
1022 2568 1145 2624 quae
1174 2551 1378 2610 Judaais
1409 2554 1669 2612 eventura
1699 2571 1877 2628 erant,
1914 2563 2050 2617 vati-

476 2641 712 2695 cinatur.

554 2731 717 2790 Vens.
742 2734 829 2791 59.
870 2755 888 2787 ι
926 2735 990 2790 Ει
1022 2738 1237 2809 1376
1266 2741 1425 2808 pauci
1458 2740 1586 2797 facti
1617 2754 1765 2805 sunt,
1799 2759 1853 2801 et
1875 2750 2051 2805 vexati

476 2836 606 2882 sunt
637 2828 992 2885 tribulatione
1027 2832 1319 2897 malorum,
1346 2843 1398 2888 et
1437 2836 1641 2891 dolore.
1674 2856 1692 2890 ι
1732 2838 1850 2895 Hoc
1890 2842 2054 2911 igitur

476 2923 596 2977 ait:
630 2921 735 2989 Qui
788 2923 920 2979 olim
971 2925 1320 2980 solitudinem
1371 2926 1705 2996 incolebant,
1751 2940 1805 2986 et
1851 2941 2053 2990 terram

477 3015 829 3081 inaquosam,
885 3022 1092 3069 tantam
1149 3016 1449 3071 ubertatem
1503 3033 1569 3074 ac
1616 3021 2053 3081 benedictionem

2157 1925 2250 1962 σεν
2304 1908 2404 1977 τῆς
2464 1907 2911 1977 θαυματουργίας
2960 1908 3281 1979 χορηγήσας
3327 1906 3425 1975 τὴν
3477 1904 3739 1973 δύναμιν.

2153 2002 2265 2055 Καὶ
2304 2000 2516 2072 μάρτυς
2548 2002 2576 2054 6
2630 2001 2905 2071 μακάριος
2955 2001 3173 2062 Λουκᾶς
3209 2003 3268 2053 ὲν
3314 2001 3437 2061 ταῖς
3489 1996 3740 2068 Πράξεσι

2152 2094 2347 2161 λέγων·
2386 2113 2404 2145 ι
2456 2094 2514 2146 '0
2543 2092 2600 2145 δὲ
2630 2092 2833 2162 Κύριος
2874 2092 3183 2162 προσετίθει
3228 2090 3356 2153 τοὺς
3386 2090 3740 2159 σωζομένους

2156 2185 2276 2240 καθ’
2313 2186 2530 2255 ἡμέραν
2562 2186 2629 2254 τῇ
2684 2181 3005 2252 Ἐκκλησία.
3056 2201 3075 2233 ι
3109 2180 3222 2235 Καὶ
3262 2181 3424 2244 αὐτὸς
3471 2180 3531 2233 δὲ
3560 2182 3588 2233 ὁ
3631 2180 3741 2232 Κύ-

2157 2296 2271 2350 ριος
2297 2277 2549 2348 πρόϐατα
2580 2274 2738 2327 καλεῖ
2760 2275 2886 2336 τοὺς
2926 2273 3285 2336 πιστεύοντας
3314 2271 3358 2304 ³⁸
3378 2288 3392 2303 ·
3436 2290 3455 2322 ι
3488 2270 3575 2323 Τὰ
3606 2271 3741 2341 πρό-

2156 2373 2297 2426 6ατα
2328 2369 2458 2441 γὰρ,
2511 2370 2667 2439 φησὶ,
2723 2367 2794 2421 τὰ
2841 2366 2953 2437 ὲμά
2991 2369 3093 2437 τῆς
3149 2366 3335 2435 φωνῆς
3388 2380 3489 2435 μου
3522 2364 3736 2427 ἀκούει,

2155 2463 2311 2533 κάγὼ
2358 2461 2615 2531 γινώσκω
2656 2460 2832 2524 αὐτὰ,
2876 2460 2972 2513 καὶ
3005 2457 3365 2512 ἀκολουθοῦσί
3403 2474 3536 2527 μοι,
3585 2458 3740 2524 κάγὼ

2156 2559 2304 2629 ζωὴν
2333 2554 2552 2609 αἰώνιον
2598 2553 2793 2623 δίδωμι
2841 2552 3046 2613 αὐτοῖς.
3099 2569 3118 2601 ι
3176 2548 3442 2603 Ἐνταῦθα
3468 2548 3640 2601 πάλιν
3674 2538 3771 2601 ze'

2166 2648 2442 2710 Ἰουδαίοις
2472 2644 2865 2716 συμόησὸμενα
2897 2641 3253 2713 προθεσπίζει
3285 2641 3454 2695 κακά.

2226 2738 2325 2793 λθ’.
2365 2756 2384 2789 ι
2421 2736 2533 2789 Καὶ
2585 2733 2950 2804 ὀλιγώθησαν,
2982 2733 3079 2786 καὶ
3121 2730 3488 2800 ἐκακώθησαν
3534 2729 3583 2761 ³⁹
3632 2728 3740 2781 ἀπὸ

2157 2830 2389 2901 θλίψεως
2432 2826 2617 2881 κακῶν
2648 2825 2745 2878 καὶ
2773 2824 2987 2893 ὀδύνης.
3033 2842 3051 2875 ι
3083 2823 3260 2876 Τοῦτο
3289 2823 3335 2853 ⁸ο
3381 2822 3480 2893 μὲν
3508 2818 3609 2874 οὖν
3638 2838 3741 2889 φης

2160 2939 2277 2976 σινο
2303 2923 2368 2975 Οἱ
2400 2921 2565 2974 πάλαι
2594 2918 2693 2987 τὴν
2730 2916 2937 2988 ἔρημον
2976 2914 3250 2978 οἰκοῦντες
3285 2916 3379 2968 καὶ
3410 2913 3647 2984 ἄνυδρον
3671 2911 3738 2975 ⁸⁸,

2155 3014 2429 3084 τοσαύτης
2494 3011 2747 3079 εὐλογίας
2819 3010 2914 3063 καὶ
2984 3007 3237 3078 εὐθηνίας
3307 3004 3741 3065 πεπιστευκότες

476 3103 750 3158 credendo
774 3106 1056 3159 consecuti
1090 3116 1237 3161 sunt.
1268 3105 1440 3162 Judaei
1473 3123 1623 3174 vero,
1677 3112 1773 3180 qui
1820 3114 2050 3185 prephe-

2161 3109 2507 3179 ἀπήλαυσαν.
2542 3107 2606 3158 Oi
2654 3104 2711 3158 δὲ
2754 3103 2923 3157 πάλαι
2954 3103 3053 3173 τῆς
3101 3102 3212 3155 τῶν
3243 3098 3607 3171 προφητικῶν
3639 3114 3738 3149 πο-

474 3194 581 3249 tiea
617 3193 935 3267 irrigatione
964 3197 1094 3251 olim
1132 3196 1476 3265 fruebantur,
1510 3201 1580 3255 ob
1608 3218 1832 3271 pravam
1861 3222 2050 3261 eorum

474 3296 712 3341 mentem
746 3286 849 3342 hac
882 3288 1102 3356 privati,
1140 3298 1195 3343 et
1222 3290 1441 3359 penitus
1477 3293 1679 3348 deserti
1719 3310 1783 3350 ac
1835 3298 2051 3355 steriles

474 3388 883 3446 permanentes,
919 3381 973 3433 in
1006 3383 1187 3436 omnis
1229 3384 1442 3462 generis
1474 3385 1813 3443 calamitates
1847 3389 2053 3445 incide-

474 3479 625 3535 runt,
660 3480 715 3526 et
747 3487 842 3541 per
873 3481 1047 3527 totum
1086 3483 1356 3538 terrarum
1403 3477 1592 3531 orbem
1636 3480 1848 3549 disjecti
1887 3494 2047 3547 sunt,

476 3571 537 3614 ut
572 3575 763 3615 eorum
795 3564 1117 3631 metropolis
1161 3564 1444 3621 hominum
1480 3584 1707 3625 numero
1737 3571 1994 3643 frequens
2021 3590 2050 3629 a

475 3651 823 3721 paucissimis
854 3652 1094 3708 habitata
1131 3656 1219 3709 sit.

550 3746 711 3803 Vens.
745 3746 833 3803 40.
878 3768 895 3799 ι
935 3748 1152 3804 Eﬂnsus
1182 3759 1266 3805 est
1304 3761 1652 3822 contemptus
1680 3734 1873 3828 super—
1898 3738 2052 3831 prin-

474 3838 625 3908 cipes
667 3852 882 3893 eorum.
923 3858 940 3890 ι
980 3839 1217 3894 Eventus
1256 3857 1387 3896 sane
1421 3846 1754 3912 praedictioni
1800 3853 2051 3907 testimo-

475 3927 626 3981 nium
667 3926 821 3983 dicit.
868 3927 1086 3983 Etenim
1132 3930 1224 3999 qui
1272 3931 1600 3988 videbantur
1631 3939 1863 3993 ‘eorum
1912 3926 2071 4010 prin;

474 4018 643 4088 cipes,
675 4027 731 4073 et
763 4018 1037 4084 doctores,
1072 4021 1274 4078 nullius
1309 4026 1568 4081 momenti
1602 4026 1729 4083 facti
1760 4043 1887 4085 sunt
1916 4049 1928 4085 :
1956 4035 2051 4087 sed

473 4111 563 4178 qui
605 4111 736 4165 olim
783 4111 1025 4167 illustres
1059 4122 1113 4168 et
1140 4115 1271 4169 clari
1313 4126 1491 4181 erant,
1537 4121 1754 4188 penitus
1785 4123 2053 4192 ignobiles

474 4213 623 4267 sunt,
653 4212 707 4258 et
732 4204 802 4258 ab
834 4205 939 4260 illis
964 4205 1101 4274 ipsis
1129 4207 1525 4277 despiciuntur.
1561 4229 1578 4261 ι
1618 4210 1683 4266 Ει
1710 4229 1894 4269 errare
1924 4216 2053 4272 fecit

472 4311 567 4350 eos
602 4296 655 4349 in
690 4295 863 4361 invio,
904 4308 958 4351 et
997 4312 1104 4350 non
1148 4298 1199 4351 in
1241 4300 1347 4353 via.
1389 4319 1407 4351 ι
1467 4300 1828 4371 Symmachus
1872 4317 2049 4364 autem

474 4386 555 4440 sic
588 4403 601 4437 :
631 4383 701 4438 Et
731 4402 910 4439 errare
958 4387 1117 4456 feriet
1164 4404 1249 4441 eos
1289 4389 1343 4441 in
1380 4391 1612 4445 vanitate
1648 4396 1854 4448 utentis.
1908 4396 2051 4454 Deus

2154 3202 2347 3269 ταμών
2391 3196 2805 3259 ἀπολαύσαντες
2842 3195 3088 3267 ἀρδείας,
3143 3188 3264 3247 εἷτα
3295 3191 3504 3260 ταύτης
3536 3206 3739 3259 στερη-

2154 3298 2337 3358 θέντες
2363 3294 2450 3347 διὰ
2491 3293 2590 3363 τὴν
2626 3291 2892 3361 πονηρίαν
2941 3290 3043 3360 τῆς
3091 3287 3343 3358 γνώμης,
3393 3289 3488 3338 καί
3532 3286 3737 3353 ἔρημοι

2153 3385 2438 3448 παντελῶς
2481 3382 2854 3455 μεμενηκότες
2898 3381 2991 3434 καὶ
3045 3381 3306 3450 ἄκαρποι,
3360 3375 3739 3433 παντοδαπαῖς

2154 3480 2486 3550 περιέπεσον
2518 3477 2848 3546 συμφοραῖς,
2880 3474 2976 3526 καὶ
2999 3474 3080 3535 εἰς
3108 3472 3329 3525 ἃπασαν
3355 3468 3452 3538 τὴν
3481 3465 3739 3536 οἰκουμέ·

2152 3591 2251 3644 νην
2280 3569 2769 3638 διεσκεδάσθησαν,
2802 3566 2941 3619 ὥστε
2964 3565 3065 3635 τὴν
3100 3562 3526 3633 πολυάνθρωπον
3553 3559 3738 3613 αὐτῶν

2157 3662 2487 3735 μητρόπολιν
2509 3660 2614 3714 ὑπὸ
2645 3659 2841 3725 ὀλίγων
2868 3658 3160 3711 οἰκεῖσθαι.

2227 3761 2299 3824 μ’.
2337 3773 2355 3804 ι
2419 3750 2681 3821 Ἐξεχύθη
2726 3750 2771 3781 δ’
2820 3747 3169 3815 ἐξουδένωσις
3217 3746 3303 3798 ἐπ’
3333 3746 3609 3815 ἄρχοντας
3641 3742 3736 3796 αύ-

2151 3847 2260 3900 τῶν
2310 3846 2374 3900 ⁸³.
2422 3864 2440 3897 ι
2482 3831 2770 3913 Μαρτυρεῖ
2802 3842 2848 3874 ⁸⁸
2886 3841 2944 3894 δὲ
2981 3842 3046 3911 τῇ
3094 3841 3403 3912 προρρήσει
3474 3838 3544 3890 τά
3593 3838 3735 3907 πρά-

2151 3955 2367 4009 γματα.
2418 3937 2529 3989 Καὶ
2578 3934 2689 4005 γὰρ
2721 3935 2770 3987 οἱ
2800 3933 3084 3995 δοκοῦντες
3116 3932 3295 3985 αὐτῶν
3344 3932 3613 4001 ἄρχοντες
3649 3930 3737 3983 καὶ

2152 4028 2492 4092 διδάσκαλοι,
2548 4025 2763 4088 οὐδενὸς
2787 4024 2928 4090 ἄξιοι
2969 4024 3341 4093 καθεστήκασι
3374 4022 3536 4090 λόγου
3561 4040 3577 4053 ο
3620 4021 3736 4075 ἀλλ’

2152 4125 2202 4177 οἱ
2253 4122 2418 4175 πάλαι
2454 4120 2775 4191 περιφανεῖς
2805 4117 2900 4171 καὶ
2939 4117 3314 4189 περίϐλεπτοι,
3349 4118 3556 4185 ἄσημοι
3601 4133 3738 4169 παν-

2152 4217 2323 4279 τελῶς
2357 4216 2482 4279 είσι,
2514 4216 2611 4267 καὶ
2633 4214 2679 4246 ⁸⁵
2713 4214 2803 4267 ὑπ’
2826 4213 3006 4266 αὐτῶν
3028 4212 3249 4265 ἐκείνων
3284 4210 3739 4279 καταφρονούμε-

2154 4333 2297 4369 νοι.-‹
2327 4314 2431 4365 Καὶ
2453 4310 2758 4383 ἐπλάνησεν
2785 4310 2983 4373 αὐτοὺς
3010 4311 3067 4363 ἐν
3096 4308 3303 4379 ἀϐάτῳ,
3336 4308 3541 4376 καὶούχ
3560 4305 3689 4375 ὁδῷ.
3713 4324 3731 4353 ι

2166 4406 2226 4458 '0
2258 4405 2315 4457 δὲ
2348 4405 2646 4474 Σύμμαχος
2692 4402 2836 4455 οὕτω
2856 4418 2870 4431 θ
2922 4401 3031 4454 Καὶ
3078 4403 3381 4465 πλανήσει
3414 4398 3644 4462 αὐτοὺς
3671 4397 3739 4449 ἐν

473 4493 819 4549 nequaquam
856 4494 1099 4533 errorem
1150 4479 1410 4548 immittit,
1449 4486 1543 4554 sed
1587 4500 1828 4542 errorem
1858 4500 2045 4546 vetat:

2161 4471 2502 4565 uatdtdtﬂt‘t
2535 4471 2829 4559 διανοίας.
2873 4493 2933 4545 '0
2964 4492 3097 4555 Θεὸς
3130 4492 3231 4544 οὐκ
3268 4492 3464 4557 ἐπάγει
3501 4490 3733 4558 πλάνην,

470 4587 565 4626 eos
598 4579 806 4634 autem,
852 4571 948 4640 qui
994 4571 1219 4625 minime
1261 4573 1701 4642 obtemperantes
1748 4591 1894 4646 sunt,
1949 4601 2048 4653 gu—

471 4664 769 4720 bernaculo
811 4678 999 4717 carere
1044 4665 1329 4732 permittit,
1376 4665 1465 4719 isti
1510 4682 1640 4721 vero
1681 4671 1798 4726 sine
1846 4677 2046 4744 guber-

473 4755 669 4810 naculo
707 4754 815 4810 huc
846 4764 900 4809 et
939 4755 1066 4810 illuc
1102 4764 1361 4826 vagantes
1404 4770 1611 4815 errant.
1642 4759 1757 4817 Hoc
1795 4777 1848 4819 et
1872 4764 2045 4825 Judmi

470 4848 712 4917 perpessi
736 4858 902 4903 sunt:
936 4863 1063 4903 nam
1098 4848 1279 4902 divina
1324 4851 1580 4907 derelicta
1617 4855 1722 4920 via,
1775 4873 1904 4913 suas
1949 4876 2039 4916 se-

470 4947 712 5007 quuntur
754 4938 1131 5010 cogitationes.

539 5119 563 5156 ἀ
607 5117 765 5174 Joan.
810 5138 883 5186 Iv,
930 5123 1011 5177 15.

1126 5135 1148 5160 ο
1191 5123 1208 5175 l
1250 5124 1375 5179 Cor.
1421 5141 1520 5193 ιιι,
1569 5126 1624 5181 6.
1738 5128 1757 5165 ί
1799 5128 1931 5182 ibid.

2047 5133 2071 5169 ε
2115 5130 2153 5183 ll
2196 5131 2322 5185 Cor.
2366 5148 2442 5197 ιχ,
2483 5130 2535 5187 6.

2156 4588 2272 4643 ἀλλ’
2303 4586 2639 4659 ἀπαγορεύει
2682 4585 2781 4657 τὴν
2813 4584 3022 4655 πλάνην
3044 4601 3056 4614 ·
3103 4585 3231 4647 τοὺς
3269 4584 3326 4635 δὲ
3366 4584 3440 4654 μὴ
3471 4582 3738 4652 πειθομέ-

2156 4697 2281 4742 νους
2311 4678 2717 4749 ἁκυϐερνήτους
2750 4679 2849 4747 ἐᾷ’
2894 4678 2945 4728 οἱ
2992 4676 3049 4728 δὲ
3076 4677 3466 4746 ἀνερμάτιστοι
3511 4690 3739 4744 περιφεα

2162 4772 2377 4842 ρὸμενοι
2439 4770 2564 4839 τῇδε
2616 4770 2841 4822 κάκεῖσε
2888 4766 3354 4837 περιπλανῶνται.
3404 4764 3581 4817 Τοῦτο
3643 4765 3735 4816 καὶ

2166 4864 2406 4916 Ἰουδαῖοι
2440 4861 2744 4916 πεπόνθασι
2765 4878 2779 4892 ο
2809 4865 2909 4932 τὴν
2934 4861 3088 4913 θείαν
3114 4862 3158 4891 ⁸⁸
3198 4859 3307 4932 γὰρ
3337 4859 3735 4919 καταλιπόντες

2157 4955 2295 5017 ὁδὸν,
2325 4956 2437 5016 τοῖς
2472 4954 2695 5015 οἰκείοις
2720 4951 2943 5005 ἕπονται
2971 4951 3278 5020 λογισμοῖς.

2642 5132 2667 5171 h
2706 5132 2827 5186 Act.
2872 5146 2933 5195 ιι,
2976 5129 3065 5184 47.
3150 5131 3164 5170 ί
3209 5126 3365 5182 Joan.
3414 5144 3467 5192 κ,
3508 5128 3602 5194 9.7,
3642 5128 3733 5184 28.

1550 5304 1786 5361 VARUS
1820 5306 2205 5362 LECTIONES
2245 5307 2333 5361 ET
2374 5307 2625 5385 ΝΟΤᾹΞ.
2680 5269 2683 5272 ἀ

484 5499 488 5503 .
540 5454 587 5530 ξι
633 5457 1012 5530 ’ῥπόοντρλοω
1051 5456 1238 5530 codri
1302 5473 1487 5530 praem.
1527 5460 1680 5514 θεῖοι.
1757 5461 1801 5491 ³³
1828 5460 2050 5530 Σωτῆρι

2175 5462 2293 5515 cod.
2336 5463 2358 5515 1
2404 5462 2542 5515 θεῖα.
2620 5463 2664 5493 ³⁸
2705 5461 2767 5513 '0
2814 5460 2943 5528 γὰρ.
2987 5477 3039 5513 κ.
3093 5476 3147 5511 τ.
3204 5460 3255 5511 λ.
3296 5457 3728 5530 Ριιιιρτιίιίιιιιιιιιι

470 5525 635 5597 liabet
661 5525 835 5597 Cord.
865 5527 901 5579 1.
923 5542 971 5581 c.
1009 5544 1060 5597 p.
1104 5529 1225 5584 195.

471 5595 703 5662 depressi
738 5611 785 5651 s.
823 5595 1088 5650 humiliati
1152 5605 1300 5651 sunt.

472 5681 549 5717 se.
586 5664 747 5720 Deus.
826 5667 871 5697 ⁸⁸
920 5666 1147 5721 Αὐτῶν.
1175 5668 1344 5722 Abest
1378 5684 1406 5720 a
1432 5677 1578 5723 textu
1619 5669 1783 5725 Hebr.

1307 5529 1349 5559 ³⁷
1384 5529 1572 5583 aster.
1629 5532 1817 5586 Abest.
1874 5547 1902 5584 a
1962 5532 2083 5585 cod.
2116 5532 2162 5585 l.

1384 5599 1429 5628 ⁸⁰
1466 5600 1662 5654 Τοῦτο.
1701 5602 1826 5655 cod.
1863 5603 1884 5653 1
1920 5594 2082 5655 οὗτοι.

1856 5672 1901 5702 ⁵⁵
1923 5671 2223 5739 Μαρτυρεῖ
2253 5703 2321 5711 ——
2338 5669 2683 5740 ματαιότητι
2719 5669 3008 5735 διανοίας.

2258 5532 2302 5563 ³⁸
2359 5533 2479 5586 cod.
2542 5532 2565 5585 1
2624 5532 3041 5591 πιστεύσαντας.
3134 5531 3177 5559 ³⁸
3228 5530 3423 5581 Ἐκακ.
3468 5529 3637 5581 Hebr.
3676 5531 3728 5581 Iit

2180 5601 2373 5672 ‘r‘cod.
2425 5602 2449 5654 1
2505 5602 2747 5672 ἄνυδροι.
2821 5599 3206 5672 "1868113011.
3280 5598 3445 5672 llebrt
3488 5598 3729 5672 E/Tamli:

3095 5684 3171 5723 es.
3204 5668 3345 5738 apud
3406 5670 3575 5723 (ἔοι-«1.
3612 5671 3647 5721 1.
3683 5688 3727 5723 c.

474 5748 528 5803 p.
566 5733 685 5789 I94.
766 5737 807 5768 “
839 5736 971 5805 Kal,
994 5745 1049 5794 et
1077 5738 1271 5794 deinde
1301 5737 1499 5796 αὐτῶν
1526 5740 1696 5795 desid.
1726 5740 1780 5795 in
1813 5741 1935 5797 cod.
1978 5733 2029 5795 ιζ

2170 5742 2289 5799 cod.
2320 5733 2354 5798 ί
2409 5733 2642 5795 εὐθεῖαν.
