  <div class='ocr_page' id='page_1' title='image "/cluster/home/n/w/nwhite01/storage/ocr_20150623/80/hvd.32044009825613/892.png"; bbox 0 0 3924 6486; ppageno 0'>
   <div class='ocr_carea' id='block_1_1' title="bbox 189 309 327 373">
    <p class='ocr_par' dir='ltr' id='par_1_1' title="bbox 189 309 327 373">
     <span class='ocr_line' id='line_1_1' title="bbox 189 309 327 373; baseline -0.007 -1"><span class='ocrx_word' id='word_1_1' title='bbox 189 309 327 373; x_wconf 74' lang='grc'><strong>1749</strong></span> 
     </span>
    </p>
   </div>
   <div class='ocr_carea' id='block_1_2' title="bbox 1567 314 2103 378">
    <p class='ocr_par' dir='ltr' id='par_1_2' title="bbox 1567 314 2103 378">
     <span class='ocr_line' id='line_1_2' title="bbox 1567 314 2103 378; baseline 0.006 -4"><span class='ocrx_word' id='word_1_2' title='bbox 1567 315 1649 375; x_wconf 89' lang='grc' dir='ltr'><strong>ΙΝ</strong></span> <span class='ocrx_word' id='word_1_3' title='bbox 1685 314 1817 375; x_wconf 87' lang='lat' dir='ltr'><strong>PSA</strong></span> <span class='ocrx_word' id='word_1_4' title='bbox 1828 317 1895 375; x_wconf 90' lang='lat' dir='ltr'><strong>L.</strong></span> <span class='ocrx_word' id='word_1_5' title='bbox 1935 317 2103 378; x_wconf 69' lang='lat' dir='ltr'><strong>CVII.</strong></span> 
     </span>
    </p>
   </div>
   <div class='ocr_carea' id='block_1_3' title="bbox 3316 325 3454 391">
    <p class='ocr_par' dir='ltr' id='par_1_3' title="bbox 3316 325 3454 391">
     <span class='ocr_line' id='line_1_3' title="bbox 3316 325 3454 391; baseline -0.014 0"><span class='ocrx_word' id='word_1_6' title='bbox 3316 325 3454 391; x_wconf 80' lang='lat'><strong>1750</strong></span> 
     </span>
    </p>
   </div>
   <div class='ocr_carea' id='block_1_4' title="bbox 262 428 1775 510">
    <p class='ocr_par' dir='ltr' id='par_1_4' title="bbox 262 428 1771 507">
     <span class='ocr_line' id='line_1_4' title="bbox 262 428 1771 507; baseline 0.003 -28"><span class='ocrx_word' id='word_1_7' title='bbox 262 433 372 498; x_wconf 84' lang='grc' dir='ltr'>μα’.</span> <span class='ocrx_word' id='word_1_8' title='bbox 426 447 442 477; x_wconf 79' lang='grc' dir='ltr'><strong>ι</strong></span> <span class='ocrx_word' id='word_1_9' title='bbox 492 428 607 481; x_wconf 74' lang='grc' dir='ltr'>Καὶ</span> <span class='ocrx_word' id='word_1_10' title='bbox 645 428 915 507; x_wconf 71' lang='grc' dir='ltr'>ἐϐοήθησε</span> <span class='ocrx_word' id='word_1_11' title='bbox 957 430 1000 461; x_wconf 70' lang='grc'><strong>⁸⁷</strong></span> <span class='ocrx_word' id='word_1_12' title='bbox 1042 431 1236 502; x_wconf 80' lang='grc' dir='ltr'>πένητι</span> <span class='ocrx_word' id='word_1_13' title='bbox 1286 433 1353 486; x_wconf 82' lang='grc' dir='ltr'>ὲκ</span> <span class='ocrx_word' id='word_1_14' title='bbox 1405 432 1708 504; x_wconf 84' lang='grc' dir='ltr'>πτωχείας.</span> <span class='ocrx_word' id='word_1_15' title='bbox 1752 452 1771 484; x_wconf 70' lang='grc' dir='ltr'><strong>ι</strong></span> 
     </span>
    </p>
   </div>
   <div class='ocr_carea' id='block_1_5' title="bbox 1886 428 3446 510">
    <p class='ocr_par' dir='ltr' id='par_1_5' title="bbox 1961 433 3446 510">
     <span class='ocr_line' id='line_1_5' title="bbox 1961 433 3446 510; baseline 0.005 -25"><span class='ocrx_word' id='word_1_16' title='bbox 1961 436 2117 487; x_wconf 69' lang='lat' dir='ltr'><strong>Vens.</strong></span> <span class='ocrx_word' id='word_1_17' title='bbox 2151 434 2241 488; x_wconf 70' lang='grc'><strong>41.</strong></span> <span class='ocrx_word' id='word_1_18' title='bbox 2279 454 2297 486; x_wconf 78' lang='grc' dir='ltr'><strong>ι</strong></span> <span class='ocrx_word' id='word_1_19' title='bbox 2337 433 2402 489; x_wconf 84' lang='lat' dir='ltr'><strong>Et</strong></span> <span class='ocrx_word' id='word_1_20' title='bbox 2444 433 2697 490; x_wconf 86' lang='lat' dir='ltr'><strong>liberavit</strong></span> <span class='ocrx_word' id='word_1_21' title='bbox 2730 448 3021 507; x_wconf 82' lang='lat' dir='ltr'><strong>pauperem</strong></span> <span class='ocrx_word' id='word_1_22' title='bbox 3067 452 3133 493; x_wconf 79' lang='lat' dir='ltr'><strong>ex</strong></span> <span class='ocrx_word' id='word_1_23' title='bbox 3180 438 3389 510; x_wconf 87' lang='lat' dir='ltr'><strong>inopia.</strong></span> <span class='ocrx_word' id='word_1_24' title='bbox 3427 460 3446 493; x_wconf 77' lang='grc' dir='ltr'><strong>ι</strong></span> 
     </span>
    </p>
   </div>
   <div class='ocr_carea' id='block_1_6' title="bbox 191 504 1775 595">
    <p class='ocr_par' dir='ltr' id='par_1_6' title="bbox 191 504 1775 595">
     <span class='ocr_line' id='line_1_6' title="bbox 191 504 1775 595; baseline 0.003 -24"><span class='ocrx_word' id='word_1_25' title='bbox 191 520 272 571; x_wconf 86' lang='grc' dir='ltr'><strong>Τὰ</strong></span> <span class='ocrx_word' id='word_1_26' title='bbox 295 516 404 587; x_wconf 77' lang='grc' dir='ltr'><strong>γὰρ</strong></span> <span class='ocrx_word' id='word_1_27' title='bbox 440 518 610 572; x_wconf 84' lang='grc' dir='ltr'>πάλαι</span> <span class='ocrx_word' id='word_1_28' title='bbox 650 504 1050 589; x_wconf 83' lang='grc' dir='ltr'>πτωχεύσαντα</span> <span class='ocrx_word' id='word_1_29' title='bbox 1075 523 1204 595; x_wconf 73' lang='grc' dir='ltr'>ἔθνη</span> <span class='ocrx_word' id='word_1_30' title='bbox 1238 524 1337 594; x_wconf 80' lang='grc' dir='ltr'>τῆς</span> <span class='ocrx_word' id='word_1_31' title='bbox 1372 525 1525 588; x_wconf 83' lang='grc' dir='ltr'>θείας</span> <span class='ocrx_word' id='word_1_32' title='bbox 1551 527 1775 579; x_wconf 77' lang='grc' dir='ltr'>ἐπικουο</span> 
     </span>
    </p>
   </div>
   <div class='ocr_carea' id='block_1_7' title="bbox 196 614 1775 690">
    <p class='ocr_par' dir='ltr' id='par_1_7' title="bbox 196 614 1775 690">
     <span class='ocr_line' id='line_1_7' title="bbox 196 614 1775 690; baseline 0.004 -24"><span class='ocrx_word' id='word_1_33' title='bbox 196 614 320 683; x_wconf 75' lang='lat' dir='ltr'><strong>piat;</strong></span> <span class='ocrx_word' id='word_1_34' title='bbox 372 615 722 685; x_wconf 82' lang='grc' dir='ltr'>ἀπήλαυσαν,</span> <span class='ocrx_word' id='word_1_35' title='bbox 759 617 855 670; x_wconf 77' lang='grc' dir='ltr'>καὶ</span> <span class='ocrx_word' id='word_1_36' title='bbox 904 617 997 669; x_wconf 83' lang='grc' dir='ltr'>τὸν</span> <span class='ocrx_word' id='word_1_37' title='bbox 1041 619 1421 689; x_wconf 81' lang='grc' dir='ltr'>πνευματικὸν</span> <span class='ocrx_word' id='word_1_38' title='bbox 1470 620 1775 690; x_wconf 76' lang='grc' dir='ltr'><strong>ἐκτήσαντο</strong></span> 
     </span>
    </p>
   </div>
   <div class='ocr_carea' id='block_1_8' title="bbox 195 703 1774 782">
    <p class='ocr_par' dir='ltr' id='par_1_8' title="bbox 195 703 1774 782">
     <span class='ocr_line' id='line_1_8' title="bbox 195 703 1774 782; baseline 0.002 -23"><span class='ocrx_word' id='word_1_39' title='bbox 195 703 447 759; x_wconf 80' lang='grc' dir='ltr'>πλοῦτον.</span> <span class='ocrx_word' id='word_1_40' title='bbox 474 726 492 757; x_wconf 78' lang='grc' dir='ltr'><strong>ι</strong></span> <span class='ocrx_word' id='word_1_41' title='bbox 534 708 644 761; x_wconf 71' lang='grc' dir='ltr'><strong>Καὶ</strong></span> <span class='ocrx_word' id='word_1_42' title='bbox 670 706 845 774; x_wconf 74' lang='grc' dir='ltr'>ἔθετο,</span> <span class='ocrx_word' id='word_1_43' title='bbox 867 707 942 772; x_wconf 83' lang='grc' dir='ltr'>ὡς</span> <span class='ocrx_word' id='word_1_44' title='bbox 972 709 1245 780; x_wconf 67' lang='grc' dir='ltr'>πρόϐατα,</span> <span class='ocrx_word' id='word_1_45' title='bbox 1275 710 1534 782; x_wconf 84' lang='grc' dir='ltr'>πατριάς.</span> <span class='ocrx_word' id='word_1_46' title='bbox 1562 729 1580 762; x_wconf 76' lang='grc' dir='ltr'><strong>ι</strong></span> <span class='ocrx_word' id='word_1_47' title='bbox 1626 710 1686 762; x_wconf 87' lang='lat'><strong>&#39;0</strong></span> <span class='ocrx_word' id='word_1_48' title='bbox 1717 710 1774 763; x_wconf 85' lang='grc' dir='ltr'>δὲ</span> 
     </span>
    </p>
   </div>
   <div class='ocr_carea' id='block_1_9' title="bbox 205 797 1792 873">
    <p class='ocr_par' dir='ltr' id='par_1_9' title="bbox 205 797 1792 873">
     <span class='ocr_line' id='line_1_9' title="bbox 205 797 1792 873; baseline 0.004 -24"><span class='ocrx_word' id='word_1_49' title='bbox 205 797 435 859; x_wconf 79' lang='grc' dir='ltr'><strong>Ἀκύλας</strong></span> <span class='ocrx_word' id='word_1_50' title='bbox 465 797 668 862; x_wconf 79' lang='grc' dir='ltr'>οὕτως’</span> <span class='ocrx_word' id='word_1_51' title='bbox 698 800 811 852; x_wconf 78' lang='grc' dir='ltr'><strong>Καὶ</strong></span> <span class='ocrx_word' id='word_1_52' title='bbox 852 802 1216 869; x_wconf 81' lang='grc' dir='ltr'>ὑπερεπαρεῖ</span> <span class='ocrx_word' id='word_1_53' title='bbox 1245 802 1291 834; x_wconf 66' lang='grc'><strong>⁸⁸</strong></span> <span class='ocrx_word' id='word_1_54' title='bbox 1315 803 1555 873; x_wconf 84' lang='grc' dir='ltr'>πτωχὸν</span> <span class='ocrx_word' id='word_1_55' title='bbox 1578 803 1648 856; x_wconf 81' lang='grc' dir='ltr'>ἐκ</span> <span class='ocrx_word' id='word_1_56' title='bbox 1672 809 1792 856; x_wconf 69' lang='grc' dir='ltr'>πει·</span> 
     </span>
    </p>
   </div>
   <div class='ocr_carea' id='block_1_10' title="bbox 196 889 1775 965">
    <p class='ocr_par' dir='ltr' id='par_1_10' title="bbox 196 889 1775 965">
     <span class='ocr_line' id='line_1_10' title="bbox 196 889 1775 965; baseline 0.003 -23"><span class='ocrx_word' id='word_1_57' title='bbox 196 891 347 953; x_wconf 75' lang='grc' dir='ltr'>νίας.</span> <span class='ocrx_word' id='word_1_58' title='bbox 395 890 492 942; x_wconf 74' lang='grc' dir='ltr'><strong>καί</strong></span> <span class='ocrx_word' id='word_1_59' title='bbox 533 891 707 957; x_wconf 84' lang='grc' dir='ltr'>θήσει</span> <span class='ocrx_word' id='word_1_60' title='bbox 760 892 841 957; x_wconf 87' lang='grc' dir='ltr'>ὡς</span> <span class='ocrx_word' id='word_1_61' title='bbox 890 889 1171 962; x_wconf 71' lang='grc' dir='ltr'>ποίμνιον</span> <span class='ocrx_word' id='word_1_62' title='bbox 1235 896 1618 965; x_wconf 70' lang='grc' dir='ltr'>συγγενείας.</span> <span class='ocrx_word' id='word_1_63' title='bbox 1688 896 1775 959; x_wconf 80' lang='grc' dir='ltr'>Ὠς</span> 
     </span>
    </p>
   </div>
   <div class='ocr_carea' id='block_1_11' title="bbox 200 982 1773 1057">
    <p class='ocr_par' dir='ltr' id='par_1_11' title="bbox 200 982 1773 1057">
     <span class='ocr_line' id='line_1_11' title="bbox 200 982 1773 1057; baseline 0.004 -23"><span class='ocrx_word' id='word_1_64' title='bbox 200 982 487 1051; x_wconf 78' lang='grc' dir='ltr'>προϐάτων</span> <span class='ocrx_word' id='word_1_65' title='bbox 513 983 620 1053; x_wconf 87' lang='grc' dir='ltr'><strong>γὰρ</strong></span> <span class='ocrx_word' id='word_1_66' title='bbox 665 984 775 1035; x_wconf 86' lang='grc' dir='ltr'><strong>τῶν</strong></span> <span class='ocrx_word' id='word_1_67' title='bbox 808 985 952 1037; x_wconf 75' lang='grc' dir='ltr'>ἰδίων</span> <span class='ocrx_word' id='word_1_68' title='bbox 995 986 1360 1054; x_wconf 77' lang='grc' dir='ltr'>ἐπιμελεῖται,</span> <span class='ocrx_word' id='word_1_69' title='bbox 1406 990 1501 1039; x_wconf 75' lang='grc' dir='ltr'><strong>καὶ</strong></span> <span class='ocrx_word' id='word_1_70' title='bbox 1535 987 1611 1050; x_wconf 84' lang='grc' dir='ltr'>ὠς</span> <span class='ocrx_word' id='word_1_71' title='bbox 1641 1004 1773 1057; x_wconf 86' lang='grc' dir='ltr'>συγ-</span> 
     </span>
    </p>
   </div>
   <div class='ocr_carea' id='block_1_12' title="bbox 198 1073 1547 1149">
    <p class='ocr_par' dir='ltr' id='par_1_12' title="bbox 198 1073 1547 1149">
     <span class='ocr_line' id='line_1_12' title="bbox 198 1073 1547 1149; baseline 0.006 -24"><span class='ocrx_word' id='word_1_72' title='bbox 198 1073 368 1141; x_wconf 82' lang='grc' dir='ltr'>γενῶν</span> <span class='ocrx_word' id='word_1_73' title='bbox 393 1075 536 1127; x_wconf 79' lang='grc' dir='ltr'>κατᾶ</span> <span class='ocrx_word' id='word_1_74' title='bbox 567 1074 745 1143; x_wconf 84' lang='grc' dir='ltr'>σάρκα</span> <span class='ocrx_word' id='word_1_75' title='bbox 778 1076 1146 1147; x_wconf 79' lang='grc' dir='ltr'>προμηθεῖται</span> <span class='ocrx_word' id='word_1_76' title='bbox 1172 1080 1264 1132; x_wconf 72' lang='grc' dir='ltr'><strong>καὶ</strong></span> <span class='ocrx_word' id='word_1_77' title='bbox 1298 1079 1547 1149; x_wconf 82' lang='grc' dir='ltr'><strong>κήδεται.</strong></span> 
     </span>
    </p>
   </div>
   <div class='ocr_carea' id='block_1_13' title="bbox 266 1252 1773 1327">
    <p class='ocr_par' dir='ltr' id='par_1_13' title="bbox 266 1252 1773 1327">
     <span class='ocr_line' id='line_1_13' title="bbox 266 1252 1773 1327; baseline 0.001 -18"><span class='ocrx_word' id='word_1_78' title='bbox 266 1252 375 1327; x_wconf 81' lang='grc' dir='ltr'>μβ’.</span> <span class='ocrx_word' id='word_1_79' title='bbox 412 1273 429 1306; x_wconf 86' lang='grc' dir='ltr'><strong>ι</strong></span> <span class='ocrx_word' id='word_1_80' title='bbox 469 1255 732 1324; x_wconf 72' lang='grc' dir='ltr'>Ὄψονται</span> <span class='ocrx_word' id='word_1_81' title='bbox 763 1255 945 1319; x_wconf 80' lang='grc' dir='ltr'>εύθεῖς</span> <span class='ocrx_word' id='word_1_82' title='bbox 974 1257 1068 1309; x_wconf 73' lang='grc' dir='ltr'>καὶ</span> <span class='ocrx_word' id='word_1_83' title='bbox 1124 1256 1622 1327; x_wconf 83' lang='grc' dir='ltr'>εὐφρανθήσονται,</span> <span class='ocrx_word' id='word_1_84' title='bbox 1676 1258 1773 1310; x_wconf 82' lang='grc' dir='ltr'>καὶ</span> 
     </span>
    </p>
   </div>
   <div class='ocr_carea' id='block_1_14' title="bbox 202 1345 1773 1418">
    <p class='ocr_par' dir='ltr' id='par_1_14' title="bbox 202 1345 1773 1418">
     <span class='ocr_line' id='line_1_14' title="bbox 202 1345 1773 1418; baseline 0.002 -20"><span class='ocrx_word' id='word_1_85' title='bbox 202 1349 343 1399; x_wconf 77' lang='grc' dir='ltr'>πᾶσα</span> <span class='ocrx_word' id='word_1_86' title='bbox 387 1346 591 1416; x_wconf 84' lang='grc' dir='ltr'>ἀνομία</span> <span class='ocrx_word' id='word_1_87' title='bbox 621 1347 892 1418; x_wconf 78' lang='grc' dir='ltr'>ὲμφράξει</span> <span class='ocrx_word' id='word_1_88' title='bbox 921 1347 982 1400; x_wconf 81' lang='grc' dir='ltr'><strong>τὸ</strong></span> <span class='ocrx_word' id='word_1_89' title='bbox 1014 1347 1188 1417; x_wconf 81' lang='grc' dir='ltr'>στόμα</span> <span class='ocrx_word' id='word_1_90' title='bbox 1218 1345 1396 1400; x_wconf 76' lang='grc' dir='ltr'>αὐτῶν</span> <span class='ocrx_word' id='word_1_91' title='bbox 1432 1347 1498 1401; x_wconf 65' lang='grc'><strong>⁸⁸.</strong></span> <span class='ocrx_word' id='word_1_92' title='bbox 1538 1366 1556 1398; x_wconf 71' lang='grc' dir='ltr'><strong>ι</strong></span> <span class='ocrx_word' id='word_1_93' title='bbox 1585 1346 1773 1401; x_wconf 83' lang='grc' dir='ltr'>Ταῦτα</span> 
     </span>
    </p>
   </div>
   <div class='ocr_carea' id='block_1_15' title="bbox 198 1439 1769 1511">
    <p class='ocr_par' dir='ltr' id='par_1_15' title="bbox 198 1439 1769 1511">
     <span class='ocr_line' id='line_1_15' title="bbox 198 1439 1769 1511; baseline 0.001 -19"><span class='ocrx_word' id='word_1_94' title='bbox 198 1442 303 1509; x_wconf 70' lang='grc' dir='ltr'><strong>γὰρ</strong></span> <span class='ocrx_word' id='word_1_95' title='bbox 326 1440 566 1510; x_wconf 84' lang='grc' dir='ltr'>ὁρῶντες</span> <span class='ocrx_word' id='word_1_96' title='bbox 590 1440 640 1492; x_wconf 78' lang='lat' dir='ltr'><strong>oi</strong></span> <span class='ocrx_word' id='word_1_97' title='bbox 674 1440 775 1510; x_wconf 82' lang='grc' dir='ltr'>μὲν</span> <span class='ocrx_word' id='word_1_98' title='bbox 800 1440 1058 1509; x_wconf 76' lang='grc' dir='ltr'>εὐθύτητι</span> <span class='ocrx_word' id='word_1_99' title='bbox 1089 1439 1370 1508; x_wconf 79' lang='grc' dir='ltr'>λογισμῶν</span> <span class='ocrx_word' id='word_1_100' title='bbox 1413 1440 1769 1511; x_wconf 83' lang='grc' dir='ltr'><strong>κεχρημένοι,</strong></span> 
     </span>
    </p>
   </div>
   <div class='ocr_carea' id='block_1_16' title="bbox 200 1530 1773 1605">
    <p class='ocr_par' dir='ltr' id='par_1_16' title="bbox 200 1530 1773 1605">
     <span class='ocr_line' id='line_1_16' title="bbox 200 1530 1773 1605; baseline 0.002 -23"><span class='ocrx_word' id='word_1_101' title='bbox 200 1530 464 1601; x_wconf 79' lang='grc' dir='ltr'><strong>θυμηδίας</strong></span> <span class='ocrx_word' id='word_1_102' title='bbox 520 1532 943 1602; x_wconf 80' lang='grc' dir='ltr'>ἐμπίμπλανται</span> <span class='ocrx_word' id='word_1_103' title='bbox 970 1534 1051 1564; x_wconf 76' lang='grc'><strong>⁵⁰⁶</strong></span> <span class='ocrx_word' id='word_1_104' title='bbox 1115 1532 1165 1584; x_wconf 92' lang='grc' dir='ltr'>οἱ</span> <span class='ocrx_word' id='word_1_105' title='bbox 1212 1533 1267 1585; x_wconf 78' lang='grc' dir='ltr'>δὲ</span> <span class='ocrx_word' id='word_1_106' title='bbox 1337 1532 1627 1605; x_wconf 79' lang='grc' dir='ltr'>δυσσεϐείᾳ</span> <span class='ocrx_word' id='word_1_107' title='bbox 1677 1532 1773 1585; x_wconf 72' lang='grc' dir='ltr'><strong>καὶ</strong></span> 
     </span>
    </p>
   </div>
   <div class='ocr_carea' id='block_1_17' title="bbox 198 1626 1766 1699">
    <p class='ocr_par' dir='ltr' id='par_1_17' title="bbox 198 1626 1766 1699">
     <span class='ocr_line' id='line_1_17' title="bbox 198 1626 1766 1699; baseline 0.001 -20"><span class='ocrx_word' id='word_1_108' title='bbox 198 1627 511 1699; x_wconf 70' lang='grc' dir='ltr'>παρανομίᾳ</span> <span class='ocrx_word' id='word_1_109' title='bbox 562 1626 733 1698; x_wconf 80' lang='grc' dir='ltr'>συζῇν</span> <span class='ocrx_word' id='word_1_110' title='bbox 776 1627 1227 1697; x_wconf 81' lang='grc' dir='ltr'>προαιρούμενοι,</span> <span class='ocrx_word' id='word_1_111' title='bbox 1263 1626 1495 1681; x_wconf 81' lang='grc' dir='ltr'>κύπτειν</span> <span class='ocrx_word' id='word_1_112' title='bbox 1528 1628 1609 1691; x_wconf 88' lang='grc' dir='ltr'><strong>είς</strong></span> <span class='ocrx_word' id='word_1_113' title='bbox 1644 1628 1766 1698; x_wconf 81' lang='grc' dir='ltr'>γῆν,</span> 
     </span>
    </p>
   </div>
   <div class='ocr_carea' id='block_1_18' title="bbox 196 1716 1769 1789">
    <p class='ocr_par' dir='ltr' id='par_1_18' title="bbox 196 1716 1769 1789">
     <span class='ocr_line' id='line_1_18' title="bbox 196 1716 1769 1789; baseline -0.001 -17"><span class='ocrx_word' id='word_1_114' title='bbox 196 1718 286 1772; x_wconf 68' lang='grc' dir='ltr'><strong>καὶ</strong></span> <span class='ocrx_word' id='word_1_115' title='bbox 330 1719 495 1789; x_wconf 82' lang='grc' dir='ltr'>σιγᾷν</span> <span class='ocrx_word' id='word_1_116' title='bbox 556 1716 983 1786; x_wconf 77' lang='grc' dir='ltr'>ἀναγκάζονται,</span> <span class='ocrx_word' id='word_1_117' title='bbox 1032 1720 1097 1789; x_wconf 80' lang='grc' dir='ltr'>τῇ</span> <span class='ocrx_word' id='word_1_118' title='bbox 1146 1718 1334 1787; x_wconf 82' lang='grc' dir='ltr'>δικαίᾳ</span> <span class='ocrx_word' id='word_1_119' title='bbox 1385 1717 1769 1789; x_wconf 88' lang='grc' dir='ltr'>χαλινούμενοι</span> 
     </span>
    </p>
   </div>
   <div class='ocr_carea' id='block_1_19' title="bbox 192 1813 375 1882">
    <p class='ocr_par' dir='ltr' id='par_1_19' title="bbox 192 1813 375 1882">
     <span class='ocr_line' id='line_1_19' title="bbox 192 1813 375 1882; baseline 0 0"><span class='ocrx_word' id='word_1_120' title='bbox 192 1813 375 1882; x_wconf 46' lang='lat' dir='ltr'><strong>om.</strong></span> 
     </span>
    </p>
   </div>
   <div class='ocr_carea' id='block_1_20' title="bbox 261 1902 1772 1973">
    <p class='ocr_par' dir='ltr' id='par_1_20' title="bbox 261 1902 1772 1973">
     <span class='ocr_line' id='line_1_20' title="bbox 261 1902 1772 1973; baseline 0.001 -16"><span class='ocrx_word' id='word_1_121' title='bbox 261 1902 375 1972; x_wconf 87' lang='grc' dir='ltr'>μγ”.</span> <span class='ocrx_word' id='word_1_122' title='bbox 426 1922 444 1955; x_wconf 80' lang='grc' dir='ltr'><strong>ι</strong></span> <span class='ocrx_word' id='word_1_123' title='bbox 483 1903 579 1967; x_wconf 85' lang='grc' dir='ltr'>Τίς</span> <span class='ocrx_word' id='word_1_124' title='bbox 618 1904 782 1973; x_wconf 81' lang='grc' dir='ltr'>σοφὸς</span> <span class='ocrx_word' id='word_1_125' title='bbox 816 1904 912 1957; x_wconf 69' lang='grc' dir='ltr'><strong>κα)⁸</strong></span> <span class='ocrx_word' id='word_1_126' title='bbox 963 1904 1192 1973; x_wconf 81' lang='grc' dir='ltr'>φυλάξει</span> <span class='ocrx_word' id='word_1_127' title='bbox 1227 1902 1404 1957; x_wconf 79' lang='grc' dir='ltr'>ταῦτα</span> <span class='ocrx_word' id='word_1_128' title='bbox 1428 1942 1443 1967; x_wconf 83' lang='grc'><strong>,</strong></span> <span class='ocrx_word' id='word_1_129' title='bbox 1502 1905 1599 1958; x_wconf 71' lang='grc' dir='ltr'><strong>καὶ</strong></span> <span class='ocrx_word' id='word_1_130' title='bbox 1646 1920 1772 1958; x_wconf 85' lang='grc' dir='ltr'>συν-</span> 
     </span>
    </p>
   </div>
   <div class='ocr_carea' id='block_1_21' title="bbox 193 1992 1774 2065">
    <p class='ocr_par' dir='ltr' id='par_1_21' title="bbox 193 1992 1774 2065">
     <span class='ocr_line' id='line_1_21' title="bbox 193 1992 1774 2065; baseline 0.003 -20"><span class='ocrx_word' id='word_1_131' title='bbox 193 1996 309 2063; x_wconf 78' lang='grc' dir='ltr'>ήσει</span> <span class='ocrx_word' id='word_1_132' title='bbox 340 1996 383 2025; x_wconf 76' lang='grc' dir='ltr'><strong>ἰ</strong></span> <span class='ocrx_word' id='word_1_133' title='bbox 417 1994 487 2048; x_wconf 84' lang='grc' dir='ltr'>τὰ</span> <span class='ocrx_word' id='word_1_134' title='bbox 512 1994 633 2064; x_wconf 83' lang='grc' dir='ltr'><strong>ὲλέη</strong></span> <span class='ocrx_word' id='word_1_135' title='bbox 668 1994 761 2048; x_wconf 81' lang='grc' dir='ltr'>τοῦ</span> <span class='ocrx_word' id='word_1_136' title='bbox 793 1996 1032 2065; x_wconf 84' lang='grc' dir='ltr'>Κυρίου;</span> <span class='ocrx_word' id='word_1_137' title='bbox 1076 2015 1095 2047; x_wconf 81' lang='grc'><strong><em>›</em></strong></span> <span class='ocrx_word' id='word_1_138' title='bbox 1131 1992 1270 2049; x_wconf 72' lang='grc' dir='ltr'>Οὔτε</span> <span class='ocrx_word' id='word_1_139' title='bbox 1298 1996 1343 2027; x_wconf 79' lang='grc'><strong>⁸⁸</strong></span> <span class='ocrx_word' id='word_1_140' title='bbox 1364 1994 1475 2065; x_wconf 85' lang='grc' dir='ltr'>γὰρ</span> <span class='ocrx_word' id='word_1_141' title='bbox 1498 1995 1560 2049; x_wconf 82' lang='grc' dir='ltr'><strong>τὸ</strong></span> <span class='ocrx_word' id='word_1_142' title='bbox 1596 1997 1774 2050; x_wconf 82' lang='grc' dir='ltr'>συνιέ-</span> 
     </span>
    </p>
   </div>
   <div class='ocr_carea' id='block_1_22' title="bbox 192 2084 1775 2157">
    <p class='ocr_par' dir='ltr' id='par_1_22' title="bbox 192 2084 1775 2157">
     <span class='ocr_line' id='line_1_22' title="bbox 192 2084 1775 2157; baseline -0.001 -18"><span class='ocrx_word' id='word_1_143' title='bbox 192 2104 275 2139; x_wconf 79' lang='grc' dir='ltr'><strong>ναι</strong></span> <span class='ocrx_word' id='word_1_144' title='bbox 303 2088 401 2139; x_wconf 75' lang='grc' dir='ltr'><strong>καὶ</strong></span> <span class='ocrx_word' id='word_1_145' title='bbox 443 2086 741 2155; x_wconf 88' lang='grc' dir='ltr'>διαγνῶναι</span> <span class='ocrx_word' id='word_1_146' title='bbox 772 2086 870 2150; x_wconf 78' lang='grc' dir='ltr'>τὰς</span> <span class='ocrx_word' id='word_1_147' title='bbox 914 2085 1337 2156; x_wconf 79' lang='grc' dir='ltr'>φιλανθρώπους</span> <span class='ocrx_word' id='word_1_148' title='bbox 1381 2084 1477 2138; x_wconf 79' lang='grc' dir='ltr'>τοῦ</span> <span class='ocrx_word' id='word_1_149' title='bbox 1517 2086 1775 2157; x_wconf 77' lang='grc' dir='ltr'>Σωτῆρος</span> 
     </span>
    </p>
   </div>
   <div class='ocr_carea' id='block_1_23' title="bbox 191 2175 1776 2247">
    <p class='ocr_par' dir='ltr' id='par_1_23' title="bbox 191 2175 1776 2247">
     <span class='ocr_line' id='line_1_23' title="bbox 191 2175 1776 2247; baseline -0.003 -16"><span class='ocrx_word' id='word_1_150' title='bbox 191 2178 525 2247; x_wconf 79' lang='grc' dir='ltr'>οἰκονομίας,</span> <span class='ocrx_word' id='word_1_151' title='bbox 576 2178 701 2230; x_wconf 76' lang='grc' dir='ltr'>οὔτε</span> <span class='ocrx_word' id='word_1_152' title='bbox 750 2176 985 2246; x_wconf 79' lang='grc' dir='ltr'>φυλάξαι</span> <span class='ocrx_word' id='word_1_153' title='bbox 1014 2179 1057 2210; x_wconf 79' lang='grc'><strong>⁸³</strong></span> <span class='ocrx_word' id='word_1_154' title='bbox 1100 2177 1201 2240; x_wconf 81' lang='grc' dir='ltr'>τὰς</span> <span class='ocrx_word' id='word_1_155' title='bbox 1257 2176 1409 2239; x_wconf 86' lang='grc' dir='ltr'>θείας</span> <span class='ocrx_word' id='word_1_156' title='bbox 1449 2175 1776 2247; x_wconf 88' lang='grc' dir='ltr'>νομοθεσίας</span> 
     </span>
    </p>
   </div>
   <div class='ocr_carea' id='block_1_24' title="bbox 193 2266 1777 2339">
    <p class='ocr_par' dir='ltr' id='par_1_24' title="bbox 193 2266 1777 2339">
     <span class='ocr_line' id='line_1_24' title="bbox 193 2266 1777 2339; baseline -0.001 -20"><span class='ocrx_word' id='word_1_157' title='bbox 193 2269 423 2331; x_wconf 81' lang='grc' dir='ltr'>παντός·</span> <span class='ocrx_word' id='word_1_158' title='bbox 455 2268 592 2322; x_wconf 74' lang='grc' dir='ltr'>ἀλλὰ</span> <span class='ocrx_word' id='word_1_159' title='bbox 621 2267 716 2321; x_wconf 79' lang='grc' dir='ltr'><strong>τοῦ</strong></span> <span class='ocrx_word' id='word_1_160' title='bbox 760 2268 923 2339; x_wconf 83' lang='grc' dir='ltr'>σοφίᾳ</span> <span class='ocrx_word' id='word_1_161' title='bbox 962 2267 1057 2321; x_wconf 80' lang='grc' dir='ltr'>καὶ</span> <span class='ocrx_word' id='word_1_162' title='bbox 1092 2268 1310 2320; x_wconf 81' lang='grc' dir='ltr'>συνέσει</span> <span class='ocrx_word' id='word_1_163' title='bbox 1338 2266 1650 2336; x_wconf 84' lang='grc' dir='ltr'>χρωμένου,</span> <span class='ocrx_word' id='word_1_164' title='bbox 1683 2266 1777 2319; x_wconf 77' lang='grc' dir='ltr'><strong>καὶ</strong></span> 
     </span>
    </p>
   </div>
   <div class='ocr_carea' id='block_1_25' title="bbox 195 2356 1777 2430">
    <p class='ocr_par' dir='ltr' id='par_1_25' title="bbox 195 2356 1777 2430">
     <span class='ocr_line' id='line_1_25' title="bbox 195 2356 1777 2430; baseline -0.001 -19"><span class='ocrx_word' id='word_1_165' title='bbox 195 2359 428 2428; x_wconf 87' lang='grc' dir='ltr'>βοῶντος</span> <span class='ocrx_word' id='word_1_166' title='bbox 464 2359 600 2430; x_wconf 81' lang='grc' dir='ltr'>πρὸς</span> <span class='ocrx_word' id='word_1_167' title='bbox 658 2358 750 2411; x_wconf 80' lang='grc' dir='ltr'><strong>τὸν</strong></span> <span class='ocrx_word' id='word_1_168' title='bbox 804 2359 1085 2427; x_wconf 82' lang='grc' dir='ltr'>Δεσπότην</span> <span class='ocrx_word' id='word_1_169' title='bbox 1117 2374 1129 2388; x_wconf 89' lang='grc'><strong>·</strong></span> <span class='ocrx_word' id='word_1_170' title='bbox 1166 2377 1183 2409; x_wconf 81' lang='grc' dir='ltr'><strong>ι</strong></span> <span class='ocrx_word' id='word_1_171' title='bbox 1233 2356 1613 2426; x_wconf 78' lang='grc' dir='ltr'>Ἀποκάλυψον</span> <span class='ocrx_word' id='word_1_172' title='bbox 1649 2357 1777 2421; x_wconf 82' lang='grc' dir='ltr'>τοὺς</span> 
     </span>
    </p>
   </div>
   <div class='ocr_carea' id='block_1_26' title="bbox 192 2447 1775 2521">
    <p class='ocr_par' dir='ltr' id='par_1_26' title="bbox 192 2447 1775 2521">
     <span class='ocr_line' id='line_1_26' title="bbox 192 2447 1775 2521; baseline -0.002 -16"><span class='ocrx_word' id='word_1_173' title='bbox 192 2450 505 2521; x_wconf 73' lang='grc' dir='ltr'>ὀφθαλμούς</span> <span class='ocrx_word' id='word_1_174' title='bbox 532 2469 656 2521; x_wconf 92' lang='grc' dir='ltr'>μου,</span> <span class='ocrx_word' id='word_1_175' title='bbox 691 2451 786 2504; x_wconf 78' lang='grc' dir='ltr'><strong>καὶ</strong></span> <span class='ocrx_word' id='word_1_176' title='bbox 817 2451 1142 2521; x_wconf 81' lang='grc' dir='ltr'>κατανοήσω</span> <span class='ocrx_word' id='word_1_177' title='bbox 1169 2448 1239 2502; x_wconf 80' lang='grc' dir='ltr'><strong>τὰ</strong></span> <span class='ocrx_word' id='word_1_178' title='bbox 1272 2447 1562 2520; x_wconf 88' lang='grc' dir='ltr'>θαυμάσια</span> <span class='ocrx_word' id='word_1_179' title='bbox 1584 2451 1649 2504; x_wconf 82' lang='grc' dir='ltr'>ὲκ</span> <span class='ocrx_word' id='word_1_180' title='bbox 1681 2447 1775 2502; x_wconf 83' lang='grc' dir='ltr'>τοῦ</span> 
     </span>
    </p>
   </div>
   <div class='ocr_carea' id='block_1_27' title="bbox 193 2546 574 2616">
    <p class='ocr_par' dir='ltr' id='par_1_27' title="bbox 193 2546 574 2616">
     <span class='ocr_line' id='line_1_27' title="bbox 193 2546 574 2616; baseline -0.005 -18"><span class='ocrx_word' id='word_1_181' title='bbox 193 2546 357 2616; x_wconf 84' lang='grc' dir='ltr'>νόμου</span> <span class='ocrx_word' id='word_1_182' title='bbox 392 2562 487 2598; x_wconf 89' lang='grc' dir='ltr'><strong>σου</strong></span> <span class='ocrx_word' id='word_1_183' title='bbox 498 2585 511 2599; x_wconf 96' lang='grc'>.</span> <span class='ocrx_word' id='word_1_184' title='bbox 556 2564 574 2596; x_wconf 74' lang='grc' dir='ltr'><strong>ι</strong></span> 
     </span>
    </p>
   </div>
   <div class='ocr_carea' id='block_1_28' title="bbox 510 2677 1457 2732">
    <p class='ocr_par' dir='ltr' id='par_1_28' title="bbox 510 2677 1457 2732">
     <span class='ocr_line' id='line_1_28' title="bbox 510 2677 1457 2732; baseline 0 -1"><span class='ocrx_word' id='word_1_185' title='bbox 510 2678 780 2732; x_wconf 81' lang='grc' dir='ltr'><strong>ΕΡΜΗΝ.</strong></span> <span class='ocrx_word' id='word_1_186' title='bbox 812 2678 950 2730; x_wconf 87' lang='grc' dir='ltr'><strong>ΤΟΥ</strong></span> <span class='ocrx_word' id='word_1_187' title='bbox 990 2678 1092 2731; x_wconf 88' lang='lat' dir='ltr'><strong>PZ&#39;</strong></span> <span class='ocrx_word' id='word_1_188' title='bbox 1130 2677 1457 2731; x_wconf 80' lang='grc' dir='ltr'><strong>ΨΔΛΜΟΥ.</strong></span> 
     </span>
    </p>
   </div>
   <div class='ocr_carea' id='block_1_29' title="bbox 264 2781 1778 2863">
    <p class='ocr_par' dir='ltr' id='par_1_29' title="bbox 264 2781 1778 2863">
     <span class='ocr_line' id='line_1_29' title="bbox 264 2781 1778 2863; baseline 0.001 -19"><span class='ocrx_word' id='word_1_189' title='bbox 264 2789 335 2845; x_wconf 88' lang='grc' dir='ltr'><strong>α’.</strong></span> <span class='ocrx_word' id='word_1_190' title='bbox 377 2810 395 2842; x_wconf 75' lang='grc' dir='ltr'><strong>ι</strong></span> <span class='ocrx_word' id='word_1_191' title='bbox 439 2790 562 2863; x_wconf 79' lang='grc' dir='ltr'><strong>’ῼδὴ</strong></span> <span class='ocrx_word' id='word_1_192' title='bbox 589 2790 807 2861; x_wconf 80' lang='grc' dir='ltr'>ψαλμοῦ</span> <span class='ocrx_word' id='word_1_193' title='bbox 833 2790 909 2861; x_wconf 82' lang='grc' dir='ltr'>τῷ</span> <span class='ocrx_word' id='word_1_194' title='bbox 933 2789 1117 2844; x_wconf 80' lang='grc' dir='ltr'>Δαὸίδ.</span> <span class='ocrx_word' id='word_1_195' title='bbox 1153 2809 1171 2841; x_wconf 72' lang='grc' dir='ltr'><strong>ι</strong></span> <span class='ocrx_word' id='word_1_196' title='bbox 1201 2782 1314 2843; x_wconf 69' lang='grc' dir='ltr'>Καὶ</span> <span class='ocrx_word' id='word_1_197' title='bbox 1336 2781 1493 2854; x_wconf 74' lang='grc' dir='ltr'>οὗτος</span> <span class='ocrx_word' id='word_1_198' title='bbox 1516 2790 1778 2856; x_wconf 85' lang='grc' dir='ltr'>ὡσαύτως</span> 
     </span>
    </p>
   </div>
   <div class='ocr_carea' id='block_1_30' title="bbox 197 2879 1777 2951">
    <p class='ocr_par' dir='ltr' id='par_1_30' title="bbox 197 2879 1777 2951">
     <span class='ocr_line' id='line_1_30' title="bbox 197 2879 1777 2951; baseline 0.001 -17"><span class='ocrx_word' id='word_1_199' title='bbox 197 2883 223 2934; x_wconf 90' lang='grc' dir='ltr'>ὁ</span> <span class='ocrx_word' id='word_1_200' title='bbox 248 2881 465 2950; x_wconf 74' lang='grc' dir='ltr'>ψαλμὸς</span> <span class='ocrx_word' id='word_1_201' title='bbox 496 2880 591 2934; x_wconf 74' lang='grc' dir='ltr'><strong>καὶ</strong></span> <span class='ocrx_word' id='word_1_202' title='bbox 636 2881 735 2950; x_wconf 82' lang='grc' dir='ltr'>τὴν</span> <span class='ocrx_word' id='word_1_203' title='bbox 780 2879 1051 2937; x_wconf 78' lang='grc' dir='ltr'>Ἰουδαίων</span> <span class='ocrx_word' id='word_1_204' title='bbox 1098 2880 1354 2934; x_wconf 76' lang='grc' dir='ltr'>ἐπάνοδον</span> <span class='ocrx_word' id='word_1_205' title='bbox 1397 2879 1777 2951; x_wconf 81' lang='grc' dir='ltr'>προθεσπίζει,</span> 
     </span>
    </p>
   </div>
   <div class='ocr_carea' id='block_1_31' title="bbox 200 2972 1779 3046">
    <p class='ocr_par' dir='ltr' id='par_1_31' title="bbox 200 2972 1779 3046">
     <span class='ocr_line' id='line_1_31' title="bbox 200 2972 1779 3046; baseline 0.002 -21"><span class='ocrx_word' id='word_1_206' title='bbox 200 2975 291 3027; x_wconf 66' lang='grc' dir='ltr'>καὶ</span> <span class='ocrx_word' id='word_1_207' title='bbox 318 2973 430 3027; x_wconf 87' lang='grc' dir='ltr'><strong>τῶν</strong></span> <span class='ocrx_word' id='word_1_208' title='bbox 470 2973 639 3025; x_wconf 80' lang='grc' dir='ltr'>ἐθνῶν</span> <span class='ocrx_word' id='word_1_209' title='bbox 685 2972 1054 3045; x_wconf 83' lang='grc' dir='ltr'>προαγορεύει</span> <span class='ocrx_word' id='word_1_210' title='bbox 1082 2972 1180 3044; x_wconf 80' lang='grc' dir='ltr'>τὴν</span> <span class='ocrx_word' id='word_1_211' title='bbox 1223 2972 1532 3044; x_wconf 71' lang='grc' dir='ltr'>σωτηρίανο</span> <span class='ocrx_word' id='word_1_212' title='bbox 1579 2974 1779 3046; x_wconf 85' lang='grc' dir='ltr'>πολλὴν</span> 
     </span>
    </p>
   </div>
   <div class='ocr_carea' id='block_1_32' title="bbox 198 3064 1780 3137">
    <p class='ocr_par' dir='ltr' id='par_1_32' title="bbox 198 3064 1780 3137">
     <span class='ocr_line' id='line_1_32' title="bbox 198 3064 1780 3137; baseline 0 -18"><span class='ocrx_word' id='word_1_213' title='bbox 198 3068 240 3119; x_wconf 80' lang='grc' dir='ltr'>δ’</span> <span class='ocrx_word' id='word_1_214' title='bbox 269 3066 382 3137; x_wconf 74' lang='grc' dir='ltr'>ἔχει</span> <span class='ocrx_word' id='word_1_215' title='bbox 412 3064 511 3136; x_wconf 82' lang='grc' dir='ltr'><strong>τὴν</strong></span> <span class='ocrx_word' id='word_1_216' title='bbox 536 3065 859 3134; x_wconf 81' lang='grc' dir='ltr'>συγγένειαν</span> <span class='ocrx_word' id='word_1_217' title='bbox 915 3065 1051 3136; x_wconf 77' lang='grc' dir='ltr'>πρός</span> <span class='ocrx_word' id='word_1_218' title='bbox 1085 3081 1144 3118; x_wconf 89' lang='grc' dir='ltr'><strong>τε</strong></span> <span class='ocrx_word' id='word_1_219' title='bbox 1188 3064 1279 3117; x_wconf 81' lang='grc' dir='ltr'><strong>τὸν</strong></span> <span class='ocrx_word' id='word_1_220' title='bbox 1319 3071 1409 3129; x_wconf 84' lang='grc' dir='ltr'>νς¹</span> <span class='ocrx_word' id='word_1_221' title='bbox 1433 3064 1480 3096; x_wconf 71' lang='grc'>⁸⁸</span> <span class='ocrx_word' id='word_1_222' title='bbox 1513 3066 1609 3119; x_wconf 74' lang='grc' dir='ltr'>καὶ</span> <span class='ocrx_word' id='word_1_223' title='bbox 1643 3066 1780 3137; x_wconf 83' lang='grc' dir='ltr'>πρὸς</span> 
     </span>
    </p>
   </div>
   <div class='ocr_carea' id='block_1_33' title="bbox 199 3157 658 3227">
    <p class='ocr_par' dir='ltr' id='par_1_33' title="bbox 199 3157 658 3227">
     <span class='ocr_line' id='line_1_33' title="bbox 199 3157 658 3227; baseline 0.004 -18"><span class='ocrx_word' id='word_1_224' title='bbox 199 3160 288 3211; x_wconf 68' lang='grc' dir='ltr'><strong>τὸν</strong></span> <span class='ocrx_word' id='word_1_225' title='bbox 313 3157 391 3212; x_wconf 78' lang='grc' dir='ltr'><strong>νϐ’</strong></span> <span class='ocrx_word' id='word_1_226' title='bbox 426 3158 658 3227; x_wconf 71' lang='grc' dir='ltr'>ψαλμὸν.</span> 
     </span>
    </p>
   </div>
   <div class='ocr_carea' id='block_1_34' title="bbox 267 3248 1776 3321">
    <p class='ocr_par' dir='ltr' id='par_1_34' title="bbox 267 3248 1776 3321">
     <span class='ocr_line' id='line_1_34' title="bbox 267 3248 1776 3321; baseline 0.001 -20"><span class='ocrx_word' id='word_1_227' title='bbox 267 3248 332 3317; x_wconf 82' lang='grc' dir='ltr'><strong>β’.</strong></span> <span class='ocrx_word' id='word_1_228' title='bbox 376 3267 395 3299; x_wconf 86' lang='grc'><em>‹</em></span> <span class='ocrx_word' id='word_1_229' title='bbox 459 3248 754 3319; x_wconf 84' lang='grc' dir='ltr'>Ἑτοίμηὴ</span> <span class='ocrx_word' id='word_1_230' title='bbox 804 3248 1002 3319; x_wconf 78' lang='grc' dir='ltr'>καρδία</span> <span class='ocrx_word' id='word_1_231' title='bbox 1045 3266 1170 3320; x_wconf 89' lang='grc' dir='ltr'>μου,</span> <span class='ocrx_word' id='word_1_232' title='bbox 1227 3251 1255 3303; x_wconf 86' lang='grc' dir='ltr'>ὁ</span> <span class='ocrx_word' id='word_1_233' title='bbox 1306 3249 1461 3313; x_wconf 81' lang='grc' dir='ltr'>Θεὸς,</span> <span class='ocrx_word' id='word_1_234' title='bbox 1501 3250 1692 3321; x_wconf 80' lang='grc' dir='ltr'>ἑτοίμη</span> <span class='ocrx_word' id='word_1_235' title='bbox 1743 3252 1776 3320; x_wconf 80' lang='grc' dir='ltr'><strong>ἡ</strong></span> 
     </span>
    </p>
   </div>
   <div class='ocr_carea' id='block_1_35' title="bbox 200 3340 1772 3413">
    <p class='ocr_par' dir='ltr' id='par_1_35' title="bbox 200 3340 1772 3413">
     <span class='ocr_line' id='line_1_35' title="bbox 200 3340 1772 3413; baseline 0.001 -22"><span class='ocrx_word' id='word_1_236' title='bbox 200 3340 395 3407; x_wconf 80' lang='grc' dir='ltr'>καρδία</span> <span class='ocrx_word' id='word_1_237' title='bbox 427 3357 528 3409; x_wconf 93' lang='grc' dir='ltr'><strong>μου</strong></span> <span class='ocrx_word' id='word_1_238' title='bbox 572 3343 640 3403; x_wconf 77' lang='grc'><strong>⁵⁵,</strong></span> <span class='ocrx_word' id='word_1_239' title='bbox 674 3340 880 3411; x_wconf 76' lang='grc' dir='ltr'>ᾄσομαι</span> <span class='ocrx_word' id='word_1_240' title='bbox 934 3341 1030 3395; x_wconf 74' lang='grc' dir='ltr'><strong>καὶ</strong></span> <span class='ocrx_word' id='word_1_241' title='bbox 1058 3342 1215 3411; x_wconf 76' lang='grc' dir='ltr'>ψαλῶ</span> <span class='ocrx_word' id='word_1_242' title='bbox 1240 3343 1299 3394; x_wconf 83' lang='grc' dir='ltr'>ὲν</span> <span class='ocrx_word' id='word_1_243' title='bbox 1329 3345 1395 3413; x_wconf 84' lang='grc' dir='ltr'>τῇ</span> <span class='ocrx_word' id='word_1_244' title='bbox 1424 3341 1550 3413; x_wconf 79' lang='grc' dir='ltr'>δόξῃ</span> <span class='ocrx_word' id='word_1_245' title='bbox 1585 3358 1709 3412; x_wconf 90' lang='grc' dir='ltr'>μου.</span> <span class='ocrx_word' id='word_1_246' title='bbox 1754 3359 1772 3392; x_wconf 73' lang='grc' dir='ltr'><strong>ι</strong></span> 
     </span>
    </p>
   </div>
   <div class='ocr_carea' id='block_1_36' title="bbox 201 3432 1780 3505">
    <p class='ocr_par' dir='ltr' id='par_1_36' title="bbox 201 3432 1780 3505">
     <span class='ocr_line' id='line_1_36' title="bbox 201 3432 1780 3505; baseline 0 -20"><span class='ocrx_word' id='word_1_247' title='bbox 201 3433 307 3485; x_wconf 75' lang='grc' dir='ltr'>Καὶ</span> <span class='ocrx_word' id='word_1_248' title='bbox 340 3432 446 3504; x_wconf 76' lang='grc' dir='ltr'><strong>ήδη</strong></span> <span class='ocrx_word' id='word_1_249' title='bbox 501 3434 939 3503; x_wconf 87' lang='grc' dir='ltr'>προειρήκαμεν,</span> <span class='ocrx_word' id='word_1_250' title='bbox 976 3432 1052 3495; x_wconf 83' lang='grc' dir='ltr'>ὡς</span> <span class='ocrx_word' id='word_1_251' title='bbox 1086 3432 1278 3497; x_wconf 76' lang='grc' dir='ltr'>δόξαν</span> <span class='ocrx_word' id='word_1_252' title='bbox 1323 3433 1532 3487; x_wconf 75' lang='grc' dir='ltr'>οἰκείαν</span> <span class='ocrx_word' id='word_1_253' title='bbox 1572 3435 1600 3485; x_wconf 88' lang='grc' dir='ltr'>ὁ</span> <span class='ocrx_word' id='word_1_254' title='bbox 1644 3450 1780 3505; x_wconf 88' lang='grc' dir='ltr'>προ-</span> 
     </span>
    </p>
   </div>
   <div class='ocr_carea' id='block_1_37' title="bbox 201 3525 1779 3597">
    <p class='ocr_par' dir='ltr' id='par_1_37' title="bbox 201 3525 1779 3597">
     <span class='ocr_line' id='line_1_37' title="bbox 201 3525 1779 3597; baseline 0.001 -21"><span class='ocrx_word' id='word_1_255' title='bbox 201 3526 376 3595; x_wconf 64' lang='grc' dir='ltr'>ςήτης</span> <span class='ocrx_word' id='word_1_256' title='bbox 426 3526 527 3596; x_wconf 82' lang='grc' dir='ltr'><strong>τὴν</strong></span> <span class='ocrx_word' id='word_1_257' title='bbox 567 3525 913 3597; x_wconf 77' lang='grc' dir='ltr'>προφητικὴν</span> <span class='ocrx_word' id='word_1_258' title='bbox 952 3527 1111 3597; x_wconf 88' lang='grc' dir='ltr'>χάριν</span> <span class='ocrx_word' id='word_1_259' title='bbox 1160 3526 1333 3579; x_wconf 77' lang='grc' dir='ltr'>καλεῖ.</span> <span class='ocrx_word' id='word_1_260' title='bbox 1383 3526 1460 3596; x_wconf 82' lang='grc' dir='ltr'><strong>Τῇ</strong></span> <span class='ocrx_word' id='word_1_261' title='bbox 1502 3526 1600 3596; x_wconf 83' lang='grc' dir='ltr'>τῆς</span> <span class='ocrx_word' id='word_1_262' title='bbox 1644 3542 1779 3597; x_wconf 78' lang='grc' dir='ltr'>προ·-</span> 
     </span>
    </p>
   </div>
   <div class='ocr_carea' id='block_1_38' title="bbox 202 3617 1780 3689">
    <p class='ocr_par' dir='ltr' id='par_1_38' title="bbox 202 3617 1780 3689">
     <span class='ocr_line' id='line_1_38' title="bbox 202 3617 1780 3689; baseline 0.003 -21"><span class='ocrx_word' id='word_1_263' title='bbox 202 3618 449 3688; x_wconf 78' lang='grc' dir='ltr'>φητείας,</span> <span class='ocrx_word' id='word_1_264' title='bbox 507 3621 665 3689; x_wconf 66' lang='grc' dir='ltr'>φησι,</span> <span class='ocrx_word' id='word_1_265' title='bbox 723 3618 1005 3689; x_wconf 82' lang='grc' dir='ltr'>χρώμενος</span> <span class='ocrx_word' id='word_1_266' title='bbox 1064 3617 1323 3688; x_wconf 84' lang='grc' dir='ltr'>μελῳδίᾳ,</span> <span class='ocrx_word' id='word_1_267' title='bbox 1372 3617 1517 3687; x_wconf 82' lang='grc' dir='ltr'>λέγω</span> <span class='ocrx_word' id='word_1_268' title='bbox 1570 3635 1650 3670; x_wconf 89' lang='grc' dir='ltr'><strong>σοι</strong></span> <span class='ocrx_word' id='word_1_269' title='bbox 1702 3619 1780 3689; x_wconf 82' lang='grc' dir='ltr'>τῷ</span> 
     </span>
    </p>
   </div>
   <div class='ocr_carea' id='block_1_39' title="bbox 202 3708 1780 3782">
    <p class='ocr_par' dir='ltr' id='par_1_39' title="bbox 202 3708 1780 3782">
     <span class='ocr_line' id='line_1_39' title="bbox 202 3708 1780 3782; baseline 0.002 -23"><span class='ocrx_word' id='word_1_270' title='bbox 202 3710 469 3782; x_wconf 76' lang='grc' dir='ltr'>Δεσπότῃ,</span> <span class='ocrx_word' id='word_1_271' title='bbox 504 3709 580 3771; x_wconf 80' lang='grc' dir='ltr'>ὡς</span> <span class='ocrx_word' id='word_1_272' title='bbox 627 3710 849 3781; x_wconf 85' lang='grc' dir='ltr'>εὐρεῖαν</span> <span class='ocrx_word' id='word_1_273' title='bbox 888 3712 932 3742; x_wconf 76' lang='grc'><strong>⁵⁸</strong></span> <span class='ocrx_word' id='word_1_274' title='bbox 967 3708 1075 3779; x_wconf 75' lang='grc' dir='ltr'><strong>ἔχω</strong></span> <span class='ocrx_word' id='word_1_275' title='bbox 1099 3709 1200 3779; x_wconf 72' lang='grc' dir='ltr'>τὴν</span> <span class='ocrx_word' id='word_1_276' title='bbox 1230 3709 1458 3779; x_wconf 87' lang='grc' dir='ltr'>καρδίαν</span> <span class='ocrx_word' id='word_1_277' title='bbox 1510 3727 1636 3779; x_wconf 90' lang='grc' dir='ltr'>μου,</span> <span class='ocrx_word' id='word_1_278' title='bbox 1684 3712 1780 3763; x_wconf 82' lang='grc' dir='ltr'>καὶ</span> 
     </span>
    </p>
   </div>
   <div class='ocr_carea' id='block_1_40' title="bbox 203 3798 1567 3871">
    <p class='ocr_par' dir='ltr' id='par_1_40' title="bbox 203 3798 1567 3871">
     <span class='ocr_line' id='line_1_40' title="bbox 203 3798 1567 3871; baseline 0.001 -20"><span class='ocrx_word' id='word_1_279' title='bbox 203 3799 425 3870; x_wconf 81' lang='grc' dir='ltr'>ἑτοίμην</span> <span class='ocrx_word' id='word_1_280' title='bbox 454 3801 534 3862; x_wconf 88' lang='grc' dir='ltr'>εἰς</span> <span class='ocrx_word' id='word_1_281' title='bbox 564 3799 833 3870; x_wconf 83' lang='grc' dir='ltr'>ὑποδοχὴν</span> <span class='ocrx_word' id='word_1_282' title='bbox 854 3800 952 3870; x_wconf 82' lang='grc' dir='ltr'>τῆς</span> <span class='ocrx_word' id='word_1_283' title='bbox 982 3798 1132 3863; x_wconf 88' lang='grc' dir='ltr'>θείας</span> <span class='ocrx_word' id='word_1_284' title='bbox 1173 3816 1269 3853; x_wconf 85' lang='grc' dir='ltr'><strong>σου</strong></span> <span class='ocrx_word' id='word_1_285' title='bbox 1303 3799 1567 3871; x_wconf 58' lang='grc' dir='ltr'>χάριτος.</span> 
     </span>
    </p>
   </div>
   <div class='ocr_carea' id='block_1_41' title="bbox 267 3989 1773 4063">
    <p class='ocr_par' dir='ltr' id='par_1_41' title="bbox 267 3989 1773 4063">
     <span class='ocr_line' id='line_1_41' title="bbox 267 3989 1773 4063; baseline -0.001 -16"><span class='ocrx_word' id='word_1_286' title='bbox 267 3992 335 4061; x_wconf 86' lang='grc' dir='ltr'>γ’,</span> <span class='ocrx_word' id='word_1_287' title='bbox 368 3990 432 4047; x_wconf 85' lang='grc' dir='ltr'><strong>δ’.</strong></span> <span class='ocrx_word' id='word_1_288' title='bbox 475 4010 494 4043; x_wconf 78' lang='grc' dir='ltr'><strong>ι</strong></span> <span class='ocrx_word' id='word_1_289' title='bbox 546 3991 896 4063; x_wconf 80' lang='grc' dir='ltr'>Ἐξεγέρθητι</span> <span class='ocrx_word' id='word_1_290' title='bbox 925 3992 989 4056; x_wconf 77' lang='grc'><strong>⁵⁷,</strong></span> <span class='ocrx_word' id='word_1_291' title='bbox 1033 3993 1066 4060; x_wconf 83' lang='grc' dir='ltr'>ἡ</span> <span class='ocrx_word' id='word_1_292' title='bbox 1100 3990 1226 4056; x_wconf 73' lang='grc' dir='ltr'>δόξα</span> <span class='ocrx_word' id='word_1_293' title='bbox 1258 4008 1382 4059; x_wconf 85' lang='grc' dir='ltr'>μου,</span> <span class='ocrx_word' id='word_1_294' title='bbox 1424 3989 1773 4063; x_wconf 82' lang='grc' dir='ltr'>ὲξεγέρθητι,</span> 
     </span>
    </p>
   </div>
   <div class='ocr_carea' id='block_1_42' title="bbox 201 4082 1775 4155">
    <p class='ocr_par' dir='ltr' id='par_1_42' title="bbox 201 4082 1775 4155">
     <span class='ocr_line' id='line_1_42' title="bbox 201 4082 1775 4155; baseline 0.001 -18"><span class='ocrx_word' id='word_1_295' title='bbox 201 4084 497 4155; x_wconf 68' lang='grc' dir='ltr'>ψαλτήριον</span> <span class='ocrx_word' id='word_1_296' title='bbox 565 4086 658 4137; x_wconf 73' lang='grc' dir='ltr'><strong>καὶ</strong></span> <span class='ocrx_word' id='word_1_297' title='bbox 714 4084 954 4154; x_wconf 88' lang='grc' dir='ltr'>κιθάρα,</span> <span class='ocrx_word' id='word_1_298' title='bbox 1019 4082 1457 4153; x_wconf 73' lang='grc' dir='ltr'>ὲξεγερθήσομαι</span> <span class='ocrx_word' id='word_1_299' title='bbox 1552 4083 1775 4155; x_wconf 80' lang='grc' dir='ltr'>ὄρθρου.</span> 
     </span>
    </p>
   </div>
   <div class='ocr_carea' id='block_1_43' title="bbox 213 4175 1778 4247">
    <p class='ocr_par' dir='ltr' id='par_1_43' title="bbox 213 4175 1778 4247">
     <span class='ocr_line' id='line_1_43' title="bbox 213 4175 1778 4247; baseline 0.001 -18"><span class='ocrx_word' id='word_1_300' title='bbox 213 4176 711 4247; x_wconf 82' lang='grc' dir='ltr'>Ἐξομολογήσομαί</span> <span class='ocrx_word' id='word_1_301' title='bbox 762 4193 843 4227; x_wconf 87' lang='grc' dir='ltr'><strong>σοι</strong></span> <span class='ocrx_word' id='word_1_302' title='bbox 876 4177 931 4227; x_wconf 83' lang='grc' dir='ltr'><strong>ὲν</strong></span> <span class='ocrx_word' id='word_1_303' title='bbox 962 4175 1131 4247; x_wconf 81' lang='grc' dir='ltr'>λαοῖς,</span> <span class='ocrx_word' id='word_1_304' title='bbox 1187 4176 1385 4247; x_wconf 84' lang='grc' dir='ltr'>Κύριε,</span> <span class='ocrx_word' id='word_1_305' title='bbox 1410 4176 1568 4245; x_wconf 78' lang='grc' dir='ltr'>ψαλῶ</span> <span class='ocrx_word' id='word_1_306' title='bbox 1602 4193 1683 4229; x_wconf 87' lang='grc' dir='ltr'><strong>σοι</strong></span> <span class='ocrx_word' id='word_1_307' title='bbox 1720 4180 1778 4230; x_wconf 85' lang='grc' dir='ltr'><strong>ἐν</strong></span> 
     </span>
    </p>
   </div>
   <div class='ocr_carea' id='block_1_44' title="bbox 174 4266 1777 4339">
    <p class='ocr_par' dir='ltr' id='par_1_44' title="bbox 174 4266 1777 4339">
     <span class='ocr_line' id='line_1_44' title="bbox 174 4266 1777 4339; baseline -0.001 -18"><span class='ocrx_word' id='word_1_308' title='bbox 174 4268 431 4323; x_wconf 73' lang='grc' dir='ltr'>’ἔθνεσιν.</span> <span class='ocrx_word' id='word_1_309' title='bbox 454 4288 471 4320; x_wconf 76' lang='grc' dir='ltr'><strong>ι</strong></span> <span class='ocrx_word' id='word_1_310' title='bbox 518 4267 863 4335; x_wconf 76' lang='grc' dir='ltr'>Ψαλτήριον</span> <span class='ocrx_word' id='word_1_311' title='bbox 888 4268 932 4298; x_wconf 80' lang='grc'><strong>⁵⁸</strong></span> <span class='ocrx_word' id='word_1_312' title='bbox 955 4268 1048 4319; x_wconf 78' lang='grc' dir='ltr'><strong>καὶ</strong></span> <span class='ocrx_word' id='word_1_313' title='bbox 1078 4266 1330 4334; x_wconf 80' lang='grc' dir='ltr'>κιθάραν</span> <span class='ocrx_word' id='word_1_314' title='bbox 1358 4269 1550 4321; x_wconf 77' lang='grc' dir='ltr'>ἑαυτὸν</span> <span class='ocrx_word' id='word_1_315' title='bbox 1580 4269 1609 4320; x_wconf 83' lang='grc' dir='ltr'>ὀ</span> <span class='ocrx_word' id='word_1_316' title='bbox 1640 4285 1777 4339; x_wconf 89' lang='grc' dir='ltr'>προ-</span> 
     </span>
    </p>
   </div>
   <div class='ocr_carea' id='block_1_45' title="bbox 205 4358 1778 4431">
    <p class='ocr_par' dir='ltr' id='par_1_45' title="bbox 205 4358 1778 4431">
     <span class='ocr_line' id='line_1_45' title="bbox 205 4358 1778 4431; baseline 0.001 -19"><span class='ocrx_word' id='word_1_317' title='bbox 205 4361 377 4431; x_wconf 74' lang='grc' dir='ltr'>φήτης</span> <span class='ocrx_word' id='word_1_318' title='bbox 428 4360 604 4414; x_wconf 85' lang='grc' dir='ltr'>καλεῖ.</span> <span class='ocrx_word' id='word_1_319' title='bbox 656 4359 743 4421; x_wconf 83' lang='grc' dir='ltr'>Ὠς</span> <span class='ocrx_word' id='word_1_320' title='bbox 796 4361 854 4411; x_wconf 81' lang='grc' dir='ltr'><strong>ἐν</strong></span> <span class='ocrx_word' id='word_1_321' title='bbox 904 4358 1124 4429; x_wconf 83' lang='grc' dir='ltr'>ὀργάνῳ</span> <span class='ocrx_word' id='word_1_322' title='bbox 1178 4359 1285 4428; x_wconf 79' lang='grc' dir='ltr'>γὰρ</span> <span class='ocrx_word' id='word_1_323' title='bbox 1348 4358 1620 4428; x_wconf 81' lang='grc' dir='ltr'>μουσικῷ,</span> <span class='ocrx_word' id='word_1_324' title='bbox 1683 4359 1778 4413; x_wconf 83' lang='grc' dir='ltr'><strong>τοῦ</strong></span> 
     </span>
    </p>
   </div>
   <div class='ocr_carea' id='block_1_46' title="bbox 1876 524 3453 596">
    <p class='ocr_par' dir='ltr' id='par_1_46' title="bbox 1876 524 3453 596">
     <span class='ocr_line' id='line_1_46' title="bbox 1876 524 3453 596; baseline 0.004 -17"><span class='ocrx_word' id='word_1_325' title='bbox 1876 524 2079 580; x_wconf 84' lang='lat' dir='ltr'><strong>Gentes</strong></span> <span class='ocrx_word' id='word_1_326' title='bbox 2107 526 2275 591; x_wconf 88' lang='lat' dir='ltr'><strong>enim,</strong></span> <span class='ocrx_word' id='word_1_327' title='bbox 2311 541 2433 596; x_wconf 71' lang='lat' dir='ltr'><strong>qua:</strong></span> <span class='ocrx_word' id='word_1_328' title='bbox 2457 527 2586 582; x_wconf 91' lang='lat' dir='ltr'><strong>olim</strong></span> <span class='ocrx_word' id='word_1_329' title='bbox 2619 528 3024 595; x_wconf 88' lang='lat' dir='ltr'><strong>mendicabant,</strong></span> <span class='ocrx_word' id='word_1_330' title='bbox 3052 530 3293 585; x_wconf 78' lang='lat' dir='ltr'><strong>divinam</strong></span> <span class='ocrx_word' id='word_1_331' title='bbox 3321 545 3453 586; x_wconf 88' lang='lat' dir='ltr'><strong>con-</strong></span> 
     </span>
    </p>
   </div>
   <div class='ocr_carea' id='block_1_47' title="bbox 1876 618 3455 693">
    <p class='ocr_par' dir='ltr' id='par_1_47' title="bbox 1876 618 3455 693">
     <span class='ocr_line' id='line_1_47' title="bbox 1876 618 3455 693; baseline 0.005 -22"><span class='ocrx_word' id='word_1_332' title='bbox 1876 627 2077 672; x_wconf 82' lang='lat' dir='ltr'><strong>secutae</strong></span> <span class='ocrx_word' id='word_1_333' title='bbox 2113 628 2245 673; x_wconf 88' lang='lat' dir='ltr'><strong>sunt</strong></span> <span class='ocrx_word' id='word_1_334' title='bbox 2276 634 2457 689; x_wconf 88' lang='lat' dir='ltr'><strong>opem,</strong></span> <span class='ocrx_word' id='word_1_335' title='bbox 2500 618 2988 690; x_wconf 88' lang='lat' dir='ltr'><strong>spiritualibusque</strong></span> <span class='ocrx_word' id='word_1_336' title='bbox 3021 621 3226 677; x_wconf 89' lang='lat' dir='ltr'><strong>divitiis</strong></span> <span class='ocrx_word' id='word_1_337' title='bbox 3268 624 3455 693; x_wconf 80' lang='lat' dir='ltr'><strong>potitae</strong></span> 
     </span>
    </p>
   </div>
   <div class='ocr_carea' id='block_1_48' title="bbox 1848 711 3452 786">
    <p class='ocr_par' dir='ltr' id='par_1_48' title="bbox 1848 711 3452 786">
     <span class='ocr_line' id='line_1_48' title="bbox 1848 711 3452 786; baseline 0.002 -23"><span class='ocrx_word' id='word_1_338' title='bbox 1848 723 2023 763; x_wconf 77' lang='lat' dir='ltr'><strong>sunt.</strong></span> <span class='ocrx_word' id='word_1_339' title='bbox 2056 729 2073 760; x_wconf 77' lang='grc' dir='ltr'><strong>ι</strong></span> <span class='ocrx_word' id='word_1_340' title='bbox 2116 711 2178 764; x_wconf 81' lang='lat' dir='ltr'><strong>Et</strong></span> <span class='ocrx_word' id='word_1_341' title='bbox 2227 712 2432 781; x_wconf 85' lang='lat' dir='ltr'><strong>posuit,</strong></span> <span class='ocrx_word' id='word_1_342' title='bbox 2492 712 2635 766; x_wconf 89' lang='lat' dir='ltr'><strong>sicut</strong></span> <span class='ocrx_word' id='word_1_343' title='bbox 2677 726 2829 774; x_wconf 87' lang='lat' dir='ltr'><strong>oves,</strong></span> <span class='ocrx_word' id='word_1_344' title='bbox 2888 712 3141 767; x_wconf 79' lang='lat' dir='ltr'><strong>familias.</strong></span> <span class='ocrx_word' id='word_1_345' title='bbox 3180 732 3198 765; x_wconf 76' lang='grc' dir='ltr'><strong>ι</strong></span> <span class='ocrx_word' id='word_1_346' title='bbox 3238 714 3452 786; x_wconf 78' lang='lat'><strong>1377</strong></span> 
     </span>
    </p>
   </div>
   <div class='ocr_carea' id='block_1_49' title="bbox 1874 798 3453 876">
    <p class='ocr_par' dir='ltr' id='par_1_49' title="bbox 1874 798 3453 876">
     <span class='ocr_line' id='line_1_49' title="bbox 1874 798 3453 876; baseline 0.004 -22"><span class='ocrx_word' id='word_1_347' title='bbox 1874 798 2068 869; x_wconf 78' lang='lat' dir='ltr'><strong>Aquila</strong></span> <span class='ocrx_word' id='word_1_348' title='bbox 2110 812 2289 856; x_wconf 83' lang='lat' dir='ltr'><strong>autem</strong></span> <span class='ocrx_word' id='word_1_349' title='bbox 2327 803 2407 858; x_wconf 92' lang='lat' dir='ltr'><strong>sic</strong></span> <span class='ocrx_word' id='word_1_350' title='bbox 2456 821 2468 857; x_wconf 89' lang='lat'><strong>:</strong></span> <span class='ocrx_word' id='word_1_351' title='bbox 2512 802 2581 855; x_wconf 81' lang='lat' dir='ltr'><strong>Et</strong></span> <span class='ocrx_word' id='word_1_352' title='bbox 2632 802 2845 857; x_wconf 72' lang='lat' dir='ltr'><strong>extollet</strong></span> <span class='ocrx_word' id='word_1_353' title='bbox 2893 819 3175 872; x_wconf 82' lang='lat' dir='ltr'><strong>pauperem</strong></span> <span class='ocrx_word' id='word_1_354' title='bbox 3213 822 3277 859; x_wconf 76' lang='lat' dir='ltr'><strong>ea:</strong></span> <span class='ocrx_word' id='word_1_355' title='bbox 3312 823 3453 876; x_wconf 83' lang='lat' dir='ltr'><strong>pau-</strong></span> 
     </span>
    </p>
   </div>
   <div class='ocr_carea' id='block_1_50' title="bbox 1873 896 3453 964">
    <p class='ocr_par' dir='ltr' id='par_1_50' title="bbox 1873 896 3453 964">
     <span class='ocr_line' id='line_1_50' title="bbox 1873 896 3453 964; baseline 0.004 -20"><span class='ocrx_word' id='word_1_356' title='bbox 1873 900 2114 959; x_wconf 84' lang='lat' dir='ltr'><strong>pertate,</strong></span> <span class='ocrx_word' id='word_1_357' title='bbox 2180 901 2230 946; x_wconf 86' lang='lat' dir='ltr'><strong>et</strong></span> <span class='ocrx_word' id='word_1_358' title='bbox 2287 902 2441 962; x_wconf 88' lang='lat' dir='ltr'><strong>ponet</strong></span> <span class='ocrx_word' id='word_1_359' title='bbox 2495 902 2551 946; x_wconf 89' lang='lat' dir='ltr'><strong>ut</strong></span> <span class='ocrx_word' id='word_1_360' title='bbox 2621 909 2827 964; x_wconf 89' lang='lat' dir='ltr'><strong>gregem</strong></span> <span class='ocrx_word' id='word_1_361' title='bbox 2888 896 3248 964; x_wconf 86' lang='lat' dir='ltr'><strong>cognationes.</strong></span> <span class='ocrx_word' id='word_1_362' title='bbox 3314 896 3453 952; x_wconf 88' lang='lat' dir='ltr'><strong>Nam</strong></span> 
     </span>
    </p>
   </div>
   <div class='ocr_carea' id='block_1_51' title="bbox 1874 984 3454 1058">
    <p class='ocr_par' dir='ltr' id='par_1_51' title="bbox 1874 984 3454 1058">
     <span class='ocr_line' id='line_1_51' title="bbox 1874 984 3454 1058; baseline 0.006 -23"><span class='ocrx_word' id='word_1_363' title='bbox 1874 984 2031 1052; x_wconf 81' lang='lat' dir='ltr'><strong>quasi</strong></span> <span class='ocrx_word' id='word_1_364' title='bbox 2070 984 2137 1039; x_wconf 89' lang='lat' dir='ltr'><strong>de</strong></span> <span class='ocrx_word' id='word_1_365' title='bbox 2171 984 2288 1039; x_wconf 90' lang='lat' dir='ltr'><strong>suis</strong></span> <span class='ocrx_word' id='word_1_366' title='bbox 2325 984 2521 1039; x_wconf 90' lang='lat' dir='ltr'><strong>ovibus</strong></span> <span class='ocrx_word' id='word_1_367' title='bbox 2556 999 2745 1039; x_wconf 90' lang='lat' dir='ltr'><strong>curam</strong></span> <span class='ocrx_word' id='word_1_368' title='bbox 2792 997 2959 1055; x_wconf 82' lang='lat' dir='ltr'><strong>geret,</strong></span> <span class='ocrx_word' id='word_1_369' title='bbox 2995 995 3048 1040; x_wconf 92' lang='lat' dir='ltr'><strong>et</strong></span> <span class='ocrx_word' id='word_1_370' title='bbox 3088 994 3351 1058; x_wconf 82' lang='lat' dir='ltr'><strong>tanquam</strong></span> <span class='ocrx_word' id='word_1_371' title='bbox 3384 990 3454 1044; x_wconf 85' lang='lat' dir='ltr'><strong>de</strong></span> 
     </span>
    </p>
   </div>
   <div class='ocr_carea' id='block_1_52' title="bbox 1873 1075 3452 1146">
    <p class='ocr_par' dir='ltr' id='par_1_52' title="bbox 1873 1075 3452 1146">
     <span class='ocr_line' id='line_1_52' title="bbox 1873 1075 3452 1146; baseline 0.006 -20"><span class='ocrx_word' id='word_1_372' title='bbox 1873 1075 2126 1143; x_wconf 84' lang='lat' dir='ltr'><strong>cognatis</strong></span> <span class='ocrx_word' id='word_1_373' title='bbox 2190 1076 2498 1140; x_wconf 30' lang='lat' dir='ltr'><strong>secundum.</strong></span> <span class='ocrx_word' id='word_1_374' title='bbox 2545 1092 2804 1143; x_wconf 89' lang='lat' dir='ltr'><strong>carnem,</strong></span> <span class='ocrx_word' id='word_1_375' title='bbox 2855 1077 3108 1146; x_wconf 84' lang='lat' dir='ltr'><strong>providet</strong></span> <span class='ocrx_word' id='word_1_376' title='bbox 3161 1087 3216 1133; x_wconf 90' lang='lat' dir='ltr'><strong>et</strong></span> <span class='ocrx_word' id='word_1_377' title='bbox 3263 1095 3452 1136; x_wconf 87' lang='lat' dir='ltr'><strong>curam</strong></span> 
     </span>
    </p>
   </div>
   <div class='ocr_carea' id='block_1_53' title="bbox 1874 1165 2058 1220">
    <p class='ocr_par' dir='ltr' id='par_1_53' title="bbox 1874 1165 2058 1220">
     <span class='ocr_line' id='line_1_53' title="bbox 1874 1165 2058 1220; baseline 0.011 -2"><span class='ocrx_word' id='word_1_378' title='bbox 1874 1165 2058 1220; x_wconf 81' lang='lat' dir='ltr'><strong>habet.</strong></span> 
     </span>
    </p>
   </div>
   <div class='ocr_carea' id='block_1_54' title="bbox 1944 1256 3456 1330">
    <p class='ocr_par' dir='ltr' id='par_1_54' title="bbox 1944 1256 3456 1330">
     <span class='ocr_line' id='line_1_54' title="bbox 1944 1256 3456 1330; baseline 0.009 -22"><span class='ocrx_word' id='word_1_379' title='bbox 1944 1256 2112 1311; x_wconf 71' lang='lat' dir='ltr'><strong>Vens.</strong></span> <span class='ocrx_word' id='word_1_380' title='bbox 2156 1257 2246 1311; x_wconf 66' lang='grc'><strong>42)..</strong></span> <span class='ocrx_word' id='word_1_381' title='bbox 2288 1277 2307 1309; x_wconf 73' lang='grc' dir='ltr'><strong>ι</strong></span> <span class='ocrx_word' id='word_1_382' title='bbox 2348 1256 2619 1330; x_wconf 83' lang='lat' dir='ltr'><strong>Videbunt</strong></span> <span class='ocrx_word' id='word_1_383' title='bbox 2648 1262 2833 1325; x_wconf 70' lang='lat' dir='ltr'><strong>irecti,</strong></span> <span class='ocrx_word' id='word_1_384' title='bbox 2889 1271 2945 1317; x_wconf 92' lang='lat' dir='ltr'><strong>et</strong></span> <span class='ocrx_word' id='word_1_385' title='bbox 2990 1264 3353 1330; x_wconf 66' lang='lat' dir='ltr'><strong>laetabuntur,</strong></span> <span class='ocrx_word' id='word_1_386' title='bbox 3397 1273 3456 1321; x_wconf 79' lang='lat' dir='ltr'><strong>et</strong></span> 
     </span>
    </p>
   </div>
   <div class='ocr_carea' id='block_1_55' title="bbox 1873 1350 3452 1421">
    <p class='ocr_par' dir='ltr' id='par_1_55' title="bbox 1873 1350 3452 1421">
     <span class='ocr_line' id='line_1_55' title="bbox 1873 1350 3452 1421; baseline 0.006 -18"><span class='ocrx_word' id='word_1_387' title='bbox 1873 1350 2053 1405; x_wconf 90' lang='lat' dir='ltr'><strong>omnis</strong></span> <span class='ocrx_word' id='word_1_388' title='bbox 2112 1351 2372 1420; x_wconf 83' lang='lat' dir='ltr'><strong>iniquitas</strong></span> <span class='ocrx_word' id='word_1_389' title='bbox 2429 1352 2689 1421; x_wconf 86' lang='lat' dir='ltr'><strong>oppilabit</strong></span> <span class='ocrx_word' id='word_1_390' title='bbox 2727 1369 2788 1409; x_wconf 92' lang='lat' dir='ltr'><strong>os</strong></span> <span class='ocrx_word' id='word_1_391' title='bbox 2841 1370 3025 1410; x_wconf 91' lang='lat' dir='ltr'><strong>suum.</strong></span> <span class='ocrx_word' id='word_1_392' title='bbox 3062 1374 3079 1407; x_wconf 71' lang='grc' dir='ltr'><strong>ι</strong></span> <span class='ocrx_word' id='word_1_393' title='bbox 3136 1356 3263 1412; x_wconf 65' lang='lat' dir='ltr'><strong>Haec</strong></span> <span class='ocrx_word' id='word_1_394' title='bbox 3303 1358 3452 1413; x_wconf 89' lang='lat' dir='ltr'><strong>enim</strong></span> 
     </span>
    </p>
   </div>
   <div class='ocr_carea' id='block_1_56' title="bbox 1873 1439 3454 1513">
    <p class='ocr_par' dir='ltr' id='par_1_56' title="bbox 1873 1439 3454 1513">
     <span class='ocr_line' id='line_1_56' title="bbox 1873 1439 3454 1513; baseline 0.004 -20"><span class='ocrx_word' id='word_1_395' title='bbox 1873 1446 2156 1493; x_wconf 88' lang='lat' dir='ltr'><strong>cernentes</strong></span> <span class='ocrx_word' id='word_1_396' title='bbox 2186 1439 2245 1503; x_wconf 87' lang='lat' dir='ltr'><strong>ii,</strong></span> <span class='ocrx_word' id='word_1_397' title='bbox 2286 1440 2380 1508; x_wconf 80' lang='lat' dir='ltr'><strong>qui</strong></span> <span class='ocrx_word' id='word_1_398' title='bbox 2408 1439 2575 1495; x_wconf 87' lang='lat' dir='ltr'><strong>rectis</strong></span> <span class='ocrx_word' id='word_1_399' title='bbox 2605 1450 2835 1496; x_wconf 90' lang='lat' dir='ltr'><strong>utuntur</strong></span> <span class='ocrx_word' id='word_1_400' title='bbox 2868 1444 3322 1513; x_wconf 83' lang='lat' dir='ltr'><strong>cogitationibus,</strong></span> <span class='ocrx_word' id='word_1_401' title='bbox 3354 1461 3454 1500; x_wconf 88' lang='lat' dir='ltr'><strong>vo-</strong></span> 
     </span>
    </p>
   </div>
   <div class='ocr_carea' id='block_1_57' title="bbox 1874 1530 3557 1605">
    <p class='ocr_par' dir='ltr' id='par_1_57' title="bbox 1874 1530 3557 1605">
     <span class='ocr_line' id='line_1_57' title="bbox 1874 1530 3557 1605; baseline 0.005 -23"><span class='ocrx_word' id='word_1_402' title='bbox 1874 1530 2080 1599; x_wconf 89' lang='lat' dir='ltr'><strong>luptate</strong></span> <span class='ocrx_word' id='word_1_403' title='bbox 2126 1530 2461 1599; x_wconf 82' lang='lat' dir='ltr'><strong>implentur:</strong></span> <span class='ocrx_word' id='word_1_404' title='bbox 2498 1531 2554 1585; x_wconf 90' lang='lat' dir='ltr'><strong>hi</strong></span> <span class='ocrx_word' id='word_1_405' title='bbox 2600 1548 2754 1597; x_wconf 88' lang='lat' dir='ltr'><strong>vero,</strong></span> <span class='ocrx_word' id='word_1_406' title='bbox 2797 1534 2890 1602; x_wconf 92' lang='lat' dir='ltr'><strong>qui</strong></span> <span class='ocrx_word' id='word_1_407' title='bbox 2944 1534 3111 1603; x_wconf 89' lang='lat' dir='ltr'><strong>impie</strong></span> <span class='ocrx_word' id='word_1_408' title='bbox 3165 1543 3221 1589; x_wconf 85' lang='lat' dir='ltr'><strong>et</strong></span> <span class='ocrx_word' id='word_1_409' title='bbox 3264 1535 3454 1605; x_wconf 89' lang='lat' dir='ltr'><strong>inique</strong></span> <span class='ocrx_word' id='word_1_410' title='bbox 3554 1536 3557 1539; x_wconf 69' lang='grc'><em>’</em></span> 
     </span>
    </p>
   </div>
   <div class='ocr_carea' id='block_1_58' title="bbox 1872 1624 3453 1690">
    <p class='ocr_par' dir='ltr' id='par_1_58' title="bbox 1872 1624 3453 1690">
     <span class='ocr_line' id='line_1_58' title="bbox 1872 1624 3453 1690; baseline 0.007 -18"><span class='ocrx_word' id='word_1_411' title='bbox 1872 1624 2054 1679; x_wconf 81' lang='lat' dir='ltr'><strong>vivere</strong></span> <span class='ocrx_word' id='word_1_412' title='bbox 2093 1624 2487 1690; x_wconf 87' lang='lat' dir='ltr'><strong>decreverunt,</strong></span> <span class='ocrx_word' id='word_1_413' title='bbox 2542 1625 2598 1679; x_wconf 94' lang='lat' dir='ltr'><strong>in</strong></span> <span class='ocrx_word' id='word_1_414' title='bbox 2646 1635 2847 1681; x_wconf 89' lang='lat' dir='ltr'><strong>terram</strong></span> <span class='ocrx_word' id='word_1_415' title='bbox 2900 1628 3190 1684; x_wconf 87' lang='lat' dir='ltr'><strong>demittere</strong></span> <span class='ocrx_word' id='word_1_416' title='bbox 3238 1630 3453 1685; x_wconf 86' lang='lat' dir='ltr'><strong>vultum</strong></span> 
     </span>
    </p>
   </div>
   <div class='ocr_carea' id='block_1_59' title="bbox 1872 1714 3454 1787">
    <p class='ocr_par' dir='ltr' id='par_1_59' title="bbox 1872 1714 3454 1787">
     <span class='ocr_line' id='line_1_59' title="bbox 1872 1714 3454 1787; baseline 0.005 -18"><span class='ocrx_word' id='word_1_417' title='bbox 1872 1724 1926 1769; x_wconf 90' lang='lat' dir='ltr'><strong>et</strong></span> <span class='ocrx_word' id='word_1_418' title='bbox 1978 1714 2353 1771; x_wconf 85' lang='lat' dir='ltr'><strong>obmutescere</strong></span> <span class='ocrx_word' id='word_1_419' title='bbox 2401 1725 2705 1786; x_wconf 88' lang='lat' dir='ltr'><strong>coguntur,</strong></span> <span class='ocrx_word' id='word_1_420' title='bbox 2749 1716 2899 1787; x_wconf 85' lang='lat' dir='ltr'><strong>justa</strong></span> <span class='ocrx_word' id='word_1_421' title='bbox 2958 1721 3229 1775; x_wconf 87' lang='lat' dir='ltr'><strong>sententia</strong></span> <span class='ocrx_word' id='word_1_422' title='bbox 3278 1720 3454 1777; x_wconf 81' lang='lat' dir='ltr'><strong>refre-</strong></span> 
     </span>
    </p>
   </div>
   <div class='ocr_carea' id='block_1_60' title="bbox 1873 1810 2005 1863">
    <p class='ocr_par' dir='ltr' id='par_1_60' title="bbox 1873 1810 2005 1863">
     <span class='ocr_line' id='line_1_60' title="bbox 1873 1810 2005 1863; baseline -0.015 0"><span class='ocrx_word' id='word_1_423' title='bbox 1873 1810 2005 1863; x_wconf 85' lang='lat' dir='ltr'><strong>nati.</strong></span> 
     </span>
    </p>
   </div>
   <div class='ocr_carea' id='block_1_61' title="bbox 1950 1900 3455 1973">
    <p class='ocr_par' dir='ltr' id='par_1_61' title="bbox 1950 1900 3455 1973">
     <span class='ocr_line' id='line_1_61' title="bbox 1950 1900 3455 1973; baseline 0.005 -19"><span class='ocrx_word' id='word_1_424' title='bbox 1950 1901 2111 1958; x_wconf 77' lang='lat' dir='ltr'><strong>Vens.</strong></span> <span class='ocrx_word' id='word_1_425' title='bbox 2142 1903 2233 1958; x_wconf 78' lang='lat'><strong>45.</strong></span> <span class='ocrx_word' id='word_1_426' title='bbox 2283 1922 2302 1953; x_wconf 84' lang='grc'><em>‹</em></span> <span class='ocrx_word' id='word_1_427' title='bbox 2336 1900 2471 1968; x_wconf 84' lang='lat' dir='ltr'><strong>Quis</strong></span> <span class='ocrx_word' id='word_1_428' title='bbox 2511 1902 2751 1973; x_wconf 89' lang='lat' dir='ltr'><strong>sapiens,</strong></span> <span class='ocrx_word' id='word_1_429' title='bbox 2798 1911 2853 1958; x_wconf 92' lang='lat' dir='ltr'><strong>et</strong></span> <span class='ocrx_word' id='word_1_430' title='bbox 2887 1904 3162 1959; x_wconf 84' lang='lat' dir='ltr'><strong>custodiet</strong></span> <span class='ocrx_word' id='word_1_431' title='bbox 3211 1904 3349 1973; x_wconf 83' lang='lat' dir='ltr'><strong>haec,</strong></span> <span class='ocrx_word' id='word_1_432' title='bbox 3399 1913 3455 1962; x_wconf 89' lang='lat' dir='ltr'><strong>et</strong></span> 
     </span>
    </p>
   </div>
   <div class='ocr_carea' id='block_1_62' title="bbox 1874 1994 3456 2068">
    <p class='ocr_par' dir='ltr' id='par_1_62' title="bbox 1874 1994 3456 2068">
     <span class='ocr_line' id='line_1_62' title="bbox 1874 1994 3456 2068; baseline 0.002 -17"><span class='ocrx_word' id='word_1_433' title='bbox 1874 1996 2137 2067; x_wconf 83' lang='lat' dir='ltr'><strong>intelliget</strong></span> <span class='ocrx_word' id='word_1_434' title='bbox 2171 1994 2583 2051; x_wconf 82' lang='lat' dir='ltr'><strong>misericordias</strong></span> <span class='ocrx_word' id='word_1_435' title='bbox 2619 1995 2877 2050; x_wconf 88' lang='lat' dir='ltr'><strong>Domini?</strong></span> <span class='ocrx_word' id='word_1_436' title='bbox 2917 2014 2935 2047; x_wconf 75' lang='grc' dir='ltr'><strong>ι</strong></span> <span class='ocrx_word' id='word_1_437' title='bbox 2971 1996 3106 2051; x_wconf 89' lang='lat' dir='ltr'><strong>Nam</strong></span> <span class='ocrx_word' id='word_1_438' title='bbox 3135 2013 3244 2052; x_wconf 90' lang='lat' dir='ltr'><strong>non</strong></span> <span class='ocrx_word' id='word_1_439' title='bbox 3275 1998 3456 2068; x_wconf 87' lang='lat' dir='ltr'><strong>cujus-</strong></span> 
     </span>
    </p>
   </div>
   <div class='ocr_carea' id='block_1_63' title="bbox 1874 2088 3453 2159">
    <p class='ocr_par' dir='ltr' id='par_1_63' title="bbox 1874 2088 3453 2159">
     <span class='ocr_line' id='line_1_63' title="bbox 1874 2088 3453 2159; baseline 0 -15"><span class='ocrx_word' id='word_1_440' title='bbox 1874 2090 2006 2145; x_wconf 88' lang='lat' dir='ltr'><strong>libet</strong></span> <span class='ocrx_word' id='word_1_441' title='bbox 2036 2098 2122 2145; x_wconf 91' lang='lat' dir='ltr'><strong>est</strong></span> <span class='ocrx_word' id='word_1_442' title='bbox 2155 2088 2477 2159; x_wconf 68' lang='lat' dir='ltr'><strong>intelligere,</strong></span> <span class='ocrx_word' id='word_1_443' title='bbox 2531 2096 2585 2143; x_wconf 91' lang='lat' dir='ltr'><strong>et</strong></span> <span class='ocrx_word' id='word_1_444' title='bbox 2616 2088 2938 2157; x_wconf 80' lang='lat' dir='ltr'><strong>dignoscere</strong></span> <span class='ocrx_word' id='word_1_445' title='bbox 2966 2088 3230 2159; x_wconf 89' lang='lat' dir='ltr'><strong>benignas</strong></span> <span class='ocrx_word' id='word_1_446' title='bbox 3262 2090 3453 2144; x_wconf 88' lang='lat' dir='ltr'><strong>Salva-</strong></span> 
     </span>
    </p>
   </div>
   <div class='ocr_carea' id='block_1_64' title="bbox 1874 2180 3456 2251">
    <p class='ocr_par' dir='ltr' id='par_1_64' title="bbox 1874 2180 3456 2251">
     <span class='ocr_line' id='line_1_64' title="bbox 1874 2180 3456 2251; baseline 0 -14"><span class='ocrx_word' id='word_1_447' title='bbox 1874 2182 2013 2237; x_wconf 87' lang='lat' dir='ltr'><strong>toris</strong></span> <span class='ocrx_word' id='word_1_448' title='bbox 2063 2182 2527 2251; x_wconf 86' lang='lat' dir='ltr'><strong>dispensationes,</strong></span> <span class='ocrx_word' id='word_1_449' title='bbox 2568 2195 2746 2251; x_wconf 89' lang='lat' dir='ltr'><strong>neque</strong></span> <span class='ocrx_word' id='word_1_450' title='bbox 2796 2180 3091 2249; x_wconf 85' lang='lat' dir='ltr'><strong>cujuslibet</strong></span> <span class='ocrx_word' id='word_1_451' title='bbox 3133 2190 3216 2235; x_wconf 90' lang='lat' dir='ltr'><strong>est</strong></span> <span class='ocrx_word' id='word_1_452' title='bbox 3269 2181 3456 2237; x_wconf 84' lang='lat' dir='ltr'><strong>divina</strong></span> 
     </span>
    </p>
   </div>
   <div class='ocr_carea' id='block_1_65' title="bbox 1876 2273 3454 2343">
    <p class='ocr_par' dir='ltr' id='par_1_65' title="bbox 1876 2273 3454 2343">
     <span class='ocr_line' id='line_1_65' title="bbox 1876 2273 3454 2343; baseline -0.001 -13"><span class='ocrx_word' id='word_1_453' title='bbox 1876 2274 2135 2330; x_wconf 88' lang='lat' dir='ltr'><strong>mandata</strong></span> <span class='ocrx_word' id='word_1_454' title='bbox 2181 2275 2487 2339; x_wconf 88' lang='lat' dir='ltr'><strong>custodire,</strong></span> <span class='ocrx_word' id='word_1_455' title='bbox 2539 2274 2633 2330; x_wconf 89' lang='lat' dir='ltr'><strong>sed</strong></span> <span class='ocrx_word' id='word_1_456' title='bbox 2684 2274 2864 2338; x_wconf 88' lang='lat' dir='ltr'><strong>illius,</strong></span> <span class='ocrx_word' id='word_1_457' title='bbox 2923 2274 3016 2343; x_wconf 91' lang='lat' dir='ltr'><strong>qui</strong></span> <span class='ocrx_word' id='word_1_458' title='bbox 3071 2273 3337 2342; x_wconf 88' lang='lat' dir='ltr'><strong>sapientia</strong></span> <span class='ocrx_word' id='word_1_459' title='bbox 3400 2286 3454 2330; x_wconf 89' lang='lat' dir='ltr'><strong>et</strong></span> 
     </span>
    </p>
   </div>
   <div class='ocr_carea' id='block_1_66' title="bbox 1877 2366 3448 2439">
    <p class='ocr_par' dir='ltr' id='par_1_66' title="bbox 1877 2366 3448 2439">
     <span class='ocr_line' id='line_1_66' title="bbox 1877 2366 3448 2439; baseline 0.001 -19"><span class='ocrx_word' id='word_1_460' title='bbox 1877 2369 2167 2439; x_wconf 86' lang='lat' dir='ltr'><strong>prudentia</strong></span> <span class='ocrx_word' id='word_1_461' title='bbox 2212 2368 2423 2434; x_wconf 87' lang='lat' dir='ltr'><strong>utitur,</strong></span> <span class='ocrx_word' id='word_1_462' title='bbox 2483 2367 2687 2437; x_wconf 81' lang='lat' dir='ltr'><strong>quique</strong></span> <span class='ocrx_word' id='word_1_463' title='bbox 2743 2366 2811 2421; x_wconf 90' lang='lat' dir='ltr'><strong>ad</strong></span> <span class='ocrx_word' id='word_1_464' title='bbox 2862 2366 3156 2421; x_wconf 90' lang='lat' dir='ltr'><strong>Dominum</strong></span> <span class='ocrx_word' id='word_1_465' title='bbox 3208 2367 3448 2421; x_wconf 83' lang='lat' dir='ltr'><strong>clamat:</strong></span> 
     </span>
    </p>
   </div>
   <div class='ocr_carea' id='block_1_67' title="bbox 1885 2456 3453 2525">
    <p class='ocr_par' dir='ltr' id='par_1_67' title="bbox 1885 2456 3453 2525">
     <span class='ocr_line' id='line_1_67' title="bbox 1885 2456 3453 2525; baseline -0.001 -14"><span class='ocrx_word' id='word_1_466' title='bbox 1885 2479 1905 2511; x_wconf 79' lang='grc'><strong><em>‹</em></strong></span> <span class='ocrx_word' id='word_1_467' title='bbox 1946 2458 2143 2516; x_wconf 83' lang='lat' dir='ltr'><strong>Revela</strong></span> <span class='ocrx_word' id='word_1_468' title='bbox 2173 2459 2364 2515; x_wconf 90' lang='lat' dir='ltr'><strong>oculos</strong></span> <span class='ocrx_word' id='word_1_469' title='bbox 2396 2473 2570 2525; x_wconf 88' lang='lat' dir='ltr'><strong>meos,</strong></span> <span class='ocrx_word' id='word_1_470' title='bbox 2615 2468 2668 2513; x_wconf 90' lang='lat' dir='ltr'><strong>et</strong></span> <span class='ocrx_word' id='word_1_471' title='bbox 2701 2457 3061 2513; x_wconf 84' lang='lat' dir='ltr'><strong>considerabo</strong></span> <span class='ocrx_word' id='word_1_472' title='bbox 3093 2456 3360 2512; x_wconf 83' lang='lat' dir='ltr'><strong>mirabilia</strong></span> <span class='ocrx_word' id='word_1_473' title='bbox 3386 2457 3453 2511; x_wconf 88' lang='lat' dir='ltr'><strong>de</strong></span> 
     </span>
    </p>
   </div>
   <div class='ocr_carea' id='block_1_68' title="bbox 1877 2552 2243 2623">
    <p class='ocr_par' dir='ltr' id='par_1_68' title="bbox 1877 2552 2243 2623">
     <span class='ocr_line' id='line_1_68' title="bbox 1877 2552 2243 2623; baseline -0.005 -16"><span class='ocrx_word' id='word_1_474' title='bbox 1877 2553 1996 2623; x_wconf 84' lang='lat' dir='ltr'><strong>lege</strong></span> <span class='ocrx_word' id='word_1_475' title='bbox 2025 2565 2115 2608; x_wconf 87' lang='lat' dir='ltr'><strong>tua</strong></span> <span class='ocrx_word' id='word_1_476' title='bbox 2141 2552 2187 2606; x_wconf 88' lang='lat' dir='ltr'><strong>i.</strong></span> <span class='ocrx_word' id='word_1_477' title='bbox 2225 2572 2243 2605; x_wconf 78' lang='grc' dir='ltr'><strong>ι</strong></span> 
     </span>
    </p>
   </div>
   <div class='ocr_carea' id='block_1_69' title="bbox 2283 2664 3037 2721">
    <p class='ocr_par' dir='ltr' id='par_1_69' title="bbox 2283 2664 3037 2721">
     <span class='ocr_line' id='line_1_69' title="bbox 2283 2664 3037 2721; baseline 0 -1"><span class='ocrx_word' id='word_1_478' title='bbox 2283 2664 2556 2720; x_wconf 84' lang='lat' dir='ltr'><strong>INTERP.</strong></span> <span class='ocrx_word' id='word_1_479' title='bbox 2596 2664 2842 2721; x_wconf 84' lang='lat' dir='ltr'><strong>PSALMI</strong></span> <span class='ocrx_word' id='word_1_480' title='bbox 2881 2664 3037 2721; x_wconf 79' lang='lat' dir='ltr'><strong>CVII.</strong></span> 
     </span>
    </p>
   </div>
   <div class='ocr_carea' id='block_1_70' title="bbox 1956 2776 3455 2838">
    <p class='ocr_par' dir='ltr' id='par_1_70' title="bbox 1956 2776 3455 2838">
     <span class='ocr_line' id='line_1_70' title="bbox 1956 2776 3455 2838; baseline 0.002 -2"><span class='ocrx_word' id='word_1_481' title='bbox 1956 2779 2120 2836; x_wconf 70' lang='lat' dir='ltr'><strong>Vens.</strong></span> <span class='ocrx_word' id='word_1_482' title='bbox 2169 2779 2219 2832; x_wconf 95' lang='grc'><strong>1.</strong></span> <span class='ocrx_word' id='word_1_483' title='bbox 2276 2797 2294 2830; x_wconf 86' lang='grc'><strong>‹</strong></span> <span class='ocrx_word' id='word_1_484' title='bbox 2331 2778 2617 2833; x_wconf 89' lang='lat' dir='ltr'><strong>Canticum</strong></span> <span class='ocrx_word' id='word_1_485' title='bbox 2672 2776 2875 2833; x_wconf 88' lang='lat' dir='ltr'><strong>Psalmi</strong></span> <span class='ocrx_word' id='word_1_486' title='bbox 2935 2779 3145 2835; x_wconf 90' lang='lat' dir='ltr'><strong>Davidi.</strong></span> <span class='ocrx_word' id='word_1_487' title='bbox 3182 2800 3201 2833; x_wconf 75' lang='grc' dir='ltr'><strong>ι</strong></span> <span class='ocrx_word' id='word_1_488' title='bbox 3250 2780 3317 2837; x_wconf 86' lang='lat' dir='ltr'><strong>Et</strong></span> <span class='ocrx_word' id='word_1_489' title='bbox 3362 2780 3455 2838; x_wconf 83' lang='lat' dir='ltr'><strong>hic</strong></span> 
     </span>
    </p>
   </div>
   <div class='ocr_carea' id='block_1_71' title="bbox 1878 2867 3448 2943">
    <p class='ocr_par' dir='ltr' id='par_1_71' title="bbox 1878 2867 3448 2943">
     <span class='ocr_line' id='line_1_71' title="bbox 1878 2867 3448 2943; baseline 0.001 -16"><span class='ocrx_word' id='word_1_490' title='bbox 1878 2872 2121 2943; x_wconf 87' lang='lat' dir='ltr'><strong>psalmus</strong></span> <span class='ocrx_word' id='word_1_491' title='bbox 2153 2870 2404 2926; x_wconf 87' lang='lat' dir='ltr'><strong>similiter</strong></span> <span class='ocrx_word' id='word_1_492' title='bbox 2425 2867 2808 2924; x_wconf 67' lang='lat' dir='ltr'><strong>etJudaaorum</strong></span> <span class='ocrx_word' id='word_1_493' title='bbox 2839 2869 3072 2926; x_wconf 90' lang='lat' dir='ltr'><strong>reditum</strong></span> <span class='ocrx_word' id='word_1_494' title='bbox 3103 2873 3448 2940; x_wconf 87' lang='lat' dir='ltr'><strong>vaticinator,</strong></span> 
     </span>
    </p>
   </div>
   <div class='ocr_carea' id='block_1_72' title="bbox 1880 2958 3454 3033">
    <p class='ocr_par' dir='ltr' id='par_1_72' title="bbox 1880 2958 3454 3033">
     <span class='ocr_line' id='line_1_72' title="bbox 1880 2958 3454 3033; baseline 0 -15"><span class='ocrx_word' id='word_1_495' title='bbox 1880 2973 1933 3018; x_wconf 88' lang='lat' dir='ltr'><strong>et</strong></span> <span class='ocrx_word' id='word_1_496' title='bbox 1962 2962 2204 3033; x_wconf 89' lang='lat' dir='ltr'><strong>gentium</strong></span> <span class='ocrx_word' id='word_1_497' title='bbox 2240 2960 2469 3015; x_wconf 87' lang='lat' dir='ltr'><strong>salutem</strong></span> <span class='ocrx_word' id='word_1_498' title='bbox 2494 2958 2756 3029; x_wconf 72' lang='lat' dir='ltr'><strong>praedicit.</strong></span> <span class='ocrx_word' id='word_1_499' title='bbox 2796 2958 3064 3015; x_wconf 56' lang='lat' dir='ltr'><strong>Caeterum</strong></span> <span class='ocrx_word' id='word_1_500' title='bbox 3098 2964 3324 3016; x_wconf 90' lang='lat' dir='ltr'><strong>multam</strong></span> <span class='ocrx_word' id='word_1_501' title='bbox 3353 2962 3454 3019; x_wconf 84' lang='lat' dir='ltr'><strong>ha-</strong></span> 
     </span>
    </p>
   </div>
   <div class='ocr_carea' id='block_1_73' title="bbox 1884 3053 3451 3127">
    <p class='ocr_par' dir='ltr' id='par_1_73' title="bbox 1884 3053 3451 3127">
     <span class='ocr_line' id='line_1_73' title="bbox 1884 3053 3451 3127; baseline -0.003 -14"><span class='ocrx_word' id='word_1_502' title='bbox 1884 3060 1971 3113; x_wconf 88' lang='lat' dir='ltr'><strong>bet</strong></span> <span class='ocrx_word' id='word_1_503' title='bbox 2004 3055 2379 3127; x_wconf 80' lang='lat' dir='ltr'><strong>cognationem</strong></span> <span class='ocrx_word' id='word_1_504' title='bbox 2413 3068 2539 3108; x_wconf 91' lang='lat' dir='ltr'><strong>cum</strong></span> <span class='ocrx_word' id='word_1_505' title='bbox 2567 3053 3020 3123; x_wconf 72' lang='lat' dir='ltr'><strong>quinquagesimo</strong></span> <span class='ocrx_word' id='word_1_506' title='bbox 3048 3063 3222 3119; x_wconf 83' lang='lat' dir='ltr'><strong>sexto,</strong></span> <span class='ocrx_word' id='word_1_507' title='bbox 3249 3066 3303 3109; x_wconf 89' lang='lat' dir='ltr'><strong>et</strong></span> <span class='ocrx_word' id='word_1_508' title='bbox 3326 3070 3451 3110; x_wconf 88' lang='lat' dir='ltr'><strong>cum</strong></span> 
     </span>
    </p>
   </div>
   <div class='ocr_carea' id='block_1_74' title="bbox 1882 3146 2788 3221">
    <p class='ocr_par' dir='ltr' id='par_1_74' title="bbox 1882 3146 2788 3221">
     <span class='ocr_line' id='line_1_74' title="bbox 1882 3146 2788 3221; baseline -0.002 -18"><span class='ocrx_word' id='word_1_509' title='bbox 1882 3150 2338 3221; x_wconf 85' lang='lat' dir='ltr'><strong>quinquagesimo</strong></span> <span class='ocrx_word' id='word_1_510' title='bbox 2372 3161 2519 3201; x_wconf 91' lang='lat' dir='ltr'><strong>nono</strong></span> <span class='ocrx_word' id='word_1_511' title='bbox 2556 3146 2788 3215; x_wconf 88' lang='lat' dir='ltr'><strong>psalmo.</strong></span> 
     </span>
    </p>
   </div>
   <div class='ocr_carea' id='block_1_75' title="bbox 1951 3237 3453 3309">
    <p class='ocr_par' dir='ltr' id='par_1_75' title="bbox 1951 3237 3453 3309">
     <span class='ocr_line' id='line_1_75' title="bbox 1951 3237 3453 3309; baseline -0.004 -12"><span class='ocrx_word' id='word_1_512' title='bbox 1951 3242 2117 3297; x_wconf 74' lang='lat' dir='ltr'><strong>Vens.</strong></span> <span class='ocrx_word' id='word_1_513' title='bbox 2151 3242 2208 3295; x_wconf 67' lang='grc' dir='ltr'><strong>ἓ.</strong></span> <span class='ocrx_word' id='word_1_514' title='bbox 2247 3259 2265 3291; x_wconf 79' lang='grc' dir='ltr'><strong>ι</strong></span> <span class='ocrx_word' id='word_1_515' title='bbox 2306 3239 2564 3293; x_wconf 86' lang='lat' dir='ltr'><strong>Paratum</strong></span> <span class='ocrx_word' id='word_1_516' title='bbox 2595 3247 2679 3293; x_wconf 90' lang='lat' dir='ltr'><strong>est</strong></span> <span class='ocrx_word' id='word_1_517' title='bbox 2708 3252 2802 3291; x_wconf 90' lang='lat' dir='ltr'><strong>cor</strong></span> <span class='ocrx_word' id='word_1_518' title='bbox 2830 3253 3037 3301; x_wconf 89' lang='lat' dir='ltr'><strong>meum,</strong></span> <span class='ocrx_word' id='word_1_519' title='bbox 3072 3252 3106 3292; x_wconf 90' lang='grc' dir='ltr'><strong>ο</strong></span> <span class='ocrx_word' id='word_1_520' title='bbox 3145 3237 3310 3304; x_wconf 89' lang='lat' dir='ltr'><strong>Dens,</strong></span> <span class='ocrx_word' id='word_1_521' title='bbox 3356 3254 3453 3309; x_wconf 89' lang='lat' dir='ltr'><strong>pa-</strong></span> 
     </span>
    </p>
   </div>
   <div class='ocr_carea' id='block_1_76' title="bbox 1878 3330 3453 3402">
    <p class='ocr_par' dir='ltr' id='par_1_76' title="bbox 1878 3330 3453 3402">
     <span class='ocr_line' id='line_1_76' title="bbox 1878 3330 3453 3402; baseline -0.003 -12"><span class='ocrx_word' id='word_1_522' title='bbox 1878 3345 2058 3391; x_wconf 88' lang='lat' dir='ltr'><strong>ratum</strong></span> <span class='ocrx_word' id='word_1_523' title='bbox 2087 3342 2169 3389; x_wconf 83' lang='lat' dir='ltr'><strong>est</strong></span> <span class='ocrx_word' id='word_1_524' title='bbox 2203 3348 2297 3387; x_wconf 91' lang='lat' dir='ltr'><strong>cor</strong></span> <span class='ocrx_word' id='word_1_525' title='bbox 2322 3346 2535 3395; x_wconf 90' lang='lat' dir='ltr'><strong>meum;</strong></span> <span class='ocrx_word' id='word_1_526' title='bbox 2572 3330 2829 3397; x_wconf 86' lang='lat' dir='ltr'><strong>cantabo,</strong></span> <span class='ocrx_word' id='word_1_527' title='bbox 2860 3339 2914 3383; x_wconf 91' lang='lat' dir='ltr'><strong>et</strong></span> <span class='ocrx_word' id='word_1_528' title='bbox 2943 3331 3169 3400; x_wconf 82' lang='lat' dir='ltr'><strong>psallam</strong></span> <span class='ocrx_word' id='word_1_529' title='bbox 3199 3331 3253 3384; x_wconf 92' lang='lat' dir='ltr'><strong>in</strong></span> <span class='ocrx_word' id='word_1_530' title='bbox 3279 3330 3453 3402; x_wconf 87' lang='lat' dir='ltr'><strong>gloria</strong></span> 
     </span>
    </p>
   </div>
   <div class='ocr_carea' id='block_1_77' title="bbox 1879 3421 3453 3493">
    <p class='ocr_par' dir='ltr' id='par_1_77' title="bbox 1879 3421 3453 3493">
     <span class='ocr_line' id='line_1_77' title="bbox 1879 3421 3453 3493; baseline -0.003 -12"><span class='ocrx_word' id='word_1_531' title='bbox 1879 3442 2023 3483; x_wconf 90' lang='lat' dir='ltr'><strong>mea.</strong></span> <span class='ocrx_word' id='word_1_532' title='bbox 2061 3445 2079 3476; x_wconf 81' lang='grc'><strong>›</strong></span> <span class='ocrx_word' id='word_1_533' title='bbox 2123 3428 2139 3447; x_wconf 77' lang='grc'>¹</span> <span class='ocrx_word' id='word_1_534' title='bbox 2171 3424 2349 3493; x_wconf 89' lang='lat' dir='ltr'><strong>Supra</strong></span> <span class='ocrx_word' id='word_1_535' title='bbox 2401 3436 2622 3492; x_wconf 90' lang='lat' dir='ltr'><strong>quoque</strong></span> <span class='ocrx_word' id='word_1_536' title='bbox 2666 3421 2778 3491; x_wconf 84' lang='lat' dir='ltr'><strong>jam</strong></span> <span class='ocrx_word' id='word_1_537' title='bbox 2825 3421 3088 3485; x_wconf 84' lang='lat' dir='ltr'><strong>diximus,</strong></span> <span class='ocrx_word' id='word_1_538' title='bbox 3135 3423 3453 3491; x_wconf 85' lang='lat' dir='ltr'><strong>prophetam</strong></span> 
     </span>
    </p>
   </div>
   <div class='ocr_carea' id='block_1_78' title="bbox 1880 3511 3454 3585">
    <p class='ocr_par' dir='ltr' id='par_1_78' title="bbox 1880 3511 3454 3585">
     <span class='ocr_line' id='line_1_78' title="bbox 1880 3511 3454 3585; baseline -0.001 -16"><span class='ocrx_word' id='word_1_539' title='bbox 1880 3518 2103 3585; x_wconf 86' lang='lat' dir='ltr'><strong>gloriam</strong></span> <span class='ocrx_word' id='word_1_540' title='bbox 2151 3528 2306 3568; x_wconf 90' lang='lat' dir='ltr'><strong>suam</strong></span> <span class='ocrx_word' id='word_1_541' title='bbox 2357 3526 2557 3566; x_wconf 87' lang='lat' dir='ltr'><strong>vocare</strong></span> <span class='ocrx_word' id='word_1_542' title='bbox 2604 3511 2834 3582; x_wconf 87' lang='lat' dir='ltr'><strong>gratiam</strong></span> <span class='ocrx_word' id='word_1_543' title='bbox 2885 3512 3283 3581; x_wconf 82' lang='lat' dir='ltr'><strong>propheticam.</strong></span> <span class='ocrx_word' id='word_1_544' title='bbox 3318 3512 3454 3567; x_wconf 90' lang='lat' dir='ltr'><strong>Pro-</strong></span> 
     </span>
    </p>
   </div>
   <div class='ocr_carea' id='block_1_79' title="bbox 1881 3603 3455 3681">
    <p class='ocr_par' dir='ltr' id='par_1_79' title="bbox 1881 3603 3455 3681">
     <span class='ocr_line' id='line_1_79' title="bbox 1881 3603 3455 3681; baseline 0.001 -22"><span class='ocrx_word' id='word_1_545' title='bbox 1881 3609 2105 3681; x_wconf 77' lang='lat' dir='ltr'><strong>phetiae,</strong></span> <span class='ocrx_word' id='word_1_546' title='bbox 2153 3606 2369 3676; x_wconf 77' lang='lat'><strong>1378</strong></span> <span class='ocrx_word' id='word_1_547' title='bbox 2404 3603 2607 3673; x_wconf 88' lang='lat' dir='ltr'><strong>inquit,</strong></span> <span class='ocrx_word' id='word_1_548' title='bbox 2649 3612 2918 3658; x_wconf 91' lang='lat' dir='ltr'><strong>concentu</strong></span> <span class='ocrx_word' id='word_1_549' title='bbox 2969 3618 3033 3657; x_wconf 91' lang='lat' dir='ltr'><strong>ac</strong></span> <span class='ocrx_word' id='word_1_550' title='bbox 3083 3604 3455 3660; x_wconf 89' lang='lat' dir='ltr'><strong>modulatione</strong></span> 
     </span>
    </p>
   </div>
   <div class='ocr_carea' id='block_1_80' title="bbox 1880 3694 3455 3767">
    <p class='ocr_par' dir='ltr' id='par_1_80' title="bbox 1880 3694 3455 3767">
     <span class='ocr_line' id='line_1_80' title="bbox 1880 3694 3455 3767; baseline -0.004 -10"><span class='ocrx_word' id='word_1_551' title='bbox 1880 3712 2059 3767; x_wconf 90' lang='lat' dir='ltr'><strong>utens,</strong></span> <span class='ocrx_word' id='word_1_552' title='bbox 2082 3700 2198 3754; x_wconf 83' lang='lat' dir='ltr'><strong>hoc</strong></span> <span class='ocrx_word' id='word_1_553' title='bbox 2234 3699 2358 3752; x_wconf 92' lang='lat' dir='ltr'><strong>dico</strong></span> <span class='ocrx_word' id='word_1_554' title='bbox 2399 3698 2511 3761; x_wconf 92' lang='lat' dir='ltr'><strong>tibi,</strong></span> <span class='ocrx_word' id='word_1_555' title='bbox 2540 3694 2787 3759; x_wconf 88' lang='lat' dir='ltr'><strong>Domine,</strong></span> <span class='ocrx_word' id='word_1_556' title='bbox 2837 3709 2924 3748; x_wconf 90' lang='lat' dir='ltr'><strong>me</strong></span> <span class='ocrx_word' id='word_1_557' title='bbox 2980 3696 3220 3763; x_wconf 90' lang='lat' dir='ltr'><strong>amplum</strong></span> <span class='ocrx_word' id='word_1_558' title='bbox 3255 3694 3455 3750; x_wconf 88' lang='lat' dir='ltr'><strong>habere</strong></span> 
     </span>
    </p>
   </div>
   <div class='ocr_carea' id='block_1_81' title="bbox 1879 3783 3456 3860">
    <p class='ocr_par' dir='ltr' id='par_1_81' title="bbox 1879 3783 3456 3860">
     <span class='ocr_line' id='line_1_81' title="bbox 1879 3783 3456 3860; baseline -0.005 -12"><span class='ocrx_word' id='word_1_559' title='bbox 1879 3809 1994 3857; x_wconf 89' lang='lat' dir='ltr'><strong>cor,</strong></span> <span class='ocrx_word' id='word_1_560' title='bbox 2042 3802 2095 3845; x_wconf 88' lang='lat' dir='ltr'><strong>et</strong></span> <span class='ocrx_word' id='word_1_561' title='bbox 2134 3802 2470 3860; x_wconf 81' lang='lat' dir='ltr'><strong>prepensum</strong></span> <span class='ocrx_word' id='word_1_562' title='bbox 2515 3785 2582 3840; x_wconf 91' lang='lat' dir='ltr'><strong>ad</strong></span> <span class='ocrx_word' id='word_1_563' title='bbox 2631 3783 2821 3854; x_wconf 71' lang='lat' dir='ltr'><strong>gratia:</strong></span> <span class='ocrx_word' id='word_1_564' title='bbox 2867 3792 2973 3838; x_wconf 68' lang='lat' dir='ltr'><strong>tua:</strong></span> <span class='ocrx_word' id='word_1_565' title='bbox 3015 3784 3215 3839; x_wconf 64' lang='lat' dir='ltr'><strong>divina:</strong></span> <span class='ocrx_word' id='word_1_566' title='bbox 3266 3798 3456 3841; x_wconf 55' lang='lat' dir='ltr'><strong>suscev</strong></span> 
     </span>
    </p>
   </div>
   <div class='ocr_carea' id='block_1_82' title="bbox 1878 3886 2141 3954">
    <p class='ocr_par' dir='ltr' id='par_1_82' title="bbox 1878 3886 2141 3954">
     <span class='ocr_line' id='line_1_82' title="bbox 1878 3886 2141 3954; baseline -0.004 -15"><span class='ocrx_word' id='word_1_567' title='bbox 1878 3886 2141 3954; x_wconf 86' lang='lat' dir='ltr'><strong>ptionem.</strong></span> 
     </span>
    </p>
   </div>
   <div class='ocr_carea' id='block_1_83' title="bbox 1950 3964 3453 4038">
    <p class='ocr_par' dir='ltr' id='par_1_83' title="bbox 1950 3964 3453 4038">
     <span class='ocr_line' id='line_1_83' title="bbox 1950 3964 3453 4038; baseline -0.005 -8"><span class='ocrx_word' id='word_1_568' title='bbox 1950 3975 2114 4029; x_wconf 71' lang='lat' dir='ltr'><strong>Vens.</strong></span> <span class='ocrx_word' id='word_1_569' title='bbox 2136 3975 2189 4035; x_wconf 78' lang='lat'><strong>5,</strong></span> <span class='ocrx_word' id='word_1_570' title='bbox 2225 3972 2277 4025; x_wconf 66' lang='lat'><strong>4.</strong></span> <span class='ocrx_word' id='word_1_571' title='bbox 2304 3990 2322 4021; x_wconf 73' lang='grc' dir='ltr'><strong>ι</strong></span> <span class='ocrx_word' id='word_1_572' title='bbox 2360 3969 2624 4034; x_wconf 78' lang='lat' dir='ltr'><strong>Exsurge,</strong></span> <span class='ocrx_word' id='word_1_573' title='bbox 2652 3964 2821 4036; x_wconf 88' lang='lat' dir='ltr'><strong>gloria</strong></span> <span class='ocrx_word' id='word_1_574' title='bbox 2853 3981 2999 4031; x_wconf 80' lang='lat' dir='ltr'><strong>mea;</strong></span> <span class='ocrx_word' id='word_1_575' title='bbox 3031 3981 3283 4038; x_wconf 78' lang='lat' dir='ltr'><strong>exsurge,</strong></span> <span class='ocrx_word' id='word_1_576' title='bbox 3309 3966 3453 4036; x_wconf 79' lang='lat' dir='ltr'><strong>psal-</strong></span> 
     </span>
    </p>
   </div>
   <div class='ocr_carea' id='block_1_84' title="bbox 1880 4060 3454 4128">
    <p class='ocr_par' dir='ltr' id='par_1_84' title="bbox 1880 4060 3454 4128">
     <span class='ocr_line' id='line_1_84' title="bbox 1880 4060 3454 4128; baseline -0.006 -3"><span class='ocrx_word' id='word_1_577' title='bbox 1880 4073 2076 4126; x_wconf 88' lang='lat' dir='ltr'><strong>terium</strong></span> <span class='ocrx_word' id='word_1_578' title='bbox 2104 4077 2158 4122; x_wconf 88' lang='lat' dir='ltr'><strong>et</strong></span> <span class='ocrx_word' id='word_1_579' title='bbox 2187 4066 2419 4126; x_wconf 84' lang='lat' dir='ltr'><strong>cithara,</strong></span> <span class='ocrx_word' id='word_1_580' title='bbox 2454 4077 2672 4128; x_wconf 87' lang='lat' dir='ltr'><strong>surgam</strong></span> <span class='ocrx_word' id='word_1_581' title='bbox 2706 4061 2808 4113; x_wconf 84' lang='lat' dir='ltr'><strong>sub</strong></span> <span class='ocrx_word' id='word_1_582' title='bbox 2841 4060 3169 4114; x_wconf 90' lang='lat' dir='ltr'><strong>diluculum.</strong></span> <span class='ocrx_word' id='word_1_583' title='bbox 3212 4060 3454 4115; x_wconf 86' lang='lat' dir='ltr'><strong>Conlite-</strong></span> 
     </span>
    </p>
   </div>
   <div class='ocr_carea' id='block_1_85' title="bbox 1879 4153 3456 4227">
    <p class='ocr_par' dir='ltr' id='par_1_85' title="bbox 1879 4153 3456 4227">
     <span class='ocr_line' id='line_1_85' title="bbox 1879 4153 3456 4227; baseline -0.01 -6"><span class='ocrx_word' id='word_1_584' title='bbox 1879 4167 1979 4221; x_wconf 88' lang='lat' dir='ltr'><strong>bor</strong></span> <span class='ocrx_word' id='word_1_585' title='bbox 2013 4163 2108 4217; x_wconf 92' lang='lat' dir='ltr'><strong>tibi</strong></span> <span class='ocrx_word' id='word_1_586' title='bbox 2140 4162 2280 4214; x_wconf 90' lang='lat' dir='ltr'><strong>inter</strong></span> <span class='ocrx_word' id='word_1_587' title='bbox 2310 4156 2568 4227; x_wconf 90' lang='lat' dir='ltr'><strong>populos,</strong></span> <span class='ocrx_word' id='word_1_588' title='bbox 2596 4153 2908 4215; x_wconf 86' lang='lat' dir='ltr'><strong>Domine,ct</strong></span> <span class='ocrx_word' id='word_1_589' title='bbox 2937 4153 3162 4221; x_wconf 88' lang='lat' dir='ltr'><strong>psallam</strong></span> <span class='ocrx_word' id='word_1_590' title='bbox 3192 4154 3289 4208; x_wconf 90' lang='lat' dir='ltr'><strong>tibi</strong></span> <span class='ocrx_word' id='word_1_591' title='bbox 3313 4154 3456 4208; x_wconf 90' lang='lat' dir='ltr'><strong>inter</strong></span> 
     </span>
    </p>
   </div>
   <div class='ocr_carea' id='block_1_86' title="bbox 1880 4244 3453 4328">
    <p class='ocr_par' dir='ltr' id='par_1_86' title="bbox 1880 4244 3453 4328">
     <span class='ocr_line' id='line_1_86' title="bbox 1880 4244 3453 4328; baseline -0.009 -17"><span class='ocrx_word' id='word_1_592' title='bbox 1880 4265 2088 4328; x_wconf 81' lang='lat' dir='ltr'><strong>gentes.</strong></span> <span class='ocrx_word' id='word_1_593' title='bbox 2125 4273 2143 4305; x_wconf 85' lang='grc'><strong>›</strong></span> <span class='ocrx_word' id='word_1_594' title='bbox 2188 4249 2509 4305; x_wconf 82' lang='lat' dir='ltr'><strong>Psalterium</strong></span> <span class='ocrx_word' id='word_1_595' title='bbox 2539 4255 2591 4301; x_wconf 88' lang='lat' dir='ltr'><strong>et</strong></span> <span class='ocrx_word' id='word_1_596' title='bbox 2620 4245 2881 4318; x_wconf 76' lang='lat' dir='ltr'><strong>citharam</strong></span> <span class='ocrx_word' id='word_1_597' title='bbox 2914 4244 3152 4313; x_wconf 90' lang='lat' dir='ltr'><strong>seipsum</strong></span> <span class='ocrx_word' id='word_1_598' title='bbox 3188 4246 3453 4315; x_wconf 83' lang='lat' dir='ltr'><strong>propheta</strong></span> 
     </span>
    </p>
   </div>
   <div class='ocr_carea' id='block_1_87' title="bbox 1881 4334 3457 4402">
    <p class='ocr_par' dir='ltr' id='par_1_87' title="bbox 1881 4334 3457 4402">
     <span class='ocr_line' id='line_1_87' title="bbox 1881 4334 3457 4402; baseline -0.009 0"><span class='ocrx_word' id='word_1_599' title='bbox 1881 4347 2149 4402; x_wconf 89' lang='lat' dir='ltr'><strong>nominat.</strong></span> <span class='ocrx_word' id='word_1_600' title='bbox 2183 4340 2319 4395; x_wconf 85' lang='lat' dir='ltr'><strong>Nam</strong></span> <span class='ocrx_word' id='word_1_601' title='bbox 2351 4338 2497 4392; x_wconf 80' lang='lat' dir='ltr'><strong>velut</strong></span> <span class='ocrx_word' id='word_1_602' title='bbox 2537 4338 2588 4390; x_wconf 93' lang='lat' dir='ltr'><strong>in</strong></span> <span class='ocrx_word' id='word_1_603' title='bbox 2624 4338 2993 4389; x_wconf 88' lang='lat' dir='ltr'><strong>instrumento</strong></span> <span class='ocrx_word' id='word_1_604' title='bbox 3028 4334 3258 4397; x_wconf 83' lang='lat' dir='ltr'><strong>musico,</strong></span> <span class='ocrx_word' id='word_1_605' title='bbox 3291 4335 3371 4390; x_wconf 90' lang='lat' dir='ltr'><strong>sic</strong></span> <span class='ocrx_word' id='word_1_606' title='bbox 3400 4335 3457 4393; x_wconf 86' lang='lat' dir='ltr'><strong>in</strong></span> 
     </span>
    </p>
   </div>
   <div class='ocr_carea' id='block_1_88' title="bbox 204 4426 1775 4522">
    <p class='ocr_par' dir='ltr' id='par_1_88' title="bbox 204 4426 1775 4522">
     <span class='ocr_line' id='line_1_88' title="bbox 204 4426 1775 4522; baseline -0.003 -17"><span class='ocrx_word' id='word_1_607' title='bbox 204 4426 521 4522; x_wconf 70' lang='grc' dir='ltr'>ίῖνεύματος</span> <span class='ocrx_word' id='word_1_608' title='bbox 570 4452 602 4521; x_wconf 77' lang='grc' dir='ltr'>ἡ</span> <span class='ocrx_word' id='word_1_609' title='bbox 642 4450 801 4522; x_wconf 88' lang='grc' dir='ltr'>χάρις</span> <span class='ocrx_word' id='word_1_610' title='bbox 854 4451 911 4503; x_wconf 84' lang='grc' dir='ltr'>ὲν</span> <span class='ocrx_word' id='word_1_611' title='bbox 937 4426 1113 4520; x_wconf 19' lang='grc' dir='ltr'>ταύτῷ</span> <span class='ocrx_word' id='word_1_612' title='bbox 1155 4426 1267 4520; x_wconf 74' lang='grc' dir='ltr'>τὴν</span> <span class='ocrx_word' id='word_1_613' title='bbox 1299 4426 1643 4521; x_wconf 79' lang='grc' dir='ltr'>προφητικὴν</span> <span class='ocrx_word' id='word_1_614' title='bbox 1686 4452 1775 4504; x_wconf 89' lang='grc' dir='ltr'>άν-</span> 
     </span>
    </p>
   </div>
   <div class='ocr_carea' id='block_1_89' title="bbox 1886 4426 3455 4522">
    <p class='ocr_par' dir='ltr' id='par_1_89' title="bbox 1888 4426 3455 4514">
     <span class='ocr_line' id='line_1_89' title="bbox 1888 4426 3455 4514; baseline -0.007 -21"><span class='ocrx_word' id='word_1_615' title='bbox 1888 4446 2006 4514; x_wconf 76' lang='lat' dir='ltr'><strong>ipso</strong></span> <span class='ocrx_word' id='word_1_616' title='bbox 2031 4440 2265 4510; x_wconf 86' lang='lat' dir='ltr'><strong>Spiritus</strong></span> <span class='ocrx_word' id='word_1_617' title='bbox 2295 4433 2465 4504; x_wconf 73' lang='lat' dir='ltr'><strong>gratia</strong></span> <span class='ocrx_word' id='word_1_618' title='bbox 2499 4429 2865 4499; x_wconf 89' lang='lat' dir='ltr'><strong>propheticam</strong></span> <span class='ocrx_word' id='word_1_619' title='bbox 2896 4428 3157 4481; x_wconf 88' lang='lat' dir='ltr'><strong>musicam</strong></span> <span class='ocrx_word' id='word_1_620' title='bbox 3186 4426 3455 4495; x_wconf 87' lang='lat' dir='ltr'><strong>pulsabat.</strong></span> 
     </span>
    </p>
   </div>
   <div class='ocr_carea' id='block_1_90' title="bbox 203 4541 1779 4615">
    <p class='ocr_par' dir='ltr' id='par_1_90' title="bbox 203 4541 1779 4615">
     <span class='ocr_line' id='line_1_90' title="bbox 203 4541 1779 4615; baseline 0 -20"><span class='ocrx_word' id='word_1_621' title='bbox 203 4543 458 4615; x_wconf 84' lang='grc' dir='ltr'>εκρούετο</span> <span class='ocrx_word' id='word_1_622' title='bbox 528 4541 811 4613; x_wconf 79' lang='grc' dir='ltr'>μελῳδίαν.</span> <span class='ocrx_word' id='word_1_623' title='bbox 872 4541 1154 4612; x_wconf 87' lang='grc' dir='ltr'>Διεγείρας</span> <span class='ocrx_word' id='word_1_624' title='bbox 1221 4543 1399 4596; x_wconf 85' lang='grc' dir='ltr'>τοίνυν</span> <span class='ocrx_word' id='word_1_625' title='bbox 1454 4543 1644 4595; x_wconf 82' lang='grc' dir='ltr'>ἑαυτὸν</span> <span class='ocrx_word' id='word_1_626' title='bbox 1698 4542 1779 4607; x_wconf 86' lang='grc' dir='ltr'><strong>είς</strong></span> 
     </span>
    </p>
   </div>
   <div class='ocr_carea' id='block_1_91' title="bbox 204 4632 1776 4705">
    <p class='ocr_par' dir='ltr' id='par_1_91' title="bbox 204 4632 1776 4705">
     <span class='ocr_line' id='line_1_91' title="bbox 204 4632 1776 4705; baseline 0 -18"><span class='ocrx_word' id='word_1_627' title='bbox 204 4634 481 4705; x_wconf 73' lang='grc' dir='ltr'>ὑμνῳδίαν</span> <span class='ocrx_word' id='word_1_628' title='bbox 517 4632 610 4686; x_wconf 84' lang='grc' dir='ltr'>τοῦ</span> <span class='ocrx_word' id='word_1_629' title='bbox 661 4632 968 4696; x_wconf 88' lang='grc' dir='ltr'>Δεσπότου,</span> <span class='ocrx_word' id='word_1_630' title='bbox 1029 4633 1386 4703; x_wconf 83' lang='grc' dir='ltr'>ἀποκρίνεται</span> <span class='ocrx_word' id='word_1_631' title='bbox 1442 4632 1626 4696; x_wconf 89' lang='grc' dir='ltr'>πάλιν,</span> <span class='ocrx_word' id='word_1_632' title='bbox 1680 4635 1776 4687; x_wconf 81' lang='grc' dir='ltr'><strong>καὶ</strong></span> 
     </span>
    </p>
   </div>
   <div class='ocr_carea' id='block_1_92' title="bbox 205 4723 1775 4795">
    <p class='ocr_par' dir='ltr' id='par_1_92' title="bbox 205 4723 1775 4795">
     <span class='ocr_line' id='line_1_92' title="bbox 205 4723 1775 4795; baseline -0.001 -17"><span class='ocrx_word' id='word_1_633' title='bbox 205 4726 539 4795; x_wconf 81' lang='grc' dir='ltr'>ὑπισχνεῖται</span> <span class='ocrx_word' id='word_1_634' title='bbox 568 4723 768 4794; x_wconf 79' lang='grc' dir='ltr'>ὄρθρου</span> <span class='ocrx_word' id='word_1_635' title='bbox 801 4723 962 4776; x_wconf 79' lang='grc' dir='ltr'>τοῦτο</span> <span class='ocrx_word' id='word_1_636' title='bbox 989 4726 1240 4795; x_wconf 86' lang='grc' dir='ltr'>ποιήσειν</span> <span class='ocrx_word' id='word_1_637' title='bbox 1269 4727 1333 4779; x_wconf 68' lang='grc' dir='ltr'><strong>δί’.</strong></span> <span class='ocrx_word' id='word_1_638' title='bbox 1367 4724 1593 4795; x_wconf 80' lang='grc' dir='ltr'>”Ατε,δὴ</span> <span class='ocrx_word' id='word_1_639' title='bbox 1622 4742 1775 4795; x_wconf 82' lang='grc' dir='ltr'>τηνι-</span> 
     </span>
    </p>
   </div>
   <div class='ocr_carea' id='block_1_93' title="bbox 207 4816 1776 4887">
    <p class='ocr_par' dir='ltr' id='par_1_93' title="bbox 207 4816 1776 4887">
     <span class='ocr_line' id='line_1_93' title="bbox 207 4816 1776 4887; baseline 0.001 -17"><span class='ocrx_word' id='word_1_640' title='bbox 207 4816 374 4870; x_wconf 74' lang='grc' dir='ltr'>καῦτα</span> <span class='ocrx_word' id='word_1_641' title='bbox 407 4816 508 4868; x_wconf 82' lang='grc' dir='ltr'>οὐκ</span> <span class='ocrx_word' id='word_1_642' title='bbox 539 4816 699 4878; x_wconf 76' lang='grc' dir='ltr'>αὐτὸς</span> <span class='ocrx_word' id='word_1_643' title='bbox 738 4816 899 4885; x_wconf 87' lang='grc' dir='ltr'>μόνος</span> <span class='ocrx_word' id='word_1_644' title='bbox 948 4817 1253 4887; x_wconf 89' lang='grc' dir='ltr'>προσοίσων</span> <span class='ocrx_word' id='word_1_645' title='bbox 1284 4819 1376 4871; x_wconf 82' lang='grc' dir='ltr'><strong>τὸν</strong></span> <span class='ocrx_word' id='word_1_646' title='bbox 1417 4817 1609 4887; x_wconf 76' lang='grc' dir='ltr'>ὕμνον,</span> <span class='ocrx_word' id='word_1_647' title='bbox 1639 4817 1776 4872; x_wconf 77' lang='grc' dir='ltr'>ἀλλὰ</span> 
     </span>
    </p>
   </div>
   <div class='ocr_carea' id='block_1_94' title="bbox 210 4908 1774 4981">
    <p class='ocr_par' dir='ltr' id='par_1_94' title="bbox 210 4908 1774 4981">
     <span class='ocr_line' id='line_1_94' title="bbox 210 4908 1774 4981; baseline -0.001 -19"><span class='ocrx_word' id='word_1_648' title='bbox 210 4909 340 4979; x_wconf 74' lang='grc' dir='ltr'>μετὰ</span> <span class='ocrx_word' id='word_1_649' title='bbox 379 4908 591 4979; x_wconf 87' lang='grc' dir='ltr'>μυρίων</span> <span class='ocrx_word' id='word_1_650' title='bbox 621 4908 792 4962; x_wconf 81' lang='grc' dir='ltr'>ἐθνῶν</span> <span class='ocrx_word' id='word_1_651' title='bbox 840 4909 936 4961; x_wconf 75' lang='grc' dir='ltr'><strong>καὶ</strong></span> <span class='ocrx_word' id='word_1_652' title='bbox 970 4908 1114 4963; x_wconf 89' lang='grc' dir='ltr'>λαῶν</span> <span class='ocrx_word' id='word_1_653' title='bbox 1138 4912 1235 4980; x_wconf 83' lang='grc' dir='ltr'><strong>τὴν</strong></span> <span class='ocrx_word' id='word_1_654' title='bbox 1266 4910 1416 4962; x_wconf 90' lang='grc' dir='ltr'>θείαν</span> <span class='ocrx_word' id='word_1_655' title='bbox 1438 4910 1580 4981; x_wconf 80' lang='grc' dir='ltr'>ᾠδὴν</span> <span class='ocrx_word' id='word_1_656' title='bbox 1610 4927 1774 4980; x_wconf 89' lang='grc' dir='ltr'>ποιη-</span> 
     </span>
    </p>
   </div>
   <div class='ocr_carea' id='block_1_95' title="bbox 306 5047 871 5114">
    <p class='ocr_par' dir='ltr' id='par_1_95' title="bbox 306 5047 871 5114">
     <span class='ocr_line' id='line_1_95' title="bbox 306 5047 871 5114; baseline 0.002 -12"><span class='ocrx_word' id='word_1_657' title='bbox 306 5051 319 5102; x_wconf 89' lang='lat' dir='ltr'><strong>i</strong></span> <span class='ocrx_word' id='word_1_658' title='bbox 362 5049 508 5104; x_wconf 83' lang='lat' dir='ltr'><strong>Psal.</strong></span> <span class='ocrx_word' id='word_1_659' title='bbox 549 5065 741 5114; x_wconf 78' lang='lat' dir='ltr'><strong>cxvm,</strong></span> <span class='ocrx_word' id='word_1_660' title='bbox 784 5047 871 5103; x_wconf 91' lang='grc'><strong>18.</strong></span> 
     </span>
    </p>
   </div>
   <div class='ocr_carea' id='block_1_96' title="bbox 1887 4518 3458 4602">
    <p class='ocr_par' dir='ltr' id='par_1_96' title="bbox 1887 4518 3458 4602">
     <span class='ocr_line' id='line_1_96' title="bbox 1887 4518 3458 4602; baseline -0.01 -13"><span class='ocrx_word' id='word_1_661' title='bbox 1887 4542 2145 4599; x_wconf 63' lang='lat' dir='ltr'><strong>Excitatus</strong></span> <span class='ocrx_word' id='word_1_662' title='bbox 2203 4531 2367 4602; x_wconf 83' lang='lat' dir='ltr'><strong>igitur</strong></span> <span class='ocrx_word' id='word_1_663' title='bbox 2399 4541 2457 4580; x_wconf 90' lang='lat' dir='ltr'><strong>se</strong></span> <span class='ocrx_word' id='word_1_664' title='bbox 2507 4525 2685 4592; x_wconf 89' lang='lat' dir='ltr'><strong>ipsum</strong></span> <span class='ocrx_word' id='word_1_665' title='bbox 2737 4523 2803 4574; x_wconf 88' lang='lat' dir='ltr'><strong>ad</strong></span> <span class='ocrx_word' id='word_1_666' title='bbox 2856 4519 3067 4573; x_wconf 89' lang='lat' dir='ltr'><strong>Domini</strong></span> <span class='ocrx_word' id='word_1_667' title='bbox 3118 4518 3336 4584; x_wconf 91' lang='lat' dir='ltr'><strong>laudes,</strong></span> <span class='ocrx_word' id='word_1_668' title='bbox 3372 4528 3458 4573; x_wconf 77' lang='lat' dir='ltr'><strong>re‘</strong></span> 
     </span>
    </p>
   </div>
   <div class='ocr_carea' id='block_1_97' title="bbox 1887 4611 3459 4707">
    <p class='ocr_par' dir='ltr' id='par_1_97' title="bbox 1887 4611 3459 4707">
     <span class='ocr_line' id='line_1_97' title="bbox 1887 4611 3459 4707; baseline -0.013 -20"><span class='ocrx_word' id='word_1_669' title='bbox 1887 4634 2117 4707; x_wconf 82' lang='lat' dir='ltr'><strong>spondet</strong></span> <span class='ocrx_word' id='word_1_670' title='bbox 2172 4638 2387 4687; x_wconf 89' lang='lat' dir='ltr'><strong>rursus,</strong></span> <span class='ocrx_word' id='word_1_671' title='bbox 2426 4633 2479 4673; x_wconf 89' lang='lat' dir='ltr'><strong>et</strong></span> <span class='ocrx_word' id='word_1_672' title='bbox 2536 4615 2801 4685; x_wconf 87' lang='lat' dir='ltr'><strong>promittit</strong></span> <span class='ocrx_word' id='word_1_673' title='bbox 2852 4613 2956 4667; x_wconf 91' lang='lat' dir='ltr'><strong>hoc</strong></span> <span class='ocrx_word' id='word_1_674' title='bbox 3006 4611 3179 4681; x_wconf 86' lang='lat' dir='ltr'><strong>prima</strong></span> <span class='ocrx_word' id='word_1_675' title='bbox 3230 4612 3353 4665; x_wconf 91' lang='lat' dir='ltr'><strong>luce</strong></span> <span class='ocrx_word' id='word_1_676' title='bbox 3400 4626 3459 4666; x_wconf 87' lang='lat' dir='ltr'><strong>se</strong></span> 
     </span>
    </p>
   </div>
   <div class='ocr_carea' id='block_1_98' title="bbox 1886 4702 3458 4785">
    <p class='ocr_par' dir='ltr' id='par_1_98' title="bbox 1886 4702 3458 4785">
     <span class='ocr_line' id='line_1_98' title="bbox 1886 4702 3458 4785; baseline -0.016 -4"><span class='ocrx_word' id='word_1_677' title='bbox 1886 4702 2183 4781; x_wconf 75' lang='lat' dir='ltr'><strong>facturum.</strong></span> <span class='ocrx_word' id='word_1_678' title='bbox 2226 4717 2435 4785; x_wconf 86' lang='lat' dir='ltr'><strong>Quippe</strong></span> <span class='ocrx_word' id='word_1_679' title='bbox 2483 4718 2616 4764; x_wconf 88' lang='lat' dir='ltr'><strong>tunc</strong></span> <span class='ocrx_word' id='word_1_680' title='bbox 2655 4704 2934 4774; x_wconf 86' lang='lat' dir='ltr'><strong>temporis,</strong></span> <span class='ocrx_word' id='word_1_681' title='bbox 2984 4717 3094 4756; x_wconf 88' lang='lat' dir='ltr'><strong>non</strong></span> <span class='ocrx_word' id='word_1_682' title='bbox 3143 4704 3256 4772; x_wconf 89' lang='lat' dir='ltr'><strong>ipse</strong></span> <span class='ocrx_word' id='word_1_683' title='bbox 3306 4702 3458 4757; x_wconf 89' lang='lat' dir='ltr'><strong>solus</strong></span> 
     </span>
    </p>
   </div>
   <div class='ocr_carea' id='block_1_99' title="bbox 1887 4791 3460 4886">
    <p class='ocr_par' dir='ltr' id='par_1_99' title="bbox 1887 4791 3460 4886">
     <span class='ocr_line' id='line_1_99' title="bbox 1887 4791 3460 4886; baseline -0.016 -16"><span class='ocrx_word' id='word_1_684' title='bbox 1887 4819 2146 4886; x_wconf 81' lang='lat' dir='ltr'><strong>hymnum</strong></span> <span class='ocrx_word' id='word_1_685' title='bbox 2183 4809 2467 4866; x_wconf 88' lang='lat' dir='ltr'><strong>allaturus,</strong></span> <span class='ocrx_word' id='word_1_686' title='bbox 2512 4797 2604 4852; x_wconf 90' lang='lat' dir='ltr'><strong>sed</strong></span> <span class='ocrx_word' id='word_1_687' title='bbox 2648 4811 2771 4848; x_wconf 88' lang='lat' dir='ltr'><strong>cum</strong></span> <span class='ocrx_word' id='word_1_688' title='bbox 2828 4791 3052 4845; x_wconf 85' lang='lat' dir='ltr'><strong>intinitis</strong></span> <span class='ocrx_word' id='word_1_689' title='bbox 3105 4791 3359 4886; x_wconf 73' lang='lat' dir='ltr'><strong>gentibus</strong></span> <span class='ocrx_word' id='word_1_690' title='bbox 3403 4799 3460 4845; x_wconf 83' lang='lat' dir='ltr'><strong>et;</strong></span> 
     </span>
    </p>
   </div>
   <div class='ocr_carea' id='block_1_100' title="bbox 1886 4881 3459 4978">
    <p class='ocr_par' dir='ltr' id='par_1_100' title="bbox 1886 4881 3459 4978">
     <span class='ocr_line' id='line_1_100' title="bbox 1886 4881 3459 4978; baseline -0.015 -17"><span class='ocrx_word' id='word_1_691' title='bbox 1886 4881 2101 4978; x_wconf 77' lang='lat' dir='ltr'><strong>populis</strong></span> <span class='ocrx_word' id='word_1_692' title='bbox 2134 4900 2329 4956; x_wconf 74' lang='lat' dir='ltr'><strong>divina:</strong></span> <span class='ocrx_word' id='word_1_693' title='bbox 2368 4888 2642 4949; x_wconf 88' lang='lat' dir='ltr'><strong>cantionis</strong></span> <span class='ocrx_word' id='word_1_694' title='bbox 2685 4900 2884 4941; x_wconf 88' lang='lat' dir='ltr'><strong>munus</strong></span> <span class='ocrx_word' id='word_1_695' title='bbox 2929 4883 3200 4939; x_wconf 90' lang='lat' dir='ltr'><strong>obiturus.</strong></span> <span class='ocrx_word' id='word_1_696' title='bbox 3234 4881 3459 4938; x_wconf 66' lang='lat' dir='ltr'><strong>Dilucue-</strong></span> 
     </span>
    </p>
   </div>
   <div class='ocr_carea' id='block_1_101' title="bbox 1306 5145 2378 5215">
    <p class='ocr_par' dir='ltr' id='par_1_101' title="bbox 1306 5145 2378 5215">
     <span class='ocr_line' id='line_1_101' title="bbox 1306 5145 2378 5215; baseline -0.011 -4"><span class='ocrx_word' id='word_1_697' title='bbox 1306 5156 1543 5211; x_wconf 66' lang='grc' dir='ltr'>νΑῐιιλΕ</span> <span class='ocrx_word' id='word_1_698' title='bbox 1596 5152 1980 5215; x_wconf 80' lang='lat' dir='ltr'><strong>LECTIONES</strong></span> <span class='ocrx_word' id='word_1_699' title='bbox 2018 5149 2104 5205; x_wconf 88' lang='lat' dir='ltr'>ET</span> <span class='ocrx_word' id='word_1_700' title='bbox 2144 5145 2378 5203; x_wconf 66' lang='lat' dir='ltr'><strong>NOTAE.</strong></span> 
     </span>
    </p>
   </div>
   <div class='ocr_carea' id='block_1_102' title="bbox 274 5315 3459 5413">
    <p class='ocr_par' dir='ltr' id='par_1_102' title="bbox 274 5315 3459 5413">
     <span class='ocr_line' id='line_1_102' title="bbox 274 5315 3459 5413; baseline -0.011 -10"><span class='ocrx_word' id='word_1_701' title='bbox 274 5351 313 5381; x_wconf 72' lang='grc'>⁸⁷</span> <span class='ocrx_word' id='word_1_702' title='bbox 332 5346 679 5413; x_wconf 80' lang='grc' dir='ltr'>Ἑϐοήθησε.</span> <span class='ocrx_word' id='word_1_703' title='bbox 706 5344 867 5400; x_wconf 81' lang='lat' dir='ltr'><strong>Ilebr.</strong></span> <span class='ocrx_word' id='word_1_704' title='bbox 891 5343 1121 5398; x_wconf 76' lang='lat' dir='ltr'><strong>Extollet</strong></span> <span class='ocrx_word' id='word_1_705' title='bbox 1146 5355 1321 5396; x_wconf 84' lang='lat' dir='ltr'><strong>autem</strong></span> <span class='ocrx_word' id='word_1_706' title='bbox 1346 5342 1550 5413; x_wconf 86' lang='lat' dir='ltr'><strong>Symm.</strong></span> <span class='ocrx_word' id='word_1_707' title='bbox 1575 5340 1668 5395; x_wconf 79' lang='grc' dir='ltr'>καὶ</span> <span class='ocrx_word' id='word_1_708' title='bbox 1682 5333 2059 5413; x_wconf 67' lang='grc' dir='ltr'>ὀχυρώσειΛιθ</span> <span class='ocrx_word' id='word_1_709' title='bbox 2091 5329 2497 5413; x_wconf 38' lang='lat' dir='ltr'><strong>lere_Syrus,net</strong></span> <span class='ocrx_word' id='word_1_710' title='bbox 2519 5317 3123 5413; x_wconf 28' lang='lat' dir='ltr'><strong>rollrorgviitlp</strong></span> <span class='ocrx_word' id='word_1_711' title='bbox 3149 5315 3459 5413; x_wconf 45' lang='lat' dir='ltr'><strong>inﬁtiefapl‘.</strong></span> 
     </span>
    </p>
   </div>
   <div class='ocr_carea' id='block_1_103' title="bbox 212 5401 1775 5485">
    <p class='ocr_par' dir='ltr' id='par_1_103' title="bbox 212 5401 1775 5485">
     <span class='ocr_line' id='line_1_103' title="bbox 212 5401 1775 5485; baseline -0.006 -13"><span class='ocrx_word' id='word_1_712' title='bbox 212 5421 271 5473; x_wconf 83' lang='lat' dir='ltr'><strong>ad</strong></span> <span class='ocrx_word' id='word_1_713' title='bbox 311 5401 431 5472; x_wconf 38' lang='lat' dir='ltr'><strong>hil.</strong></span> <span class='ocrx_word' id='word_1_714' title='bbox 462 5401 626 5471; x_wconf 68' lang='lat' dir='ltr'><strong>habet</strong></span> <span class='ocrx_word' id='word_1_715' title='bbox 684 5417 995 5485; x_wconf 86' lang='grc' dir='ltr'>ὑπεραίρει.</span> <span class='ocrx_word' id='word_1_716' title='bbox 1069 5414 1115 5485; x_wconf 47' lang='lat'><strong>5’</strong></span> <span class='ocrx_word' id='word_1_717' title='bbox 1142 5415 1263 5468; x_wconf 85' lang='lat' dir='ltr'><strong>cod.</strong></span> <span class='ocrx_word' id='word_1_718' title='bbox 1295 5415 1317 5467; x_wconf 87' lang='grc'><strong>1</strong></span> <span class='ocrx_word' id='word_1_719' title='bbox 1353 5401 1543 5482; x_wconf 67' lang='grc' dir='ltr'>αύτῆς,</span> <span class='ocrx_word' id='word_1_720' title='bbox 1590 5401 1775 5485; x_wconf 49' lang='lat' dir='ltr'><strong>quaene</strong></span> 
     </span>
    </p>
   </div>
   <div class='ocr_carea' id='block_1_104' title="bbox 1886 5401 2349 5485">
    <p class='ocr_par' dir='ltr' id='par_1_104' title="bbox 1886 5401 2349 5485">
     <span class='ocr_line' id='line_1_104' title="bbox 1886 5401 2349 5485; baseline -0.015 -26"><span class='ocrx_word' id='word_1_721' title='bbox 2017 5404 2176 5485; x_wconf 76' lang='lat' dir='ltr'><strong>lectio</strong></span> <span class='ocrx_word' id='word_1_722' title='bbox 2200 5404 2264 5485; x_wconf 41' lang='lat' dir='ltr'><strong>1h.</strong></span> <span class='ocrx_word' id='word_1_723' title='bbox 2314 5401 2349 5485; x_wconf 41' lang='grc' dir='ltr'><strong>Ι..</strong></span> 
     </span>
    </p>
   </div>
   <div class='ocr_carea' id='block_1_105' title="bbox 216 5466 1775 5557">
    <p class='ocr_par' dir='ltr' id='par_1_105' title="bbox 216 5466 1775 5557">
     <span class='ocr_line' id='line_1_105' title="bbox 216 5466 1775 5557; baseline -0.003 -17"><span class='ocrx_word' id='word_1_724' title='bbox 216 5466 520 5557; x_wconf 75' lang='grc' dir='ltr'>συνήσουσι,</span> <span class='ocrx_word' id='word_1_725' title='bbox 555 5498 613 5540; x_wconf 84' lang='grc' dir='ltr'><strong>ιιι</strong></span> <span class='ocrx_word' id='word_1_726' title='bbox 650 5490 752 5556; x_wconf 86' lang='lat' dir='ltr'><strong>leg.</strong></span> <span class='ocrx_word' id='word_1_727' title='bbox 784 5466 837 5538; x_wconf 68' lang='lat' dir='ltr'><strong>in</strong></span> <span class='ocrx_word' id='word_1_728' title='bbox 886 5466 1008 5557; x_wconf 66' lang='lat' dir='ltr'><strong>cod.</strong></span> <span class='ocrx_word' id='word_1_729' title='bbox 1036 5484 1192 5557; x_wconf 56' lang='grc' dir='ltr'><strong>ςιιιξας.Δ</strong></span> <span class='ocrx_word' id='word_1_730' title='bbox 1254 5466 1543 5557; x_wconf 57' lang='lat' dir='ltr'><strong>&quot;pots,&quot;</strong></span> <span class='ocrx_word' id='word_1_731' title='bbox 1569 5466 1625 5557; x_wconf 64' lang='grc' dir='ltr'>κῖ</span> <span class='ocrx_word' id='word_1_732' title='bbox 1666 5497 1717 5535; x_wconf 85' lang='grc' dir='ltr'><strong>τ.</strong></span> <span class='ocrx_word' id='word_1_733' title='bbox 1750 5478 1775 5529; x_wconf 78' lang='grc' dir='ltr'><strong>λ</strong></span> 
     </span>
    </p>
   </div>
   <div class='ocr_carea' id='block_1_106' title="bbox 1886 5466 2542 5557">
    <p class='ocr_par' dir='ltr' id='par_1_106' title="bbox 1886 5466 2542 5557">
     <span class='ocr_line' id='line_1_106' title="bbox 1886 5466 2542 5557; baseline -0.018 -28"><span class='ocrx_word' id='word_1_734' title='bbox 1886 5477 1956 5529; x_wconf 88' lang='lat' dir='ltr'><strong>lia</strong></span> <span class='ocrx_word' id='word_1_735' title='bbox 1985 5476 2172 5557; x_wconf 67' lang='lat' dir='ltr'><strong>habetn</strong></span> <span class='ocrx_word' id='word_1_736' title='bbox 2199 5470 2360 5557; x_wconf 68' lang='lat' dir='ltr'><strong>(Iord.</strong></span> <span class='ocrx_word' id='word_1_737' title='bbox 2396 5466 2542 5557; x_wconf 29' lang='lat' dir='ltr'><strong>die:</strong></span> 
     </span>
    </p>
   </div>
   <div class='ocr_carea' id='block_1_107' title="bbox 2426 5390 3459 5463">
    <p class='ocr_par' dir='ltr' id='par_1_107' title="bbox 2426 5390 3459 5463">
     <span class='ocr_line' id='line_1_107' title="bbox 2426 5390 3459 5463; baseline -0.003 -14"><span class='ocrx_word' id='word_1_738' title='bbox 2426 5397 2473 5428; x_wconf 74' lang='grc' dir='ltr'><strong>⁵ο</strong></span> <span class='ocrx_word' id='word_1_739' title='bbox 2504 5395 2626 5451; x_wconf 83' lang='lat' dir='ltr'><strong>cod.</strong></span> <span class='ocrx_word' id='word_1_740' title='bbox 2671 5396 2696 5449; x_wconf 87' lang='grc'><strong>1</strong></span> <span class='ocrx_word' id='word_1_741' title='bbox 2731 5391 3124 5463; x_wconf 76' lang='grc' dir='ltr'>ἐμπίπλανται.</span> <span class='ocrx_word' id='word_1_742' title='bbox 3202 5390 3245 5421; x_wconf 80' lang='grc'><strong>⁸³</strong></span> <span class='ocrx_word' id='word_1_743' title='bbox 3277 5390 3400 5463; x_wconf 73' lang='lat' dir='ltr'><strong>cod.</strong></span> 
     </span>
    </p>
   </div>
   <div class='ocr_carea' id='block_1_108' title="bbox 2612 5456 3461 5532">
    <p class='ocr_par' dir='ltr' id='par_1_108' title="bbox 2612 5456 3461 5532">
     <span class='ocr_line' id='line_1_108' title="bbox 2612 5456 3461 5532; baseline -0.005 -16"><span class='ocrx_word' id='word_1_744' title='bbox 2612 5480 2665 5532; x_wconf 91' lang='lat' dir='ltr'><strong>p.</strong></span> <span class='ocrx_word' id='word_1_745' title='bbox 2722 5456 2845 5519; x_wconf 76' lang='grc'><strong>195.</strong></span> <span class='ocrx_word' id='word_1_746' title='bbox 2924 5463 2970 5493; x_wconf 80' lang='grc'><strong>⁸³</strong></span> <span class='ocrx_word' id='word_1_747' title='bbox 3025 5463 3202 5532; x_wconf 44' lang='grc' dir='ltr'>Φυλη</span> <span class='ocrx_word' id='word_1_748' title='bbox 3246 5461 3369 5514; x_wconf 85' lang='lat' dir='ltr'><strong>cod.</strong></span> <span class='ocrx_word' id='word_1_749' title='bbox 3434 5456 3461 5512; x_wconf 69' lang='lat'><strong>‘.</strong></span> 
     </span>
    </p>
   </div>
   <div class='ocr_carea' id='block_1_109' title="bbox 215 5529 1775 5627">
    <p class='ocr_par' dir='ltr' id='par_1_109' title="bbox 215 5529 1775 5627">
     <span class='ocr_line' id='line_1_109' title="bbox 215 5529 1775 5627; baseline -0.006 -17"><span class='ocrx_word' id='word_1_750' title='bbox 556 5529 569 5540; x_wconf 49' lang='grc'><em>“</em></span> <span class='ocrx_word' id='word_1_751' title='bbox 590 5558 637 5589; x_wconf 65' lang='grc'><strong>⁸³</strong></span> <span class='ocrx_word' id='word_1_752' title='bbox 668 5529 1011 5627; x_wconf 11' lang='grc' dir='ltr'>βῖὶοτᾲθᾴἰιίρ</span> <span class='ocrx_word' id='word_1_753' title='bbox 1039 5554 1271 5627; x_wconf 80' lang='lat' dir='ltr'><strong>habebat</strong></span> <span class='ocrx_word' id='word_1_754' title='bbox 1300 5553 1368 5627; x_wconf 57' lang='lat' dir='ltr'><strong>l)’.</strong></span> <span class='ocrx_word' id='word_1_755' title='bbox 1403 5529 1501 5607; x_wconf 52' lang='lat' dir='ltr'><strong>sed,</strong></span> <span class='ocrx_word' id='word_1_756' title='bbox 1535 5553 1717 5627; x_wconf 80' lang='lat' dir='ltr'><strong>minus</strong></span> <span class='ocrx_word' id='word_1_757' title='bbox 1758 5564 1775 5600; x_wconf 78' lang='grc' dir='ltr'><strong>ι</strong></span> 
     </span>
    </p>
   </div>
   <div class='ocr_carea' id='block_1_110' title="bbox 1886 5529 3462 5627">
    <p class='ocr_par' dir='ltr' id='par_1_110' title="bbox 1886 5529 3462 5627">
     <span class='ocr_line' id='line_1_110' title="bbox 1886 5529 3462 5627; baseline 0.002 -2"><span class='ocrx_word' id='word_1_758' title='bbox 1886 5563 1924 5599; x_wconf 68' lang='grc' dir='ltr'>ε·</span> <span class='ocrx_word' id='word_1_759' title='bbox 1998 5545 2045 5576; x_wconf 79' lang='grc'><strong>⁸⁵</strong></span> <span class='ocrx_word' id='word_1_760' title='bbox 2108 5541 2351 5627; x_wconf 56' lang='grc' dir='ltr'>’βξιίμτι</span> <span class='ocrx_word' id='word_1_761' title='bbox 2378 5529 2782 5627; x_wconf 49' lang='lat' dir='ltr'><strong>“apti-fa“</strong></span> <span class='ocrx_word' id='word_1_762' title='bbox 2811 5534 2947 5627; x_wconf 74' lang='grc' dir='ltr'>,υθεο</span> <span class='ocrx_word' id='word_1_763' title='bbox 2994 5529 3462 5627; x_wconf 53' lang='lat' dir='ltr'><strong>bulam)?”</strong></span> 
     </span>
    </p>
   </div>
   <div class='ocr_carea' id='block_1_111' title="bbox 222 5599 1775 5696">
    <p class='ocr_par' dir='ltr' id='par_1_111' title="bbox 222 5599 1772 5696">
     <span class='ocr_line' id='line_1_111' title="bbox 222 5599 1772 5696; baseline -0.006 -13"><span class='ocrx_word' id='word_1_764' title='bbox 545 5599 1270 5696; x_wconf 54' lang='lat' dir='ltr'><strong>ioco&#39;ﬁéiiiicia&#39;iiéiif</strong></span> <span class='ocrx_word' id='word_1_765' title='bbox 1299 5599 1368 5675; x_wconf 56' lang='grc' dir='ltr'>θ’</span> <span class='ocrx_word' id='word_1_766' title='bbox 1382 5599 1760 5696; x_wconf 35' lang='lat' dir='ltr'><strong>repetita-esse</strong></span> 
     </span>
    </p>
   </div>
   <div class='ocr_carea' id='block_1_112' title="bbox 1886 5599 3461 5696">
    <p class='ocr_par' dir='ltr' id='par_1_112' title="bbox 1886 5599 3461 5696">
     <span class='ocr_line' id='line_1_112' title="bbox 1886 5599 3461 5696; baseline 0 0"><span class='ocrx_word' id='word_1_767' title='bbox 1886 5625 2064 5696; x_wconf 64' lang='lat' dir='ltr'><strong>sm!&quot;-</strong></span> <span class='ocrx_word' id='word_1_768' title='bbox 2098 5612 2145 5643; x_wconf 78' lang='lat'><strong>“‘</strong></span> <span class='ocrx_word' id='word_1_769' title='bbox 2168 5599 3041 5696; x_wconf 43' lang='grc' dir='ltr'><strong>Εὺὶνεῖανέξιβξῐτῖέδεὲίἱανεκ..⁵,ἷ</strong></span> <span class='ocrx_word' id='word_1_770' title='bbox 3081 5599 3461 5696; x_wconf 59' lang='grc' dir='ltr'><strong>Ἐἔέῖέίίθτέἦί</strong></span> 
     </span>
    </p>
   </div>
   <div class='ocr_carea' id='block_1_113' title="bbox 218 5667 1775 5766">
    <p class='ocr_par' dir='ltr' id='par_1_113' title="bbox 218 5667 1775 5766">
     <span class='ocr_line' id='line_1_113' title="bbox 218 5667 1775 5766; baseline -0.005 -16"><span class='ocrx_word' id='word_1_771' title='bbox 218 5667 728 5766; x_wconf 49' lang='grc' dir='ltr'>Ϊκιθάρα.⁸ΙΙθι)ιῗ</span> <span class='ocrx_word' id='word_1_772' title='bbox 766 5695 1025 5763; x_wconf 73' lang='lat' dir='ltr'><strong>Exsurge,</strong></span> <span class='ocrx_word' id='word_1_773' title='bbox 1064 5667 1301 5766; x_wconf 59' lang='lat' dir='ltr'><strong>nabliuin</strong></span> <span class='ocrx_word' id='word_1_774' title='bbox 1330 5701 1377 5746; x_wconf 87' lang='lat' dir='ltr'><strong>et</strong></span> <span class='ocrx_word' id='word_1_775' title='bbox 1408 5667 1635 5766; x_wconf 64' lang='lat' dir='ltr'><strong>cithara.</strong></span> <span class='ocrx_word' id='word_1_776' title='bbox 1714 5688 1775 5766; x_wconf 37' lang='lat'><strong>‘3‘</strong></span> 
     </span>
    </p>
   </div>
   <div class='ocr_carea' id='block_1_114' title="bbox 1886 5667 3489 5766">
    <p class='ocr_par' dir='ltr' id='par_1_114' title="bbox 1886 5667 3489 5766">
     <span class='ocr_line' id='line_1_114' title="bbox 1886 5667 3489 5766; baseline -0.012 -26"><span class='ocrx_word' id='word_1_777' title='bbox 1886 5667 2137 5766; x_wconf 57' lang='grc' dir='ltr'>ᾇτήριον</span> <span class='ocrx_word' id='word_1_778' title='bbox 2169 5667 2711 5747; x_wconf 61' lang='grc' dir='ltr'>-ἓτοιησὰμενοςη</span> <span class='ocrx_word' id='word_1_779' title='bbox 2734 5667 2860 5730; x_wconf 85' lang='lat' dir='ltr'><strong>Des.</strong></span> <span class='ocrx_word' id='word_1_780' title='bbox 2893 5670 3059 5743; x_wconf 84' lang='lat' dir='ltr'><strong>apud.</strong></span> <span class='ocrx_word' id='word_1_781' title='bbox 3101 5667 3265 5728; x_wconf 63' lang='lat' dir='ltr'><strong>(Iord.</strong></span> <span class='ocrx_word' id='word_1_782' title='bbox 3310 5678 3348 5725; x_wconf 90' lang='lat' dir='ltr'><strong>t.</strong></span> <span class='ocrx_word' id='word_1_783' title='bbox 3372 5667 3489 5733; x_wconf 53' lang='grc' dir='ltr'>ηιμ</span> 
     </span>
    </p>
   </div>
   <div class='ocr_carea' id='block_1_115' title="bbox 225 5758 2027 5835">
    <p class='ocr_par' dir='ltr' id='par_1_115' title="bbox 225 5758 2027 5835">
     <span class='ocr_line' id='line_1_115' title="bbox 225 5758 2027 5835; baseline -0.007 -12"><span class='ocrx_word' id='word_1_784' title='bbox 225 5784 270 5835; x_wconf 89' lang='lat' dir='ltr'><strong>p.</strong></span> <span class='ocrx_word' id='word_1_785' title='bbox 306 5758 450 5823; x_wconf 37' lang='lat'><strong>205..</strong></span> <span class='ocrx_word' id='word_1_786' title='bbox 514 5769 560 5801; x_wconf 69' lang='lat'><strong>&#39;9</strong></span> <span class='ocrx_word' id='word_1_787' title='bbox 598 5767 718 5823; x_wconf 85' lang='lat' dir='ltr'><strong>cod.</strong></span> <span class='ocrx_word' id='word_1_788' title='bbox 767 5767 787 5817; x_wconf 43' lang='lat' dir='ltr'><strong>&#39;l</strong></span> <span class='ocrx_word' id='word_1_789' title='bbox 837 5758 1032 5831; x_wconf 77' lang='grc' dir='ltr'>ποιεῖν,</span> <span class='ocrx_word' id='word_1_790' title='bbox 1073 5764 1307 5831; x_wconf 83' lang='lat' dir='ltr'><strong>ascripta</strong></span> <span class='ocrx_word' id='word_1_791' title='bbox 1348 5772 1529 5817; x_wconf 72' lang='lat' dir='ltr'><strong>tamen</strong></span> <span class='ocrx_word' id='word_1_792' title='bbox 1565 5762 1735 5815; x_wconf 75' lang='lat' dir='ltr'><strong>altera</strong></span> <span class='ocrx_word' id='word_1_793' title='bbox 1770 5758 2027 5815; x_wconf 81' lang='lat' dir='ltr'><strong>lectione.</strong></span> 
     </span>
    </p>
   </div>
  </div>
