3924 6492
482 320 612 387 1751
1465 321 1961 382 TIIEODORETI
1996 324 2335 386 EPISCOPI
2365 326 2736 389 CYRENSIS
3608 329 3747 395 1752

474 440 585 493 tum
619 451 748 493 vero
779 445 941 493 vocat
970 437 1061 492 Dei
1094 445 1147 492 et
1178 437 1479 494 Salvatoris
1524 440 1696 494 nostri
1723 440 2052 494 incarnatio-

2164 444 2398 512 σὰμενος
2428 459 2443 474 ο
2471 442 2674 515 όρθρον
2702 443 2760 497 δὲ
2784 443 2967 510 καλεῖ,
2996 443 3091 498 τοῦ
3128 444 3265 498 Θεοῦ
3286 447 3397 501 ,καὶ
3426 447 3678 519 Σωτῆρος
3700 452 3744 482 ⁵⁸

475 543 622 583 nem.
666 527 744 583 Et
788 527 884 583 illo
926 528 1071 583 enim
1124 529 1374 584 veritatis
1417 527 1509 584 lux
1558 539 1677 585 orta
1706 538 1791 585 est
1822 547 1836 583 :
1868 546 1934 586 ex
1966 531 2052 587 ille

2164 533 2320 604 ἡμῶν
2345 534 2446 605 τὴν
2484 534 2924 607 ἐνανθρώπησιν.
2968 537 3060 601 Ἐξ
3100 536 3318 591 ἐκείνου
3350 539 3462 609 γὰρ
3505 540 3743 595 ἀνέτειλε

475 636 570 689 per
602 628 777 675 totum
820 631 1091 677 terrarum
1123 622 1312 678 orbem
1347 622 1593 677 omnium
1636 622 1916 677 hominum
1965 639 2052 679 ore

2164 625 2263 697 τῆς
2295 626 2557 698 ἀληθείας
2588 626 2650 680 τὸ
2691 628 2840 695 φῶς*
2871 628 2934 694 ἐξ
2979 628 3198 683 ἐκείνου
3245 630 3392 684 κατὰ
3443 632 3624 686 πᾶσαν
3648 634 3745 703 τὴν

477 714 671 766 beatus
716 710 883 766 David
936 712 1103 776 canit,
1153 712 1446 802 divinaque
1497 712 1761 767 beneﬁcia
1788 713 2052 770 laudibus

2164 719 2491 791 οἰκουμένην
2524 722 2582 773 ὲν
2610 722 2724 785 τοῖς
2770 721 3029 775 ἁπάντων
3056 721 3365 794 ἀνθρώπων
3422 723 3685 795 στόμασιν
3718 729 3745 779 ὁ

477 802 738 858 celebrat.

556 977 715 1034 Vitas.
752 980 805 1035 5.
843 1000 860 1031 ι
898 980 1037 1047 Quia
1065 995 1261 1049 magna
1310 991 1396 1036 est
1432 996 1596 1050 super
1636 982 1808 1036 cmlos
1847 981 2059 1035 miseri-

476 1071 664 1127 cordia
690 1082 804 1135 tua,
832 1081 888 1127 et
914 1086 1090 1142 usque
1117 1072 1185 1127 ad
1216 1072 1388 1128 nubes
1416 1074 1617 1128 veritas
1649 1084 1762 1128 tua.
1798 1091 1816 1124 ι
1847 1072 2058 1142 Ampli-

480 1163 613 1219 tudo
661 1163 1054 1220 misericordiae
1100 1173 1206 1220 tua:
1243 1164 1495 1222 caelestes
1534 1163 1777 1222 fornices
1816 1173 2058 1237 superat,

478 1256 618 1311 radii
662 1257 907 1313 veritatis
940 1266 1046 1313 tuae
1079 1258 1263 1313 omnia
1294 1259 1415 1315 loca
1459 1267 1842 1329 penetrarunt.
1882 1258 2058 1315 Caete-

479 1367 601 1407 rum
624 1351 736 1421 jam
766 1366 932 1423 supra
961 1352 1222 1417 diximus,
1259 1353 1422 1407 nubes
1453 1352 1639 1409 vocari
1676 1353 1971 1424 prophetas
2004 1360 2061 1408 et

367 1503 375 1509 _
479 1444 799 1512 apostolos,
860 1459 1068 1514 eosque
1110 1442 1205 1514 qui
1253 1443 1485 1500 docendi
1533 1460 1734 1501 munus
1777 1444 2059 1501 consecuti

478 1547 608 1592 sunt
636 1554 648 1590 :
672 1537 934 1607 quoniam
962 1552 1058 1607 per
1090 1538 1212 1602 bos,
1242 1536 1412 1593 veluti
1436 1552 1531 1607 per
1560 1538 1828 1607 quasdam
1857 1537 2056 1601 nubes,

478 1629 818 1697 spiritualem
842 1628 1219 1700 irrigationem
1239 1629 1558 1684 hominibus
1581 1628 1770 1694 affert;
1794 1644 1890 1698 per
1906 1629 2058 1699 ipsos

479 1720 626 1775 euim
661 1736 789 1775 vera
822 1730 1093 1792 praecepta
1125 1720 1441 1776 didicimus.

546 1886 717 1944 Vens.
740 1887 793 1941 6.
818 1907 837 1941 ι
866 1887 1120 1945 Exaltare
1146 1888 1363 1961 1379
1379 1904 1543 1960 super
1560 1891 1751 1952 caelos,
1767 1907 1799 1944 o
1823 1864 1987 1958 Deus,
2003 1900 2059 1947 et

478 1988 646 2048 super
660 1977 811 2032 omni
828 1986 970 2033 terra
994 1976 1166 2049 gloria
1188 1986 1279 2032 tua
1301 1978 1677 2051 (celebretur).
1709 1998 1727 2032 ι
1756 1979 1869 2035 Hoc
1890 1982 2055 2036 etiam

476 2066 673 2124 beatus
700 2068 841 2124 dixit
867 2066 1125 2126 Habacuc
1159 2087 1172 2124 :
1206 2089 1226 2123 ι
1258 2069 1487 2142 Operuit
1507 2073 1677 2128 cmlos
1708 2075 1883 2130 virtus
1910 2075 2053 2144 ejus,

475 2167 533 2213 et
565 2158 745 2216 laudis
768 2159 893 2230 ejus
919 2160 1081 2231 plena
1109 2172 1194 2217 est
1214 2172 1361 2217 terra
1388 2164 1436 2218 ι.
1466 2182 1484 2216 ι
1527 2162 1643 2219 lloc
1671 2166 1835 2219 etiam
1862 2166 2057 2220 beatus

476 2249 647 2304 David
678 2250 735 2307 in
760 2260 957 2308 octavo
989 2254 1129 2308 dixit
1160 2257 1372 2323 psalmo
1402 2274 1415 2309 :
1451 2276 1468 2307 ι
1505 2256 1753 2322 Domine,
1786 2258 2054 2311 Dominus

477 2352 686 2410 noster,
723 2360 891 2415 quam
924 2347 1249 2403 admirabile
1283 2360 1367 2403 est
1407 2365 1609 2404 nomen
1647 2360 1799 2405 tuum
1843 2352 1897 2405 in
1931 2352 2055 2404 uni-

475 2449 635 2491 versa
669 2437 851 2492 terra!
882 2440 1145 2509 quoniam
1177 2441 1388 2496 elevata
1414 2435 1508 2496 est
1530 2444 1933 2514 magniﬁcentia
1958 2454 2050 2499 tua

474 2541 641 2597 super
674 2529 848 2585 cados
875 2525 920 2585 ι.
954 2550 973 2583 ι
1013 2530 1276 2587 Exaltare
1310 2533 1477 2604 igitur
1505 2536 1643 2590 dixit
1678 2552 1796 2606 pro,
1828 2539 2055 2593 ostende

475 2629 530 2674 te
579 2620 892 2687 sublimem,
943 2631 998 2679 et
1031 2626 1289 2682 omnibus
1333 2628 1711 2699 superiorem,
1762 2641 1819 2686 et
1870 2633 2054 2689 omnis

475 2721 621 2767 terra
650 2713 880 2783 gloriam
924 2726 1071 2771 tuam
1112 2718 1308 2774 discat.

544 2801 714 2861 Vens.
744 2805 799 2861 7.
834 2825 853 2858 ι
896 2804 966 2863 Ut
992 2807 1297 2866 liberentur
1325 2812 1507 2869 dilecti
1544 2815 1660 2880 tui,
1708 2818 1918 2873 salvum
1965 2819 2050 2874 fac
2088 2850 2089 2853 η

473 2896 633 2968 (me)
663 2897 887 2955 dextera
920 2909 1033 2967 tua,
1066 2910 1122 2956 et
1151 2904 1351 2959 exaudi
1380 2921 1486 2961 me.
1514 2927 1533 2960 ι
1559 2906 1828 2966 Omnibus
1867 2920 2050 2969 autem

474 2987 790 3047 hominibus
830 2995 1129 3062 potentiam
1171 3004 1319 3051 tuam
1370 3000 1622 3055 ostendet
1674 3003 1823 3059 salus
1860 3020 2050 3061 eorum

2165 811 2438 881 μακάριος
2494 811 2608 883 ᾅδει
2658 812 2842 891 Δασὶδ,
2908 812 3005 866 καὶ
3056 813 3158 876 τάς
3215 813 3371 879 θείας
3432 816 3746 887 εὐεργεσίας

2163 902 2342 972 ὑμνεῖ.

2234 988 2294 1044 ε’.
2338 1010 2356 1042 ε
2388 992 2511 1044 Ὅτι
2552 993 2700 1061 μέγα
2731 993 2918 1047 ὲπάνω
2944 994 3053 1047 τῶν
3079 996 3329 1066 οὐρανῶν
3360 995 3425 1049 τδ
3453 994 3600 1059 ἔλεός
3630 1011 3742 1061 σου,

2163 1086 2259 1139 καὶ
2289 1086 2397 1149 ἕως
2426 1084 2537 1139 τῶν
2563 1085 2806 1155 νεφελῶν
2842 1089 2874 1157 ἡ
2909 1086 3144 1156 ἁλήθειά
3174 1105 3292 1144 σου.
3333 1108 3352 1140 ι
3391 1089 3541 1160 Nix;
3564 1090 3608 1121 “
3639 1089 3745 1142 τῶν

2160 1174 2408 1246 οὐρανῶν
2455 1174 2525 1228 τά
2555 1174 2694 1245 κύτη
2728 1174 2824 1229 τοῦ
2855 1176 2951 1230 σοῦ
2995 1177 3184 1242 ἐλέους
3208 1179 3272 1232 τὸ
3314 1179 3579 1250 μέγεθος’
3612 1197 3747 1233 παν-

2160 1266 2361 1337 ταχόσε
2397 1265 2501 1337 τῆς
2528 1267 2627 1339 σῆς
2654 1266 2917 1337 ἀληθείας
2945 1270 3000 1322 αἱ
3031 1270 3255 1335 ἀκτῖνες
3295 1271 3612 1341 διέδραμον.
3640 1272 3745 1324 Καὶ

2161 1358 2266 1430 ἤδη
2293 1358 2351 1411 δὲ
2394 1359 2725 1431 εἰρήκαμεν,
2769 1358 2847 1424 ῶς
2874 1361 3141 1430 νεφέλας
3175 1363 3304 1427 τοὺς
3342 1364 3388 1395 ⁶¹
3434 1364 3744 1435 προφήτας,

2162 1452 2255 1506 καὶ
2285 1453 2414 1515 τοὺς
2442 1452 2798 1517 ἀποστόλους,
2819 1455 3067 1518 καὶτοὺς
3087 1454 3485 1526 διδασκαλικῆς
3510 1458 3551 1489 ⁸³
3582 1457 3746 1526 χάρι-

2159 1560 2254 1608 τος
2275 1544 2652 1615 τετυχηκότας
2684 1545 2862 1599 καλεῖ.
2904 1545 3244 1599 Διά-τούτων
3272 1548 3405 1619 γὰρ,
3436 1548 3627 1617 ῶσπερ
3659 1549 3747 1602 δια

2160 1652 2325 1689 τινων
2380 1634 2645 1704 νεφελῶν,
2706 1637 2808 1709 τὴν
2880 1640 3261 1709 πνευματικὴν
3342 1639 3563 1711 ἀρδείαν
3633 1643 3744 1704 τοῖς

2161 1726 2473 1798 ἀνθρώποις
2510 1730 2851 1800 προσφέρει·
2884 1732 2955 1785 δι’
2986 1731 3032 1765 ⁸⁸
3065 1733 3246 1787 αὐτῶν
3293 1734 3363 1787 τά
3414 1733 3592 1805 ἀληθῆ
3644 1752 3739 1805 με·

2169 1817 2499 1889 μαθήκαμεν
2532 1818 2804 1889 δόγματα.

2237 1915 2313 1976 ς’.
2359 1929 2377 1961 ι
2430 1908 2709 1981 ’Υψώθητι
2761 1912 2854 1966 ἐπὶ
2899 1914 3030 1977 τοὺς
3077 1914 3365 1985 οὐρανοὺς,
3398 1915 3429 1967 ό
3464 1913 3621 1980 Θεὸς,
3652 1917 3741 1969 καὶ

2163 2003 2255 2060 ἐπὶ
2282 2005 2465 2057 πᾶσαν
2495 2004 2595 2073 τὴν
2628 2004 2730 2073 γῆν
2780 2006 2814 2073 ἠ
2846 2004 2974 2071 δόξα
3010 2021 3125 2060 σου.
3171 2025 3190 2057 ι
3226 2005 3401 2059 Τοῦτο
3434 2006 3529 2059 καὶ
3575 2008 3606 2061 ὁ
3637 2024 3727 2077 μα·

2160 2096 2352 2167 κάριος
2402 2094 2607 2165 ἔφησεν
2676 2094 3014 2167 Ἀδόακούμο
3070 2115 3089 2149 ι
3139 2096 3443 2166 Ἐκάλυψεν
3478 2098 3739 2168 οὐρανοὺς

2161 2188 2196 2257 ἡ
2245 2186 2413 2257 ἀρετὴ
2457 2185 2646 2249 αὑτοῦ,
2683 2187 2908 2258 καὶτῆς
2944 2188 3213 2253 αἰνέσεως
3261 2188 3429 2243 αὐτοῦ
3464 2188 3735 2261 πλήρηςὴ

2160 2278 2254 2349 γῆ.
2303 2296 2322 2329 ι
2361 2275 2532 2331 Τοῦτο
2568 2277 2663 2332 καὶ
2714 2279 2743 2331 ὁ
2789 2279 3058 2350 μακάριος
3105 2279 3271 2333 Δαδὶδ
3315 2281 3377 2333 ἐν
3424 2278 3507 2352 τῷ
3563 2280 3732 2351 ὀγδόῳ

2160 2368 2262 2440 ἔφη
2297 2368 2529 2441 ψαλμῷ*
2563 2388 2583 2423 ι
2625 2370 2821 2441 Κύριε,
2849 2373 2878 2425 ὁ
2902 2372 3106 2441 Κύριος
3131 2372 3312 2445 ἡμῶν,
3332 2372 3411 2437 ῶς
3429 2372 3736 2443 θαυμαστὸν

2159 2461 2221 2515 τδ
2246 2461 2417 2533 όνομά
2451 2478 2546 2515 σου
2578 2463 2638 2517 ἐν
2668 2462 2821 2536 πάσῃ
2848 2466 2916 2535 τῇ
2965 2466 3036 2535 γῇ
3057 2481 3072 2495 ·
3108 2464 3191 2518 ὅτι
3233 2466 3449 2537 ἐπήρθη
3496 2466 3533 2534 ή
3572 2482 3738 2536 μεγα-

2158 2553 2465 2627 λοπρέπεια
2497 2572 2591 2609 σου
2637 2555 2896 2628 ὑπεράνω
2938 2556 3050 2610 τῶν
3106 2557 3374 2629 οὐρανῶν.
3442 2576 3462 2610 ι
3521 2557 3596 2611 Τὸ
3625 2554 3736 2625 οὖν,

2157 2645 2451 2716 omna,
2484 2647 2607 2702 ἀντὶ
2649 2647 3039 2720 τοῦ,δείχθητι
3094 2648 3323 2719 ὑψηλὸς,
3368 2649 3466 2702 καὶ
3522 2650 3737 2704 πάντων

2160 2738 2489 2812 ὑπέρτερος,
2519 2740 2619 2797 καὶ
2641 2741 2794 2795 πᾶσα
2827 2742 2862 2811 ἠ
2898 2741 2969 2813 γῆ
3004 2741 3228 2813 μαθέτω
3252 2742 3353 2813 τὴν
3378 2742 3478 2813 σὴν
3505 2741 3685 2806 δόξαν.

2229 2832 2297 2896 ζ’.
2335 2851 2356 2885 ε
2390 2833 2582 2897 Ὅπως
2612 2831 2681 2888 ἂν
2719 2831 2994 2905 ῥυσθῶσιν
3018 2834 3067 2887 oi
3092 2833 3375 2905 ἀγαπητοί
3408 2849 3528 2900 σου,
3565 2831 3737 2886 σῶσον

2156 2927 2223 2997 τῇ
2263 2923 2417 2994 δεξιᾷ
2465 2940 2585 2991 σου,
2615 2922 2713 2979 καὶ
2759 2923 3071 2978 ἐπάκουσόν
3120 2940 3245 2994 μου.
3283 2941 3302 2975 ι
3339 2921 3516 2989 Δείξει
3544 2922 3602 2976 δέ
3642 2938 3736 2974 σου

2158 3021 2328 3075 πᾶσιν
2366 3017 2683 3090 ἀνθρώποις
2716 3019 2820 3090 τὴν
2851 3018 3087 3090 δύναμιν
3124 3018 3237 3073 τῶν
3266 3019 3365 3089 τῆς
3399 3017 3501 3088 σῆς
3525 3017 3738 3071 οἰκειώ-

472 3094 614 3148 quos
642 3078 1021 3140 familiaritate
1054 3095 1147 3142 tua
1180 3088 1439 3159 dignatus
1466 3106 1545 3146 es.
1576 3096 1593 3114 '
1617 3094 1855 3151 Admitte
1884 3098 2051 3169 igitur

2164 3128 2297 3175 σεως
2330 3078 2677 3178 ἀξιωθέντων
2701 3112 2735 3181 ὴ
2774 3078 3033 3181 ’σωτηρία
3052 3126 3065 3140 ⁸
3113 3110 3263 3175 δέξαι
3299 3078 3400 3180 μου
3426 3078 3609 3164 τοίνυν
3637 3109 3737 3179 τὴν

472 3186 626 3228 meas
656 3186 871 3243 preces,
903 3186 1164 3250 tuamque
1187 3183 1407 3252 porrige
1429 3184 1732 3243 dexteram.
1758 3187 2049 3248 Dexteram

2164 3204 2421 3267 ἱκετείαν,
2454 3204 2548 3256 καὶ
2570 3204 2670 3275 τὴν
2713 3203 2815 3276 σὴν
2842 3203 3031 3275 όρεξον
3058 3202 3264 3273 δεξιάν.
3295 3201 3509 3270 Δεξιὰν
3544 3201 3605 3256 δὲ
3634 3219 3735 3255 και

472 3274 606 3318 vero
634 3274 788 3320 vocat
820 3267 1018 3322 bonam
1045 3271 1419 3338 operationem

546 3352 714 3410 Vens.
747 3356 800 3410 8.
842 3376 861 3409 ε
902 3357 1046 3416 Deus
1074 3363 1293 3417 locutus
1316 3374 1400 3420 est
1432 3365 1485 3420 in
1512 3379 1707 3426 sancto
1732 3385 1855 3426 suo.
1900 3390 1919 3425 ι
1953 3372 2049 3429 Vi-

473 3444 673 3502 delicet
714 3462 811 3517 per
848 3449 1086 3520 Spiritus
1127 3455 1305 3510 sancti
1350 3458 1603 3527 gratiam.
1677 3482 1696 3515 ι
1733 3461 2051 3535 Exaltabor,

473 3547 529 3594 ct
566 3538 803 3596 dividam
842 3541 1127 3613 Sicimam,
1152 3557 1203 3602 et
1237 3540 1539 3606 convallem
1569 3553 2049 3615 tabernaculorum

474 3628 753 3689 dimetiar.
795 3652 813 3684 ι
858 3634 1015 3701 Quod
1047 3641 1308 3710 propheta
1344 3642 1682 3713 emagitavit,
1716 3662 2049 3710 consecutus
2098 3658 2105 3665 ’

472 3732 577 3777 cst.
629 3724 900 3791 Quoniam
967 3729 1155 3787 dixit:
1192 3753 1210 3785 ι
1247 3735 1498 3792 Exaltare
1546 3754 1710 3810 super
1769 3745 1977 3808 cmlos.
2019 3764 2053 3803 ο

474 3810 651 3880 Deus,
688 3834 707 3867 ι
772 3818 1069 3887 respondet
1121 3820 1386 3881 Dominus
1447 3828 1671 3897 dicens,
1728 3831 2047 3896 Exaltabor.

473 3905 681 3963 Deinde
704 3910 927 3964 modum
964 3913 1161 3999 aperit,
1208 3934 1225 3967 ι
1267 3915 1510 3974 Dividam
1546 3920 1830 3980 Sicimam.
1867 3947 1885 3978 ι
1927 3929 2053 3986 Haec

475 4006 657 4053 autem
700 4010 783 4055 est
812 4003 1028 4066 civitas,
1062 4021 1182 4074 quae
1224 4006 1465 4079 Josepho
1495 4029 1595 4082 per
1632 4021 2046 4089 praerogativam

472 4090 599 4145 data
642 4090 766 4147 fuit.
821 4093 927 4149 Sed
975 4105 1030 4150 et
1083 4100 1407 4166 convallem,
1455 4120 1578 4174 qua:
1632 4109 1784 4176 prius
1835 4111 2050 4169 deserta

476 4182 671 4248 fuerat,
709 4200 771 4238 ac
802 4189 1019 4256 tuguria
1053 4202 1335 4259 pastorum
1372 4208 1682 4266 exceperat,
1730 4202 1912 4256 denuo
1950 4204 2049 4259 ha-

473 4270 798 4329 bitatoribus
852 4276 1111 4346 implebo,
1164 4291 1219 4334 et
1284 4293 1340 4336 ut
1397 4288 1632 4342 reversis
1686 4290 2051 4349 distribuatur

446 4356 723 4418 ‘emciam.

2153 3296 2238 3351 λεῖ
2268 3297 2368 3368 τὴν
2394 3296 2607 3368 ἀγαθὴν
2633 3296 2939 3369 ἐνέργειαν.

2224 3397 2296 3461 η’.
2338 3408 2357 3443 ι
2407 3389 2464 3444 Ὀ
2498 3388 2632 3454 Θεὸς
2658 3390 2921 3462 ἐλάλησεν
2952 3391 3012 3445 ὲν
3031 3389 3109 3461 τῷ
3135 3388 3277 3460 ἁγίῳ
3303 3388 3493 3445 αὑτοῦ.
3527 3407 3547 3441 ι
3587 3387 3731 3441 ’Δντὶ

2153 3483 2270 3549 τοῦ,
2327 3484 2416 3536 διά
2466 3484 2565 3554 τῆς
2636 3483 2730 3538 τοῦ
2780 3484 3048 3553 παναγίου
3108 3483 3424 3553 Πνεύματος
3481 3482 3729 3553 χάριτος.

2160 3596 2179 3629 ι
2224 3576 2617 3648 ’Υψωθήσομαι
2648 3578 2692 3609 ⁵⁵
2727 3577 2820 3629 καὶ
2872 3575 3140 3648 διαμεριῶ
3196 3575 3420 3645 Σίκιμα,
3487 3574 3584 3626 καὶ
3634 3572 3730 3643 τὴν

2154 3670 2378 3724 κοιλάδα
2404 3669 2513 3725 τῶν
2545 3668 2765 3739 σκηνῶν
2800 3669 3178 3739 διαμετρήσω.
3209 3687 3227 3721 ι
3263 3660 3451 3739 Οὗπερ
3474 3665 3675 3737 ᾔτησεν
3702 3667 3730 3716 ὁ

2153 3766 2442 3834 προφήτης
2506 3761 2862 3831 ἀπήλαυσενο
2918 3760 3109 3829 ἐπειδὴ
3158 3753 3332 3811 εἶπεν·
3369 3776 3389 3808 ι
3452 3754 3726 3826 ’Υψὼθητι

2153 3854 2247 3908 ἐπὶ
2278 3852 2403 3915 τοὺς
2445 3850 2715 3921 οὐρανοὺς
2760 3852 2788 3903 ὁ
2826 3848 2979 3913 Θεὸς,
3035 3868 3053 3900 ι
3092 3846 3447 3917 ἀποκρίνεται
3493 3844 3669 3914 λέγων
3700 3848 3726 3897 ὁ

2151 3943 2451 4013 Δεσπότης,
2511 3942 2959 4013 ’Υψωθήσομαι.
3011 3935 3147 3993 Εἶτα
3189 3938 3431 3991 δείκνυσι
3486 3937 3586 3991 καὶ
3638 3937 3726 3988 τὸν

2149 4036 2372 4107 τρόπον.
2412 4054 2431 4086 r
2466 4033 2748 4105 Διαμεριῶ
2785 4034 3009 4103 Σίκιμα.
3052 4051 3068 4083 ι
3128 4031 3291 4095 Πόλις
3331 4031 3389 4084 δὲ
3420 4028 3567 4101 αὕτη
3608 4030 3725 4083 κατ’

2150 4127 2431 4197 ἐξαίρετον
2460 4125 2538 4196 τῷ
2582 4124 2782 4194 Ἰωσὴφ
2811 4123 3093 4194 δεδομένη.
3155 4122 3319 4177 Ἀλλά
3346 4123 3443 4176 καὶ
3484 4122 3583 4193 τὴν
3610 4139 3727 4175 κοι-

2150 4218 2306 4273 λάδα
2334 4218 2432 4289 τὴν
2463 4217 2668 4288 ἔρημον
2690 4216 3013 4287 γενομένην,
3036 4217 3132 4269 καὶ
3183 4214 3462 4285 ποιμένων
3492 4213 3733 4296 δεξαμέο¹

2149 4326 2247 4380 νην
2274 4310 2499 4381 σκηνὰς,
2524 4307 2733 4362 ἀνωθεν
2762 4308 3067 4378 οἰκητόρων
3092 4306 3390 4378 πληρώσω,
3420 4308 3518 4360 καί
3546 4306 3723 4360 διανε-

2154 4403 2391 4472 μηθῆναι
2424 4403 2536 4465 τοῖς
2566 4400 2927 4454 ἐπανελθοῦσι
2955 4401 3385 4471 παρασκευάσω.

541 4456 711 4514 Vens.
745 4460 797 4515 9.
842 4481 861 4513 ι
898 4461 1051 4521 Meus
1089 4475 1173 4521 est
1214 4467 1444 4534 Galaad,
1492 4481 1547 4526 et
1595 4488 1750 4529 meus
1801 4487 1885 4531 est
1931 4478 2048 4535 Ma-

2164 4464 2166 4470 l
2328 4510 2346 4542 ι
2407 4456 2572 4559 Ἐμός
2619 4491 2736 4543 ἐστι
2784 4456 3151 4555 Γαλαάδίκαὶ
3193 4489 3326 4560 ἐμός
3352 4492 3469 4544 ἐστι
3502 4492 3724 4545 Μανασ-

474 4565 683 4615 nasses,
708 4561 761 4606 et
787 4552 1044 4622 Ephraim
1076 4559 1355 4629 susceptio
1389 4563 1586 4632 capitis
1619 4567 1745 4633 mei,
1778 4567 1917 4624 Juda
1948 4588 2044 4628 rex

474 4656 645 4701 luens.
684 4661 702 4694 ι
740 4641 855 4699 Νοιι
881 4648 1026 4702 enim
1057 4650 1222 4705 modo
1241 4649 1554 4715 Manassen,
1574 4657 1668 4711 sed
1699 4662 1860 4714 etiam
1893 4662 2044 4722 illius

2148 4583 2269 4654 σῆς,
2305 4583 2401 4636 καὶ
2454 4580 2698 4652 Ἐφραῒμ
2744 4580 3031 4651 ἀντίληψις
3076 4582 3120 4614 ⁸⁸
3160 4580 3262 4650 τῆς
3298 4581 3549 4652 κεφαλῆς
3601 4601 3722 4652 μου,

2158 4675 2359 4739 Ἰούδας
2404 4674 2659 4744 βασιλεύς
2690 4691 2812 4745 μου.
2851 4692 2869 4725 ι
2906 4671 3279 4743 Οἱκειώσομαι
3308 4673 3419 4745 γὰρ
3450 4676 3515 4729 οὑ
3567 4676 3722 4746 μόνον

472 4734 748 4805 regionem
810 4739 941 4793 mihi
1004 4742 1293 4798 asciscant.
1364 4744 1575 4801 Galaad
1636 4751 1783 4805 enim
1843 4772 2040 4812 nomen

2164 4767 2235 4819 τὸν
2272 4734 2563 4837 Μανασσῆ,
2594 4734 2733 4820 ἀλλὰ
2753 4766 2847 4818 καὶ
2874 4764 2973 4835 τὴν
3000 4734 3209 4818 ἐκείνου
3235 4734 3443 4837 χώραν.
3473 4734 3721 4821 Γαλαὰδ

474 4828 689 4901 1380
724 4840 809 4887 est
840 4833 966 4896 loci,
1004 4835 1277 4892 Manasses
1309 4854 1438 4895 vero
1472 4856 1671 4899 nomen
1711 4847 1903 4903 tribus.
1938 4850 2041 4908 Sed

2164 4858 2275 4928 γὰρ,
2297 4857 2469 4928 ὄνομα
2490 4828 2679 4922 τόπου,
2699 4828 3044 4925 Μανασαῇς
3062 4856 3119 4909 δὲ
3148 4828 3497 4928 προσηγορία
3527 4858 3714 4929 φυλῆς.

468 4930 520 4971 ct
561 4919 850 4988 Epitraimo
889 4927 1177 4994 pristinam
1212 4931 1508 4998 potentiam
1540 4935 1800 5004 reddam,
1847 4951 1903 4996 et
1928 4941 2033 4996 Ju-

468 5010 591 5063 dam
646 5015 892 5070 omnium
954 5017 1195 5074 tribuum
1254 5034 1437 5090 regem
1519 5027 1868 5085 constituam.
1911 5032 2040 5091 Post

567 5210 594 5251 κ
637 5209 840 5269 Habac.
884 5232 980 5284 Ill,
1020 5220 1072 5274 3.
1172 5222 1188 5261 ι
1230 5222 1373 5281 Psal.
1417 5242 1527 5294 νηι,
1572 5231 1620 5284 1.

2155 4946 2317 5001 Ἀλλά
2343 4951 2435 5002 καὶ
2460 4947 2535 5019 τῷ
2576 4949 2826 5019 Ἐερραῖμ
2850 4946 2948 5019 τὴν
2998 4947 3275 5019 προτέραν
3321 4949 3596 5005 ἀποδώσω
3625 4951 3714 5004 δύο

2147 5057 2337 5111 ναμιν·
2398 5041 2488 5096 τὸν
2529 5040 2629 5111 μέν
2691 5057 2774 5097 τοι
2828 5038 3054 5095 Ἰούδαν
3108 5038 3302 5093 πασῶν
3366 5041 3477 5094 τῶν
3537 5043 3713 5111 φυλῶν

1544 5392 2207 5465 νΛῐὶΙΑΞᾹλΕΟΤΙΟΝΕΒ
2260 5401 2350 5457 ΕΤ
2394 5403 2630 5458 NOTAE.

539 5515 913 5614 εἷρξας-καὶ
972 5528 1280 5614 Σωπηροό..
1431 5534 1729 5614 Σωτῆρος.-
1763 5539 2014 5614 ascriptis

2167 5557 2235 5597 cn
2273 5545 2455 5600 verbis
2520 5544 2728 5614 Κυρίου
2792 5544 2905 5598 καί.

464 5585 686 5686 gisle‘rlsa
718 5660 732 5686 .
753 5601 1095 5686 situt-mlum“
1120 5598 1290 5686 ACor‘dL.
1440 5585 2014 5686 cfjii‘_éb'6,"i.}{ﬁéi:
2054 5585 2424 5686 Egl'ivcinawibi

386 5708 387 5711 η
466 5658 514 5686 ⁸³
546 5658 667 5711 cod.
718 5660 733 5712 Ι
778 5658 1152 5729 διδασκᾶλους.

1230 5670 1272 5700 ⁵³
1330 5672 1397 5724 δι’
1437 5670 1558 5736 cod,
1604 5678 1624 5728 ί

1673 5693 1860 5745 prtem.
1902 5679 2014 5733 καί.
2094 5681 2141 5712 ⁸⁸

2995 5545 3037 5576 ⁸⁸
3073 5543 3222 5609 Nam}.
3249 5573 3318 5582 -—
3365 5542 3705 5615 διέδραμον.
3734 5518 3737 5521 ἤ

2480 5614 2738 5682 ᾱοευιιι.,
2778 5616 2822 5647 ⁸³
2870 5615 3036 5679 Τούς.
3104 5615 3226 5666 cod.
3270 5615 3291 5666 i
3358 5614 3707 5682 przennxat.

2254 5667 2421 5750 eoo.
2445 5667 2609 5739 Hebr.
2663 5667 2840 5747 mbas
2886 5667 3027 5753 quod
3071 5684 3214 5738 Psal.
3258 5667 3370 5749 LIX:
3409 5684 3464 5738 8.
3510 5686 3708 5740 rectius

463 5737 616 5796 oxpr.
656 5742 751 5798 per
789 5731 1189 5806 ἁγαλλιάσομαι
1289 5741 1332 5772 ⁸⁸
1385 5731 2052 5815 Ἀντίληψῖςζῐύειῐξτιικ

2164 5793 2173 5817 ,
2362 5731 2727 5824 epeia—imave."
2745 5731 2922 5810 'l'i'e‘brl.
2963 5763 3116 5818 Nm.
