3924 6488
244 309 388 377 1753

1570 311 1651 373 ΙΝ
1686 310 1891 371 PSAL.
1935 309 2146 370 CVIII.

3379 303 3515 366 Πῖιί

240 426 560 496 βασιλεύειν
617 428 1055 500 παρασκευάσω.
1100 425 1260 483 Μετᾶ
1337 428 1447 500 γὰρ
1512 430 1614 499 τὴν
1670 429 1827 483 ἐπάν·

1941 424 2171 480 reditum
2192 405 2337 479 enim
2362 410 2608 477 indivisa:
2625 429 2679 478 et
2698 419 2943 477 confusa:
2969 431 3387 491 permanserunt
3419 424 3517 476 tri-

236 517 362 570 οδον
415 516 719 588 ἀδιαίρετοι
765 520 1141 591 μεμενήκασιν
1185 521 1243 573 αί
1287 519 1473 588 φυλαί.
1523 519 1581 573 Ὀ
1626 518 1686 572 δὲ
1727 521 1825 573 Ζο-

239 606 503 680 ροϐάϐελ,
544 610 640 664 καὶ
686 609 895 665 τούτων
930 611 1203 665 κάκείνων
1249 612 1459 682 ἡγεῖτο.
1511 610 1734 681 Κυρίως
1769 611 1824 664 δὲ

238 697 337 749 καὶ
368 694 590 767 ἀληθῶς
628 699 656 751 6
695 699 975 768 Δεσπότης
1027 699 1283 771 Χριστὸς,
1323 700 1351 751 6
1386 698 1446 763 ἐξ
1488 699 1660 753 Ἰούδα
1685 700 1827 753 κατὰ

242 784 434 855 σάρκα
468 785 799 859 βλαστήσας.
831 791 1053 861 ἁπάσης
1087 790 1362 861 βασιλεύει
1396 791 1498 859 τῆς
1527 790 1779 853 κτίσεως.

315 882 367 931 ι’.
409 896 428 928 ι
482 879 658 933 Μωὰϐ
690 880 856 949 λέϐης
886 879 988 951 τῆς
1024 881 1241 945 ἐλπίδος
1291 900 1392 954 μου
1442 884 1483 914 ⁸⁷
1509 897 1524 913 °
1581 883 1675 935 ἐπὶ
1728 880 1826 952 τὴν

254 968 565 1040 Ἰδουμαίαν
598 970 844 1024 ἐπιϐαλῶ
879 970 924 1003 ⁸⁸
957 972 1020 1025 τὸ
1051 973 1306 1044 ὑπόδημα
1344 991 1469 1046 μου,
1506 975 1632 1041 ἐμοὶ
1670 974 1827 1028 ἀλλό-

242 1060 403 1127 φυλοι
439 1060 1153 1134 ὑπετάγησαν.»Τοσαύτην
1188 1064 1245 1117 δὲ
1270 1064 1350 1135 τῷ
1382 1064 1502 1135 ἐμῷ
1538 1063 1655 1135 λαῷ
1684 1081 1826 1136 παρ-

242 1149 349 1215 έξω
388 1152 579 1222 ἰσχὺν,
611 1151 755 1205 ὥστε
805 1151 1032 1205 καὶτῶν
1066 1153 1383 1223 ἀλλοφύλων
1415 1154 1826 1226 κρατῆσαι,καὶ

242 1242 547 1306 Μωασίτας
582 1244 677 1296 καὶ
722 1244 1051 1315 Ἰδουμαίους
1077 1246 1353 1315 ὑπηκόους
1383 1246 1590 1300 λαϐεῖν.
1636 1247 1825 1317 ’Δκρι-

244 1333 509 1406 δέστερον
533 1335 592 1389 δέ
620 1335 797 1390 ταῦτα
833 1339 891 1390 ἐν
919 1337 1000 1408 τῷ
1030 1336 1074 1391 ν’
1105 1340 1201 1393 καὶ
1230 1336 1274 1391 θ’
1318 1338 1518 1410 ψαλμῷ
1549 1338 1827 1409 ἑρμηνεύ-

244 1444 447 1497 σαμεν.

317 1519 409 1585 ια’,
445 1522 537 1592 ιβ’.
575 1540 595 1574 ι
653 1521 751 1585 Τίς
780 1522 982 1589 ἀπάξει
1019 1540 1087 1595 με
1116 1524 1199 1588 είς
1248 1524 1408 1577 πόλιν
1464 1523 1759 1594 περιοχῆς;
1790 1522 1824 1595 ἢ

245 1610 327 1675 τίς
353 1613 616 1685 ὁδηγήσει
673 1631 740 1685 με
796 1613 901 1677 ἕως
933 1615 1035 1685 τῆς
1098 1615 1439 1687 Ἰδουμαίαςς
1492 1616 1627 1686 Οὐχὶ
1660 1616 1746 1679 σύ,
1796 1615 1827 1667 6

244 1703 399 1770 Θεὸς,
436 1707 464 1757 6
486 1706 856 1777 ἀπωσάμενος
883 1708 1065 1777 ήμᾶς;
1114 1726 1133 1758 ι
1182 1708 1406 1779 Ἡδονῆς
1434 1707 1772 1779 ἐμπλησθεὶς
1798 1708 1826 1760 6

1938 517 2059 572 bus.
2101 514 2403 570 Zorobabcl
2438 524 2621 569 autem
2651 515 2874 577 harum,
2908 524 2960 569 et
2988 515 3205 568 illarum
3245 515 3357 570 dux
3388 517 3512 571 fuit.

1934 610 2037 666 Sed
2074 609 2291 680 proprie
2320 607 2540 678 quidem
2573 616 2628 663 et
2662 623 2787 662 vere
2827 606 3093 661 Dominus
3134 607 3409 674 Christus,
3447 624 3515 663 ex

1931 700 2071 755 Juda
2110 699 2412 755 secundum
2461 714 2681 755 carnem
2733 709 2910 766 ortus,
2968 699 3065 754 toti
3117 699 3351 770 imperat
3391 700 3514 755 orbi

1936 803 2203 849 terrarum
2215 831 2229 845 .

2003 884 2169 940 Vens.
2211 885 2298 940 10.
2338 904 2357 937 ‹
2394 884 2556 941 Moab
2591 884 2738 940 lebes
2767 884 2885 954 spei
2921 898 3075 949 mete,
3120 884 3173 939 in
3213 884 3510 940 ldumaam

1932 980 2171 1050 injiciam
2212 980 2642 1035 calceamentum
2711 993 2920 1041 meum,
2983 976 3118 1031 mihi
3188 977 3513 1048 alienigena:

1931 1076 2133 1130 subditi
2169 1082 2317 1130 sunt.
2351 1094 2369 1127 ι
2411 1074 2581 1129 Porro
2627 1074 2733 1129 tale
2778 1073 2979 1144 populo
3025 1088 3150 1127 meo
3198 1072 3510 1142 impertiam

1933 1168 2122 1233 robur,
2158 1176 2216 1222 ut
2252 1167 2575 1237 AIIOphylos
2602 1166 2817 1231 vincat,
2871 1174 2925 1219 et
2963 1164 3231 1219 Moabitas
3272 1180 3339 1220 ac
3386 1163 3513 1218 ldu—

1933 1270 2100 1311 maaos
2133 1255 2385 1310 subditos
2421 1255 2638 1310 habeat.
2690 1254 3017 1310 Accuratius
3070 1269 3238 1325 porro
3282 1255 3399 1310 haec
3455 1254 3509 1308 in

1931 1348 2386 1419 quinquagesimo
2419 1363 2567 1403 nono
2599 1349 2810 1417 psalmo
2852 1346 3292 1416 explanavitnus.

2001 1525 2171 1583 Vens.
2208 1527 2293 1593 ll,
2331 1526 2417 1581 ιε.
2459 1545 2477 1578 ι
2519 1526 2656 1593 Quis
2706 1526 2938 1581 deducet
2992 1543 3076 1582 tne
3124 1528 3177 1581 in
3226 1528 3501 1584 civitatem

1932 1621 2197 1676 munitam
2224 1622 2347 1677 ?vel
2372 1621 2495 1691 quis
2523 1622 2758 1676 deducet
2781 1636 2867 1674 me
2890 1637 3064 1691 usque
3093 1621 3145 1675 in
3172 1622 3459 1677 ldumaeam
3486 1624 3509 1678 ?

1931 1714 2123 1770 Nonne
2148 1726 2226 1778 tu,
2251 1715 2417 1780 Deus,
2447 1716 2540 1785 qui
2564 1715 2814 1784 repulisti
2842 1731 2994 1769 nos.»
3022 1714 3290 1784 Propheta
3319 1717 3506 1772 laetitia

243 1797 541 1867 προφήτης
595 1800 659 1869 τῇ
712 1797 821 1850 τῶν
873 1799 1098 1867 ἀγαθῶν
1162 1801 1490 1871 προρρήσει,
1547 1799 1822 1869 ἱμείρεται

1941 1807 2167 1862 refertus
2222 1808 2294 1861 oh
2352 1807 2622 1862 bonorum
2683 1808 3130 1875 praedictionem,
3184 1808 3508 1877 conspicere

248 1888 376 1941 ίδεῖν
424 1890 523 1941 καὶ
560 1891 662 1959 τὴν
707 1890 1108 1946 καταλυθεῖσαν
1143 1892 1300 1947 πόλιν
1350 1893 1821 1963 οίκοδομηθεῖσαν,

245 1980 337 2032 καὶ
388 1981 519 2044 τοὺς
575 1980 907 2051 Ἰδουμαίους
961 1987 1075 2047 τοῖς
1126 1984 1408 2049 Ἰουδαίοις
1450 1984 1823 2048 δουλεύοντας.

245 2070 433 2125 Ταῦτα
465 2072 543 2133 δὲ.
582 2074 768 2144 φησιν,
803 2075 980 2140 οὐδεὶς
1005 2075 1193 2147 ἕτερος
1233 2080 1539 2149 παρασχεῖν
1564 2076 1825 2147 ίκανὸς,ἥ

246 2165 309 2218 σύ
364 2165 550 2235 μόνος,
584 2168 611 2220 6
642 2168 738 2221 νῦν
777 2168 928 2237 ἡμᾶς
973 2169 1363 2240 ἀπωσάμενος,
1423 2170 1520 2223 καὶ
1554 2170 1828 2223 δουλεύειν

244 2258 566 2323 κελεύσας.ι
602 2261 713 2314 Καὶ
742 2261 842 2315 οὐκ
875 2260 1154 2336 ἐξελεύσῃ,
1186 2265 1214 2317 6
1243 2262 1397 2325 Θεὸς,
1423 2264 1483 2315 ἐν
1515 2264 1638 2324 ταῖς
1665 2261 1827 2315 δυνά-

247 2367 407 2420 μεσιν
440 2350 620 2421 ἡμῶν.
683 2372 701 2404 ι
746 2352 807 2406 Ὀ
860 2353 918 2407 δὲ
971 2352 1270 2424 Σύμμαχος
1313 2353 1519 2417 οὕτως·
1571 2354 1681 2407 Καὶ
1743 2352 1827 2421 μὴ

250 2442 572 2511 προελθὼν
585 2444 652 2507 ⁸⁸,
688 2444 815 2510 Θεὲ,
837 2445 909 2498 ἐν
930 2445 1057 2512 τοῖς
1087 2446 1533 2515 στρατεύμασιν
1558 2447 1603 2478 ⁷ο
1635 2445 1823 2515 ἡμῶν.

246 2530 320 2583 υύ
355 2530 469 2603 γὰρ
507 2532 824 2604 ἡττήθημεν
853 2532 1096 2602 πώποτε,
1130 2535 1224 2589 σοῦ
1253 2534 1707 2606 στρατηγοῦντος,
1738 2537 1827 2589 καὶ

243 2625 344 2694 τῆς
371 2623 656 2692 φάλαγγος
679 2624 1021 2695 ἡγουμένου.

319 2756 341 2789 ι
384 2742 458 2804 γ’.
488 2753 509 2788 ι
545 2735 644 2799 Δὸς
675 2736 807 2805 ἡμῖν
837 2734 1087 2806 βοήθειαν
1111 2735 1177 2789 ἐκ
1209 2735 1459 2806 θλίψεως,
1500 2736 1593 2789 καὶ
1623 2735 1828 2807 ματαία

248 2828 500 2899 σωτηρία
525 2827 839 2898 ἀνθρώπου.
892 2847 913 2880 ι
960 2827 1180 2883 Παῦσον
1227 2828 1409 2882 τοίνυν
1461 2831 1529 2883 τὰ
1579 2827 1826 2899 λυπηρὰ,

244 2921 345 2974 καὶ
372 2921 477 2991 τὴν
518 2920 616 2990 σὴν
654 2922 829 2992 ῥοπὴν
858 2919 1065 2990 ὄρεξον.
1101 2921 1418 2992 οὐδαμὸθεν
1447 2922 1557 2993 γὰρ
1598 2921 1826 2975 ἄλλοθεν

243 3011 446 3065 τούτου
499 3013 685 3082 τυχεῖν
720 3011 982 3077 δυνατόν.
1018 3014 1176 3066 Πᾶσα
1210 3014 1320 3084 γὰρ
1353 3015 1385 3084 ἡ
1431 3016 1564 3085 παρ’
1622 3012 1830 3084 ἀνθρώ.

245 3121 371 3157 πων
419 3104 742 3176 συμμαχία,
784 3103 879 3158 σοῦ
913 3105 989 3177 μὴ
1025 3106 1439 3177 συνεργοῦντος,
1492 3108 1699 3176 ματαία
1732 3107 1827 3161 καὶ

245 3199 551 3270 ἄχρηστος.

325 3313 410 3367 ιδ’.
442 3328 465 3366 ι
516 3312 606 3368 Ἐν
632 3314 712 3386 τῷ
750 3312 872 3385 Θεῷ
909 3316 1208 3387 ποιήσομεν
1236 3316 1490 3386 δύναμιν,
1530 3318 1625 3371 καὶ
1664 3317 1828 3381 αὐτὸς

249 3406 608 3471 ἐξουδενώσει
632 3408 760 3472 τοὺς
789 3407 1018 3481 ἐχθροὺς
1045 3410 1204 3480 ἡμῶν
1247 3411 1313 3463 ⁷¹.
1357 3430 1375 3460 ι
1416 3411 1516 3464 Διά
1544 3428 1627 3465 τοι
1662 3410 1823 3465 τοῦτο

250 3498 357 3569 τὴν
389 3497 491 3569 σὴν
524 3498 939 3571 ἐπικαλούμεθα
975 3502 1234 3571 πρόνοιαν
1259 3518 1271 3532 ·
1321 3503 1409 3557 διὰ
1449 3504 1659 3575 ταύτης
1715 3505 1824 3575 γὰρ

258 3590 435 3662 μόνης
466 3590 857 3663 περιγενέσθαι
877 3591 988 3646 τῶν
1022 3594 1309 3665 δυσμενῶν
1338 3596 1711 3667 δυνησόμεθα.

569 3728 835 3787 ΕΡΜΗΝ.
873 3729 1010 3782 ΤΟΥ
1041 3730 1147 3782 PH’
1180 3730 1500 3786 ΨΑΛΜΟΥ.

328 3870 399 3919 α’.
432 3882 450 3916 t
484 3865 579 3928 Είς
609 3865 671 3919 τὸ
702 3865 882 3929 τέλος·
914 3865 1128 3935 ψαλμὸς
1155 3864 1235 3934 τῷ
1263 3864 1448 3920 Δαδίδ.
1500 3882 1517 3915 ι
1548 3864 1620 3916 Τὸ
1652 3864 1830 3933 σωτη-

264 3971 376 4022 ριον
394 3954 588 4018 πάθος,
619 3955 714 4008 καὶ
738 3954 838 4025 τὴν
866 3955 1136 4008 Ἰουδαίων
1170 3955 1388 4026 μανίαν,
1411 3952 1507 4005 καὶ
1530 3952 1629 4023 τὴν
1657 3951 1831 4031 Ἰούδα

261 4044 577 4112 προδοσίαν,
608 4038 765 4107 οὗτος
797 4047 825 4097 ὁ
852 4044 1064 4114 ψαλμὸς
1099 4043 1483 4115 προθεσπίζει.
1518 4040 1756 4111 Ποδηγεῖ
1778 4041 1833 4093 δὲ

261 4136 409 4205 ἡμᾶς
441 4136 534 4188 ἐπὶ
569 4137 729 4206 τήνδε
760 4136 860 4206 τὴν
902 4138 1139 4190 διάνοιαν
1164 4137 1259 4189 καὶ
1292 4136 1336 4166 ⁷²
1362 4137 1390 4189 6
1420 4133 1596 4204 μέγας
1628 4132 1835 4203 Πέτρος

262 4227 609 4297 δημηγορῶν,
647 4228 874 4299 καὶτῆς
903 4228 995 4281 τοῦ
1041 4228 1211 4281 ’ἰούδα
1262 4226 1557 4297 προδοσίας
1596 4239 1835 4293 κατηγο-

268 4318 395 4387 ρῶν,
430 4319 661 4389 καὶτῆς
712 4321 1054 4391 πρρφητείας
1113 4321 1214 4390 τὴν
1266 4318 1544 4382 ἀπόδειξιν
1584 4314 1835 4370 ἐντεῦθεν

268 4410 619 4481 ποιούμενος.
656 4412 862 4482 Μηδεὶς
887 4412 967 4479 δὲ,
1007 4411 1223 4467 ἀκούων
1252 4410 1347 4464 τοῦ
1376 4409 1581 4478 Κυρίου
1609 4406 1835 4476 νομοθε-

1928 1899 2200 1953 desiderat
2241 1898 2432 1952 urbem
2471 1897 2818 1960 aediﬁcatam,
2860 1913 2983 1967 quae
3029 1913 3222 1951 eversa
3270 1905 3410 1960 erat,
3456 1908 3510 1951 et

1930 1993 2197 2046 Idumaeos
2229 1990 2435 2046 Juda'is
2476 1990 2797 2045 servientes.
2838 1989 2962 2043 llaec
3011 1998 3195 2043 autem
3224 2028 3239 2052 ,
3294 1989 3505 2059 inquit.

1928 2096 2090 2137 nemo
2122 2083 2264 2135 alius
2297 2088 2559 2151 prastare
2604 2088 2813 2149 potest,
2855 2095 3020 2149 quam
3070 2090 3125 2133 tu
3180 2078 3362 2143 solus,
3410 2078 3508 2147 qui

1929 2194 2072 2234 nunc
2111 2195 2212 2233 nos
2254 2177 2532 2247 repulisti,
2581 2184 2637 2229 et
2682 2176 2889 2228 servire
2942 2173 3265 2243 praecepisti.
3319 2191 3336 2223 ι
3385 2168 3505 2224 Non

1928 2271 2126 2336 exibis,
2154 2269 2316 2336 Deus,
2353 2284 2477 2323 cum
2510 2266 2805 2321 virtutibus
2826 2265 3048 2320 nostris.
3085 2283 3103 2315 ι
3142 2263 3506 2334 Symmachus

1928 2362 2049 2418 sic:
2082 2361 2153 2416 Et
2193 2377 2299 2414 non
2335 2360 2583 2430 prwicns,
2622 2358 2789 2421 Deus,
2820 2358 2872 2410 in
2909 2357 3106 2411 nostris
3160 2354 3504 2409 exercitibus.

1930 2455 2233 2523 Numquam
2270 2454 2417 2508 enim
2464 2450 2757 2521 expugnati
2803 2465 3018 2515 sumus,
3061 2456 3114 2503 te
3159 2448 3297 2502 duce
3324 2453 3379 2501 et
3409 2462 3507 2500 co-

1931 2550 2147 2621 piarum
2181 2557 2422 2603 rectore.

1999 2750 2016 2768 ‘
2056 2746 2219 2802 Vens.
2258 2747 2344 2801 15.
2388 2765 2406 2797 ι
2453 2746 2522 2799 Da
2548 2745 2710 2800 nobis
2737 2743 3003 2798 auxilium
3034 2743 3103 2798 de
3127 2740 3503 2806 tribulatione,

1928 2841 2054 2910 quia
2089 2856 2229 2894 vana
2273 2849 2358 2893 est
2404 2839 2554 2894 salus
2590 2836 2852 2893 hominis.
2890 2854 2908 2889 ι
2945 2835 3136 2890 Finem
3184 2836 3372 2903 itaque
3422 2833 3509 2888 fac

1929 2932 2198 2997 molestis,
2222 2938 2277 2987 et
2301 2930 2566 2985 auxilium
2596 2938 2748 2984 tuum
2778 2928 3043 2995 praebeas.
3074 2929 3153 2982 Ex
3180 2928 3332 2981 nullo
3357 2926 3503 2981 enim

1927 3025 2037 3079 alio
2078 3024 2199 3079 loco
2237 3023 2290 3077 id
2324 3022 2587 3092 consequi
2629 3021 2840 3091 1381
2878 3036 3197 3091 possumus,
3234 3016 3505 3088 siquidem

1927 3132 2091 3172 omne
2118 3115 2404 3170 hominum
2443 3115 2733 3177 auxilium,
2787 3122 2838 3167 te
2884 3128 2992 3167 non
3045 3110 3363 3181 adiuvante,
3408 3124 3509 3164 va-

1854 3185 1898 3246 Ο
1929 3223 2060 3263 num
2101 3216 2157 3262 et
2194 3206 2385 3262 inutile
2429 3214 2534 3261 est.

1998 3319 2161 3375 Vens.
2207 3319 2294 3377 14.
2342 3340 2362 3371 ι
2401 3318 2535 3373 Cum
2566 3316 2676 3373 Deo
2715 3315 3092 3372 exercebimus
3141 3315 3422 3377 virtutem,
3454 3322 3511 3367 et

1927 3414 2043 3483 ipse
2060 3413 2123 3466 ad
2148 3411 2375 3465 nihilum
2404 3410 2613 3481 rediget
2630 3410 2886 3465 inimicos
2912 3417 3183 3463 nostros.»
3205 3407 3505 3476 Propterea

1931 3513 2079 3558 tuam
2114 3501 2472 3572 imploramus
2500 3499 2919 3571 providentiam.
2940 3498 3211 3554 Pcehanc
3234 3497 3380 3554 enim
3414 3510 3508 3552 so-

1930 3596 2036 3651 lam
2062 3596 2248 3649 hostes
2277 3608 2537 3663 superare
2563 3591 2883 3663 poterimus.

2324 3723 2598 3779 lNTERP.
2638 3720 2893 3777 PSALMI
2933 3719 3118 3776 CVIII.

2006 3860 2168 3914 Vens.
2207 3859 2258 3913 l.
2304 3874 2323 3908 ι
2369 3857 2428 3911 ln
2462 3856 2646 3917 linem,
2698 3853 2948 3909 Psalmus
2988 3849 3198 3905 Davidi.
3235 3868 3254 3901 ι
3296 3847 3510 3902 Saluu-

1931 3966 2047 4007 rem
2088 3949 2423 4020 passionem,
2473 3946 2900 4014 Judaeorumque
2948 3942 3214 4005 furorem,
3261 3951 3315 3995 et
3360 3937 3512 3993 Judze

1933 4043 2295 4114 proditionem
2349 4041 2437 4096 hic
2489 4038 2734 4109 psalmus
2783 4035 3055 4106 praecinit.
3105 4032 3333 4088 Deducit
3380 4046 3512 4086 vero

1932 4152 2033 4191 nos
2064 4136 2118 4190 in
2150 4135 2299 4188 hunc
2329 4147 2552 4188 sensum
2592 4145 2824 4200 magnus
2853 4128 3016 4182 etiam
3046 4125 3260 4189 Petrus,
3290 4124 3511 4179 concio-

1934 4242 2056 4281 nem
2088 4225 2315 4284 habens.
2359 4223 2619 4291 Judaeque
2662 4219 3026 4290 proditionem
3074 4215 3424 4281 insimulans,
3458 4223 3515 4267 rt

1939 4321 2061 4373 hinc
2101 4317 2545 4373 vaticinationem
2577 4314 2885 4369 declarans.
2912 4311 3179 4366 Craterum
3212 4322 3372 4361 nemo
3417 4322 3516 4359 au-

1935 4412 2092 4466 diens
2124 4408 2414 4463 Dominum
2450 4407 2710 4461 ferentem
2742 4404 2938 4473 legem,
2974 4410 3035 4455 ut
3060 4397 3514 4470 persequentibus

263 4498 489 4564 τοῦντος
511 4500 758 4570 εὐλογεῖν
787 4504 914 4565 τοὺς
949 4502 1269 4569 διώκοντας,
1307 4500 1564 4554 ἐναντίαν
1596 4497 1827 4569 ἡγείσθω

1941 4503 2351 4565 benedicamus,
2396 4497 2845 4554 vaticinationem
2876 4499 3269 4563 repugnantem
3298 4489 3516 4559 legisla-

266 4590 361 4645 τοῦ
404 4592 702 4663 νομοθέτου
736 4595 835 4665 τὴν
868 4596 1228 4666 προφητείαν.
1281 4594 1415 4648 Οὐδὲ
1451 4591 1558 4663 γὰρ
1602 4587 1827 4643 ἐνταῦθα

1944 4596 2047 4650 turi
2100 4610 2224 4650 esse
2273 4598 2444 4664 putet.
2485 4588 2604 4645 Non
2660 4590 2808 4644 enim
2863 4587 2968 4640 hoc
3020 4584 3075 4637 in
3120 4584 3241 4637 loco
3293 4581 3516 4634 divinus

268 4682 627 4752 ἐπαρώμενος
653 4686 681 4737 6
708 4687 1044 4755 προφητικὸς
1072 4686 1291 4750 διέξεισι
1316 4685 1361 4715 ⁷³
1379 4685 1558 4751 λόγος,
1582 4680 1719 4735 ἀλλὰ
1742 4680 1840 4741 τὰς

268 4773 557 4843 ἐσομένας,
588 4777 684 4830 καὶ
731 4778 1026 4845 Ἰουδαίοις,
1069 4779 1163 4831 καὶ
1194 4777 1272 4845 τῷ
1320 4775 1513 4846 Ἰούδα,
1564 4772 1839 4843 τιμωρίας

1940 4701 2122 4742 sermo
2155 4682 2506 4754 imprecando
2550 4680 2812 4750 loquitur,
2857 4678 2951 4731 sed
2987 4674 3171 4729 futura
3211 4671 3414 4726 Judazis
3464 4682 3517 4725 et

1938 4777 2093 4832 Jndae
2120 4775 2381 4846 Supplicia
2415 4771 2680 4844 praedicit.
2718 4769 2846 4824 Haec
2883 4779 3068 4822 autem
3102 4763 3421 4819 vaticinatio
3458 4762 3511 4815 in

271 4865 576 4934 προλέγων.
653 4869 1078 4940 Ἐσχημάτισται
1144 4870 1201 4922 δὲ
1256 4870 1302 4901 ’⁷³⁵
1352 4867 1429 4931 ὡς
1477 4866 1726 4920 εὐκτικὸν
1784 4863 1827 4916 τί

1942 4870 2272 4941 precationis
2305 4870 2539 4925 formam
2585 4864 2917 4935 concipitur,
2971 4870 3032 4918 ut
3065 4861 3389 4933 plerumque
3431 4858 3516 4912 di-

272 4962 736 5027 προαγορευτικὸν
769 4963 928 5016 τοῦτο
964 4965 1032 5023 ⁷⁸.
1067 4964 1142 5028 ὡς
1169 4962 1263 5018 ἐπὶ
1294 4963 1356 5016 τὸ
1379 4963 1424 4995 ⁷⁸
1455 4959 1589 5015 πολύ
1615 4958 1846 5030 σύνηθες

274 5050 553 5120 πανταχοῦ
584 5052 628 5085 ⁷⁷
650 5057 718 5127 τῇ
745 5054 867 5128 θείᾳ.
904 5057 1117 5127 Γραφῇ.

1943 4966 2081 5018 vina:
2114 4964 2409 5033 Scriptum
2436 4974 2555 5016 mos
2582 4967 2684 5016 est.

1307 5234 1544 5291 VARle
1611 5230 1995 5291 LECTIONES
2046 5230 2137 5285 ET
2172 5227 2412 5285 NOTAE.

349 5399 391 5429 "
433 5398 531 5466 τῆς
585 5395 731 5466 ὲλπ.
760 5413 889 5466 μου.
936 5392 1116 5466 Conf._
1161 5406 1308 5466 pa_g._
1343 5389 1502 5466 1905,
1545 5407 1599 5443 n.
1644 5391 1697 5466 1.

1808 5388 1854 5420 ⁸⁸
1898 5386 2083 5463 ἰξῖπιῤ
2107 5382 2279 5463 _'psal.
2344 5396 2456 5448 ιιι,
2527 5380 2614 5463 1⁸0,
2645 5374 3048 5463 ,οῖσι-ἐκτενῶ.
3091 5358 3519 5463 llehr.",}t‘2tlz‘rz.

277 5470 321 5501 ⁶⁹
362 5446 554 5522 Monii.
1084 5446 1176 5535 r_lt.'
1218 5446 1261 5515 ΙΪ
1296 5460 1456 5535 habet
1481 5446 1826 5535 _'ﬁ906£).9(i)‘l

1941 5458 1969 5489 “⁹
2033 5446 2161 5521 Τοῒξ
2212 5446 2664 5535 atpnrfcodyl.
2736 5450 2857 5511 ταῖς
2897 5446 3351 5535 στερατεύσεὶσιηὲ
3398 5446 3523 5528 "age

278 5515 438 5593 lectio
477 5535 684 5592 accedit
720 5536 787 5590 ad
811 5515 969 5589 isrtam
1000 5515 1042 5587 'é
1078 5515 1407 5596 Symmacho
1461 5515 1800 5596 desumptam

1941 5515 2416 5596 ,erpretationem,_
2466 5521 2561 5596 κα).
2613 5520 2673 5596 οὐ
2718 5517 3065 5596 προσελθὼν,
3112 5515 3359 5596 ﬂetus“:
3400 5516 3521 5577 ταῖς

280 5605 671 5676 στρατεύσεσιν
721 5604 895 5676 ἡμῶν,
927 5619 1088 5672 quam

1183 5599 1318 5655 onlf.
1362 5600 1398 5651 1.
1439 5614 1487 5655 c.
1541 5599 1696 5654 alteri
1747 5598 2011 5668 atljttngit.

2096 5596 2139 5626 ⁷¹
2180 5592 2465 5659 Ἐχθροὺς
2514 5589 2706 5658 ἡμῶν.
2754 5584 2893 5658 psal.
2952 5603 3060 5659 th,
3106 5584 3519 5659 l.i._(_9).:'_603m;

277 5652 1668 5745 a;.a“.:"?rka;'ai.ar51a:efﬂasse;

1941 5652 2421 5745 'pr:ent:_zo::§§m.
2446 5652 2835 5745 ’.ξδ”Δὲ.ηςῤ‹1.
2872 5660 2895 5713 l
2945 5658 3151 5729 μέντοι.
3218 5654 3266 5686 ⁷⁸
3303 5652 3513 5719 Τοῦτο.

282 5740 401 5803 eoa.
435 5746 486 5801 l.
525 5746 807 5817 praemisso
844 5744 984 5809 colo,
1020 5743 1177 5796 τοῦτο
1212 5740 1288 5794 δέ.

1366 5740 1411 5771 ⁷⁸
1454 5739 1547 5793 Τό.
1591 5740 1754 5794 Abest
1792 5755 1820 5792 ιι
1853 5738 1973 5793 cod.
2006 5738 2054 5790 ι.

2130 5734 2174 5764 ⁷⁷
2236 5735 2417 5787 Ila-rt.
2468 5730 2591 5789 Des.
2658 5729 2789 5785 ibid.
