3924 6500
399 322 539 388 i755
1386 323 1879 386 THEODORETI
1923 317 2263 380 EPISCOP!
2301 316 2671 377 CYREN‘SIS
3561 311 3716 377 1756

471 439 634 494 Vsus.
675 439 730 494 2.
799 455 818 489 ι
866 438 1033 504 Deus,
1094 437 1308 491 laudem
1353 451 1532 491 meam
1595 451 1664 490 ne
1719 432 1973 497 tacueris,

2153 425 2248 497 β’.‹
2270 428 2314 458 ⁷⁸
2345 427 2406 480 '0
2427 425 2582 490 Θεὸς,
2607 425 2707 496 τὴν
2728 421 2940 478 αἴνεσίν
2967 441 3071 496 μου
3104 425 3181 496 μὴ
3199 423 3717 497 παρασιωπήσῃς,

399 533 660 602 quoniam
689 546 752 588 os
784 531 1108 601 peccatoris,
1137 539 1191 585 et
1223 545 1286 586 os
1309 530 1484 585 dolosi
1518 545 1681 598 super
1711 543 1796 583 me
1820 543 1978 598 aper-

2109 535 2160 570 τι
2203 518 2379 589 στόμα
2419 515 2780 587 ἁμαρτωλοῦ,
2828 517 2950 570 και
2978 516 3156 586 στόμα
3201 516 3383 570 δολίου
3441 512 3548 569 ἐπ’
3602 510 3715 580 ἐμὲ

399 633 516 678 tum
551 632 654 678 est.
699 643 718 676 ι
759 622 1010 678 Humano
1044 636 1198 677 more
1253 622 1369 678 haec
1415 621 1669 676 Christus
1716 619 1978 674 Dominus

2108 607 2322 677 ὶνοίχθη.
2362 625 2382 658 ι
2443 606 2832 677 Ἀνθρωπίνως
2882 609 2911 660 6
2961 609 3245 679 Δεσπότης
3288 606 3472 661 ταῦτα
3543 603 3714 669 λέγει

403 714 665 785 loquitur.
700 711 771 768 Ut
803 714 969 767 homo
1006 712 1150 768 enim
1192 721 1470 783 precatur,
1511 726 1824 766 mensuram
1876 712 1979 764 Ιιιι-

2108 701 2338 771 [ριστός.
2386 699 2475 762 Ὧς
2500 699 2790 770 ἄνθρωπος
2818 699 2928 771 γὰρ
2961 698 3208 771 εὔχεται,
3254 701 3357 771 τῆς
3392 694 3716 767 ἀνθρωπίς

404 823 581 861 mana:
613 813 824 860 naturae
854 807 1127 876 implens:
1167 816 1227 860 ut
1269 806 1412 859 Deus
1457 813 1660 868 autem,
1709 804 1981 873 precatio—

2108 807 2181 858 ’τις
2211 791 2253 821 ⁷⁸
2282 789 2501 857 φύσεως
2530 790 2598 843 τὰ
2647 790 2825 861 μέτρα
2864 790 3125 861 πληρῶν·
3166 793 3244 854 ώς
3281 791 3339 844 δὲ
3382 790 3562 851 Θεὸς,
3590 786 3713 839 τῶν

407 915 528 953 nem
577 914 771 953 eorum
807 898 1046 953 admittit
1091 898 1186 968 qui
1233 899 1446 952 sincere
1494 913 1683 965 preces
1723 896 1978 950 fundunt.

2108 882 2395 952 ηὐχομένων
2425 882 2670 952 γνησίως
2701 881 3063 953 προσδέχεται
3089 883 3190 947 τὰς
3217 883 3406 954 εὐχάς.
3445 884 3715 948 ’Υμνον

407 991 646 1045 Laudem
685 1007 814 1046 vero
847 991 1159 1061 passionem
1201 1000 1381 1044 vocat.
1434 990 1583 1043 Illam
1625 991 1772 1043 enim
1809 988 1984 1042 sacris

2108 971 2139 1023 ἰέ
2168 970 2229 1023 τὸ
2264 971 2439 1035 πάθος
2493 973 2667 1025 καλεῖ.
2700 973 2810 1026 Καὶ
2840 973 2949 1044 γὰρ
2965 975 3037 1058 ’ἐν
3060 978 3176 1038 τοῖς
3213 975 3385 1036 θείοις
3428 975 3712 1055 Εὐοαγγε-

413 1085 626 1154 1382
684 1085 738 1138 in
799 1082 1106 1153 Evangeliis
1165 1080 1389 1152 gloriam
1442 1083 1710 1136 nominat.
1765 1101 1783 1133 ι
1830 1080 1986 1135 Venit

2108 1062 2221 1126 .iot;
2276 1061 2437 1127 δόξαν
2482 1064 2616 1116 αὐτὸ
2659 1065 3087 1137 προσαγορεύει.
3146 1084 3165 1117 ι
3214 1065 3479 1136 Ἐλήλυθε
3558 1064 3708 1135 γὰρ,

411 1153 577 1241 enim,
614 1177 710 1233 ait.
751 1175 882 1229 hora
929 1184 988 1228 ut
1028 1174 1360 1244 glorilicetur
1403 1173 1571 1227 Filius
1598 1173 1836 1227 hominis
1860 1184 1916 1224 ω.
1961 1190 1979 1221 ι

2108 1153 2276 1223 ρησὶν,
2316 1153 2514 1224 ἡῶρα,
2551 1154 2638 1207 ἵνα
2665 1155 2897 1226 δοξασθῇ
2928 1158 2956 1210 6
2985 1156 3114 1220 Υἱὸς
3160 1156 3256 1210 τοῦ
3293 1157 3637 1225 ἀνθρώπου.
3679 1174 3700 1205 ι

415 1267 491 1319 Us
534 1281 662 1319 vero
699 1266 1015 1333 peccatoris,
1047 1275 1101 1318 et
1131 1281 1186 1317 os
1216 1265 1385 1318 dolosi
1417 1264 1609 1318 .ludam
1646 1264 1937 1332 appellavit
1969 1281 1983 1316 :

2108 1247 2285 1314 Ε’τόμιι
2333 1245 2391 1299 δὲ
2436 1246 2815 1315 ἁμαρτωλοῦ,
2865 1248 2960 1300 καὶ
3014 1251 3213 1317 στόμα
3239 1292 3250 1303 .
3276 1248 3494 1304 δολίου
3518 1290 3537 1313 ,
3603 1247 3709 1300 τὸν

413 1356 857 1424 quandoquidem
893 1355 995 1409 iste
1032 1355 1357 1423 proditionis
1393 1353 1596 1409 foedera
1629 1369 1753 1408 cum
1789 1351 1990 1407 Judaeis

2108 1338 2303 1391 Ἰούδαν
2340 1338 2661 1409 ὠνόμασεν·
2709 1335 2865 1404 οὗτος
2919 1341 3030 1412 γὰρ
3080 1343 3322 1413 κρύϐδην
3377 1343 3709 1410 ἐποιήσατο

413 1449 553 1502 clam
581 1447 803 1516 pepigit.

485 1539 653 1594 Vens.
695 1540 747 1592 5.
799 1557 816 1588 ι
859 1538 1053 1592 Loculi
1095 1546 1222 1590 sunt
1261 1537 1522 1592 adversus
1558 1554 1643 1592 me
1677 1537 1861 1607 lingua
1896 1538 1994 1592 do-

417 1632 555 1696 losa,
588 1640 642 1684 et
689 1629 1037 1683 sermonibus
1076 1629 1187 1681 odii
1235 1628 1713 1682 circumdederunt
1743 1643 1846 1682 me.
1887 1647 1907 1679 ι
1949 1628 1993 1678 Α

416 1718 556 1773 Juda
612 1720 664 1772 in
721 1728 890 1772 totum
944 1717 1256 1772 Iudaeorum
1304 1733 1624 1772 consessum
1681 1735 1988 1774 sermonem

420 1809 700 1863 transfert.
761 1808 824 1861 Hi
877 1809 1020 1862 enim
1080 1809 1297 1864 invidiae
1345 1809 1664 1873 servientes,
1733 1810 1992 1879 injustam

422 1900 717 1956 machinati
752 1909 880 1956 sunt
914 1911 1166 1955 mortem.

2091 1431 2228 1502 πρὸς
2270 1431 2556 1495 Ἰουδαίους
2583 1432 2681 1496 τὰς
2708 1434 2808 1503 τῆς
2839 1434 3136 1505 προδοσίας
3169 1435 3468 1504 συνθήκας.

2161 1523 2230 1591 γ’.
2283 1543 2301 1574 ι
2355 1524 2656 1595 Ἐλάλησαν
2709 1527 2830 1578 κατ’
2879 1525 3014 1597 ἐμοῦ
3069 1525 3293 1597 γλώσσῃ
3341 1527 3533 1599 δολία·
3592 1528 3705 1580 καὶ

2092 1614 2274 1682 λόγοις
2315 1615 2510 1685 μίσους
2553 1615 2873 1671 ἐκύκλωσαν
2924 1634 3015 1688 με.
3067 1635 3086 1668 ι
3149 1617 3282 1672 Ἀπὸ
3339 1618 3437 1671 τοῦ
3503 1619 3704 1672 Ἰούδα

2101 1708 2402 1776 μετήνεγκε
2448 1706 2542 1759 τὸν
2595 1707 2752 1775 λόγον
2803 1708 2896 1760 ἐπὶ
2950 1707 3072 1760 ὅλον
3117 1708 3178 1760 τὸ
3223 1707 3332 1761 τῶν
3395 1709 3700 1761 Ἰουδαίων

2101 1799 2401 1870 συνέδριον.
2442 1793 2603 1854 Οὗτοι
2663 1800 2775 1870 γὰρ
2827 1800 2904 1870 τῷ
2961 1798 3146 1870 φθόνῳ
3195 1799 3552 1864 δουλεύοντες
3591 1802 3697 1854 τὸν

2096 1891 2282 1944 ἄδικον
2312 1890 2622 1962 ἐτύρευσαν
2654 1890 2907 1946 θάνατον.

2172 2001 2190 2033 ι
2261 1983 2369 2036 Kal.
2426 1983 2775 2053 ἐπολέμησαν
2823 1999 2891 2054 με
2941 1982 3171 2052 δωρεάν.
3217 1981 3326 2054 [δ⁹.]
3394 1981 3546 2036 Ἀντὶ
3586 1985 3692 2036 τοῦ

2096 2074 2314 2141 ἀγαπᾷν
2347 2091 2433 2145 με,
2489 2074 2830 2128 ἐνδιέϐαλλόν
2871 2091 2961 2143 με.
3007 2092 3026 2124 ι
3060 2075 3134 2126 Οὐ
3163 2075 3270 2145 γὰρ
3308 2075 3472 2145 μόνον
3503 2074 3690 2128 κακοῦ

2096 2184 2240 2230 τινος
2265 2167 2366 2220 οὐκ
2385 2166 2758 2238 ἐπειράθησαν
2789 2167 2921 2237 παρ’
2951 2166 3110 2236 ἐμοῦ,
3156 2167 3291 2220 ἀλλὰ
3337 2169 3433 2220 καὶ
3467 2167 3690 2238 μυρίων

2099 2257 2241 2310 ὅσων
2276 2257 2602 2327 ἀπήλαυσαν
2649 2256 2903 2326 ἀγαθῶν·
2938 2258 3079 2330 ὑπὲρ
3106 2253 3181 2312 ὧν
3250 2259 3476 2329 ἀγαπᾷν
3525 2260 3688 2328 ὀφεί-

2099 2349 2306 2414 λοντες,
2331 2349 2400 2402 τὰ
2425 2349 2708 2420 δυσμενῶν
2745 2351 3002 2421 ἔδρασαν.
3052 2370 3070 2404 ι
3103 2350 3246 2418 Ἐγὼ
3275 2351 3334 2404 δὲ
3369 2351 3688 2422 προσηυχόε-

2105 2459 2212 2512 μην
2243 2439 2347 2494 ⁸ο.»
2382 2442 2492 2495 Καὶ
2521 2441 2713 2495 τούτου
2744 2443 2959 2512 μάρτυς
2986 2442 3094 2494 τῶν
3122 2441 3284 2510 ίερῶν
3330 2440 3688 2510 Εὐαγγελίων

2101 2537 2135 2604 ὴ
2169 2533 2401 2606 ἱστορία.
2425 2533 2516 2604 Τῷ
2543 2533 2702 2604 ίκρίῳ
2733 2533 2842 2605 γὰρ
2886 2533 3123 2603 σταυροῦ
3159 2533 3202 2564 ⁸⁸
3251 2534 3686 2604 προσηλωμένος

2101 2625 2247 2678 ἐϐόα·
2281 2644 2298 2677 ι
2339 2626 2543 2696 Πάτερ,
2572 2624 2710 2695 ἄφες
2737 2626 2922 2692 αὐτοῖς
2943 2642 2958 2658 ο
2991 2626 3054 2680 οὐ
3083 2625 3192 2697 γὰρ
3217 2625 3395 2679 οἴδασι
3421 2626 3478 2678 τί
3502 2627 3664 2680 ποιοῦ

497 2010 516 2042 ‹
559 1994 576 2013 ⁸
609 1991 674 2044 Et
695 2000 1144 2059 expugnaverunt
1171 2006 1256 2046 me
1287 1999 1511 2046 temere.
1547 1990 1736 2063 [νιιιιε.
1780 1993 1858 2064 4.]
1892 1991 1996 2048 Pro

422 2096 490 2135 eo
529 2082 674 2151 quod
707 2096 794 2134 me
830 2081 1056 2151 diligere
1084 2083 1364 2147 deberent,
1398 2083 1753 2137 detrahebant
1781 2085 1934 2136 mihi.
1973 2103 1992 2135 ι

423 2169 544 2224 Non
594 2171 758 2224 modo
803 2173 949 2225 enim
999 2172 1148 2225 nullo
1183 2172 1328 2226 malo
1379 2188 1407 2226 a
1455 2187 1542 2227 me
1571 2174 1870 2242 provocati,
1905 2173 1998 2227 sed

423 2261 591 2316 etiam
643 2262 871 2317 inﬁnitis
916 2263 1076 2319 bonis
1126 2264 1390 2320 cumulati
1440 2275 1614 2319 sunt:
1656 2280 1753 2334 pro
1800 2265 2000 2334 quibus

427 2350 654 2424 diligere
697 2368 824 2408 cum
873 2354 1158 2419 deberent,
1210 2355 1396 2409 hostili
1447 2356 1610 2408 modo
1652 2371 1772 2409 sese
1814 2370 1999 2425 gesse-

429 2452 578 2498 runt.
634 2463 654 2496 ι
694 2443 807 2515 Ego
856 2453 1036 2500 autem
1087 2447 1335 2502 orabam.
1376 2466 1395 2498 ι
1451 2446 1518 2500 Ει
1566 2447 1671 2501 hoc
1716 2463 2000 2502 sacrorum

429 2532 848 2603 Evangeliorum
888 2535 1119 2590 historia
1157 2545 1410 2592 testatur.
1444 2535 1578 2592 Nam
1620 2537 1769 2591 cruci
1803 2538 1993 2592 atlixus

427 2627 701 2709 clamabat
732 2644 746 2681 :
782 2646 801 2680 ι
830 2625 1013 2692 Pater,
1048 2628 1272 2698 ignosce
1304 2630 1436 2690 illis.
1482 2646 1590 2684 non
1645 2631 1789 2686 enim
1822 2633 2003 2685 sciunt

429 2719 560 2789 quid
591 2718 796 2775 iaciunt
825 2729 873 2775 υ.
915 2739 933 2772 ι

2108 2729 2210 2772 σιν.
2253 2733 2274 2766 ι

501 2809 667 2868 Vens.
711 2813 762 2866 5.
811 2831 828 2862 ι
868 2811 934 2867 Et
970 2823 1271 2882 posuerunt
1304 2814 1564 2870 adversus
1596 2830 1680 2868 me
1719 2815 1861 2868 mala
1904 2830 2000 2884 pro

2173 2810 2236 2859 ε’.
2270 2821 2290 2856 ι
2329 2805 2441 2858 Kal.
2495 2804 2683 2859 ἔθεντο
2731 2803 2856 2860 κατ’
2901 2804 3040 2876 ἐμοῦ
3084 2805 3236 2859 κακὰ
3277 2806 3400 2859 ἀντὶ
3431 2807 3684 2876 ἀγαθῶν,

435 2899 611 2965 bonis,
645 2910 699 2954 et
735 2899 918 2953 odium
965 2915 1064 2968 pro
1096 2900 1388 2954 dilectione
1436 2915 1578 2954 mea.
1621 2919 1638 2952 ι
1684 2899 1793 2970 Ego
1842 2901 2000 2970 igitur

2108 2899 2198 2952 καὶ
2231 2901 2386 2969 μῖσος
2431 2898 2554 2952 ἀντὶ
2595 2898 2645 2932 ⁸³
2691 2897 3026 2968 ἀγαπήσεώς
3068 2915 3191 2967 μου.
3227 2917 3246 2950 ι
3279 2897 3423 2966 Ἐγὼ
3457 2899 3559 2970 μὲν
3589 2896 3684 2953 οὖν

433 2989 582 3058 ipsos
610 2989 891 3045 beneﬂciis
929 2991 1201 3046 cumulari
1233 3009 1246 3045 :
1281 2991 1381 3060 ipsi
1407 3006 1535 3046 vero
1567 2992 1840 3046 contraria
1866 2993 2000 3048 mihi

2108 2990 2306 3053 αὐτοὺς
2359 2989 2709 3059 εὐεργεσίαις
2755 2989 3073 3044 ἐπέκλυσα·
3125 2988 3285 3043 αὐτοὶ
3335 2989 3394 3043 δέ
3451 3007 3522 3061 με
3571 2993 3685 3054 τοῖς

433 3081 818 3152 rependerunt.

2108 3083 2368 3146 ἐναντίοις
2404 3081 2731 3152 ἠμείψαντο.

504 3172 673 3229 Vens.
717 3174 771 3228 6.
816 3192 834 3224 ι
873 3173 1156 3230 Constituc
1187 3191 1349 3244 super
1379 3191 1502 3230 eum
1550 3187 1915 3247 peccatorem,
1950 3188 2000 3235 et

2177 3181 2252 3240 ς’.
2295 3193 2314 3226 ι
2348 3174 2709 3245 Κατάστησον
2735 3173 2821 3227 ἐπ’
2846 3173 3013 3227 αὐτὸν
3053 3174 3402 3247 ἁμαρτωλὸν,
3424 3158 3535 3230 καὶ
3569 3177 3686 3231 διά-

433 3263 688 3318 eiabolus
713 3273 818 3319 stet
865 3280 895 3318 a
925 3266 1162 3320 dexteris
1187 3265 1328 3335 ejus.
1365 3285 1383 3317 ι
1419 3266 1693 3322 Constituc
1731 3269 1869 3323 dixit
1909 3285 2006 3339 pro

433 3358 741 3421 constitues,
785 3365 839 3410 et
868 3366 972 3411 stet
1002 3372 1100 3426 pro
1137 3357 1319 3413 stabit.
1354 3356 1520 3427 hique
1548 3361 1830 3429 perspicue
1864 3362 2005 3417 divi-

437 3465 538 3504 nus
603 3451 928 3519 eVaugelista
1002 3450 1250 3505 docuit°.
1301 3448 1501 3504 Beatus
1555 3453 1700 3506 enim
1765 3453 2007 3511 Joannes

437 3544 827 3615 interregabat,
877 3541 1002 3612 quis
1053 3550 1200 3598 esset
1253 3543 1519 3610 proditor,
1574 3543 1835 3600 Dominus
1880 3562 2006 3602 vero

434 3637 571 3690 dixit
612 3652 628 3689 :
683 3655 702 3687 ι
730 3635 838 3694 (lui
881 3635 1164 3688 intinctam
1220 3634 1516 3688 buccellam
1556 3651 1871 3704 porrexero,
1919 3639 2007 3694 ille

434 3732 558 3789 est;
615 3733 668 3778 et
726 3738 850 3777 cum
921 3721 1271 3787 intinxisset,
1313 3725 1427 3787 ait,
1495 3724 1646 3778 dedit
1702 3724 1893 3792 Judae,
1953 3738 2010 3784 et

437 3825 558 3884 post
596 3814 896 3868 buerellam
940 3813 1186 3868 introivit
1223 3813 1276 3867 in
1303 3830 1428 3868 eum
1465 3814 1719 3884 Satanas,
1763 3836 1781 3870 ι
1819 3818 2007 3876 faciles

437 3904 714 3974 ingressus
761 3900 1061 3961 inveniens.
1106 3901 1225 3973 ipse
1254 3906 1466 3976 1383
1498 3909 1642 3963 enim
1694 3925 1792 3966 sua
1837 3927 2008 3982 spon-

440 4006 491 4050 te
524 3995 589 4049 ad
647 3993 864 4048 Iudaeos
922 3994 1226 4062 accedens,
1295 3999 1617 4068 proditionis
1675 4013 1832 4071 pacta
1881 4021 2004 4060 cum

437 4087 518 4139 eis
553 4085 730 4152 inivit,
774 4094 827 4141 et
863 4095 1049 4156 postea
1085 4088 1272 4142 multis
1307 4090 1536 4147 affectus
1559 4095 1861 4163 beneﬁciis,
1919 4100 2004 4153 in-

440 4188 626 4247 gratus
661 4178 918 4248 perstitit.
948 4176 1267 4234 Voluntarie
1293 4180 1460 4250 igitur
1487 4185 1695 4240 hostem
1731 4188 1783 4242 iu
1816 4199 2009 4246 contu-

443 4270 694 4323 bernium
731 4270 993 4339 suscepit.

2106 3265 2260 3330 δολος
2289 3267 2470 3336 στήτω
2510 3268 2575 3320 ἐκ
2616 3266 2808 3332 δεξιῶν
2835 3265 3027 3322 αὐτοῦ.
3077 3286 3096 3319 ι
3145 3268 3218 3321 Τὸ
3261 3267 3678 3337 κατάστησον,

2105 3360 2226 3413 ἀντὶ
2246 3356 2337 3411 τοῦ
2365 3358 2766 3424 καταστήσεις
2789 3375 2804 3389 ·
2829 3359 2925 3412 καὶ
2950 3359 3150 3428 στήτω
3174 3361 3240 3426 ⁸³,
3272 3361 3397 3415 ἀντὶ
3419 3360 3517 3414 τοῦ
3541 3377 3682 3416 στα.

2106 3450 2355 3519 θήσεται
2374 3467 2388 3480 ·
2420 3450 2510 3503 καὶ
2539 3449 2700 3503 τοῦτο
2729 3451 2777 3483 ⁸⁵
2808 3450 2996 3520 σαφῶς
3029 3453 3182 3523 ἡμᾶς
3208 3453 3237 3505 6
3273 3452 3416 3518 θεῖος
3443 3453 3681 3520 ἐδίδαξεν

2107 3541 2524 3613 εὐαγγελιστής.
2567 3542 2624 3595 ὐ
2659 3542 2756 3613 μὲν
2805 3542 2915 3614 γὰρ
2962 3543 3250 3616 θεσπέσιος
3287 3545 3458 3616 ἤρετο
3499 3545 3680 3600 Ἰωαν-

2106 3651 2227 3704 νης,
2251 3634 2336 3697 τίς
2366 3635 2452 3706 εἴη
2477 3637 2504 3688 ὁ
2524 3635 2789 3706 προδότης
2809 3653 2822 3668 ο
2854 3638 2882 3688 ό
2902 3636 2960 3690 δὲ
2988 3636 3195 3706 Κύριος
3220 3633 3395 3691 εἶπεν·
3429 3656 3449 3689 ι
3490 3631 3563 3709 τῼ
3591 3639 3681 3691 ἐὰν

2108 3724 2360 3795 ἐμϐάψας
2397 3725 2458 3779 τὸ
2484 3726 2696 3797 ψωμίον
2740 3726 3014 3793 ἐπιδώσω,
3050 3729 3213 3791 αὐτός
3261 3730 3411 3781 ἐστι·
3445 3730 3546 3784 καὶ
3587 3730 3681 3800 βά-

2106 3815 2234 3885 ψας,
2272 3816 2460 3886 φησὶν.
2508 3817 2790 3870 ἀπέδωκεν
2823 3817 2869 3850 ⁸⁸
2913 3817 3047 3870 αὐτὸ
3081 3816 3256 3889 Ἰούδᾳ
3295 3816 3377 3851 ⁸⁸·
3405 3819 3504 3872 καὶ
3548 3820 3683 3888 μετὰ

2107 3907 2168 3959 τὸ
2197 3904 2409 3976 ψωμίον
2434 3905 2685 3977 εἰσῆλθεν
2729 3908 2809 3970 είς
2842 3908 3006 3960 αὐτὸν
3034 3910 3062 3962 ό
3092 3909 3361 3974 Σατανᾶς,
3413 3927 3432 3960 ι
3495 3911 3684 3981 εὐτρε-

2109 4001 2230 4060 πεῖς
2258 3997 2302 4028 ⁸⁷
2347 3998 2523 4068 εὑρὼν
2551 3998 2650 4060 τὰς
2697 3999 2954 4061 εἰσόδους.
3005 3998 3342 4071 Αὐθαίρετος
3384 4000 3497 4072 γὰρ
3551 4004 3684 4072 πρὸς

2109 4091 2400 4154 Ἰουδαίους
2443 4091 2718 4154 ἀπελθὼν,
2752 4095 2853 4164 τῆς
2893 4093 3183 4164 προδοσίας
3232 4095 3536 4164 ἐποιήσατο
3587 4094 3685 4157 τὰς

2112 4184 2407 4253 συνθήκας,
2461 4182 2555 4236 καὶ
2613 4183 2838 4247 πολλαῖς
2913 4185 3052 4255 μετὰ
3113 4183 3289 4238 ταῦτα
3341 4185 3685 4254 εὐεργεσίαις

2110 4273 2459 4336 ἐπικλυσθεὶς
2493 4272 2764 4342 ἀγνώμων
2794 4274 3126 4344 μεμένηκεν.
3165 4273 3338 4327 Ἐκὼν
3372 4273 3420 4306 ⁸⁸
3455 4291 3682 4346 τοιγαρ-

2110 4365 2202 4419 οῦν
2233 4365 2482 4419 σύνοικον
2511 4364 2729 4429 ἐδέξατο
2761 4364 2853 4417 τὸν
2893 4364 3184 4436 πολέμιον.

513 4449 674 4504 Vens.
714 4451 765 4503 7.
813 4470 829 4500 ι
866 4449 1000 4503 Cum
1033 4449 1352 4521 judicatur,
1405 4463 1562 4508 exeat
1614 4456 2000 4515 condemnatus

2181 4459 2246 4526 ζ’.
2292 4479 2311 4512 ι
2366 4459 2454 4515 Ἐν
2497 4458 2575 4529 τῷ
2622 4459 2904 4528 κρίνεσθαι
2943 4430 3127 4521 αὐτὸν,
3169 4459 3375 4524 ἐξέλθοι
3405 4460 3686 4514 καταδεδι-

441 4543 583 4614 jpro,
624 4543 834 4615 exibit.)
869 4540 935 4596 Et
964 4544 1140 4600 oratio
1173 4545 1291 4617 ejus
1327 4548 1419 4601 iiat
1453 4548 1505 4602 in
1541 4557 1820 4618 peccatum
1863 4550 2000 4623 [pro,

2108 4551 2379 4620 κασμένος
2406 4549 2549 4622 [ἀντὶ
2586 4549 2705 4613 τοῦ,
2735 4549 3166 4622 ἐξελεύσεται].
3211 4551 3374 4620 Καὶή
3406 4550 3684 4622 προσευχὴ

438 4637 573 4709 [iet].
613 4637 773 4692 Omni
815 4638 958 4691 enim
1003 4640 1355 4693 excusatione
1399 4643 1577 4694 caruit
1620 4645 1884 4711 proditor.
1918 4644 2000 4698 ld-

2110 4642 2272 4696 αὐτοῦ
2294 4641 2532 4710 γενέσθω
2557 4641 2635 4704 είς
2653 4641 2927 4711 ἁμαρτίαν
2946 4640 3090 4712 [ἀντὶ⁸
3125 4641 3241 4704 τοῦ,
3261 4640 3629 4713 γενήσεταιῙ.
3664 4662 3681 4693 ι

438 4730 588 4783 circo
615 4745 738 4784 cum
778 4727 1076 4797 judicatur,
1109 4730 1528 4795 condemnatur,
1568 4741 1621 4786 et
1657 4738 1897 4800 precatio
1940 4738 2000 4793 ab

2108 4736 2295 4806 Πασης
2323 4734 2432 4805 γὰρ
2483 4735 2784 4802 ἀπολογίας
2815 4733 3022 4804 ἕρημος
3054 4735 3081 4786 6
3113 4734 3405 4805 προδότης.
3439 4735 3536 4789 Διὸ
3568 4752 3687 4807 κρι-

441 4823 558 4890 ipso
588 4822 765 4876 oblata
811 4823 1248 4877 criminationem
1285 4825 1523 4894 augebit.
1570 4823 1688 4880 Non
1730 4830 1874 4884 enim
1909 4831 2000 4885 be-

2109 4830 2330 4898 νόμενος
2379 4827 2794 4897 κατακρίνεται,
2841 4828 2938 4880 καὶ
2973 4826 3478 4898 ἡιπροσφερομένη
3517 4828 3610 4880 ὑπ’
3640 4829 3684 4862 ⁸³

441 4914 617 4968 neticii
668 4924 946 4968 auctorem
999 4915 1322 4982 ignorabat,
1402 4915 1512 4969 imo
1564 4917 1763 4974 divinis
1832 4923 1993 4976 etiam

2111 4921 2274 4977 αὐτοῦ
2321 4919 2636 4990 προσευχὴ*
2696 4919 2795 4989 τὴν
2854 4919 3192 4990 κατηγορίαν
3250 4917 3429 4984 αὐξει.
3469 4920 3549 4974 Οὐ
3579 4921 3684 4991 γὰρ

438 5004 646 5075 potitus
689 5015 774 5060 est
822 5005 1134 5074 colloquiis,
1185 5006 1659 5079 maximorumque
1709 5012 2000 5069 miraculo-

2110 5016 2296 5085 ἠγνόει
2333 5013 2424 5065 τὸν
2450 5008 2766 5080 εὐεργέτην,
2791 5009 2926 5064 ἀλλὰ
2945 5011 3038 5063 καὶ
3069 5009 3180 5066 τῶν
3209 5009 3370 5065 θείων
3401 5011 3684 5084 ἀπήλαυσε

511 5178 549 5206 ω
573 5167 732 5222 Joan.
763 5183 862 5232 xu,
893 5169 946 5224 5.
1021 5176 1050 5204 τι
1076 5167 1210 5224 Luc.
1241 5185 1395 5238 mu,
1427 5170 1516 5225 54.
1592 5181 1613 5202 ο
1642 5171 1800 5227 Joan.
1838 5190 1957 5242 xm,
1986 5180 2057 5236 ‘25
2091 5193 2205 5248 seq.

1492 5306 1726 5362 VARUE
1765 5309 2142 5366 LECTIONES
2194 5308 2279 5362 ET
2321 5305 2561 5362 ΝΟΤίΕ.

505 5403 551 5433 ⁷⁸
577 5402 628 5454 '0
649 5401 1212 5473 -παρασιωπήσῃς
1246 5403 1406 5458 Hebr.
1435 5403 1479 5459 0
1513 5403 1646 5458 Deus
1677 5405 1851 5459 laudis
1885 5423 2028 5469 mere,
2063 5423 2124 5459 ue
2147 5415 2341 5458 taceas.
2368 5403 2442 5456 Ita
2472 5402 2671 5456 habent
2701 5399 2843 5468 Aqu.
2875 5406 2929 5452 et
2956 5397 3164 5467 Symm.
3202 5394 3305 5450 Sed
3340 5378 3682 5473 Theodotion

438 5486 686 5567 eamdem
743 5501 907 5567 quam
964 5487 1015 5539 οἱ
1073 5463 1172 5567 0'.:
1205 5487 1920 5567 deditniuterpretationem:

2108 5490 2224 5567 cod.
2280 5489 2301 5541 1
2356 5486 2722 5567 ανθρωπείας.
2767 5463 2878 5567 ‘1‘,“
2921 5463 3234 5567 ane-uox.
3291 5477 3453 5567 llebr;
3517 5463 3681 5540 H5511.

437 5548 795 5632 ¹¹¹ιΣτᾳιιρ9ὗἐ
823 5556 990 5610 Abest
1012 5572 1051 5632 _a
1074 5557 1288 5632 c_od._i_.
1317 5626 1337 5632 Α
1356 5558 1405 5632 ξδ’
1441 5548 1640 5632 Ἀντί.-
1664 5557 1910 5632 lucod._i
1934 5575 2000 5612 εει

2115 5559 2407 5632 cﬁ_;,_‘utiu
2441 5548 2589 5632 textu
2627 5555 2734 5632 τῶν
2766 5552 2842 5606 0'.
2920 5551 2974 5632 ἢ
3007 5549 3232 5632 Στῆήτεο.
3270 5549 3389 5603 cod.
3426 5548 3452 5628 ξ
3495 5565 3677 5632 praem.

439 5626 518 5678 τό.
597 5620 887 5678 ³θ’Τοῦτο.
924 5627 1046 5680 eod.
1093 5627 1116 5679 1
1161 5625 1286 5681 add.
1312 5626 1390 5680 δέ.
1461 5628 1506 5658 ⁸³
1545 5629 1665 5682 cod.
1711 5630 1731 5681 1
1775 5629 2000 5681 ὲπέδωκ;

2147 5620 2193 5659 ⁸³
2228 5627 2442 5681 Ἰούδα.
2483 5626 2604 5680 cod.
2636 5625 2875 5690 iprrem.
2907 5620 3003 5690 τῷ.
3041 5688 3054 5690 _
3077 5620 3120 5650 ³⁷
3156 5620 3502 5690 Εὑτρεπεῖς.
3538 5620 3680 5673 lianc

440 5696 723 5766 lectionem
762 5695 936 5766 codici
981 5698 1116 5766 Aug.
1155 5698 1172 5750 l
1238 5697 1520 5753 debemus.
1564 5697 1719 5752 Prior
1757 5699 1924 5754 editio
1988 5699 2000 5751 Ι

2108 5697 2218 5752 3bat
2283 5698 2602 5766 εὐπρεπεῖς.
2681 5688 2726 5726 δ”
2769 5688 2973 5748 Ἐκώι·.
3040 5688 3098 5744 In
3155 5691 3276 5745 cod.
3321 5689 3336 5742 Ι
3387 5692 3678 5760 apponitur

440 5766 619 5820 colon.
699 5765 743 5798 ⁸³
971 5765 1090 5822 cod.
1135 5768 1155 5820 i
1204 5766 1350 5836 παρ’.
