3924 6486
207 300 344 364 1757

1578 303 1660 362 ΙΝ
1681 303 1892 364 PSAL;
1919 305 2129 364 CVIII.

3345 299 3480 364 1⁸758

203 416 408 482 λόγων,
439 416 531 468 καί
570 414 870 482 θαυμάτων
904 414 1176 484 μεγίστων
1206 414 1266 468 οὐ
1306 415 1467 484 μόνον
1493 416 1793 486 αὐτόπτης,

1941 435 2021 472 um
2061 435 2169 473 non
2202 419 2368 474 modo
2409 429 2683 490 spectator
2730 420 2846 490 ipse
2896 420 3016 482 fuit,
3073 435 3263 475 verum
3309 419 3477 473 etiam

207 507 345 562 ἀλλὰ
381 508 476 561 καὶ
516 507 816 577 αὐτουργὸς
850 505 1090 575 ἐγένετο,
1134 507 1266 577 παρ’
1311 505 1477 559 αὑτοῦ
1508 505 1608 579 τὴν
1640 507 1795 570 ἐξου-

208 600 331 654 σίαν
368 599 578 653 λαϐὼν.
1029 652 1031 654 ,

283 697 354 763 η’.
407 712 427 744 ι
479 690 874 763 Γενηθήτωσαν
922 693 979 744 αἰ
1020 690 1224 762 ἡμέραι
1270 692 1436 746 αὑτοῦ
1465 691 1668 760 ὀλίγαι,
1702 690 1799 744 καὶ

209 784 310 854 τὴν
369 783 682 854 ἐπισκοπὴν
726 782 891 836 αὑτοῦ
934 780 1090 835 λάϐοι
1127 783 1337 852 ἕτερος.
1376 803 1394 834 ι
1439 783 1549 836 Καὶ
1588 781 1725 852 αὕτη
1763 782 1796 851 ἡ

213 877 524 948 πρόρρησις
547 876 607 929 τὸ
626 875 779 938 τέλος
819 874 1039 940 ἐδέξατο
1059 891 1073 904 ·
1108 875 1270 936 αὐτὸς
1299 874 1408 945 γὰρ
1449 875 1796 945 παραχρῆμα

215 969 302 1022 τὸν
317 969 412 1022 διὰ
431 969 530 1039 τῆς
545 967 781 1038 ἀγχόνης
805 967 1072 1036 ὑπέμεινε
1097 967 1354 1030 θάνατον,
1379 965 1474 1020 καὶ
1496 968 1524 1019 ὁ
1548 964 1798 1028 Ματθίας

216 1059 336 1116 ἀντὶ
370 1059 587 1112 ἐκείνου
616 1057 838 1128 ταχθεὶς
866 1063 958 1111 τὸν
984 1058 1090 1111 τῶν
1129 1057 1446 1112 ἀποστόλων
1477 1057 1801 1128 ἐπλήρωσεν

218 1153 340 1224 ἁριθ
351 1154 478 1223 μόν.

287 1244 353 1298 θ’.
414 1263 432 1294 ι
476 1243 871 1314 Γενηθήτωσαν
911 1243 960 1296 οἰ
1004 1242 1112 1297 υἱοὶ
1159 1241 1325 1296 αὐτοῦ
1360 1242 1608 1313 ὀρφανοὶ,
1646 1241 1799 1311 καὶὴ

219 1337 356 1409 γυνὴ
385 1336 556 1392 αὐτοῦ
592 1339 758 1408 χήρα.
793 1357 812 1388 ›
855 1335 1041 1390 Ταῦτα
1064 1337 1123 1389 ού
1152 1336 1230 1406 τῷ
1258 1336 1428 1406 Ἰούδᾳ
1453 1335 1638 1405 μόνον,
1666 1333 1804 1387 ἀλλὰ

221 1433 314 1486 καὶ
370 1433 509 1485 πᾶσι
543 1433 657 1494 τοῖς
704 1431 956 1494 ἀπίστοις
991 1428 1191 1501 συνέϐη
1226 1427 1527 1487 Ἰουδαίοις.
1567 1425 1801 1493 Ὀλίγων

221 1524 332 1596 γὰρ
366 1523 513 1595 μετὰ
554 1523 646 1576 τὸν
682 1522 918 1593 σταυρὸν
953 1521 1273 1574 διελθόντων
1315 1511 1473 1584 ἑτῶν,
1503 1518 1805 1571 ἀνάστατον

225 1618 374 1672 ἅπαν
422 1616 486 1668 τὸ
524 1616 682 1684 γένος
718 1616 763 1647 ⁹⁰
793 1614 1011 1682 ἐγένετο
1036 1629 1048 1643 ·
1081 1613 1176 1667 καὶ
1210 1613 1258 1665 οἱ
1306 1611 1404 1682 μὲν
1433 1609 1802 1680 ἀνῃρέθησαν,

225 1710 282 1761 αἱ
333 1708 394 1761 δὲ
437 1708 648 1760 τούτων
698 1707 960 1774 γυναῖκες
997 1704 1134 1774 μετὰ
1161 1703 1269 1756 τῶν
1308 1702 1514 1756 παίδων
1548 1699 1806 1769 ἐξηνδρα-

1898 519 2170 579 operator,
2215 526 2340 566 cum
2372 510 2439 564 ab
2481 510 2600 579 ipso
2631 506 2957 579 potestatem
2989 511 3315 580 accepisset.

1971 685 2137 741 Vens.
2179 686 2233 742 8.
2280 706 2298 738 ι
2341 685 2502 741 Fiant
2531 685 2653 741 dies
2682 685 2802 754 ejus
2841 685 3026 754 pauci,
3064 693 3120 738 et
3154 699 3355 738 munus
3389 684 3479 738 cui

1898 778 2114 849 praefuit
2150 778 2381 848 accipiat
2424 779 2584 832 alter.
2633 797 2651 829 ι
2701 777 2767 830 Et
2810 777 2926 831 haec
2962 776 3283 831 vaticinatio
3318 791 3478 831 suum

1902 873 2100 926 sortita
2131 882 2215 927 est
2246 873 2431 926 linem.
2464 870 2587 940 Ipse
2626 871 2772 926 enim
2805 870 3071 923 continuo
3097 884 3194 938 per
3225 869 3479 936 laqueum

1902 973 2132 1016 mortem
2163 975 2450 1029 perpessus
2479 969 2582 1022 est,
2619 966 2673 1013 et
2705 955 2960 1012 Matthias
2994 958 3115 1011 loco
3150 957 3296 1012 illius
3328 957 3479 1012 ordi-

1903 1063 2085 1119 natus,
2119 1053 2492 1123 apostolorum
2525 1051 2771 1120 implevit
2799 1064 3090 1104 numerum
3113 1061 3160 1102 Ρ.

1973 1233 2137 1290 Vens.
2180 1233 2233 1289 9.
2283 1252 2301 1284 ‹
2337 1231 2498 1286 Fiant
2531 1229 2624 1285 lilii
2654 1230 2772 1299 ejus
2805 1229 3060 1299 orphani,
3102 1237 3155 1284 et
3190 1244 3330 1282 uxor
3361 1228 3482 1297 ejus

1903 1328 2084 1382 vidua.
2125 1346 2142 1377 ι
2184 1325 2304 1381 Haec
2338 1341 2443 1379 non
2473 1323 2627 1378 Judaa
2659 1323 2844 1385 modo,
2881 1336 3073 1374 verum
3106 1320 3270 1373 etiam
3305 1321 3483 1372 omni-

1905 1420 2008 1474 bus
2047 1419 2263 1488 perlidis
2293 1415 2494 1470 Judwis
2526 1423 2855 1482 congruunt.
2895 1410 3093 1464 Paucis
3131 1410 3277 1464 enim
3325 1409 3484 1464 annis

1907 1518 2030 1582 post
2085 1524 2302 1564 crucem
2353 1507 2579 1576 elapsis,
2634 1513 2744 1558 tota
2801 1518 2990 1557 eorum
3045 1501 3196 1554 natio
3251 1501 3484 1554 extorris

1907 1593 2049 1658 facta
2098 1611 2208 1668 est,
2257 1612 2311 1656 et
2351 1601 2402 1654 hi
2457 1598 2676 1669 quidem
2732 1595 3020 1657 trucidati,
3078 1593 3271 1646 horum
3309 1595 3326 1614 "
3359 1607 3485 1646 vero

1909 1712 2110 1751 uxores
2149 1711 2276 1751 cum
2327 1695 2452 1748 (iliis
2500 1694 2555 1746 in
2591 1691 2908 1746 servitutem
2953 1687 3204 1742 abductae
3243 1686 3483 1739 fuerunt.

229 1797 587 1869 ποδίσθησαν.
610 1765 780 1848 Τούτο
811 1795 910 1864 μὲν
934 1765 976 1844 εἰί
997 1765 1090 1846 καὶ
1119 1795 1147 1846 ό
1174 1791 1513 1863 προφητικὸς
1535 1765 1738 1861 ηΰξατο
1762 1790 1806 1820 ⁹¹

1941 1791 1979 1845 1t
2010 1791 2110 1844 hoc
2139 1803 2355 1859 quoque
2385 1785 2735 1857 propheticus
2761 1795 2944 1837 sermo
2977 1789 3228 1849 precatus
3268 1788 3375 1832 est.

226 1890 407 1957 λόγος.

302 1988 356 2035 ι’.
407 2001 424 2032 ι
458 1979 817 2050 Σαλευόμενοι
854 1978 1349 2048 μεταναστήτωσαν
1391 1975 1439 2006 ⁸³
1484 1974 1534 2027 οί
1565 1972 1674 2026 υἰοὶ
1711 1973 1812 2025 αὑ-

229 2074 347 2138 τοῦ,
396 2075 495 2129 καὶ
548 2073 1023 2145 ἐπαιτησάτωσαν,
1067 2072 1162 2124 καὶ
1191 2070 1238 2102 9"
1271 2068 1698 2140 ὲκϐληθήτωσαν
1749 2068 1813 2119 ἐκ

232 2169 340 2222 τῶν
393 2167 693 2222 οἰκοπέδων
744 2164 949 2220 αὐτῶν.
989 2183 1006 2214 ι
1053 2165 1123 2216 Ἢ
1156 2162 1298 2216 κατά
1325 2163 1455 2224 τοὺς
1487 2161 1705 2224 ἄλλους,
1744 2159 1814 2212 ἐκ

232 2257 350 2312 τῶν
378 2257 654 2324 ἐρειπίων
668 2253 867 2310 αὐτῶν
887 2254 954 2304 ³⁸.
984 2251 1311 2306 Καυθεισῶν
1336 2250 1444 2320 γὰρ
1468 2249 1576 2302 τῶν
1602 2249 1815 2314 οἰκιῶν,

235 2352 331 2403 καὶ
372 2348 698 2412 οἰκοπέδων,
749 2347 782 2418 ἢ
817 2345 1078 2416 ἐρειπίων
1111 2345 1443 2414 γενομένων,
1482 2343 1532 2395 οἱ
1598 2341 1696 2412 μὲν
1723 2341 1819 2393 ἀν-

241 2443 518 2515 ῃρέθησαν
535 2441 644 2496 τῶν
666 2438 989 2513 οἰκητόρων,
1022 2439 1073 2492 oi
1124 2438 1182 2491 δὲ
1215 2435 1602 2508 ἀπηνέχθησαν
1654 2434 1818 2506 δορυ-

237 2536 461 2591 ἁλωτοι.

307 2626 400 2682 ια’.
448 2646 468 2678 ι
522 2624 964 2695 Ἐξερευνησάτω
1011 2623 1057 2655 ⁸⁸
1101 2619 1390 2692 δανειστὴς
1434 2617 1614 2672 πάντα
1644 2617 1690 2648 ⁸⁷
1718 2616 1822 2668 ὅσα

243 2723 484 2794 ὑπάρχει
513 2720 683 2792 αὐτῷ.
719 2739 739 2772 ι
792 2718 852 2773 Ὀ
884 2719 942 2771 δὲ
971 2716 1264 2788 Σύμμαχος
1296 2713 1487 2775 οὕτως’
1519 2709 1823 2780 Συγκρού-

239 2831 344 2870 σαι
395 2811 673 2884 πράκτωρ
724 2811 921 2865 πάντα
963 2809 1036 2864 τὰ
1070 2807 1420 2875 ὑπάρχοντα
1447 2801 1632 2868 αὐτῷ.
1670 2800 1823 2870 Πρά-

242 2921 454 2976 κτωρες
483 2904 541 2958 δὲ
573 2904 666 2957 καὶ
693 2904 742 2956 οἱ
779 2900 1072 2970 Ῥωμαίων
1109 2897 1375 2968 βασιλεῖς,
1418 2895 1511 2946 τὸν
1535 2891 1824 2962 ἐπικείμε-

243 3014 330 3051 νον
374 2994 831 3066 εἰσπραττόμενοι
884 2994 1072 3062 φόρον.
1122 2983 1282 3042 Οὗτοι
1343 2986 1400 3039 δὲ
1429 2985 1499 3038 τὰ
1542 2983 1822 3037 Ἰουδαίων

243 3084 558 3156 διήρπασαν
607 3083 846 3144 ἅπαντα,
899 3078 1144 3150 ἀκριϐῶς
1184 3078 1602 3148 ἐρευνήσαντες,
1633 3074 1709 3137 ὡς
1730 3073 1826 3126 καλ⁸

245 3176 312 3228 τὰ
343 3173 710 3246 κεκρυμμένα
737 3172 919 3243 εὑρεῖν
952 3187 1012 3222 τε
1068 3169 1164 3223 καὶ
1198 3165 1647 3239 σφετερίσασθαι.

321 3286 343 3321 ι
384 3268 495 3321 Καὶ
524 3263 990 3335 διαρπασὰτωσαν
1021 3261 1298 3331 ἀλλότριοι
1329 3261 1453 3322 τοὺς
1492 3257 1688 3319 πόνους
1722 3254 1824 3308 αὐ-

247 3358 369 3413 τοῦ.
565 3357 655 3428 Μὴ
692 3355 992 3426 ὑπαρξάτω
1025 3353 1172 3423 αὐτῷ
1202 3352 1552 3422 ἀντιλήπτωρ
1583 3349 1651 3413 ⁸⁸,
1697 3346 1830 3418 μηδὲ

250 3447 541 3519 γενηθήτω
573 3445 875 3515 οἰκτίρμων
903 3445 1016 3506 τοῖς
1047 3442 1301 3512 ὀρφανοῖς
1325 3438 1514 3493 αὐτοῦ.
1555 3457 1572 3489 ι
1614 3435 1832 3488 Τούτων

249 3540 304 3593 δὲ
353 3537 680 3608 γινομένων,
728 3535 824 3588 καλ¹
854 3535 962 3587 τῶν
997 3532 1270 3602 πολεμίων
1299 3531 1369 3583 τὰ
1397 3528 1612 3590 τούτοις
1641 3542 1829 3597 προσ-

253 3632 462 3702 ήκοντα
530 3629 958 3698 διανεμομένων,
1027 3624 1200 3688 οὐδεὶς
1276 3623 1460 3687 αύτοίς
1539 3621 1835 3689 ἐπίκουρος

1985 1970 2148 2024 Vens.
2193 1967 2280 2022 10.
2328 1986 2346 2018 ι
2385 1966 2650 2019 Nutantes
2693 1959 3096 2016 transferantur
3138 1957 3232 2012 ﬁlii
3267 1957 3407 2024 ejus,
3437 1963 3493 2008 et

1914 2065 2258 2127 mendicent,
2317 2069 2370 2114 et
2425 2059 2711 2128 ejiciantur
2767 2054 2836 2108 de
2893 2052 3040 2106 areis
3092 2050 3488 2103 habitationum

1916 2174 2138 2216 suarum
2157 2198 2171 2221 ,
2206 2175 2227 2209 ι
2258 2155 2344 2211 vel
2374 2153 2672 2209 secundum
2701 2151 2855 2212 alios,
2879 2161 2944 2200 ex
2973 2145 3248 2198 ruderibus
3278 2141 3493 2211 1384

1913 2252 2046 2306 suis.
2095 2249 2340 2304 Incensis
2382 2245 2526 2300 enim
2577 2234 2860 2303 domibus,
2905 2245 2960 2292 et
3001 2235 3165 2299 areis,
3210 2235 3293 2289 vel
3333 2234 3494 2286 rude-

1919 2343 2073 2398 ribus
2122 2341 2348 2404 relictis,
2379 2353 2444 2392 et
2493 2331 2890 2390 habitatoribus
2920 2327 3012 2382 alii
3045 2325 3193 2391 caesi,
3242 2325 3334 2378 alii
3367 2338 3494 2377 vere

1919 2434 2116 2504 captivi
2146 2431 2362 2488 abducti
2398 2430 2573 2485 fuere.
3191 2407 3205 2419 ’

1991 2619 2156 2674 Vens.
2210 2615 2296 2670 11.
2363 2631 2387 2664 ι
2432 2611 2720 2667 Serutetur
2771 2605 3051 2660 fenerator
3095 2611 3316 2654 omnem
3371 2592 3501 2648 sub-

1925 2712 2178 2769 stantiam
2212 2708 2353 2778 ejus.
2383 2724 2400 2756 ι
2437 2700 2802 2774 Symmachus
2835 2704 3016 2751 autem
3051 2692 3171 2748 sic:
3209 2687 3493 2743 Concutiat

1923 2814 2140 2861 exactor
2183 2801 2362 2857 omnia
2405 2812 2522 2868 qua:
2567 2802 2691 2848 sunt
2737 2791 2925 2859 ipsius.
2972 2788 3272 2842 Exactores
3317 2787 3501 2835 autem

1926 2908 2055 2956 sunt
2085 2912 2239 2966 reges
2273 2894 2665 2949 Romanorum,
2713 2885 2994 2953 exigentes
3043 2875 3361 2946 impositum
3395 2871 3500 2925 tri-

1928 2961 2238 3046 butumfﬂi
2271 2997 2398 3040 vero
2429 2991 2597 3036 totam
2635 2976 2951 3032 Judaeorum
2991 2970 3339 3037 diripuerunt
3373 2961 3505 3018 sub-

1928 3082 2210 3144 stantiam,
2239 3078 2527 3147 diligenter
2557 3075 2890 3130 scrutantes,
2924 3074 2984 3119 ut
3017 3071 3072 3116 et
3109 3058 3323 3116 occulta
3348 3057 3503 3110 inve-

1927 3175 2130 3234 nirent,
2170 3180 2224 3225 et
2254 3169 2359 3224 sibi
2393 3165 2757 3220 vindicarent.

2003 3285 2021 3317 ι
2058 3264 2124 3318 Et
2169 3261 2446 3331 diripiant
2487 3255 2648 3310 alieni
2704 3251 2918 3306 labores
2967 3245 3109 3316 ejus.
3152 3241 3348 3316 [Ῡειιε.
3392 3235 3506 3309 12.]

1929 3355 2048 3411 Non
2082 3357 2154 3410 sit
2188 3354 2268 3407 illi
2299 3351 2539 3420 adjutor,
2569 3361 2670 3400 nec
2696 3345 2766 3398 sit
2793 3342 2887 3412 qui
2919 3339 3245 3394 misereatur
3275 3331 3513 3402 pupillo—

1933 3464 2054 3504 rum
2083 3447 2224 3516 ejus.
2263 3464 2282 3496 ›
2337 3442 2434 3497 llis
2464 3455 2593 3494 vero
2622 3435 2900 3509 perfectis,
2931 3442 2986 3486 et
3018 3429 3267 3485 hostibus
3301 3439 3390 3479 res
3429 3422 3514 3476 di-

1933 3541 2286 3604 videntibus,
2339 3549 2462 3606 quae
2509 3532 2575 3587 ad
2632 3531 2758 3584 illos
2811 3525 3170 3596 spectabant,
3235 3533 3394 3606 nemo
3433 3516 3514 3606 eis

1937 3630 2154 3699 adjutor
2182 3601 2310 3691 erit,
2344 3601 2521 3691 neque
2551 3634 2740 3674 eorum
2772 3614 2928 3669 liberi
2965 3605 3339 3665 misericordia
3363 3601 3514 3673 digni

256 3725 435 3790 ἔσται,
488 3723 608 3777 οὐδὲ
656 3720 874 3792 φειδοῦς
923 3719 1102 3773 αὐτῶν
1156 3720 1206 3771 οἱ
1263 3716 1451 3781 παῖδες
1507 3713 1823 3784 ἀξιωθήσον·

1941 3719 2306 3774 habebuntur.

255 3834 340 3870 ται

261 4015 375 4060 σιν,
420 3997 481 4048 ὲν
503 3996 667 4066 γενεᾷ
704 3996 803 4066 μιᾷ
832 3997 876 4027 ⁹⁹
900 3991 1249 4062 ἐξαλειφθείη
1291 3989 1350 4042 τὸ
1387 3988 1558 4058 ὄνομα
1593 3985 1784 4039 αὑτοῦ.
1817 4003 1836 4036 ι

260 4087 693 4160 Τεσσαράκοντα
741 4087 851 4157 γὰρ
897 4087 956 4138 οὐ
1006 4083 1324 4138 διελθόντων
1363 4079 1649 4142 ἐνιαυτῶν,
1709 4094 1846 4130 παν-

332 3905 426 3974 ιγ’.
485 3925 501 3955 ι
561 3903 853 3974 Γενηθήτω
890 3903 961 3957 τὰ
1007 3901 1174 3955 τέκνα
1205 3897 1368 3954 αὐτοῦ
1412 3899 1492 3961 είς
1527 3895 1841 3967 ὲξολόθρευ-

2013 3889 2179 3944 Vens.
2221 3886 2308 3940 15.
2357 3903 2376 3936 ι
2415 3882 2536 3936 Nati
2576 3880 2698 3949 ejus
2742 3875 3148 3944 exstirpentur:
3187 3869 3242 3922 in
3289 3878 3518 3937 genera-

1945 3983 2089 4037 tione
2143 3995 2249 4034 una
2292 3978 2540 4032 deleatur
2583 3986 2781 4026 nomen
2829 3968 2966 4037 ejus.
3009 3985 3028 4016 ι
3087 3964 3221 4018 Nam
3277 3959 3519 4014 nondum

1946 4074 2303 4146 quadraginta
2340 4068 2501 4124 annis
2542 4066 2767 4134 elapsis,
2805 4061 3118 4116 Judaeorum
3168 4053 3400 4125 populus
3433 4065 3522 4105 ex-

263 4146 542 4251 ωλεθρίαν
591 4146 886 4250 ὑπέμεινεν
912 4180 941 4230 ὁ
982 4176 1249 4230 Ἰουδαίων
1297 4174 1446 4239 λαὸς,
1498 4173 1592 4226 καὶ
1627 4171 1726 4226 οὐκ
1764 4169 1822 4222 ἔτ

1948 4178 2175 4223 tremam
2213 4161 2639 4218 internecionem
2687 4155 2871 4211 subiit.
2915 4153 2980 4205 Et
3019 4165 3126 4204 non
3160 4146 3396 4216 amplius
3427 4157 3524 4212 per

266 4273 393 4327 καθ’
425 4272 652 4332 ἑαυτοὺς
693 4268 1089 4332 πολιτεύονται,
1115 4266 1236 4320 οὐδὲ
1266 4263 1502 4327 οἰκείους
1531 4263 1715 4332 ἔχουσι
1751 4261 1849 4332 βα-

1949 4275 2008 4316 se
2044 4259 2188 4328 ipsos
2213 4251 2606 4323 rempublicam
2637 4247 3043 4306 administrant,
3073 4254 3249 4309 neque
3273 4235 3524 4306 proprios

271 4364 444 4424 σιλεῖς
485 4379 544 4415 τε
576 4328 671 4414 καὶ
692 4361 985 4430 ἄρχοντας,
1020 4328 1142 4411 οὐδὲ
1164 4328 1603 4427 πολυθρύλλητον
1633 4328 1823 4424 ἐκείνη·

1951 4352 2155 4406 habent
2199 4361 2375 4418 reges,
2433 4352 2488 4398 et
2539 4341 2837 4413 principes,
2881 4350 3056 4405 neque
3109 4328 3520 4386 celeberrimam

274 4418 631 4525 μητρόπολιν,
863 4418 1145 4522 κατὰ
1198 4418 1359 4516 νόμον
1396 4418 1703 4499 ἐπιτελοῦσι
1750 4418 1818 4498 λα

1956 4446 2101 4500 illam
2132 4437 2498 4509 metropolim,
2543 4448 2720 4504 neque
2762 4429 3061 4485 secundum
3109 4427 3277 4493 legem
3317 4418 3522 4474 cultum

271 4546 485 4616 τρείαν,
539 4544 675 4598 ἀλλὰ
718 4544 928 4614 φροῦδα
961 4542 1140 4595 πάντα
1178 4541 1380 4604 ἐκεῖνα,
1412 4539 1506 4592 καὶ
1530 4539 1564 4608 ἡ
1599 4537 1851 4602 κιϐωτὸς,

1955 4537 2292 4608 perﬁciunt:
2331 4531 2427 4586 sed
2459 4543 2601 4582 vana
2636 4522 2818 4579 omnia
2858 4521 2946 4575 illa
2992 4527 3140 4578 sunt,
3193 4523 3244 4567 et
3294 4526 3442 4566 arca.
3473 4515 3530 4561 et

275 4639 371 4691 καὶ
423 4638 481 4690 αἱ
513 4635 742 4700 πλάκες,
771 4635 865 4688 καὶ
901 4634 968 4686 τὰ
999 4633 1105 4686 τῶν
1147 4630 1430 4700 Χερουϐὶμ
1457 4628 1823 4698 ὲκτυπώματα

1957 4599 2176 4693 tabulae,
2227 4631 2283 4678 et
2335 4619 2772 4676 Clieruhinorum
2821 4609 3058 4679 eiligies,
3112 4613 3165 4658 et
3211 4599 3531 4700 pr0pitiatti-

278 4730 374 4782 καὶ
413 4729 476 4780 τὸ
505 4727 842 4798 ἱλαστήριον,
863 4727 956 4779 καὶ
981 4726 1014 4794 ἡ
1045 4723 1257 4792 λυχνία.
1296 4722 1390 4775 καὶ
1429 4722 1444 4752 ¹
1472 4720 1533 4772 τὸ
1561 4719 1857 4791 θυσιαστήο

284 4837 420 4890 ριον,
469 4821 563 4874 καὶ
591 4822 625 4890 ἠ
660 4816 1023 4891 ἀρχιερατικὴ
1051 4814 1359 4885 στολὴμκαὶ
1387 4813 1456 4866 τὰ
1490 4812 1628 4867 ἄλλα
1673 4813 1852 4866 πάντα

284 4914 386 4966 ὅσα
433 4912 685 4965 θεόσδοτα
725 4910 856 4981 παρ’
905 4910 1088 4972 αὐτοῖς
1142 4909 1235 4961 καὶ
1267 4904 1630 4977 περίϐλεπτα.

358 5004 441 5059 ιδ’.
490 5023 508 5055 ι
557 5001 958 5074 Ἀναμνησθείη
982 5002 1016 5072 ἠ
1047 4999 1248 5070 ἀνομία
1268 4999 1375 5051 τῶν
1406 4997 1660 5068 πατέρων
1689 4994 1857 5049 αὐτοῦ

291 5097 469 5150 ἔναντι
503 5095 732 5166 Κυρίου,
765 5095 862 5148 καὶ
889 5095 922 5165 ἠ
955 5093 1199 5164 ἁμαρτία
1228 5090 1330 5160 τῆς
1360 5089 1566 5161 μητρὸς
1593 5086 1760 5142 αὑτοῦ
1787 5087 1865 5158 μὴ

293 5188 664 5259 ἐξαλειφθείη.
704 5207 722 5239 ι
756 5187 1015 5258 Πατέρων
1053 5183 1223 5254 ἀρετὴ
1268 5182 1531 5245 πολλάκις
1561 5179 1658 5235 καὶ
1683 5179 1868 5250 πλημ-

367 5361 396 5401 r
424 5351 544 5406 Act.
580 5367 619 5412 ι,
652 5349 742 5414 18,
771 5348 863 5402 26.

1958 4720 2098 4774 rium
2126 4687 2246 4783 ,ret
2292 4709 2681 4768 candelabrum
2708 4745 2723 4770 ,
2784 4712 2837 4757 et
2876 4701 3065 4763 altare,
3103 4702 3156 4749 et
3202 4687 3534 4762 pontiticalis

1963 4810 2146 4883 vestis,
2177 4815 2230 4862 et
2253 4806 2358 4859 alia
2384 4801 2589 4865 omnia,
2614 4812 2734 4868 quae
2763 4791 2996 4849 illustria
3021 4805 3053 4843 a
3084 4789 3195 4841 Deo
3226 4785 3275 4838 ei
3305 4779 3534 4852 praebita

1966 4903 2204 4957 fuerunt.

2043 4991 2204 5044 Vens.
2252 4989 2338 5042 14.
2385 5004 2404 5038 ι
2450 4985 2508 5038 in
2557 4979 2874 5036 memoriam
2921 4974 3104 5030 redeat
3136 4968 3400 5039 iniquitas
3443 4979 3538 5034 pa-

1973 5068 2117 5138 trum
2146 5082 2268 5151 ejus
2301 5080 2353 5131 in
2393 5083 2684 5144 conspectu
2723 5069 2958 5132 Domini,
3004 5076 3059 5118 et
3104 5070 3387 5133 peccatum
3419 5071 3538 5110 ma-

1970 5177 2069 5232 tris
2098 5175 2218 5244 ejus
2251 5169 2464 5242 1385
2498 5183 2566 5222 ne
2600 5166 2899 5220 deleatur.»
2927 5160 3157 5212 Paterna
3198 5154 3370 5208 virtus
3399 5161 3542 5216 saepe

1341 5432 1578 5490 νΑιιιΑι
1637 5429 2016 5488 LECTIONES
2063 5429 2148 5483 ET
2185 5425 2414 5482 NOTAE.

368 5569 416 5599 ‘°
457 5563 666 5628 Γάνος.
708 5561 827 5617 cod.
867 5559 1084 5623 Ιὲονος.

1159 5558 1202 5590 ’ί
1232 5555 1379 5610 Μέν.
1443 5553 1566 5608 cod.
1608 5556 1628 5607 l
1691 5553 1769 5608 δέ.
1843 5553 1888 5585 ⁹²
1921 5551 2041 5606 cod.
2086 5551 2108 5603 Ι
2162 5547 2400 5618 ᾐνίξατο.

303 5613 704 5716 υαειειιιιιι·ἒ
718 5633 834 5716 ,βαι
871 5659 936 5671 -
961 5613 1474 5716 αρὲῷνῖιιτξθὺτὴςι
1498 5633 1735 5716 ᾳιιωνανιι
1783 5623 1823 5692 (s

1941 5623 2010 5692 m)
2041 5637 2067 5674 e
2093 5613 2220 5702 locis
2266 5619 2375 5671 suis
2406 5613 2678 5716 desolatis,
2721 5625 2812 5712 ἑο.

2503 5543 2548 5580 ³³
2580 5543 2794 5595 Σαλευ.
2849 5552 3058 5606 parur.
3104 5533 3270 5588 llehr.
3298 5532 3544 5606 pagana?

2843 5598 3195 5677 prodeuntes.
3270 5603 3316 5636 9‘
3347 5598 3468 5677 cod.
3495 5598 3537 5677 _-l

306 5670 365 5693 νυ
401 5670 576 5690 num.
665 5687 670 5694 ,
727 5670 834 5686 ..νη
873 5670 890 5671 κ
961 5670 1179 5684 ww...
1224 5670 1385 5680 -..ημ-
1426 5670 1732 5679 "mw.-."
1806 5670 1823 5676 -

303 5670 490 5762 αιὸξοῦ.
565 5705 612 5736 ’⁸
649 5702 830 5771 Ἐξερ.
863 5699 1128 5771 έ-αὺτῷ.
1173 5697 1332 5751 Hebr.
1354 5670 1653 5771 _Illaq'ue‘et
1694 5670 1823 5771 fenei

1941 5670 2484 5771 ι’-δξηηίιιιιιιιιευδιιηι
2513 5670 2674 5771 ejus.-
2721 5681 2767 5712 ’7
2808 5670 3047 5771 Πιξῖντα..
3069 5675 3238 5771 Abest
3264 5688 3300 5771 εἴ
3324 5671 3442 5727 cod.
3488 5670 3538 5722 1.

309 5779 353 5811 ’⁸
403 5777 622 5833 Ἀντιςι.
662 5766 823 5828 Hebr.
872 5769 1190 5825 Preti-aliens
1226 5766 1474 5839 gratiam.

1550 5742 1593 5797 ᾇτ’
1607 5742 1682 5819 Vill
1687 5742 1740 5831 ι’ξὶ
1785 5742 1822 5815 vl-

1941 5742 1965 5817 λ.
1999 5742 2226 5816 alterm.
2266 5761 2278 5790 ¹
2315 5755 2424 5814 Καὶ
2453 5742 2826 5808 κ’θινσιιιστ.
2871 5747 2994 5803 Des.
3036 5747 3092 5802 in
3117 5743 3240 5802 cod.
3279 5742 3330 5796 1.
