3924 6496
468 308 605 375 i759

1420 301 1920 363 TIIEODORETI
1990 300 2327 361 EPISCOPI
2386 301 2770 362 CYRENSIS

3604 300 3761 365 17m

463 438 697 477 numero
751 420 920 477 etiam
974 419 1106 475 ﬁliis
1159 420 1519 488 peccantibus
1549 419 1775 486 profuit,
1810 427 1871 473 ut
1918 418 2050 472 fides

2157 415 2500 486 μελήσαντας
2534 415 2714 485 ὢνησε
2757 414 2975 479 παῖδας,
3018 413 3095 477 ὡς
3133 412 3263 477 τοὺς
3301 414 3598 478 Ἰουδαίους
3654 417 3755 467 τοῦ

464 512 765 569 Abrahami
820 509 1046 577 Iudaeis,
1108 519 1164 566 et
1226 509 1447 565 Davidis
1503 511 1680 581 pietas
1742 510 2046 565 Salomoni.

468 606 573 659 Sed
625 603 865 672 pravitas
908 613 1126 672 patrum
1164 601 1289 655 ﬁliis
1323 601 1597 657 similibus
1633 616 1853 670 ptenam
1885 614 2050 670 auge-

465 695 585 749 hit:
623 693 754 762 quia
797 694 952 748 nullo
978 706 1048 746 ex
1085 692 1205 747 loco
1254 691 1651 746 misericordiae
1689 690 1909 746 occasio
1942 690 2047 744 ulla

468 786 794 842 invenietur.
831 782 948 839 Hoc
988 783 1156 854 igitur
1194 784 1416 838 divinus
1449 798 1631 839 sermo
1660 784 1794 838 dicit
1824 802 1839 839 :
1867 782 2048 838 Judaei

468 886 778 939 extremum
824 875 1056 931 exitium
1114 874 1487 943 perferentes,
1553 887 1751 944 praeter
1798 874 2049 945 proprias

472 969 801 1038 impietates,
831 967 993 1022 etiam
1026 967 1096 1021 ob
1133 966 1455 1021 memoriam
1488 977 1836 1036 paternorum
1871 966 2047 1021 malo-

472 1075 596 1114 rum
623 1062 640 1081 ⁶
671 1058 866 1128 majori
890 1058 1269 1112 exsecratione
1299 1057 1447 1128 digni
1477 1058 1825 1113 videbuntur.
1856 1057 2048 1113 Patres

472 1151 677 1220 quippe
718 1150 937 1203 illorum
971 1157 1129 1201 vocat
1170 1163 1286 1212 eos,
1329 1150 1423 1218 qui
1468 1149 1518 1202 in
1553 1150 1848 1204 solitudine
1885 1150 2050 1220 impie

467 1249 721 1309 egerunt,
769 1249 823 1293 et
867 1254 962 1294 eos
1006 1239 1097 1308 qui
1143 1247 1386 1307 tempore
1418 1238 1669 1294 Jmlicum
1719 1251 1771 1295 et
1817 1241 2047 1310 Regum,

465 1341 522 1388 et
554 1332 647 1402 qui
694 1341 820 1402 post
853 1330 1091 1385 reditum
1141 1346 1171 1385 e
1208 1329 1490 1401 Babylone
1540 1332 1726 1399 inique
1768 1334 2044 1387 vixerunt.

467 1421 695 1476 Matrem
733 1435 858 1476 vero
893 1421 970 1473 ait
1004 1419 1453 1491 Hierosolymam,
1493 1422 1546 1475 in
1574 1438 1682 1490 qua
1710 1423 1893 1478 scelus
1922 1438 2047 1493 paro

465 1515 646 1570 ricidii
701 1515 755 1568 in
799 1512 1092 1567 Dominum
1143 1512 1422 1567 Christum
1463 1522 1681 1582 patrare
1729 1514 1850 1569 ausi
1896 1522 2042 1570 sunt.

475 1605 592 1661 lloc
617 1605 760 1660 enim
792 1605 1059 1659 Dominus
1088 1606 1261 1659 sacris
1289 1604 1342 1657 in
1372 1604 1683 1673 Evangeliis
1710 1606 1847 1659 dixit
1878 1623 1891 1660 :
1927 1624 1944 1655 ι
1978 1605 2048 1660 Ut

466 1700 650 1753 veniat
700 1712 868 1766 super
928 1696 1336 1766 generationem
1400 1696 1541 1751 hanc
1583 1697 1763 1752 omnis
1820 1697 2044 1768 sanguis

469 1791 756 1854 innocens,
793 1788 889 1858 qui
922 1786 1132 1843 effusus
1161 1796 1242 1842 est
1274 1802 1440 1857 super
1476 1797 1673 1842 terram
1718 1804 1749 1842 a
1781 1790 2048 1859 sariguine
2079 1776 2120 1831 Β

466 1863 655 1936 Abelis
700 1881 834 1950 justi
882 1895 1059 1949 usque
1094 1879 1162 1932 ad
1206 1880 1527 1950 sanguinem
1558 1879 1851 1945 Zacharim,
1885 1896 2047 1949 quem

466 1974 792 2029 occiderunt
838 1972 981 2026 inter
1030 1972 1291 2041 templum
1339 1981 1393 2025 et
1444 1972 1613 2025 altare
1635 1982 1683 2025 (ι.
1724 1991 1741 2022 ι
1790 1972 2047 2026 Omnium

465 2065 613 2121 enim
653 2065 844 2120 eodem
871 2076 1113 2134 tempore
1143 2079 1336 2134 poenas
1362 2064 1616 2134 pendent.

535 2248 706 2304 Vens.
748 2249 836 2304 i5.
885 2268 905 2301 ι
941 2247 1065 2304 Sint
1100 2263 1289 2304 coram
1321 2246 1554 2301 Domitio
1583 2263 1823 2316 semper,
1858 2255 1912 2301 et
1944 2246 2051 2302 disc

468 2351 657 2413 pereat
685 2342 926 2413 deAIerra
964 2342 1228 2396 memoria
1273 2356 1489 2395 eorum.
1532 2340 1735 2394 υιιιιιρε
1763 2341 1932 2405 enim,
1968 2341 2053 2394 in-

466 2409 606 2504 quit,
654 2409 969 2502 iniquitates
1008 2449 1149 2503 quas
1197 2433 1318 2487 ausi
1373 2441 1521 2496 sunt,
1572 2447 1788 2502 semper
1830 2432 2052 2485 intuens

469 2526 635 2586 Deus,
673 2526 817 2580 nulla
852 2525 1226 2581 misericordia
1254 2541 1350 2580 eos
1375 2525 1710 2597 dignabitur,
1757 2524 1849 2578 sed
1883 2524 2052 2578 inter-

468 2618 705 2673 necione
728 2618 853 2674 illos
881 2618 1154 2673 multabit.
1198 2617 1264 2672 Et
1291 2618 1417 2671 hinc
1442 2626 1609 2687 patet,
1666 2617 1811 2685 quod
1846 2631 1953 2669 non
1986 2616 2054 2673 de

467 2708 606 2764 Iuda
638 2718 871 2776 tantum,
898 2710 989 2766 sed
1012 2712 1079 2763 de
1096 2711 1353 2764 omnibus
1374 2710 1686 2764 infidelibus
1718 2709 1831 2762 haec
1862 2724 2051 2763 narra-

468 2803 654 2857 verit:
688 2804 1130 2873 quandoquidem
1174 2804 1243 2857 ab
1291 2806 1453 2858 unico
1490 2802 1556 2856 ad
1603 2803 1807 2857 multos
1851 2803 2055 2857 oratio-

468 2911 591 2950 nem
638 2895 921 2951 transfert.
952 2895 1069 2950 Non
1117 2897 1262 2951 enim
1308 2897 1422 2967 jam
1476 2896 1616 2951 dixit
1644 2897 1781 2964 ejus,
1830 2896 1924 2950 sed
1967 2912 2055 2949 eo-

468 3004 609 3043 rum.

544 3084 761 3155 1386
787 3081 956 3140 Vens.
999 3086 1087 3149 16,
1127 3084 1213 3140 l7.
1259 3104 1278 3137 ι
1322 3084 1424 3141 Pro
1450 3101 1517 3140 eo
1547 3086 1691 3155 quod
1717 3101 1825 3141 non
1850 3094 1936 3143 est
1960 3101 2047 3140 re-

471 3177 731 3231 cordatus
752 3175 1189 3232 miserieordiam
1217 3178 1496 3233 exhibere.
1531 3176 1595 3232 Et
1618 3188 1943 3248 persecutus
1966 3186 2051 3233 est

475 3265 1012 3338 hominem'innpem
1050 3277 1104 3323 et
1156 3270 1490 3336 mendicum,
1550 3279 1604 3325 et
1660 3278 2046 3340 compunctum

469 3359 635 3412 corde
658 3369 716 3412 ut
760 3358 1071 3414 interﬁciat.
1099 3378 1116 3409 ι
1148 3358 1271 3413 Haec
1291 3368 1492 3423 autem,
1516 3360 1716 3429 inquit.
1742 3360 2049 3429 patiuntur,

471 3448 620 3517 quod
652 3449 953 3504 crudeliter
973 3458 1027 3503 et
1056 3449 1289 3503 ferarum
1320 3450 1495 3504 instar
1521 3450 1875 3519 parricidium
1908 3465 2055 3504 com-

473 3538 749 3605 miserint,
782 3548 839 3595 et
865 3556 1014 3604 eum,
1064 3540 1159 3609 qui
1199 3541 1348 3594 omni
1394 3541 1770 3597 moderatione
1805 3550 1859 3597 et
1904 3556 2057 3594 man-

470 3632 767 3686 suetudine
822 3646 960 3688 usus
1009 3642 1129 3695 est,
1189 3632 1255 3687 ad
1309 3648 1498 3688 necem
1556 3649 1732 3702 usque
1780 3631 2052 3702 persecuti

471 3724 697 3778 fuerint.
733 3722 801 3777 Et
839 3723 957 3779 haec
993 3724 1290 3793 Apostolus
1319 3724 1635 3779 testimonio
1673 3740 1775 3780 suo
1803 3739 2055 3794 compro-

472 3820 588 3885 bat,
640 3827 696 3875 et
744 3817 863 3889 ipse
910 3820 1077 3874 etiam
1132 3820 1416 3876 Dominus.
1465 3820 1771 3891 Apostolus
1833 3820 2053 3889 quidem

472 3913 829 3968 exclamans:
890 3931 910 3963 ε
947 3912 1052 3979 Qui
1106 3928 1229 3968 cum
1283 3922 1429 3969 esset
1474 3914 1647 3979 dives,
1689 3922 1912 3983 propter
1954 3926 2055 3966 nos

472 4018 674 4074 egenus
723 4002 900 4059 factus
952 4013 1055 4069 est,
1107 4014 1167 4060 ut
1222 4005 1370 4061 illius
1420 4005 1604 4075 inopia
1655 4005 1855 4060 divites
1903 4018 2056 4059 esse-

475 4103 655 4149 mus'.
692 4114 710 4146 ι
747 4094 810 4148 Et
838 4112 1029 4151 rursus
1063 4114 1077 4148 :
1119 4114 1139 4149 ι
1176 4097 1278 4162 Qui
1309 4110 1434 4153 cum
1476 4096 1711 4151 formam
1757 4097 1851 4151 Dei
1892 4096 2057 4151 habe-

475 4197 575 4249 ret,
614 4203 718 4240 non
760 4188 1004 4257 rapinam
1035 4190 1332 4245 arbitratus
1386 4199 1472 4245 est
1516 4205 1575 4245 se
1621 4206 1742 4245 esse
1787 4188 2051 4259 aequalem

477 4276 606 4334 Deo,
635 4277 727 4329 sed
764 4276 1116 4346 semetipsum
1160 4277 1481 4343 exinanivit,
1526 4277 1756 4332 formam
1790 4278 1931 4333 servi
1965 4293 2057 4332 ac-

2163 505 2418 576 Ἀϐραὰμ
2446 508 2480 576 ἡ
2522 507 2730 570 πίστις,
2780 505 2857 569 ὡς
2900 504 2994 557 τὸν
3026 506 3353 576 Σολομῶντα
3385 506 3482 560 τοῦ
3519 507 3754 578 Δαϐιδή

2148 596 2422 657 εὐσέϐεια.
2465 596 2711 668 Πονηρία
2759 596 2817 649 δὲ
2848 596 3107 666 πατέρων
3144 598 3260 660 τοῖς
3291 596 3507 667 ὁμοίοις
3550 598 3754 651 παισὶν

2150 687 2378 752 ἐπαύξει
2423 686 2523 759 τὴν
2568 688 2876 757 τιμωρίαν
2907 688 3138 756 οὐδεμία
3163 687 3275 757 γάρ
3306 688 3615 759 οὐδαμόθεν
3652 690 3750 743 εὑ-

2152 783 2404 853 ρίσκεται
2454 781 2674 851 φειδοῦς
2709 783 2958 852 ἀφορμή.
2998 781 3171 835 Τοῦτο
3203 782 3387 835 τοίνυν
3427 782 3526 835 καὶ
3553 784 3583 834 0
3610 799 3751 853 προι-

2149 875 2381 945 φητικὺς
2433 874 2538 943 ἔφη
2594 874 2772 942 λόγος,
2812 876 2894 927 ὅτι
2930 873 3179 928 Ἰουδαῖοι
3214 873 3316 945 τὴν
3350 873 3752 943 πανωλεθρίαν

2149 968 2516 1038 ὑπομένοντες
2541 968 2677 1038 πρὸς
2702 970 2820 1031 ταῖς
2841 967 3073 1030 οἰκείαις
3094 967 3376 1030 ἀσεϐείαις
3403 971 3471 1038 τῇ
3500 969 3520 999 ¹
3551 969 3751 1040 μνήμῃ

2148 1060 2260 1113 τῶν
2287 1060 2565 1131 πατρῴων
2597 1061 2783 1114 κακῶν
2814 1062 3145 1129 φανήσονται
3176 1059 3597 1131 βδελυρώτεροι.
3625 1063 3749 1114 Πα-

2151 1153 2324 1218 τὲρας
2371 1152 2428 1205 δὲ
2458 1152 2641 1205 αὐτῶν
2674 1151 2832 1204 καλεί
2866 1153 2994 1215 τοὺς
3024 1152 3083 1204 ἐν
3117 1155 3183 1223 τῇ
3208 1153 3403 1223 ἐρήμῳ
3436 1154 3504 1223 τῇ
3544 1152 3747 1206 δυσσε-

2151 1242 2273 1312 6είᾳ
2303 1242 2703 1313 χρησαμένους,
2752 1244 2882 1307 τοὺς
2907 1243 3004 1296 ἐπὶ
3049 1244 3160 1296 τῶν
3200 1243 3445 1315 Κριτῶν,
3475 1244 3610 1307 τοὺς
3651 1245 3749 1297 ἐπὶ

2148 1334 2255 1387 τῶν
2289 1334 2583 1398 Βασιλέων,
2616 1336 2744 1398 τοὺς
2781 1334 2918 1405 μετὰ
2947 1334 3045 1405 τὴν
3076 1335 3184 1389 ἀπὸ
3215 1335 3542 1399 Βαϐυλῶνος
3572 1337 3737 1390 ἐπάνο

2149 1424 2268 1478 οδον
2336 1428 2653 1497 παρανομίᾳ
2735 1427 3164 1498 συζήσαντας³·
3221 1428 3456 1498 μητέρα
3522 1429 3581 1482 δὲ
3643 1430 3747 1496 τὴν

2155 1513 2523 1585 Ἰερουσαλὴμ
2578 1515 2685 1585 ἔφη
2720 1516 2775 1547 ⁸·
2806 1519 2864 1569 ἐν
3005 1517 3106 1586 τῆς
3144 1516 3290 1569 κατά
3319 1516 3418 1570 τοῦ
3461 1518 3743 1570 Δεσπὸτου

2149 1606 2387 1676 Χριστοῦ
2423 1608 2742 1677 μιαιφονίας
2768 1607 3045 1679 ἐτολμήθη
3073 1610 3135 1662 τδ
3165 1610 3357 1679 μύσος.
3378 1609 3558 1662 Τοῦτο
3579 1611 3690 1681 γὰρ
3720 1612 3742 1641 ⁸

2147 1701 2176 1752 ὁ
2203 1701 2408 1770 Κύριος
2437 1703 2496 1754 ἐν
2515 1703 2627 1765 τοῖς
2649 1702 3004 1770 Εὑαγγελίοις
3027 1701 3132 1773 ἔφη
3158 1720 3173 1734 ·
3201 1724 3220 1756 ι
3235 1703 3427 1767 Ὅπως
3446 1703 3515 1757 ἂν
3536 1705 3739 1776 ἐπέλθῃ

2151 1791 2245 1844 ἐπὶ
2283 1794 2384 1862 τὴν
2433 1792 2630 1860 γενεὰν
2661 1794 2869 1864 ταύτην
2901 1795 3011 1848 πᾶν
3050 1790 3189 1865 αἷμα
3218 1793 3401 1849 ἀθῶον
3432 1796 3739 1866 ἐκχυνόμε-

2150 1902 2241 1938 νον
2296 1885 2389 1939 ἐπὶ
2418 1886 2521 1955 τῆς
2575 1887 2704 1956 γῆς,
2748 1887 2857 1941 ἀπὸ
2906 1887 3001 1941 τοῦ
3057 1888 3294 1958 αἵματος
3326 1889 3496 1943 ’Ἅϐελ
3532 1890 3629 1942 τοῦ
3654 1890 3735 1946 διο

2151 1975 2332 2039 καίου,
2360 1977 2466 2041 ἕως
2492 1975 2584 2031 τοῦ
2616 1978 2851 2048 αἵματος
2879 1980 3169 2049 Ζαχαρίου,
3193 1981 3214 2012 ⁸
3234 1974 3295 2034 οὗ
3315 1979 3617 2049 ἐφόνευσαν
3642 1999 3734 2051 με·

2150 2068 2282 2132 ταξὺ
2322 2069 2417 2122 τοῦ
2462 2070 2590 2123 ναοῦ
2621 2071 2717 2124 καὶ
2743 2073 2839 2124 τοῦ
2872 2071 3285 2142 θυσιαστηρίου.
3314 2090 3334 2124 ι
3364 2074 3596 2127 Πάντων
3624 2074 3736 2146 γὰρ

2152 2160 2294 2213 κατά
2326 2163 2522 2214 ταυτδιν
2542 2161 2754 2215 τίσουσι
2783 2162 2961 2225 δίκας.

2225 2243 2307 2299 ιε’.
2357 2265 2374 2297 ι
2427 2246 2821 2318 Γενηθήτωσαν
2871 2249 3113 2302 ἐναντίον
3169 2251 3375 2322 Κυρίου
3413 2250 3729 2315 διαπαντὸς,

2151 2335 2247 2387 καὶ
2292 2334 2703 2407 ἐξολοθρευθείη
2751 2339 2816 2392 ἐκ
2860 2340 2961 2408 γῆς
2989 2341 3050 2392 τὸ
3092 2343 3437 2413 μνημόσυνον
3473 2341 3677 2393 αὐτῶν.
3710 2362 3725 2390 ι

2153 2426 2337 2479 Πάντα
2388 2429 2516 2497 γὰρ,
2552 2429 2706 2499 φησὶ,
2737 2428 2805 2483 τά
2845 2430 2936 2483 ὑπ’
2961 2431 3145 2484 αὐτῶν
3174 2432 3520 2502 τολμηθέντα
3555 2436 3727 2503 παρᾴ-

2150 2535 2290 2588 νομα
2319 2519 2409 2571 ἀεὶ
2443 2518 2715 2590 θεώμενος
2746 2523 2779 2573 0
2801 2522 2954 2587 Θεὸς,
2987 2523 3247 2592 οὐδεμιᾶς
3277 2525 3477 2587 αὐτοὺς
3510 2524 3729 2590 ἀξιώσει

2150 2606 2389 2675 φειδοῦς.
2428 2607 2566 2662 ἀλλά
2594 2608 2944 2680 πανωλεθρίᾳ
2970 2611 3305 2682 παραδώσει.
3338 2612 3451 2665 Καὶ
3482 2609 3732 2663 ἐντεῦθεν

2154 2698 2337 2766 μέντοι
2389 2696 2568 2767 δῆλον,
2625 2697 2702 2761 ὡς
2748 2699 2810 2751 οὐ
2860 2699 2989 2771 περὶ
3044 2700 3206 2770 μόνου
3239 2699 3332 2753 τοῦ
3364 2699 3561 2765 Ἰούδα,
3600 2699 3729 2753 ἀλλὰ

2152 2786 2280 2858 περὶ
2325 2785 2544 2840 πάντων
2595 2787 2616 2819 ⁷
2653 2788 3040 2859 ἠπιστηκότων
3082 2788 3258 2842 ταῦτα
3311 2787 3553 2859 διῆλθεν.
3604 2789 3731 2841 Ἀπὸ

2148 2880 2259 2950 γὰρ
2287 2878 2471 2933 ἑνικοῦ
2500 2878 2821 2950 προσώπου,
2857 2881 2952 2933 ἐπὶ
2977 2880 3038 2934 τὸ
3056 2880 3425 2951 πληθυντικὸν
3452 2881 3548 2934 τὸν
3578 2880 3731 2948 λόγον

2079 3020 2122 3077 C
2157 2976 2513 3047 μετήνεγκεν.
2547 2975 2742 3030 Οὐκέτι
2795 2975 2905 3046 γὰρ
2930 2970 3086 3030 εἶπεν
3118 2976 3327 3039 αὐτοῦ,
3361 2976 3478 3030 ἀλλ’
3510 2974 3729 3030 αὐτῶν.

2228 3066 2325 3132 ις’,
2360 3066 2445 3133 ιζ’.
2493 3086 2512 3119 r
2559 3066 2702 3122 ’Λνθ’
2731 3063 2807 3121 ὦν
2847 3069 2949 3121 οὐκ
2994 3066 3243 3138 ἐμνήσθη
3297 3067 3520 3138 ποιῆσαι
3561 3067 3727 3128 ἔλεος.

2152 3161 2263 3214 Καὶ
2300 3160 2628 3225 κατεδίωξεν
2652 3159 2939 3229 ἄνθρωπον
2976 3161 3209 3229 πένητα,
3249 3160 3344 3214 καὶ
3372 3159 3613 3230 πτωχὸν,
3640 3160 3733 3212 καὶ

2151 3251 2623 3322 κατανενυγμένον
2650 3254 2718 3322 τῇ
2762 3251 2962 3323 καρδίᾳ
2989 3251 3084 3304 τοῦ
3121 3251 3457 3306 θανατῶσαι.
3497 3269 3516 3301 ι
3550 3248 3731 3303 Ταῦτα

2150 3344 2227 3407 δέ,
2262 3344 2421 3414 φησι,
2447 3343 2754 3410 πείσονται,
2802 3343 3030 3415 ἀπηνῶς
3062 3345 3157 3397 καὶ
3185 3343 3467 3415 θηριωδῶς
3488 3344 3557 3414 τῇ
3588 3359 3732 3412 μιαιο

2153 3435 2314 3505 φονίᾳ
2360 3433 2727 3505 χρησάμενοι,
2778 3436 2871 3489 καὶ
2911 3434 3002 3487 τὸν
3056 3434 3207 3507 πάσῃ
3256 3435 3607 3507 χρησάμενον
3641 3451 3732 3503 με·

2151 3528 2398 3597 τριότητι
2454 3528 2551 3581 καὶ
2601 3525 2873 3596 πραότητι
2923 3526 3088 3597 μέχρι
3140 3526 3373 3579 θανάτου
3420 3525 3726 3590 διώξαντες.

2153 3617 2378 3680 Τούτοις
2416 3618 2849 3680 καὶἋπόστολος
2879 3617 3183 3689 μαρτυρεῖθ
3202 3617 3406 3685 λόγοις,
3440 3617 3536 3671 καὶ
3570 3618 3731 3681 αὐτὸς

2153 3714 2182 3767 0
2214 3712 2492 3783 Δεσπότης
2514 3730 2525 3745 ·
2548 3714 2578 3765 0
2615 3712 2715 3783 μὲν
2762 3711 3085 3773 Ἀπόστολος
3116 3709 3273 3781 βοῶν’
3308 3728 3328 3761 ι
3365 3711 3462 3773 Ὃς
3490 3709 3559 3763 δι’
3590 3712 3733 3779 ἡμᾶς

2156 3803 2474 3874 ἐπτώχευσε
2519 3804 2777 3866 πλούσιος
2800 3801 2900 3865 ῶν,
2934 3802 3023 3856 ἵνα
3055 3803 3217 3873 ἡμεῖς
3245 3803 3311 3873 τῇ
3348 3801 3561 3855 ἐκείνου
3593 3818 3733 3853 πτω-

2155 3895 2277 3968 χείᾳ
2308 3895 2701 3964 πλουτήσωμεν
2723 3911 2736 3924 ·
2772 3912 2790 3944 ›
2813 3894 2907 3948 καὶ
2935 3893 3117 3947 πάλιν⁹
3147 3911 3166 3945 ι
3195 3894 3291 3956 Ὃς
3308 3894 3365 3946 ἐν
3402 3894 3584 3962 μορφῇ
3604 3890 3730 3944 Θεοῦ

2154 3990 2436 4061 ὑπάρχων,
2470 3988 2569 4059 οὐχ
2606 3987 2903 4060 ἁρπαγμὸν
2930 3986 3179 4058 ἡγήσατο
3208 3986 3270 4039 τὸ
3300 3980 3439 4037 εἶναι
3472 3983 3563 4036 ἴσα
3592 3983 3727 4053 Θεῷ,

2155 4080 2273 4135 ἀλλ’
2289 4080 2482 4135 ἑαυτὸν
2502 4079 2739 4134 ἐκένωσε
2756 4077 2970 4150 μορφὴν
3004 4076 3192 4131 δούλου
3217 4074 3419 4129 λασών·
3448 4094 3468 4127 ι
3490 4077 3519 4128 0
3545 4075 3603 4129 δέ
3625 4075 3732 4128 K0-

2158 4192 2272 4248 ριος
2294 4173 2390 4229 νῦν
2423 4172 2521 4245 μέν
2562 4174 2755 4243 φησιν’
2795 4190 2814 4224 ι
2838 4171 3057 4226 Μαθετε
3099 4170 3194 4223 ἀπ’
3237 4167 3395 4237 ἐμοῦ,
3426 4168 3512 4221 ὅτι
3566 4166 3735 4238 πρᾶός

2157 4267 2402 4338 είμι,καὶ
2426 4266 2680 4329 ταπεινὸς
2712 4267 2777 4335 τῇ
2807 4264 3006 4336 καρδίᾳ
3031 4264 3124 4316 καὶ
3149 4262 3411 4332 εὑρήσετε
3434 4261 3734 4314 ἀνάπαυσιν

476 4367 685 4437 cipiens
712 4375 758 4422 '.
804 4387 821 4419 ι
879 4367 947 4422 Ει
982 4369 1248 4424 Dominus
1294 4386 1437 4424 nunc
1483 4371 1701 4437 quidem
1754 4373 1869 4425 ait:
1914 4389 1932 4421 ι
1968 4370 2050 4424 Di-

2157 4363 2276 4423 ταῖς
2302 4360 2503 4431 ψυχαῖς
2527 4356 2682 4429 ὑμῶν
2708 4372 2723 4387 ⁰
2762 4376 2781 4409 ι
2808 4356 2903 4411 νῦν
2928 4355 2986 4410 δέ
3003 4373 3015 4386 ο
3052 4373 3071 4407 ι
3103 4356 3168 4407 Αἱ
3194 4352 3481 4414 ἀλώπεκες
3503 4351 3735 4420 φωλεοὺς

477 4461 612 4514 scite
643 4477 672 4514 a
709 4476 817 4525 me,
858 4461 985 4530 quia
1018 4461 1166 4516 mitis
1217 4478 1361 4525 sum,
1414 4471 1469 4517 et
1504 4462 1732 4517 humilis
1769 4463 1955 4528 corde,
1998 4473 2054 4518 et

477 4552 765 4607 invenietis
807 4556 1049 4624 requiem
1075 4570 1175 4624 pro
1201 4555 1493 4610 animabus
1522 4554 1720 4609 vestris
1750 4555 1767 4590 ι
1798 4573 1814 4621 ;
1851 4574 1869 4605 ι
1904 4569 2053 4609 nunc

480 4662 648 4700 vero:
701 4664 719 4696 ‹
762 4646 961 4716 Vulpes
1014 4646 1202 4703 foveas
1254 4648 1475 4712 habent,
1521 4657 1576 4701 et
1622 4647 1874 4702 volucres
1926 4646 2051 4701 θαιιί

480 4738 656 4805 nidos,
682 4738 853 4795 Filius
883 4752 1063 4795 autem
1094 4741 1333 4797 hominis
1368 4757 1475 4795 non
1506 4740 1667 4795 habet
1697 4739 1790 4793 ubi
1822 4738 2047 4794 reclinet

477 4840 639 4899 caput
670 4841 886 4886 suum“.
931 4852 947 4884 ι

555 4920 712 4975 Vens.
757 4922 842 4975 l8.
890 4942 908 4973 ι
957 4922 1021 4978 Et
1046 4925 1241 4980 dilexit
1284 4924 1749 4989 malcdictionem,
1787 4932 1841 4977 et
1870 4920 2053 4977 veniet

478 5007 528 5061 ei
571 5022 588 5062 :
632 5020 687 5063 et
726 5010 904 5064 noluit
948 5011 1410 5077 benedictionem,
1472 5022 1527 5067 et
1586 5011 1931 5083 elongahitur
1982 5010 2052 5065 ab

549 5199 793 5325 n‘izlsatth.
828 5222 982 5270 χχιιι,
1016 5206 1104 5261 53.
1186 5218 1206 5245 ι’
1251 5208 1291 5262 ιι
1319 5208 1446 5264 Cor.
1481 5226 1595 5271 vni,
1627 5209 1679 5263 9.

549 5310 557 5325 ι
588 5294 620 5325 ἆ)
664 5313 677 5325 ο

480 5286 557 5334 ιχ.
588 5286 677 5325 οδ.

1796 5216 1816 5241 ³
1853 5206 2081 5275 Philipp.
2109 5220 2171 5268 ll,
2198 5202 2249 5265 6,
2281 5202 2332 5254 7.

2151 4452 2356 4525 ἔχουσι,
2385 4452 2480 4505 καὶ
2508 4448 2731 4504 πετεινά
2750 4446 2842 4501 τοῦ
2872 4445 3108 4518 οὐρανοῦ
3135 4441 3589 4512 κατασκηνώσεις
3610 4456 3624 4470 ·
3643 4442 3671 4494 0
3686 4440 3735 4491 δὲ

2153 4548 2270 4610 υίὸς
2317 4547 2409 4599 τοῦ
2455 4542 2743 4615 ἀνθρώπου
2807 4542 2909 4595 οὐκ
2974 4540 3090 4610 ἔχει
3154 4536 3258 4592 ποῦ
3331 4537 3434 4607 τὴν
3496 4534 3734 4606 κεφαλὴν

2153 4639 2310 4713 κλίνῃ
2347 4639 2428 4692 ¹⁰.
2467 4658 2485 4689 ι

2234 4923 2325 4986 ιη’.
2370 4932 2388 4965 ι
2428 4912 2536 4966 Καὶ
2564 4908 2821 4979 ἠγάπησε
2852 4904 3124 4973 κατάραν,
3168 4901 3263 4953 καὶ
3296 4878 3418 4967 ἥξει
3448 4897 3625 4968 αὐτῷ,
3653 4896 3736 4949 καὶ

2163 5007 2264 5061 οὐκ
2308 5004 2572 5076 ἠθέλησεν
2613 4997 2889 5062 εὐλογίαν,
2913 4994 3008 5048 καὶ
3041 4990 3496 5061 μακρυνθήσεται
3525 4987 3623 5040 ἀπ’
3650 4988 3737 5039 αὐ-

2453 5200 2470 5235 ί
2509 5196 2796 5256 Matth.x1,
2834 5191 2924 5246 ‘29.
3000 5201 3028 5229 ιι
3064 5186 3254 5241 Matth.
3289 5201 3407 5250 vm,
3441 5183 3558 5245 9.0;
3606 5180 3729 5234 Luc.

1544 5410 1775 5465 VARI/lt“.
1823 5407 2210 5464 LECTIONES
2250 5406 2334 5460 ET
2365 5404 2595 5459 ΝΟΤᾹΞ.

549 5560 704 5633 ῗΤῇ.
739 5564 857 5617 cod.
905 5564 922 5615 l
971 5580 1155 5633 prmm.
1200 5565 1313 5621 καί.
1390 5567 1408 5596 ³
1439 5566 1558 5619 cod.
1626 5566 1644 5620 ι
1712 5567 2006 5631 συζῶντας.

2158 5567 2310 5631 Εέη.
2358 5562 2523 5614 Abest
2562 5574 2590 5610 a
2636 5555 2827 5633 col._l
2909 5555 2929 5584 ⁵
2960 5551 3107 5633 reip.
3161 5549 3340 5633 cod._l
3379 5547 3491 5602 καί.
3574 5540 3714 5633 ⁸.οξ

482 5630 604 5686 cod.
665 5634 805 5688 ιὸν.
917 5635 935 5663 ⁷
973 5630 1237 5691 Πάντων.
1297 5638 1417 5693 cod.
1471 5637 1486 5688 l
1556 5638 1677 5693 add.
1742 5630 1868 5692 τῶν.

489 5702 530 5733 ⁸⁸
567 5703 687 5759 eod.
732 5704 755 5756 1
801 5702 998 5758 κλῖναι.

1976 5628 2413 5703 “Admetucod.
2471 5630 2486 5682 Ι
2545 5628 2669 5682 add.
2715 5628 2847 5689 τοῖς.

2960 5625 2980 5653 θ
3016 5620 3192 5689 «ﬁnal.
3232 5619 3423 5673 Abest.
3454 5636 3485 5672 a
3516 5618 3637 5671 cod.
3691 5616 3731 5666 Ι.
