3924 6500
202 343 356 411 1761

1532 320 1533 325 Ν
1562 354 1644 415 IN
1690 354 1897 415 PSAL.
1936 354 2144 416 cvm.

3366 355 3503 425 1762

200 458 333 510 τοῦ.
399 480 418 508 ι
464 456 739 512 Ἐνταῦθα
795 458 984 528 σαφῶς
1022 458 1083 512 τὸ
1134 460 1391 514 εὐκτικὸν
1439 464 1816 533 μεταϐἐδληκε

1926 479 2010 517 co.
2054 482 2072 513 ι
2117 462 2231 516 lloc
2278 463 2333 516 in
2387 463 2511 518 loco
2560 462 2853 519 manifesto
2884 467 3217 536 precationis
3269 466 3503 525 formam

202 542 439 613 σχῆμα.
499 547 595 599 καὶ
650 548 1138 618 προαγορευτικῶς
1189 551 1479 622 ἀμφότερα
1542 552 1815 620 τέθεικεν,

202 634 292 686 δτι
333 637 439 690 καὶ
460 635 561 707 τὴν
582 637 832 707 κατάραν
854 638 923 710 ἢν
952 640 1256 711 ἠγάπησαν
1284 641 1572 715 λήψονται,
1600 645 1818 718 καὶτῆς

210 723 484 793 εὐλογίας
520 728 585 791 ¹¹,
612 728 681 797 ἢν
704 727 888 781 λαϐεῖν
913 730 1012 783 οὐκ
1040 730 1334 802 ἠθέλησαν,
1366 734 1815 806 στερηθήσονται.

220 816 397 870 ιΚαὶ
438 817 728 874 ἐνεδύσατο
782 820 1032 890 κατάραν
1069 822 1145 884 ὡς
1179 825 1416 894 ἱμάτιον.
1460 846 1479 877 ι
1523 828 1669 881 Ἀντῖ¹
1697 828 1816 894 τοῦ,

204 905 434 979 ταύτῃῖ
462 910 805 980 πανταχόθεν
838 904 1326 983 περιεστοίχισται.
1370 934 1389 967 ι
1419 917 1529 970 Καὶ
1566 918 1818 989 εἰσῆλθεν

202 997 360 1051 ὡσεὶ
422 999 569 1074 ὕδωρ
625 1004 705 1066 εἰς
748 1003 818 1057 τὰ
850 1003 1060 1072 ἔγκατα
1105 1006 1295 1062 αὐτοῦ.
1337 1028 1357 1060 ι
1402 1009 1476 1061 Οὐ
1504 1009 1615 1081 γὰρ
1657 1010 1818 1081 μόνον

206 1089 455 1156 ἔξωθεν,
508 1093 646 1147 ἀλλά
678 1096 771 1147 καὶ
804 1094 1021 1149 ἔνδοθεν
1052 1097 1396 1167 περίκεινται
1426 1100 1494 1154 τὰ
1520 1102 1691 1169 κακὰ,
1720 1103 1818 1157 καὶ

210 1180 331 1233 ὑπὸ
400 1180 615 1237 τούτων
688 1182 846 1255 δίκην
904 1183 1101 1250 ὓδατος
1163 1187 1609 1258 περικλύζονται.
1681 1186 1817 1246 Εῐτα

208 1270 421 1341 ἐπειδὴ
472 1273 535 1326 τὸ
581 1272 727 1346 ὕδωρ
773 1274 990 1347 ἀρδεύει
1031 1276 1131 1346 μὲν
1156 1277 1219 1330 τὸ
1265 1277 1424 1348 σῶμα
1478 1280 1573 1334 καὶ
1607 1280 1813 1353 βρέχει,

208 1365 323 1417 οὐκ
360 1365 477 1435 ἔχει
507 1366 563 1418 δὲ
593 1368 825 1439 μόνιμον
847 1368 946 1440 τὴν
974 1368 1271 1443 ὑγρότητα,
1296 1371 1575 1443 ἐπήγαγεν
1603 1389 1618 1404 ο
1655 1392 1675 1426 ι
1706 1376 1819 1429 Καὶ

207 1454 363 1509 ὡσεὶ
412 1457 595 1512 ἔλαιον
647 1460 709 1512 ἐν
761 1461 873 1524 τοῖς
929 1442 1142 1525 ὀστέοις
1197 1442 1395 1518 αὑτοῦ.
1427 1484 1447 1515 ι
1512 1465 1586 1518 Τὸ
1628 1467 1674 1498 ¹³
1706 1466 1817 1539 γὰρ

211 1549 414 1603 ἔλαιον
461 1550 556 1604 ἐπὶ
610 1551 865 1606 πλεῖστον
892 1552 1146 1624 ἐπιμένει
1171 1554 1248 1625 τῷ
1282 1556 1519 1627 σώματι.
1554 1558 1619 1611 Ὃ
1648 1556 1707 1611 δὲ
1731 1559 1818 1612 λέ-

210 1656 309 1707 γει
374 1641 623 1696 τοιοῦτόν
674 1645 819 1697 ἐστιν
844 1660 860 1677 ο
902 1645 1364 1718 Ἐπενεχθήσεται
1422 1651 1564 1720 φορὰ
1603 1650 1812 1717 κακῶν,

211 1733 319 1787 τοῦ
356 1735 461 1806 μὲν
503 1734 697 1801 ὓδατος
725 1737 823 1807 τὴν
878 1739 1239 1810 σφοδρότητα,
1282 1740 1377 1793 τοῦ
1415 1741 1473 1795 δὲ
1503 1740 1685 1797 ἐλαίου
1724 1760 1816 1813 μι-

214 1826 486 1898 μουμένη
530 1826 592 1879 τὸ
621 1828 869 1897 μόνιμον.

296 1943 393 1999 ιϐ’.
453 1964 474 1997 ι
514 1944 806 2016 Γενηθήτω
858 1947 1010 2018 αὐτῷ
1051 1948 1130 2011 ὡς
1164 1948 1401 2019 ἱμάτιον,
1430 1947 1460 2003 ὃ
1496 1946 1817 2020 περιϐάλλε-

215 2054 316 2090 ται
348 2052 365 2068 ’
413 2038 512 2093 καὶ
542 2039 674 2091 ὡσεὶ
704 2038 870 2111 ζώνη,
912 2042 979 2108 ἢν
1002 2041 1294 2106 διαπαντὸς
1332 2040 1754 2113 περιζώννυται.
1791 2063 1810 2095 ι

223 2131 603 2201 Πανταχόθεν,
662 2133 816 2200 φησὶ,
873 2135 988 2196 τοῖς
1018 2132 1445 2205 προειρημένοις
1478 2135 1691 2199 κακοῖς,
1720 2134 1818 2189 καὶ

218 2224 303 2285 ὼς
370 2222 567 2293 ἐσθῆτι
622 2222 1003 2289 καλυπτέσθω,
1056 2224 1153 2277 καὶ
1200 2223 1276 2287 ὡς
1320 2223 1563 2296 ζωστῆρι
1585 2224 1817 2294 σφιγγέ-

223 2316 366 2371 σθω.

295 2428 373 2484 κ’.
421 2448 441 2482 ι
492 2429 668 2483 Τοῦτο
716 2430 759 2460 ¹³
803 2430 865 2483 τὸ
897 2430 1059 2501 ἔργον
1102 2430 1213 2484 τῶν
1242 2430 1702 2486 ἐνδιαϐαλλόντων
1747 2448 1816 2502 με

223 2522 385 2590 παρά
423 2523 656 2594 Κυρίου.
691 2541 710 2575 ι
739 2523 802 2575 Οἱ
828 2522 884 2575 δὲ
910 2521 1220 2589 ἄλλοι,τῶν
1249 2524 1698 2595 ἀντικειμένων,
1718 2526 1817 2595 ἡρ-

225 2615 536 2683 μήνευσαν.
579 2633 598 2666 ι
651 2615 760 2666 Καὶ
796 2613 907 2666 τῶν
938 2613 1246 2669 λαλούντων
1279 2615 1496 2687 πονηρά
1539 2619 1683 2670 κατά
1714 2615 1815 2687 τῆς

222 2705 410 2774 ψυχῆς
443 2722 569 2776 μου.
606 2726 626 2757 ι
659 2705 896 2768 Τούτους
924 2706 1258 2776 τρυγήσουσι
1280 2707 1408 2771 τοὺς
1423 2708 1693 2778 καρποὺς,
1723 2710 1817 2762 καὶ

223 2799 274 2849 oi
307 2798 373 2850 τὸ
420 2797 561 2868 πρὸς
593 2797 695 2868 ἐμὲ
737 2800 893 2867 μῖσος
936 2799 1357 2869 ἀναδεξάμενοι
1407 2800 1474 2864 ⁸⁵,
1503 2801 1599 2853 καὶ
1630 2802 1659 2853 ὁ
1687 2800 1816 2854 τού-

223 2906 345 2953 τοις
402 2890 759 2961 ὑπουργήσας
805 2890 1089 2962 προδότης.
1144 2890 1367 2963 Ἑπειδὴ
1400 2890 1511 2963 γὰρ
1571 2892 1816 2945 ἀντίθεον

224 2981 400 3033 αὑτὸν
432 2981 532 3035 καὶ
560 2983 881 3052 παράνομον
912 2982 1166 3045 ἐκάλουν,
1197 2982 1427 3046 εἰκότως
1454 2976 1598 3036 εἴπεο
1637 3000 1655 3033 ι
1692 2982 1815 3036 Τῶν

226 3071 694 3126 ἐνδιαϐαλλόντων
732 3090 798 3143 με
824 3074 975 3145 παρά
1008 3073 1238 3143 Κυρίου.
1264 3091 1283 3124 ι

301 3186 413 3241 κα’.
465 3205 484 3238 ι
519 3187 631 3240 Καὶ
668 3188 756 3250 σὺ,
789 3187 987 3259 Κύριε,
1015 3189 1211 3260 Κύριε,
1242 3189 1470 3260 ποίησον
1503 3187 1643 3259 μετὰ
1681 3186 1816 3259 ἐμοῦ

223 3278 422 3332 ἕνεκεν
459 3278 555 3331 τοῦ
578 3279 844 3349 ὀνόματός
882 3297 995 3345 σου,
1018 3281 1100 3334 ὅτι
1127 3281 1366 3352 χρηστὸν
1388 3283 1450 3334 τὸ
1471 3282 1621 3344 ἔλεός
1651 3299 1769 3336 σου.
1797 3301 1816 3334 ι

227 3371 343 3425 Καὶ
376 3370 555 3425 ταῦτα
599 3370 955 3441 ἀνθρωπίνως
1012 3373 1233 3446 εἴρηκεν
1282 3376 1312 3427 ό
1350 3376 1629 3446 Δεσπότης
1682 3375 1821 3446 Χρι-

227 3462 360 3525 στὸς
384 3476 400 3492 ο
441 3463 622 3516 πάντα
648 3463 758 3534 γὰρ
799 3463 868 3516 τὰ
894 3463 1213 3536 ἀνθρώπεια
1240 3465 1381 3536 πλὴν
1408 3465 1691 3536 ἁμαρτίας
1719 3481 1819 3518 πε-

229 3552 549 3625 πλήρωκεν.
594 3554 818 3627 Ἐτέχθη
869 3556 977 3627 γὰρ
1028 3558 1122 3610 καὶ
1173 3558 1318 3612 κατά
1369 3559 1461 3611 τὸν
1504 3559 1670 3630 νόμον
1717 3558 1821 3629 φύ-

227 3662 372 3710 σεως
390 3647 457 3711 ¹⁸,
479 3648 574 3700 καὶ⁵
601 3647 742 3717 ὑπὲρ
763 3648 853 3701 τὸν
868 3649 1032 3717 νόμον
1050 3649 1150 3719 τῆς
1176 3649 1408 3719 φύσεως.
1428 3651 1500 3703 Τὸ
1521 3651 1620 3721 μὲν
1634 3652 1742 3722 γὰρ
1757 3652 1822 3703 ὲκ

226 3740 516 3805 γυναικὸς,
544 3741 644 3809 τῆς
669 3740 1017 3811 ἀνθρωπίνης
1046 3743 1262 3811 φύσεως
1285 3760 1298 3772 ·
1337 3742 1479 3813 ὑπὲρ
1505 3742 1711 3812 ταύτην
1739 3742 1820 3808 δὲ,

225 3832 290 3882 τὸ
317 3832 385 3884 ὲκ
411 3829 717 3901 Παρθένου.
757 3832 1007 3898 Ἐδέξατο
1039 3833 1330 3904 σπάργανα
1363 3838 1456 3886 καὶ
1496 3834 1817 3905 περιτομὴν,

228 3924 328 3975 καὶ
381 3923 485 3993 τὴν
526 3925 591 3976 ὲκ
642 3923 915 3992 γάλακτος
967 3925 1207 3996 τροφὴν,
1257 3928 1352 3979 καὶ
1400 3924 1589 3990 θυσίας
1649 3943 1821 3998 προσ-

227 4015 489 4085 ήνεγκεν,
542 4016 856 4085 ὲνήστευσε,
906 4017 1002 4069 καὶ
1030 4017 1333 4082 ἐπείνασεν,
1366 4017 1586 4087 ἐδίψησε
1624 4017 1688 4082 ¹⁶,
1724 4015 1822 4070 καὶ

229 4104 551 4160 ἐκοπίασεν.
598 4105 754 4160 Οῦτω
785 4110 879 4159 καὶ
940 4110 1375 4178 προσευχόμενος
1410 4111 1467 4161 ἐν
1500 4111 1613 4173 τοῖς
1655 4110 1822 4180 ἱεροῖς

232 4194 593 4264 Εὑαγγελίοις
640 4197 903 4268 διηνεκῶς
946 4199 1377 4269 ἀναγέγραπται.
1424 4202 1533 4253 Καὶ
1587 4200 1820 4254 ἐνταῦθα

228 4290 419 4341 τοίνυν
454 4289 815 4361 ἀνθρωπίνως
844 4290 941 4362 τὴν
988 4291 1140 4344 θείαν
1164 4293 1504 4346 ἐπικαλεῖται
1545 4293 1818 4365 βοήθειαν.

305 4491 417 4563 κβ⁹.
462 4511 480 4545 ι
531 4493 725 4548 Ῥῦσαί
784 4511 875 4564 με,
933 4494 1015 4548 ὅτι
1070 4493 1285 4564 πτωχὸς
1333 4493 1429 4548 καὶ
1475 4493 1645 4565 πένης
1699 4493 1821 4566 εἰμὶ

1850 1862 1895 1918 Β

1923 556 2179 619 mutavit,
2221 562 2280 608 et
2311 555 2720 611 vaticinationis
2766 572 2917 612 more
2965 569 3262 630 utrumque
3298 564 3503 631 posuit,

1919 654 1977 701 et
2033 645 2184 716 quod
2238 645 2705 715 maledictionem,
2758 665 2923 719 quam
2988 652 3356 719 adamarent,
3413 669 3506 707 ac-

1918 739 2181 810 cepturi‘
2213 738 2343 806 siut,
2387 747 2443 795 et
2488 742 2637 811 quod
2686 742 3089 807 benedictione,
3138 759 3307 815 quam
3362 748 3508 801 acci-

1920 840 2051 896 pere
2077 825 2402 894 noluerunt,
2445 828 2670 884 carituri
2718 830 2849 886 sint.
2898 850 2917 882 ι
2949 830 3014 885 Et
3066 832 3246 887 induit
3275 835 3505 888 maledi-

1917 919 2181 985 ctionem,
2212 918 2358 976 sicut
2386 920 2800 977 vestimentum.
2843 942 2862 975 ι
2898 924 3068 990 Quasi
3099 924 3306 980 diceret
3341 943 3354 978 :
3394 924 3507 980 Hac

1919 1013 2279 1083 undiquaque
2329 1013 2544 1071 cinctus
2595 1024 2702 1071 est.
2764 1035 2781 1066 ι
2817 1015 2882 1071 Et
2923 1016 3147 1072 intravit
3182 1017 3324 1073 sicut
3357 1032 3498 1088 aqua

1920 1106 1972 1159 in
2016 1106 2282 1162 interiora
2323 1106 2467 1177 ejus.
2502 1127 2522 1160 ι
2568 1106 2688 1164 Non
2720 1110 2886 1163 modo
2925 1111 3071 1164 enim
3124 1110 3284 1175 foris,
3317 1126 3505 1166 verum

1918 1198 2081 1253 etiam
2117 1199 2268 1254 intus
2299 1200 2665 1257 circumstant
2710 1202 2877 1265 mala,
2909 1211 2963 1257 et
3000 1204 3068 1258 ab
3109 1202 3195 1257 his
3240 1213 3503 1274 tanquam

1919 1293 1989 1347 ab
2033 1308 2177 1365 aqua
2223 1294 2770 1351 circumfunduntur.
2810 1296 3015 1351 Deinde
3045 1297 3306 1366 quoniam
3359 1314 3503 1367 aqua

1924 1383 2120 1455 irrigat
2165 1387 2389 1456 quidem
2440 1402 2667 1457 corpus,
2707 1388 2920 1458 1387
2952 1398 3006 1442 et
3048 1388 3361 1453 madefecit,
3412 1391 3505 1443 δραι

1919 1491 2030 1529 non
2060 1475 2225 1532 habet
2246 1477 2466 1532 firmum
2497 1479 2802 1542 humorem,
2835 1479 3024 1534 subdit
3056 1498 3067 1533 :
3100 1499 3118 1531 ι
3150 1481 3215 1535 Ει
3244 1490 3505 1551 tanquam

1919 1564 2102 1620 oleum
2140 1566 2198 1620 in
2230 1567 2451 1622 ossibus
2496 1567 2636 1637 ejus.
2675 1585 2694 1618 ι
2747 1568 2938 1623 Oleum
2990 1570 3135 1624 enim
3186 1571 3394 1627 diutius
3450 1571 3504 1626 in

1920 1671 2154 1726 corpore
2214 1668 2523 1728 permanet.
2570 1658 2728 1725 Quod
2782 1669 2964 1715 autem
3016 1662 3171 1725 dicit,
3226 1664 3330 1719 hoc
3377 1677 3504 1718 est:

1920 1744 2189 1802 Malorum
2233 1750 2387 1819 copia
2440 1750 2681 1820 ingruet,
2721 1767 2845 1822 qua:
2882 1770 3040 1825 aqua:
3084 1757 3505 1820 vehementiam,

1922 1838 2024 1902 olei
2060 1852 2192 1893 vero
2221 1840 2541 1895 firmitatem
2566 1841 2897 1899 imitabitur.

1995 1947 2161 2005 Vsus.
2222 1950 2311 2005 l9.
2375 1969 2395 2002 ι
2455 1950 2577 2007 Fiat
2625 1954 2677 2008 ei
2730 1954 2875 2011 sicut
2924 1957 3317 2014 vestimentum
3396 1976 3506 2032 quo

1919 2039 2191 2109 Operitur,
2225 2048 2280 2094 et
2308 2039 2449 2095 sicut
2480 2056 2617 2097 zona
2649 2058 2759 2113 qua
2815 2060 3034 2116 semper
3066 2049 3442 2120 praecingitur.
3482 2071 3500 2103 ι

1930 2128 2207 2199 Undique,
2244 2130 2447 2200 inquit,
2481 2133 2759 2202 pradictis
2781 2136 2964 2201 malis,
3000 2137 3148 2193 sicut
3179 2140 3507 2195 vestimento

1919 2222 2227 2292 operiatur,
2258 2233 2316 2279 et
2346 2224 2520 2281 veluti
2553 2226 2775 2297 cingulo
2803 2230 3237 2301 constringatur.

1994 2425 2163 2482 Vsus.
2202 2426 2294 2483 20.
2344 2445 2363 2480 ι
2410 2428 2528 2484 Hoc
2578 2443 2720 2500 opus
2772 2444 3004 2496 eorum,
3059 2430 3154 2501 qui
3216 2430 3525 2486 detrahunt

1921 2520 2054 2574 mihi
2088 2535 2119 2575 a
2156 2519 2413 2581 Domino.
2454 2540 2475 2573 ι
2525 2522 2634 2577 Alii
2670 2535 2822 2588 vero,
2870 2524 2961 2593 qui
2992 2532 3178 2577 contra
3227 2533 3506 2586 steterunt,

1923 2610 2272 2682 interpretati
2322 2622 2472 2667 sunt.
2512 2631 2532 2665 ι
2569 2612 2638 2667 Ει
2680 2613 2776 2683 qui
2810 2613 3111 2683 loquuntur
3142 2615 3284 2667 mala
3318 2615 3511 2667 adver-

1920 2719 2017 2758 sus
2068 2704 2308 2759 animam
2359 2720 2560 2761 meam.
2601 2726 2621 2760 »
2661 2704 2773 2761 Hos
2803 2707 3100 2777 decerpent
3143 2705 3359 2761 fructus
3392 2715 3507 2760 tum

1921 2796 1982 2857 ii,
2013 2796 2108 2865 qui
2142 2805 2335 2852 contra
2374 2812 2462 2851 me
2489 2797 2670 2853 scelus
2702 2798 3066 2866 admiserunt,
3098 2809 3212 2855 tum
3246 2794 3510 2869 proditor,

1918 2888 2012 2957 qui
2048 2888 2186 2958 ipsis
2231 2887 2479 2943 servivit.
2513 2890 2785 2955 Quoniam
2821 2891 2966 2945 enim
3001 2891 3343 2946 contrarium
3374 2889 3510 2955 Deo,

1919 2979 2167 3050 legisque
2220 2988 2688 3052 trausgressorem
2742 2997 2870 3037 eum
2925 2984 3240 3051 vocabant,
3315 2983 3513 3038 merito

1920 3071 2060 3126 dixit
2087 3088 2101 3125 :
2143 3091 2161 3122 ι
2197 3071 2302 3139 Qui
2330 3073 2628 3128 detrahunt
2658 3074 2795 3128 mihi
2825 3089 2856 3128 a
2885 3074 3141 3130 Domino.

1847 3213 1890 3274 Ο
1996 3182 2162 3240 Vens.
2201 3185 2293 3240 2|.
2329 3204 2347 3237 ι
2379 3184 2445 3240 Ει
2478 3195 2557 3250 ιιι,
2592 3187 2843 3253 Domine,
2883 3185 3136 3251 Domine,
3179 3186 3268 3243 fac
3293 3203 3509 3244 mecuu.
3578 3237 3596 3252 ,

1923 3284 2148 3346 propter
2187 3291 2390 3331 nomen
2444 3287 2624 3346 tuum,
2667 3279 2797 3349 quia
2845 3280 3032 3335 suavis
3075 3288 3162 3333 est
3192 3279 3509 3356 misericor-

1908 3368 2012 3421 .dia
2046 3377 2157 3422 tua.
2199 3386 2218 3420 ι
2251 3368 2318 3422 Et
2351 3368 2467 3424 lucc
2491 3367 2753 3426 Christus
2782 3369 3051 3425 Dominus
3082 3370 3325 3424 humano
3356 3386 3512 3424 moxe

1924 3460 2084 3515 dixit.
2115 3460 2312 3515 Omnia
2337 3461 2485 3515 enim
2513 3477 2637 3531 qua:
2660 3462 2925 3526 humana,
2970 3470 3168 3532 praeter
3198 3473 3509 3531 peccatum.

1924 3553 2191 3623 implevit.
2229 3552 2401 3609 Natus
2432 3563 2515 3608 est
2553 3554 2698 3608 enim
2743 3565 2797 3608 et
2827 3553 3129 3609 secundum
3174 3554 3353 3624 legem
3406 3570 3505 3608 na-

1924 3656 2081 3711 turw,
2110 3654 2165 3702 et
2189 3661 2357 3716 supra
2386 3646 2559 3717 legem
2589 3657 2822 3701 naturae.
2851 3646 3008 3713 Quod
3038 3646 3186 3701 enim
3214 3661 3280 3701 ex
3306 3646 3509 3702 femina

1922 3747 2087 3793 natus
2122 3737 2217 3803 sit,
2260 3738 2517 3793 humanae
2542 3749 2754 3796 natura:
2780 3749 2864 3794 est
2901 3758 2913 3791 :
2947 3738 3093 3809 quod
3122 3755 3253 3793 vero
3282 3755 3347 3794 ex
3383 3737 3509 3794 Vir-

1923 3830 2069 3898 gine,
2108 3845 2279 3899 supra
2328 3838 2583 3884 naturam
2627 3838 2733 3885 est.
2768 3829 2975 3885 Pannis
3008 3831 3289 3885 involutus
3318 3841 3371 3885 et
3401 3832 3511 3887 cir-

1923 3919 2203 3974 cumcisus
2244 3919 2415 3986 fuit',
2454 3921 2967 3989 nutrimentumque
2998 3936 3064 3975 ex
3098 3921 3239 3976 lacte
3277 3924 3506 3990 accepit,

1922 4021 1976 4066 et
2001 4011 2274 4066 sacriﬁcia
2310 4011 2532 4074 obtulit,
2560 4011 2833 4080 jejunavit
2856 4021 2901 4077 ι,
2938 4021 2992 4067 et
3024 4014 3275 4077 esui-ivit,
3316 4015 3506 4080 sitivit,

1924 4114 1978 4157 ct
2011 4103 2299 4158 laboravit.
2329 4104 2596 4157 Similiter
2627 4116 2680 4158 et
2710 4103 2766 4157 in
2798 4104 2972 4159 sacris
3008 4102 3324 4175 Evangeliis
3369 4107 3508 4161 scri-

1925 4206 2075 4265 ptum
2111 4205 2268 4259 estr,
2309 4196 2571 4250 continue
2615 4195 2796 4265 ipsum
2839 4212 3051 4253 orasse.
3095 4195 3209 4251 Hoc
3252 4198 3416 4267 igitur
3451 4200 3504 4253 in

1927 4292 2046 4343 loco
2083 4289 2249 4343 etiam
2288 4288 2507 4359 1388
2541 4289 2783 4344 humano
2822 4305 2979 4345 more
3014 4290 3261 4345 divinum
3310 4291 3507 4356 implo-

1921 4396 2005 4437 rat
2044 4382 2332 4438 auxilium.
2862 4380 2875 4395 ’

2002 4490 2169 4547 Vens.
2209 4492 2303 4546 22.
2350 4510 2369 4543 ι
2418 4491 2615 4549 Libera
2648 4508 2757 4558 me,
2802 4494 2931 4565 quia
2963 4510 3169 4565 egenus
3206 4505 3257 4549 ct
3300 4511 3507 4566 pauper

234 4560 372 4654 ἐγὼ,
398 4587 494 4639 καὶ
525 4587 557 4657 ἡ
595 4560 797 4658 καρδία
830 4605 933 4657 μου
987 4560 1317 4658 τετάρακται
1354 4587 1394 4618 ³⁷
1453 4560 1611 4650 ἐντός*
1638 4560 1771 4657 μου..
1794 4604 1815 4638 ι

1928 4598 2075 4649 sum,
2107 4592 2160 4637 et
2194 4599 2291 4638 cor
2320 4599 2503 4638 meum
2553 4585 2833 4640 turbatum
2875 4595 2958 4641 est
3004 4587 3145 4640 intra
3185 4602 3291 4640 me.
3332 4606 3351 4639 ι
3392 4585 3505 4641 Hoc

234 4677 413 4731 Τοῦτο
447 4678 490 4709 ⁸⁸
531 4679 626 4731 καὶ
676 4680 768 4732 ὑπ’
818 4678 985 4733 αὐτοῦ
1018 4683 1077 4734 ὲν
1108 4683 1221 4744 τοῖς
1267 4680 1432 4751 ἱεροῖς
1465 4679 1819 4748 Εὑαγγελίοις

234 4768 531 4838 εἰρημένον
569 4770 897 4842 εὑρίσκομεν
928 4772 992 4825 ‘9.
1024 4771 1249 4824 Μέλλων
1278 4770 1388 4842 γὰρ
1422 4770 1706 4842 προσιέναι
1741 4768 1819 4840 τῷ

237 4860 431 4927 πάθει,
461 4857 610 4916 εἷπε·
661 4882 679 4915 ι
718 4862 833 4916 Νῦν
861 4865 893 4934 ἡ
925 4863 1072 4936 ψυχή
1106 4882 1207 4935 μου
1236 4866 1592 4936 τετάρακται,
1635 4865 1728 4918 καὶ
1764 4863 1818 4917 τί

239 4951 383 5003 εἴπω
409 4969 426 5019 ;
458 4954 662 5025 Πάτερ,
696 4954 872 5009 σῶσόν
907 4974 974 5025 με
1003 4957 1068 5009 ἐκ
1095 4956 1196 5027 τῆς
1223 4955 1373 5028 ὥρας
1399 4957 1603 5028 ταύτης
1635 4974 1649 4989 ο
1682 4956 1820 5011 ἀλλά

238 5042 330 5097 διὰ
355 5044 514 5100 τοῦτο
542 5046 781 5117 ἐλήλυθα
814 5049 895 5112 είς
920 5049 1021 5121 τὴν
1049 5047 1197 5120 ὥραν
1219 5049 1442 5121 ταύτην.
1484 5068 1501 5100 ι

315 5252 341 5280 ν
374 5242 506 5298 Luc.
543 5262 605 5310 ιι,
642 5244 695 5311 7,
736 5247 827 5300 2|.

238 5329 342 5380 ιιι,
370 5313 471 5367 27.-

939 5261 961 5288 ι
996 5247 1187 5303 Matth.
1220 5265 1295 5312 tv,
1324 5248 1394 5316 2;
1424 5248 1584 5303 Joan.
1657 5264 1735 5314 ιι,
1801 5249 1863 5304 il
1893 5265 1908 5310 ;
1942 5247 2072 5303 Luc.
2107 5265 2169 5312 ιι,
2202 5251 2253 5303 l.

1925 4683 1979 4730 et
2012 4676 2079 4731 ab
2111 4675 2233 4746 ipso
2276 4677 2330 4730 in
2377 4677 2551 4733 sacris
2576 4678 2888 4751 Evangeliis
2921 4679 3127 4735 dictum
3173 4679 3503 4735 invenimus.

1925 4766 2063 4821 Cum
2112 4768 2259 4822 enim
2295 4760 2375 4823 ad»
2411 4784 2631 4827 crucem
2681 4770 2986 4838 accederet,
3038 4770 3179 4825 dixit
3224 4788 3235 4824 :
3289 4788 3305 4820 ι
3347 4769 3505 4827 Nunc

1927 4859 2110 4914 anima
2159 4875 2280 4915 mea
2316 4862 2531 4916 turbata
2560 4872 2665 4931 est,
2697 4871 2753 4918 et
2779 4863 2909 4934 quid
2944 4863 3173 4919 dicam?
3212 4862 3396 4931 Pater,
3440 4866 3505 4918 li-

1929 4954 2057 5010 hera
2100 4954 2117 4976 ⁶
2167 4970 2255 5009 me
2290 4969 2369 5009 ex
2419 4956 2522 5011 hac
2565 4954 2699 5012 hora
2736 4973 2751 5010 ι
2787 4956 2884 5012 sed
2931 4967 3217 5029 propterea
3271 4958 3394 5013 veni
3449 4957 3504 5011 in

1936 5048 2127 5102 horam
2173 5048 2313 5102 hanc
2337 5057 2381 5100 ι.
2425 5068 2441 5099 ι

2362 5259 2392 5298 1
2423 5248 2550 5305 Luc.
2626 5266 2761 5317 χιιι,
2797 5251 2905 5321 M;
2940 5267 3098 5319 mn,
3126 5252 3215 5307 46.
3296 5262 3317 5289 ι
3348 5252 3502 5308 Joan.

1347 5464 1592 5521 ἾΑῐςΙιΕ
1633 5465 2020 5524 LECTIONES
2062 5467 2149 5523 ΕΤ
2178 5468 2411 5526 ΝΟΤᾹΞ.

308 5624 351 5656 ¹¹
384 5624 506 5679 cod.
543 5622 561 5674 Ι
604 5621 706 5693 τὴν
733 5619 1004 5688 εὐλογίαν.
1086 5619 1143 5694 "_
1168 5618 1238 5672 Τὸ
1267 5649 1335 5659 -
1362 5621 1650 5694 μόνιμογ.
1690 5621 1813 5679 Des.

1926 5623 1989 5678 ud
2026 5623 2189 5677 (Iord.
2232 5624 2271 5676 1.
2305 5639 2353 5678 r.

235 5695 308 5749 sit
338 5707 574 5756 merces,
616 5689 776 5761 quam
816 5705 1005 5746 osores
1039 5689 1145 5744 mci
1179 5698 1458 5758 reportent
1500 5706 1529 5743 a
1568 5689 1798 5747 Jehova.

236 5832 369 5891 Iliec
406 5832 695 5889 Theodoro
761 5833 1079 5913 tribuuntur
1114 5831 1254 5898 apud
1321 5829 1487 5883 Curti.
1555 5847 1605 5897 p.
1642 5830 1769 5885 2'50.

2396 5640 2464 5701 p._
2484 5625 2619 5701 229.
2698 5628 2741 5660 ¹³
2778 5629 2960 5685 Τοῦτο
2991 5661 3059 5673 -
3090 5632 3333 5701 Kvplov.
3377 5630 3503 5686 Haec.

1896 5695 1941 5771 ί)
1987 5695 2111 5749 cod.
2182 5695 2240 5771 in
2267 5694 2682 5771 ἀναδεξάμενοι.
2760 5701 2805 5732 ¹⁸
2843 5703 2951 5756 Καὶ
2980 5733 3052 5744 --
3080 5694 3342 5771 φύᾶεως.
3379 5702 3501 5756 Des.

237 5765 290 5839 [τι
318 5762 525 5839 cudi}.
577 5760 645 5839 _“
689 5761 993 5839 Ἐδίψοησε.
1028 5762 1150 5813 cod.
1192 5762 1211 5811 l
1241 5775 1463 5839 _pra}m._
1496 5760 1613 5813 καί.
1644 5763 1742 5839 nl:
1781 5767 1816 5817 Τ

1926 5781 2156 5839 ρακτας.
2198 5763 2365 5839 Ιξειιτ.
2406 5760 2739 5822 uulneratum
2771 5783 2866 5827 est.
2947 5774 2987 5803 ¹⁸
3029 5760 3232 5839 Τὸὗτο,
3275 5760 3329 5828 ιὶ.
3366 5790 3428 5826 τ.Δ
3451 5771 3502 5824 λ.

1885 5837 1898 5864 ί

1907 5839 1925 5863 τ’
1955 5834 2079 5889 cod.
2108 5834 2131 5886 1
2192 5835 2516 5909 εὑρήσομεν.
