3924 6504
437 345 578 410 1763

1435 340 2306 415 THEODORETI'EPISCOPI
2345 355 2714 416 CYRENSIS

3585 354 3735 422 1704

517 462 682 519 Vens.
725 464 818 519 23.
866 483 884 517 ι
927 465 1083 523 Sicut
1115 467 1470 525 umbrarum
1503 469 1765 539 declinat,
1811 472 2024 528 ablatus

2199 479 2306 540 κγ’.
2356 491 2374 524 ι
2428 471 2576 526 Ὧσεὶ
2625 473 2754 528 σκιά
2783 473 2842 527 ἐν
2879 473 2957 544 τῷ
2991 475 3238 530 ἐκκλῖναι
3286 477 3464 550 αὐτὴν
3514 478 3736 532 ἀνταν-

439 571 584 623 suin,
619 567 675 612 et
719 573 990 616 excussus
1039 576 1162 617 sum
1192 562 1354 618 sicut
1395 564 1644 619 locustae.
1683 583 1702 615 ι
1757 565 1860 619 Per
1904 564 2024 620 hac

438 659 672 705 mortem
702 651 1129 709 demonstravit.
1160 655 1345 710 lnstar
1375 655 1584 710 umbrae
1621 656 1792 723 enim,
1819 656 2020 726 inquit,

438 744 716 814 vergentis
758 754 814 799 et
857 745 1185 812 deﬁcientis,
1237 746 1400 800 tinem
1442 746 1570 800 vitae
1618 745 1788 812 obivi,
1830 746 1926 800 sed
1970 755 2024 800 et

439 833 586 888 sicut
619 835 846 891 locusta:
876 852 905 889 a
937 837 1114 891 ventis
1138 837 1376 906 jactatae,
1410 847 1464 890 et
1500 836 1608 890 huc
1638 846 1694 890 et
1731 836 1864 891 illuc
1904 837 2022 906 agi-

441 932 588 990 tatae,
629 925 800 980 vitam
844 927 999 990 duxi,
1039 927 1314 981 civitatem
1349 941 1455 978 non
1505 926 1736 990 habens,
1780 942 1888 980 non
1933 942 2023 980 ca-

441 1017 683 1082 stellum,
717 1033 827 1072 non
859 1018 1106 1082 domum,
1165 1017 1259 1073 sed
1310 1019 1472 1072 modo
1519 1017 1738 1087 quidem
1771 1017 1824 1071 in
1861 1017 2022 1083 hanc,

439 1109 605 1163 modo
633 1124 764 1163 vero
790 1111 843 1162 in
889 1110 1058 1172 illam,
1089 1110 1226 1164 alias
1270 1119 1453 1164 autem
1498 1109 1553 1163 in
1597 1118 1810 1164 montes
1842 1117 2024 1164 trans-

444 1199 590 1266 iens,
625 1209 679 1254 et
705 1201 758 1255 in
789 1201 1141 1255 solitudinem
1172 1216 1424 1255 currens.

516 1290 680 1346 Vens.
721 1291 812 1346 24.
861 1310 879 1343 ι
910 1292 1100 1348 Genua
1134 1309 1252 1348 mea
1284 1293 1557 1348 infirmata
1584 1304 1713 1349 sunt
1740 1309 1770 1348 a
1793 1293 2021 1364 jejunio,

438 1393 494 1440 et
537 1399 668 1439 caro
713 1400 834 1439 mea
879 1386 1169 1441 immutata
1210 1394 1296 1441 est
1335 1397 1561 1457 propter
1603 1388 1805 1442 oleum.
1846 1407 1864 1440 ι
1901 1389 2023 1441 Non

437 1477 586 1532 enim
614 1477 946 1534 dissolutam
987 1490 1043 1534 et
1081 1481 1370 1534 delicatam
1403 1482 1535 1536 duxi
1572 1483 1760 1546 vitam,
1790 1482 1884 1536 sed
1931 1496 2025 1536 so-

439 1570 614 1625 briam
660 1580 716 1626 et
764 1586 1040 1641 asperam,
1086 1581 1141 1627 et
1184 1573 1516 1642 squalidam.
1573 1573 1641 1627 Et.
1689 1584 1856 1630 testes
1897 1584 2027 1629 sunt

439 1665 587 1719 sacri
615 1664 738 1734 ejus
787 1665 1067 1735 discipuli,
1116 1681 1259 1736 quos
1300 1666 1501 1736 eligere
1530 1666 1790 1737 dignatus
1824 1677 1929 1733 est,
1974 1676 2027 1721 et

359 1778 361 1780 ·
439 1771 609 1826 panes
661 1757 954 1812 hordeacei
1005 1773 1148 1828 quos
1199 1757 1518 1823 aﬂ'erebant,
1568 1767 1622 1812 et
1671 1760 1836 1828 spica:
1888 1775 2025 1828 quas

332 1869 341 1876 ο
439 1822 713 1903 vellebant
747 1822 1112 1920 manibusque
1141 1850 1391 1905 terebant
1425 1859 1645 1921 propter
1668 1822 2018 1907 famem-Illa

2136 1842 2384 1912 στάχυες,
2417 1841 2509 1896 καὶ
2531 1839 2658 1905 ταῖξ
2673 1843 2832 1913 χερσὶ
2864 1843 3176 1914 τριϐόμενοι
3204 1844 3295 1898 διὰ
3329 1822 3651 1917 πείνηνίΤδ
3676 1847 3722 1878 ’⁸

437 1951 660 2006 autem,
700 1959 720 1992 ι
757 1936 901 1997 Caro
931 1958 1050 1998 mea
1087 1942 1375 1997 immutata
1406 1951 1490 1997 est
1519 1955 1743 2013 propter
1767 1944 1965 2006 olettm,
1995 1965 2014 1997 ι

440 2034 806 2105 Symmachus
855 2035 934 2089 sic
977 2036 1291 2089 convertit:
1328 2034 1392 2087 Et
1428 2051 1552 2088 caro
1580 2051 1696 2089 mea
1732 2037 2019 2092 immutata

437 2135 514 2182 est
547 2135 757 2196 propter
783 2128 1124 2182 amissionem
1156 2129 1442 2182 unctionis.

510 2217 681 2271 Vens.
716 2217 805 2270 25.
854 2237 872 2270 ι
912 2217 976 2272 Ει
1007 2235 1110 2290 ego
1138 2217 1315 2274 factus
1344 2234 1463 2274 sum
1496 2218 1848 2287 opprobrium
1880 2219 2016 2275 illis:

441 2310 695 2364 viderttnt
733 2325 838 2373 me,
873 2319 1166 2365 moverunt
1196 2311 1374 2380 capita
1407 2325 1527 2364 sua.
1571 2329 1589 2361 ι
1624 2311 1690 2364 Et
1720 2311 1820 2366 hoc
1857 2312 2020 2367 sorti-

401 2410 556 2456 ~tunt
609 2412 694 2457 est
763 2404 946 2458 tinem.
1008 2401 1226 2473 1389
1275 2401 1411 2457 Cum
1477 2401 1727 2457 viderent
1785 2419 1910 2458 eum
1963 2405 2018 2458 in

437 2509 624 2558 cruce,
658 2505 942 2550 moventes
984 2496 1185 2565 capita,
1221 2494 1481 2549 dicebant
1511 2511 1524 2548 :
1562 2512 1580 2546 ι
1616 2492 1758 2561 Vah,
1789 2496 1884 2565 qui
1923 2496 2020 2551 de-

440 2589 612 2644 struis
660 2589 925 2658 templum
963 2588 1088 2654 hoc,
1136 2597 1191 2642 et
1237 2587 1292 2641 in
1343 2587 1520 2642 tribus
1570 2586 1764 2644 diebus
1810 2589 2020 2645 excitas

439 2683 598 2745 illud,
629 2681 900 2737 descende
941 2695 1089 2735 nunc
1120 2680 1188 2736 dc
1227 2695 1390 2736 cruce
1407 2691 1455 2734 α.
1495 2697 1515 2732 ι
1565 2679 1674 2734 Alii
1715 2691 1899 2738 autem
1935 2684 2021 2737 di-

440 2774 642 2832 cebant
671 2793 685 2829 :
725 2793 743 2826 ι
784 2773 934 2829 Alios
967 2773 1150 2829 salvos
1185 2770 1334 2840 fecit,
1385 2788 1444 2829 se
1478 2773 1658 2844 ipsum
1694 2789 1804 2829 non
1843 2786 2023 2846 potest

329 2892 335 2899 -
438 2865 649 2921 salvum
683 2865 862 2922 facere
879 2866 929 2920 δ.
965 2885 984 2918 ι

509 2955 677 3014 Vens.
707 2959 812 3026 26,
856 2959 948 3013 27.
1002 2977 1020 3011 ι
1053 2957 1266 3030 Adjuva
1308 2975 1417 3025 me,
1443 2958 1674 3016 Domine
1720 2961 1864 3017 Deus
1910 2963 2017 3031 mi,

439 3050 650 3106 salvum
713 3067 802 3107 me
859 3050 948 3106 fac
987 3059 1208 3120 propter
1254 3051 1690 3106 misericordiam
1730 3060 1897 3106 tuam.
1957 3052 2023 3106 Et

439 3152 776 3212 cognoscant
822 3143 967 3198 hanc
1011 3158 1234 3198 manum
1284 3151 1457 3210 tuam,
1507 3151 1557 3199 et
1598 3154 1672 3208 te,
1698 3158 1731 3198 ο
1769 3142 2020 3209 Domine,

339 3231 348 3238 ”
442 3232 638 3288 fecisse
665 3233 821 3288 illud.
856 3252 873 3283 ι
927 3232 1181 3299 Discant,
1228 3234 1448 3303 inquit,
1493 3234 1617 3288 illos
1646 3247 1756 3288 non
1794 3233 2024 3288 invitum

441 3338 531 3379 me
562 3323 713 3378 cruci
765 3324 1090 3390 tradidisse,
1143 3323 1238 3378 sed
1284 3325 1387 3378 hoc
1427 3339 1550 3379 esse
1599 3333 1704 3378 tuae
1740 3323 2028 3392 dispensa-

443 3415 611 3472 tionis
675 3431 838 3486 opus.
903 3418 1006 3472 Per
1074 3431 1251 3471 meam
1320 3417 1466 3471 enim
1519 3432 1739 3473 crucem
1799 3417 2027 3473 salutem

444 3508 704 3565 omnibus
731 3508 917 3579 largiri
943 3507 1186 3563 voluisti.
1209 3507 1432 3562 Manum
1458 3524 1584 3563 vero
1615 3509 1707 3563 Dei
1732 3510 2026 3579 potentiam

443 3603 624 3652 vocat.

520 3685 687 3742 Vens.
719 3685 812 3742 28.
851 3705 869 3737 ι
897 3685 1221 3742 Maledicent
1246 3686 1344 3749 illi,
1373 3697 1427 3740 et
1455 3695 1510 3740 tu
1541 3686 1888 3742 benedices.»
1924 3685 2030 3742 Us-

447 3790 553 3846 que
578 3776 631 3829 in
658 3774 982 3828 hodiernum
1009 3773 1152 3828 diem
1179 3772 1353 3827 Judaei
1393 3762 1728 3828 Salvatorem
1755 3775 2028 3830 exsecrari

446 3871 679 3936 pergunt
715 3878 731 3917 :
771 3863 865 3918 sed
896 3863 1002 3918 illis
1038 3864 1455 3918 exsecrantibus
1477 3904 1492 3928 ,
1525 3864 1793 3920 illustrior
1827 3866 1882 3920 in
1912 3866 2030 3923 dies

446 3956 508 4010 ﬁt
537 3955 850 4026 praedicatio
874 3956 1049 4011 verbi.
1088 3973 1106 4006 ι
1135 3954 1239 4021 Qui
1261 3956 1554 4026 insurgunt
1579 3957 1631 4010 in
1656 3973 1763 4024 me,
1797 3959 2031 4015 confun-

446 4049 649 4103 dantur
683 4065 696 4103 :
733 4065 923 4104 servus
949 4058 1134 4102 autem
1164 4058 1289 4103 tuus
1321 4048 1616 4104 laetabitur.
1652 4069 1670 4102 ι
1709 4049 1894 4122 Neque
1929 4054 2031 4110 hoc

445 4140 653 4196 dictum
695 4141 748 4194 in
781 4141 891 4194 alio
925 4155 1093 4196 sensu
1129 4140 1380 4210 accipere
1409 4142 1681 4209 psalmum
1716 4158 1818 4199 nos
1862 4144 2026 4215 cogit.

447 4231 718 4287 Audimus
748 4231 894 4285 enim
928 4242 984 4284 et
1016 4231 1263 4286 divinum
1295 4229 1523 4286 Paulum
1561 4233 1830 4290 dicentem
1859 4253 1872 4288 :
1913 4253 1931 4286 ι
1962 4236 2031 4291 Se

449 4321 630 4392 ipsum
666 4321 970 4376 exinanivit
995 4360 1011 4387 ,
1061 4320 1298 4377 formam
1346 4325 1487 4378 servi
1527 4326 1800 4396 accipiens
1834 4337 1879 4380 ο.
1911 4345 1930 4378 ι
1965 4327 2031 4382 Et

450 4416 566 4484 ipse
603 4415 621 4435 ‘
669 4429 763 4484 per
792 4412 990 4468 Isaiam
1037 4414 1353 4468 exclamans
1401 4415 1482 4470 sic
1525 4417 1646 4472 ait:
1708 4438 1726 4469 ί
1765 4418 1868 4484 Qui
1919 4418 2032 4473 for-

447 4493 618 4561 mavit
650 4521 737 4560 me
765 4519 830 4558 ex
860 4515 1014 4560 utero
1047 4519 1263 4559 servum
1296 4505 1400 4560 sibi
1425 4505 1451 4545 ά
1481 4525 1499 4558 ι
1530 4525 1546 4573 ;
1587 4517 1642 4563 et
1671 4510 1832 4579 paulo
1863 4519 2024 4580 post:
2061 4530 2104 4586 ι)

454 4616 475 4650 ι
505 4595 672 4653 Posui
705 4607 758 4652 te
789 4605 849 4652 ut
897 4595 974 4651 sis
1003 4603 1389 4651 testamentum
1421 4598 1635 4668 generis
1669 4609 1724 4653 et
1769 4600 1861 4654 lux
1903 4616 2034 4670 gen-

2126 563 2354 638 ῃρέθην,
2387 564 2741 636 ἐξετινάχθην
2767 565 2900 618 ὡσεὶ
2929 565 3166 637 ἀκρίδες.
3208 587 3228 620 ι
3266 568 3364 622 Διά
3391 569 3601 622 τούτων
3627 568 3730 621 τὸν

2125 653 2355 708 θάνατον
2399 654 2775 726 παρεδήλωσε.
2831 657 2972 727 Σκιᾷ
3014 656 3144 728 γὰρ,
3178 658 3315 730 φησὶ
3345 661 3411 726 ὀ,
3461 660 3730 730 κλιθείσῃ

2128 749 2222 799 καὶ
2254 747 2609 818 άναιρεθείσῃ
2641 747 3042 818 παραπλησίως
3075 749 3346 822 ἐδεξάμην
3368 751 3462 806 τοῦ
3499 751 3622 821 βίου
3658 750 3726 803 τὸ

2124 837 2281 900 τέλος
2307 851 2320 864 ·
2354 837 2492 891 ἀλλὰ
2527 838 2624 891 καὶ
2648 837 2834 908 ,δίκην
2864 839 3104 909 ἀκρίδων
3134 841 3224 894 ὑπ’
3256 842 3475 911 ἀνέμων
3499 844 3732 912 ῥιπιζο-

2129 928 2328 998 μένων,
2364 931 2459 982 καὶ
2481 930 2606 1000 τῇδε
2632 931 2860 984 κάκεῖσε
2892 934 3368 1002 περιφερομένων,
3392 934 3683 988 διετέλεσα
3707 952 3725 965 ’

2124 1017 2186 1069 οὐ
2244 1018 2400 1070 πόλιν
2447 1016 2608 1088 ἔχων,
2658 1019 2719 1071 οὐ
2764 1017 2979 1089 κώμην,
3014 1020 3113 1073 οὐκ
3157 1021 3336 1076 οἰκίαν
3363 1039 3378 1053 ⁶
3410 1022 3548 1076 ἀλλά
3585 1023 3728 1076 ποτὲ

2134 1107 2236 1178 μὲν
2266 1109 2345 1171 είς
2375 1109 2601 1180 ταύτην,
2632 1109 2765 1162 ποτὲ
2792 1109 2850 1162 δὲ
2883 1111 2964 1175 είς
2996 1111 3236 1183 ἐκείνην,
3269 1112 3457 1167 ἄλλοτε
3479 1115 3536 1167 δέ
3563 1116 3611 1146 ³⁸
3640 1115 3729 1177 εἰς

2126 1200 2231 1269 ὅρη
2263 1200 2628 1272 μεταϐαίνων,
2661 1203 2755 1255 καὶ
2790 1203 2871 1266 εἰς
2897 1202 2994 1273 τὴν
3027 1202 3235 1274 ἔρημον
3266 1204 3478 1276 τρέχων
3507 1206 3575 1259 ⁸³.

2197 1293 2297 1347 κδ’.
2349 1312 2367 1344 ι
2403 1294 2486 1346 Τὰ
2521 1293 2723 1363 γόνατά
2775 1312 2878 1365 μου
2924 1295 3229 1367 ἡσθένησαν
3277 1297 3384 1351 ἀπὸ
3432 1295 3726 1368 νηστείας,

2127 1384 2227 1438 καὶ
2282 1386 2317 1456 ἡ
2377 1383 2515 1456 σάρξ
2559 1402 2660 1454 μου
2703 1383 2972 1457 ἠλλοιώθη
3015 1386 3082 1438 δι’
3111 1386 3289 1441 ἔλαιον
3333 1388 3400 1441 ³³.
3434 1407 3452 1439 ι
3499 1389 3574 1440 Οὐ
3609 1387 3730 1458 γὰρ

2127 1477 2411 1548 ἀνειμένον
2442 1479 2537 1531 καὶ
2568 1476 2911 1548 ἁϐροδίαιτον
2941 1477 3228 1533 ἐϐιότευσα
3258 1479 3396 1548 βίον,
3427 1479 3541 1532 ἀλλ’
3572 1479 3727 1532 ἀπέ-

2127 1586 2330 1641 ριττον,
2363 1569 2458 1623 καὶ
2489 1569 2926 1639 κατεσκληκότα,
2957 1570 3052 1623 καὶ
3082 1571 3388 1642 αὐχμηρόν.
3424 1573 3536 1624 Καὶ
3565 1571 3725 1642 μὰρ-

2127 1676 2291 1730 τυρες
2314 1660 2360 1712 οἱ
2395 1658 2496 1728 τῆς
2529 1659 2682 1729 ίερᾶς
2707 1659 2874 1712 αὑτοῦ
2911 1659 3211 1730 μαθητείας
3244 1660 3596 1727 ἀξιωθέντες,
3624 1664 3728 1716 καὶ

2127 1751 2178 1803 οἱ
2217 1750 2452 1822 κρίθινοι
2483 1750 2659 1820 ἄρτοι,
2690 1750 2784 1813 οὓς
2815 1752 3169 1822 ἐπεφέροντο,
3201 1754 3296 1806 καὶ
3327 1754 3377 1806 οἱ
3404 1754 3724 1826 τιλλόμενοι

2126 1931 2205 1996 δὲ,
2267 1951 2285 1983 ι
2337 1931 2402 1984 Ἦ
2436 1931 2573 2003 σάρξ
2608 1949 2709 2002 μου
2757 1931 3030 2003 ἠλλοιώθη
3064 1933 3132 1987 δι’
3162 1934 3365 2000 ἔλαιον,
3406 1954 3424 1987 ι
3481 1937 3541 1990 '0
3568 1937 3723 2007 Σύμ-

2129 2040 2300 2092 μαχος
2360 2021 2537 2086 οὓτως
2600 2024 2970 2094 ἡρμήνευσεν’
3028 2025 3201 2097 Καλή
3243 2027 3404 2096 σάρξ
3450 2047 3572 2098 μου
3604 2029 3722 2098 ήλ-

2127 2114 2345 2182 λοιώθη
2369 2117 2414 2148 ¹⁸
2438 2114 2557 2168 ἀπὸ
2584 2115 2968 2185 (traiecti-lac.

2197 2214 2297 2263 κε’.
2354 2227 2372 2259 ι
2406 2207 2577 2276 Κάγὼ
2604 2208 2871 2279 ἐγενήθην
2898 2211 3100 2275 δνειδος
3132 2211 3337 2277 αὐτοῖς,
3369 2213 3588 2267 εἷδοσάν
3623 2230 3714 2284 με,

2127 2298 2427 2354 ἐσάλευσαν
2448 2299 2690 2368 κεφαλὰς
2709 2299 2945 2354 αὐτῶν.»
2973 2302 3082 2354 Καὶ
3101 2301 3261 2356 τοῦτο
3283 2303 3472 2366 τέλους
3496 2304 3544 2334 ’⁸
3563 2305 3719 2357 τετυ-

2126 2408 2322 2462 χηκεν.
2369 2391 2634 2462 Ὀρῶντες
2657 2391 2821 2446 αὐτὸν
2850 2393 2895 2423 ⁸⁷
2922 2392 3015 2444 ἐπὶ
3031 2392 3124 2447 τοῦ
3159 2393 3420 2462 σταυροῦ,
3439 2395 3718 2458 κινοῦντες

2126 2485 2224 2546 τὰς
2245 2484 2487 2552 κεφαλὰς
2518 2485 2584 2552 ³⁸,
2616 2483 2823 2553 ἔλεγον,
2858 2503 2877 2536 ι
2905 2485 3038 2551 Οὐά,
3076 2485 3104 2537 ὁ
3138 2486 3429 2564 καταλύων
3461 2487 3558 2540 τὸν
3586 2489 3716 2541 ναὸν

2125 2573 2338 2641 τοῦτον,
2374 2575 2471 2628 καὶ
2501 2576 2560 2628 ἐν
2587 2577 2767 2646 τρισὶν
2791 2577 3029 2647 ἡμέραις
3056 2578 3292 2649 ἐγείρων
3323 2578 3514 2644 αὐτὸν,
3547 2579 3718 2632 κατά-

2127 2666 2254 2739 ϐηθι
2277 2667 2386 2721 ἀπὸ
2415 2668 2511 2722 τοῦ
2537 2669 2832 2738 σταυροῦ.»
2875 2670 3059 2723 ’Ἄλλοι
3093 2671 3151 2725 δὲ
3188 2671 3394 2740 ἔλεγον
3434 2693 3452 2724 ι
3489 2673 3717 2736 Ἄλλους

2127 2759 2351 2826 ἔσωσεν,
2377 2761 2567 2815 ἑαυτὸν
2593 2761 2654 2814 οὐ
2685 2760 2910 2815 δύναται
2931 2761 3129 2818 σῶσαι.
3168 2783 3188 2815 ι

2202 2945 2316 3006 σις’,
2339 2937 2447 3003 κζ’.
2487 2957 2506 2990 ι
2539 2937 2820 3009 Βοήθησόν
2867 2955 2979 3008 μοι,
3008 2937 3185 3009 Κύριε
3213 2939 3240 2991 ὁ
3276 2935 3411 3001 Θεός
3456 2955 3586 3009 μου,
3622 2939 3719 2992 καὶ

2132 3034 2306 3088 σῶσόν
2338 3051 2405 3104 με
2433 3033 2574 3086 κατὰ
2604 3032 2664 3085 τὸ
2697 3032 2845 3094 ἐλεὸς
2890 3049 3008 3086 σου.
3051 3031 3164 3085 Καὶ
3215 3032 3519 3099 γνώτωσαν
3570 3034 3656 3087 ὅτι
3684 3035 3718 3103 ἡ

2129 3125 2251 3195 χείρ
2282 3142 2375 3178 σου
2419 3123 2583 3195 αὕτη,
2633 3123 2843 3188 καὶσὺ,
2876 3123 3075 3193 Κύριε,
3131 3123 3398 3195 ἐποίησας
3448 3123 3650 3194 αὑτήν.
3695 3143 3713 3175 ι

2129 3218 2496 3285 Μαθέτωσαν,
2523 3218 2710 3288 φησὶν,
2731 3217 2806 3280 ὡς
2827 3217 2928 3270 οὐκ
2958 3215 3164 3270 ἄκοντά
3197 3233 3264 3287 με
3301 3215 3618 3284 παρέδοσαν
3644 3216 3719 3287 τῷ

2130 3311 2374 3384 σταυρῷ,
2400 3311 2536 3365 ἀλλά
2561 3311 2662 3382 τῆς
2698 3310 2799 3380 σῆς
2832 3309 2992 3363 τοῦτο
3026 3309 3188 3380 ἔργον
3228 3310 3568 3380 οἰκονομίας.
3616 3311 3716 3363 Διά

2127 3404 2236 3476 γὰρ
2279 3403 2370 3458 τοῦ
2416 3403 2553 3475 ἐμοῦ
2605 3403 2812 3466 πάθους
2866 3402 3169 3473 ἐϐουλήθης
3217 3404 3332 3466 τοῖς
3392 3402 3715 3470 ἀνθρώποις

2128 3498 2226 3570 τὴν
2252 3496 2524 3551 ἀπάθειαν
2562 3495 2916 3568 δωρήσασθαι
2940 3511 2954 3526 ⁶
2991 3495 3160 3566 χεῖρα
3180 3495 3237 3548 δὲ
3267 3495 3427 3549 καλεῖ
3454 3495 3556 3548 τοῦ
3584 3494 3716 3549 Θεοῦ

2128 3591 2226 3657 τὴν
2254 3589 2558 3659 ἐνέργειαν.

2201 3688 2310 3751 κη’.
2357 3701 2376 3733 ι
2418 3678 3037 3750 Καταράσονταιαῦτοὶ,
3070 3680 3164 3734 καὶ
3199 3681 3262 3734 σὺ
3307 3679 3653 3752 εὑλογήσεις.
3693 3701 3709 3731 ι

2129 3776 2310 3846 Μέχρι
2344 3775 2438 3827 καὶ
2461 3775 2703 3845 τήμερον
2734 3773 3011 3844 διέμειναν
3041 3773 3284 3827 Ἰουδαῖοι
3313 3775 3437 3837 ταῖς
3458 3772 3606 3828 κατά
3625 3773 3714 3826 τοῦ

2132 3865 2386 3936 Σωτῆρος
2399 3863 2679 3936 χρώμενοι
2709 3862 3104 3934 βλασφημίαις,
3129 3861 3263 3915 ἀλλὰ
3294 3861 3713 3931 ἐκείνωνζβλασ-

2132 3959 2461 4029 φημούντων
2495 3955 2964 4027 περιφανέστερον
2997 3956 3270 4025 ὁσημέραι
3329 3954 3392 4006 τὸ
3447 3954 3714 4024 κήρυγμα

2131 4049 2364 4116 γίνεται.
2399 4067 2417 4100 ‹
2457 4048 2520 4101 Οἱ
2551 4046 2978 4117 ἐπανιστάμενοι
3025 4065 3115 4117 μοι
3150 4046 3638 4116 αἰσχυνθήτωσαν,
3688 4046 3714 4098 ὀ

2131 4141 2189 4194 δὲ
2221 4139 2410 4202 δοῦλός
2463 4156 2556 4192 σου
2602 4139 3096 4210 εὐφρανθήσεται.’
3125 4158 3144 4190 ι
3183 4138 3319 4192 Οὑδέ
3356 4137 3516 4190 τοῦτο
3572 4139 3715 4207 ἡμᾶς

2135 4229 2198 4282 τὸ
2235 4230 2389 4300 ῥῆμα
2422 4228 2610 4282 λαϐεῖν
2640 4231 2720 4292 είς
2741 4230 2784 4261 ¹⁹
2829 4229 3023 4300 ἑτέραν
3058 4228 3313 4281 ὑπόθεσιν
3359 4227 3452 4280 τὸν
3501 4227 3714 4296 ψαλμὸν

2134 4322 2437 4389 ἀναγκάζει
2458 4322 2523 4375 ³ο.
2590 4320 2891 4392 Ἀκούομεν
2941 4321 3050 4391 γὰρ
3088 4321 3240 4374 xui."
3295 4319 3390 4372 τοῦ
3421 4319 3713 4372 θεσπεσίου

2133 4413 2353 4468 Παύλου
2384 4413 2639 4480 λέγοντος
2658 4413 2725 4478 ³⁸,
2769 4413 2852 4465 ὅτι
2888 4430 2906 4462 ι
2958 4411 3177 4464 Ἑαυτὸν
3201 4409 3439 4462 ἐκένωσε
3500 4409 3714 4478 μορφὴν

2132 4505 2320 4558 δούλου
2351 4505 2556 4558 λαϐών.
2601 4523 2620 4556 ι
2674 4504 2786 4557 Καὶ
2811 4503 2972 4566 αὐτὸς
3023 4503 3079 4556 δέ
3106 4502 3195 4555 διὰ
3247 4501 3480 4554 Ἡσαΐου
3519 4499 3656 4570 βοῶν
3676 4500 3716 4531 ⁸³

2133 4596 2308 4661 οὕτως
2321 4597 2471 4666 λέγει
2487 4613 2498 4626 ·
2516 4617 2534 4649 ι
2567 4597 2624 4649 Ὁ
2642 4597 2852 4658 πλάσας
2871 4613 2938 4666 με
2957 4597 3020 4648 ἐκ
3035 4595 3244 4657 κοιλίας
3256 4592 3444 4646 δοῦλον
3460 4592 3641 4661 ἐαυτῷ
3655 4606 3668 4619 ο
3692 4609 3708 4640 ι

452 4689 611 4754 tium,
647 4698 706 4742 ut
736 4689 814 4744 sis
847 4687 1000 4743 salus
1032 4701 1206 4754 usque
1237 4687 1303 4742 ad
1336 4699 1638 4743 extremum
1675 4699 1832 4744 terrae
1854 4701 1930 4744 θ.»
1969 4690 2024 4745 ΕΙ

2136 4690 2233 4744 καὶ
2283 4689 2404 4760 μετ’
2435 4689 2623 4759 ὀλίγα·
2665 4707 2684 4740 ι
2714 4688 2950 4741 Τέθεικά
2981 4705 3039 4740 σε
3075 4689 3153 4749 εἰς
3179 4685 3446 4756 διαθήκην
3498 4685 3710 4752 γένους,

453 4781 508 4834 in
541 4781 714 4835 sacris
737 4779 1047 4852 Evangeliis
1069 4777 1150 4834 sic
1175 4778 1253 4832 ait
1283 4796 1297 4831 :
1333 4797 1351 4830 ι
1377 4779 1845 4849 Quemadmodum
1869 4781 2024 4838 Filius

2137 4783 2218 4846 είς
2248 4783 2364 4853 φῶς
2395 4781 2586 4848 ἐθνῶν,
2616 4782 2710 4835 τοῦ
2743 4777 2881 4834 εἷναί
2907 4797 2965 4833 σε
2989 4781 3069 4842 εἰς
3096 4779 3370 4848 σωτηρίαν
3416 4777 3525 4839 ἓως
3559 4775 3714 4844 ἐσχά-

454 4871 696 4927 hominis
743 4888 853 4925 non
885 4870 1038 4925 venit
1080 4868 1420 4936 ministrari,
1467 4873 1562 4928 sed
1603 4872 1951 4938 ministrare,
1987 4885 2024 4928 el

2139 4891 2236 4928 του
2289 4874 2391 4944 τῆς
2432 4873 2558 4944 γῆς.
2624 4892 2643 4925 ι
2696 4874 2810 4927 Καὶ
2863 4873 2920 4924 ἐν
2981 4876 3096 4934 τοῖς
3146 4871 3310 4940 ίεροῖς
3357 4867 3711 4935 Εὑαγγελὶοις

452 4962 584 5019 dare
610 4964 851 5018 animam
887 4977 1043 5018 suam
1070 4961 1123 5014 in
1152 4961 1578 5033 redemptionem
1610 4979 1709 5036 pro
1739 4965 1925 5021 multis
1958 4964 2034 5019 ί.»

526 5173 556 5204 ﬁ
585 5159 778 5218 Matth.
809 5177 981 5230 xxv",
1012 5163 1107 5220 40.
1181 5165 1211 5205 δ
1247 5164 1382 5220 ibid.
1418 5165 1509 5220 42.

1588 5175 1610 5203 ο
1642 5163 1881 5235 Philipp.
1918 5179 1986 5227 ll,
2025 5163 2075 5218 7.
2155 5163 2183 5203 ἀ
2214 5164 2322 5220 lsa.
2363 5181 2509 5219 χιιι.

2143 4966 2318 5032 οὕτως
2349 4966 2477 5038 ἐφη·
2511 4986 2530 5019 ι
2571 4967 2788 5037 Ὠσπερ
2813 4965 2944 5029 Υἱὸς
2975 4963 3068 5016 τοῦ
3095 4962 3387 5032 ἀνθρωπου
3434 4959 3537 5012 οὐκ
3588 4953 3712 5027 ἦλθε

2600 5177 2622 5204 ε
2660 5165 2785 5219 ibid.
2815 5165 2891 5218 .8.
2975 5163 2992 5202 ί
3032 5164 3220 5219 Matth.
3252 5179 3344 5228 xx,
3375 5161 3469 5216 28.

1532 5343 1767 5400 VARIIE
1797 5343 2184 5404 LECTIONES
2218 5347 2308 5403 ET
2347 5347 2578 5404 NOTZE.

516 5505 992 5579 ὀιψησίφεεηίη
1023 5509 1145 5562 cod.
1179 5509 1228 5562 l.
1305 5508 1347 5538 ¹¹
1375 5505 1626 5579 Aé-Deso
1666 5506 1823 5564 ibido'
1877 5513 1922 5544 “
1955 5515 2024 5578 Τρ

2136 5525 2232 5579 w._
2251 5507 2392 5579 cod.
2418 5507 2460 5579 _l

2505 5505 2747 5574 φεύγων,
2779 5504 3016 5573 ascripta
3044 5511 3223 5574 tamen
3257 5499 3425 5574 altera
3461 5495 3709 5574 lectione.

454 5580 499 5652 ff
538 5566 710 5652 ἰῃιᾲιἶ
764 5576 860 5652 σι’Δ
895 5577 1124 5652 έλριρν.
1179 5577 1656 5652 Hebr._Defe_cit_a
1683 5566 2018 5652 pinguedine.

2136 5581 2155 5610 ⁵
2191 5576 2268 5652 Td
2296 5608 2366 5619 —
2398 5566 2784 5652 ἀναᾉειψίαζν.
2813 5566 2946 5652 Des:
2971 5573 3112 5652 apud
3153 5570 3319 5626 Cord.
3341 5568 3390 5652 'l.
3427 5583 3478 5622 c.
3501 5566 3709 5652 ἓξὲξ.

456 5649 500 5679 ’⁸
531 5649 651 5702 eod.
691 5649 713 5699 1
757 5647 882 5699 ὑπό.

453 5718 578 5774 cod.
612 5718 636 5771 1
666 5716 789 5771 add.
814 5716 1014 5771 αὐτῶν.

453 5803 579 5852 τος.
608 5786 734 5841 cod.
777 5789 803 5839 1
839 5786 1092 5854 βοῶντος.
1171 5790 1216 5820 ³³
1243 5789 1362 5843 cod.
1418 5789 1440 5841 1
1485 5790 1602 5860 βοᾷ.

960 5648 1006 5678 ’δ
1031 5647 1188 5702 Prior
1248 5647 1417 5703 editio
1451 5649 1684 5704 habebat.
1717 5647 1890 5717 τέλος.
1926 5651 2053 5706 cod.
2095 5650 2121 5702 1
2162 5649 2370 5712 τέλους.

1091 5722 1134 5751 ²⁹
1165 5721 1285 5784 Εἰς.
1321 5718 1490 5773 Abest
1521 5736 1549 5772 a
1585 5721 1710 5777 cod.
1741 5724 1794 5778 1.
1871 5723 1914 5756 ³⁰
1941 5722 2066 5778 cod.
2117 5721 2144 5774 1
2187 5717 2514 5788 ἀναγκάσει.

2475 5649 2519 5678 ’⁷
2547 5638 2766 5701 Αὗτόκ.
2821 5645 2947 5699 cod.
3007 5638 3032 5696 1
3073 5659 3261 5712 praem.
3289 5639 3468 5712 γάρη
3501 5638 3545 5671 ³⁸
3571 5639 3708 5712 Kay.

2622 5717 2660 5747 ³⁸
2697 5716 2825 5771 Καί.
2865 5715 3033 5770 Abest
3064 5707 3094 5767 ti
3132 5714 3253 5768 cod.
3302 5707 3375 5762 l.
3431 5709 3474 5741 ⁸³
3504 5707 3710 5776 Λέγω-ο
