3924 6482
225 321 359 388 1765

1650 315 1730 376 IN
1764 315 1972 375 PSAL.
1997 314 2145 375 CIX.

3358 317 3493 382 1766

227 435 644 509 διακονηθῆναι,
699 434 838 490 ἀλλὰ
891 435 1249 506 διακονῆσαι,
1314 437 1407 489 καὶ
1459 433 1647 488 δοῦναι
1710 435 1810 506 τὴν

1934 431 2106 487 Servus
2161 431 2329 502 igitur
2371 439 2668 502 assumptae
2714 440 2924 490 natura:
2969 442 3055 490 est
3095 449 3330 503 nomen,
3381 453 3491 491 non

226 529 404 602 ψιιχὴν
466 528 638 582 αὑτοῦ
680 528 878 600 λύτρον
925 529 1047 582 ἀντὶ
1105 527 1340 583 πολλῶν.
1405 547 1424 580 ι
1471 528 1532 580 '0
1589 527 1814 594 δοῦλος

225 620 404 672 τοίνυν
431 619 534 688 τῆς
579 617 884 689 ληφθείσης
931 617 1150 687 φύσεως
1203 617 1419 688 ὄνομα·
1471 617 1573 671 ούκ
1626 615 1815 687 ἐπειδὴ

225 708 478 763 δουλεύει
509 709 694 780 ἐκείνῃ
727 709 881 780 (πῶς
924 709 1036 780 γάρ
1065 710 1167 780 ἦγε
1215 709 1294 780 τῷ
1327 707 1446 780 Θεῷ
1491 708 1816 780 συνημμένη

229 800 407 872 Λόγῳ,
434 801 532 854 καὶ
551 799 658 854 τῶν
684 801 940 854 ἁπάντων
969 800 1236 872 δεξαμένη
1269 801 1367 870 τὴν
1401 801 1720 855 δεσποτείαν
1739 800 1779 871 ς)
1797 839 1813 866 ,

228 891 344 946 ἀλλ’
398 890 489 943 ἴνα
542 890 728 960 δειχθῇ
779 889 882 960 τῆς
935 889 1151 958 φύσεως
1186 891 1358 959 αὐτῆς
1390 892 1453 944 τὸ
1498 892 1650 946 ἴδιον.
1703 894 1818 946 Οὐκ

230 980 548 1050 ἀξιώματος
589 981 771 1035 τοίνυν
803 979 1040 1035 ἐνταῦθα
1074 981 1164 1049 τὸ,
1195 980 1404 1050 δοῦλος,
1423 982 1564 1036 ἀλλά
1600 982 1816 1054 φύσεως

230 1072 552 1142 δηλωτικόν.

301 1165 406 1220 κθν.
456 1185 475 1218 ι
522 1165 975 1220 Ἐνδυσάσθωσαν
1021 1169 1070 1221 οἱ
1107 1167 1553 1232 ὲνδιαὸάλλοντές
1609 1185 1678 1237 με
1731 1169 1818 1221 ὲν-

230 1258 460 1327 τροπὴν,
495 1257 589 1311 καὶ
620 1257 1106 1329 περιϐαλέσθωσαν
1146 1259 1224 1323 ὡς
1271 1258 1514 1312 διπλοΐδα
1555 1261 1818 1331 αἰσχύνην

232 1350 410 1403 αὐτῶν
432 1350 501 1404 ³⁵.
541 1369 560 1402 ι
621 1350 794 1404 Πάλιν
845 1352 971 1414 τοὺς
999 1350 1510 1416 ἐνδιαϐάλλοντας
1547 1352 1597 1403 οἱ
1641 1351 1819 1405 λοιποὶ

230 1441 688 1509 ἀντικειμένους
731 1443 1105 1513 ἡρμήνευσαν.
1155 1443 1447 1514 Μαρτυρεῖ
1478 1442 1535 1495 δὲ
1565 1445 1632 1514 τῇ
1682 1460 1818 1513 προ-

234 1533 433 1604 φητείᾳ
488 1533 558 1586 τὰ
585 1535 910 1603 πράγματα.
945 1535 1034 1587 Ἐν
1067 1534 1300 1605 αἰσχύνῃ
1343 1534 1452 1602 γὰρ
1484 1535 1681 1599 ἐκεῖνοι
1743 1534 1821 1586 δι-

229 1627 442 1695 ηνεκεῖ,
481 1627 574 1678 καὶ
600 1624 804 1693 ταύτην
843 1627 1182 1697 ἀμπέχονται
1223 1625 1476 1696 καθάπερ
1509 1643 1565 1678 τι
1599 1625 1820 1696 περιδό-

233 1733 410 1770 Ααιον.

301 1807 367 1860 λ’.
426 1825 444 1857 ι
490 1806 997 1878 Ἐξομολογήσομαι
1040 1807 1119 1876 τῷ
1163 1808 1357 1880 Κυρίῳ
1404 1808 1608 1880 σφόδρα
1655 1811 1712 1862 ὲν
1745 1808 1822 1879 τῷ
1853 1795 1895 1850 Β
1993 1775 2160 1830 Vnus.

233 1899 467 1971 στόματί
511 1915 635 1970 μου,
671 1900 767 1953 καὶ
794 1901 852 1953 ὲν
900 1900 1053 1970 μέσῳ
1083 1899 1296 1954 πολλῶν
1343 1901 1543 1954 αἰνέσω
1577 1902 1760 1955 αὐτόν.
1797 1919 1816 1952 ι

229 1985 459 2056 Κεφαλὴ
487 1986 589 2056 τῆς
618 1986 951 2057 Ἐκκλησίας
999 1989 1028 2041 ό
1066 1989 1347 2060 Δεσπότης
1379 1989 1630 2043 καλεῖται
1685 1991 1822 2060 Χρι-

231 2076 378 2142 στὸς,
422 2077 524 2130 καὶ
577 2076 740 2148 σῶμα
775 2077 940 2131 αὑτοῦ
992 2079 1323 2150 χρηματίζει
1350 2079 1452 2150 τῆς
1498 2079 1825 2148 Ἐκκλησίας

230 2169 258 2219 ὁ
305 2169 607 2238 σύλλογος·
658 2172 862 2226 οἰκεῖον
918 2171 976 2225 δὲ
1029 2172 1201 2244 ὕμνον
1247 2173 1340 2227 τὸν
1386 2173 1595 2244 ταύτης
1653 2173 1824 2244 ὖμνον

227 2260 407 2315 καλεῖ.

301 2352 406 2408 λα’.
442 2371 462 2404 ‹
504 2354 626 2408 Ὀτι
652 2355 902 2426 παρέστη
933 2356 997 2408 ὲκ
1018 2355 1213 2422 δεξιῶν
1235 2356 1490 2426 πένητος,
1523 2355 1618 2410 τοῦ
1655 2357 1826 2410 σῶσαι

232 2447 295 2500 ἐκ
328 2446 443 2500 τῶν
483 2449 935 2503 καταδιωκόντων
960 2451 1004 2482 ⁸⁸
1027 2449 1129 2520 τὴν
1152 2449 1334 2520 ψυχήν
1368 2468 1471 2520 μου
1492 2452 1557 2506 ³⁸.
1605 2470 1623 2504 ι
1655 2451 1825 2505 Τοῦτο

231 2538 325 2591 καὶ
369 2539 430 2592 ὲν
481 2539 560 2610 τῷ
619 2547 679 2594 ιε’
728 2542 918 2612 εἴρηκε
959 2540 1196 2612 ψαλμῷο
1244 2561 1262 2592 ι
1322 2542 1678 2613 Προωρώμην
1735 2544 1825 2596 τὸν

230 2629 442 2700 Κύριον
467 2617 832 2704 ἐνώπιόνμου
879 2632 969 2687 διὰ
997 2633 1220 2696 παντὸς,
1245 2633 1328 2686 ὅτι
1384 2634 1450 2686 ἐκ
1479 2633 1670 2698 δεξιῶν
1721 2633 1822 2703 μού

230 2723 406 2786 ἐστὶν,
457 2723 544 2775 ἵνα
587 2723 662 2794 μὴ
695 2722 963 2777 σαλευθῶ.
1013 2741 1032 2774 ι
1069 2722 1406 2793 Ἀχώριστον
1453 2725 1562 2793 γὰρ
1617 2725 1650 2792 ἡ
1705 2723 1826 2794 θρεία

234 2813 399 2881 φύσις
432 2814 781 2885 ποιησαμένη
817 2813 914 2884 τὴν
936 2814 1152 2880 ἕνωσιν,
1174 2814 1359 2884 παρῆν
1391 2813 1492 2885 μὲν
1509 2817 1574 2885 τῇ
1612 2816 1825 2886 ἀνθρω-

235 2905 370 2975 πείᾳ
400 2904 586 2973 φύσει,
626 2903 926 2976 συνεχώρει
971 2905 1030 2958 δὲ
1077 2905 1334 2976 πάσχειν.
1379 2906 1490 2959 τῶν
1521 2905 1825 2977 ἀνθρώπων

235 2997 749 3068 πραγματευομένη
773 2998 874 3068 τὴν
906 2996 1206 3069 σωτηρίαν.
1254 2996 1462 3068 Ῥᾴδιον
1507 2998 1606 3067 μὲν
1626 2997 1734 3068 γὰρ
1757 2993 1826 3069 ἦν

243 3087 420 3158 αὐτῷ,
452 3088 720 3143 ἀθάνατον
747 3089 917 3158 αὐτὴν
939 3088 982 3119 ³⁷
1002 3088 1070 3158 ἢν
1100 3087 1364 3142 ἀνέλαϐεν
1398 3088 1824 3159 ἀπεργάσασθαι

235 3179 426 3248 φύσιν.
458 3179 679 3244 Ἐπειδὴ
700 3181 756 3233 δὲ
779 3180 1024 3251 σωτηρία
1044 3181 1088 3212 ³⁸
1111 3175 1179 3251 ἦν
1201 3179 1295 3232 τοῦ
1315 3179 1522 3250 κόσμου
1544 3179 1606 3232 τὸ
1633 3179 1825 3242 πάθος.

237 3272 595 3345 συνεχώρησε
633 3271 891 3341 γενέσθαι
939 3272 1001 3325 τὸ
1051 3271 1245 3335 πάθος,
1291 3271 1432 3341 μετὰ
1453 3273 1498 3304 ³9
1541 3271 1602 3324 τὸ
1657 3271 1828 3334 πάθος

237 3367 338 3436 τῆς
371 3365 676 3430 ἀθανασίας
729 3367 824 3419 καὶ
874 3366 975 3436 τῆς
1029 3363 1344 3436 ἀφθαρσίας
1393 3363 1691 3434 μετέδωκε.
1721 3363 1829 3416 Καί¹

233 3457 454 3528 ¹βλάϐην
481 3459 580 3528 μὲν
609 3459 774 3521 αὐτὸς
799 3459 865 3511 ἐκ
896 3458 1007 3509 τῶν
1065 3456 1274 3528 ταύτης
1320 3457 1512 3512 παθῶν
1571 3457 1830 3528 οὐδεμίαν

235 3553 485 3617 ἐδέξατο,
521 3553 618 3622 τῆς
647 3551 705 3604 δὲ
735 3550 943 3617 οἰκείας
965 3550 1138 3621 αὐτὴν
1173 3550 1466 3622 ἐπλήρωσε
1501 3549 1682 3619 δόξης,
1735 3549 1831 3602 καὶ

240 3647 341 3700 σὺν
377 3645 520 3716 αὐτῇ
587 3645 882 3715 βασιλέυει,
957 3645 1052 3697 καὶ
1110 3643 1218 3697 τῶν
1290 3644 1547 3698 ἁπάντων
1617 3645 1827 3713 κρατεῖ.

249 3739 452 3792 Ἡνίκα
480 3739 538 3792 δὲ
569 3737 818 3810 φθαρτὴν
837 3732 984 3808 εἶχεν
1014 3736 1183 3808 αὐτὴν
1203 3736 1248 3767 ⁸ο
1279 3735 1377 3806 τὴν
1406 3734 1590 3803 φύσιν,
1615 3734 1824 3804 ἀνθρωο

238 3830 418 3891 πίνως
440 3829 678 3892 ἅπαντα,
695 3827 832 3898 πλὴν
853 3825 1153 3898 ἁμαρτίας,
1174 3821 1474 3894 συνεχώρει
1491 3824 1588 3876 καὶ
1603 3822 1832 3891 πάσχειν

238 3918 341 3972 καὶ
369 3916 727 3986 φθέγγεσθαι.

565 4029 829 4084 EPMHN.
871 4030 1010 4084 ΤΟΥ
1048 4029 1150 4083 PG’
1188 4027 1508 4084 ΨΑΛΜΟΥ.

315 4149 389 4199 α’.
422 4163 441 4195 ι
477 4142 706 4214 Ψαλμὸς
735 4142 812 4212 τῷ
841 4142 1026 4196 Δαϐίδ.
1072 4162 1090 4195 ι
1146 4143 1219 4195 Τὸ
1254 4143 1384 4213 περὶ
1416 4140 1511 4193 τοῦ
1561 4140 1832 4211 σωτηρίου

241 4235 462 4298 πάθους
493 4237 551 4289 ὲν
597 4234 677 4306 τῷ
723 4235 1156 4305 προτεταγμένῳ
1195 4234 1568 4305 προθεσπίσας
1609 4233 1831 4303 ψαλμῷ,

243 4328 682 4398 προαγορεύει⁵¹
743 4329 843 4398 τὴν
909 4329 1048 4397 μετὰ
1099 4327 1160 4380 τὸ
1219 4326 1392 4390 πάθος
1441 4327 1706 4396 ἀνάληψιν
1739 4323 1832 4378 τοῦ

245 4422 528 4490 Σωτῆρος.
567 4420 857 4490 Μέμνηται
908 4419 966 4472 δὲ
1022 4417 1116 4472 τοῦ
1159 4421 1444 4491 προοιμίου
1475 4417 1568 4470 τοῦ
1616 4417 1832 4487 ψαλμοῦ

1914 523 2060 592 quod
2109 522 2198 576 illa
2251 522 2465 592 1390
2509 523 2738 578 serviret
2769 541 2783 578 :
2820 525 3097 593 quomodo
3131 527 3278 580 enim
3312 526 3366 580 id
3399 525 3495 580 ﬁe-

1915 624 2030 680 ret,
2059 629 2184 668 cum
2214 623 2356 669 esset
2387 630 2510 668 eum
2541 615 2652 670 Deo
2674 616 2851 672 Verbo
2881 617 3174 685 conjuncta
3196 657 3210 682 ,
3257 633 3492 688 cumque

1917 721 2098 760 rerum
2135 707 2380 759 omnium
2411 705 2699 774 imperium
2724 707 3059 774 accepisset?
3098 709 3191 762 sed
3229 717 3289 762 ut
3323 709 3492 777 ipsius

1916 806 2128 852 natura:
2173 798 2478 867 proprietas
2529 798 2933 854 ostenderetur.
3000 798 3118 853 Non
3173 800 3490 870 dignitatem

1917 891 2084 961 igitur
2105 906 2304 945 nomen
2337 891 2480 946 servi
2508 892 2610 946 hoc
2629 891 2698 962 ;iu
2737 892 2857 947 loco
2889 893 3173 958 declarat,
3209 895 3305 950 sed
3335 903 3493 948 natu-

1918 995 2060 1036 ram.

1991 1161 2156 1216 Vsus.
2196 1162 2286 1218 29.
2323 1181 2341 1214 ι
2367 1161 2670 1218 lnduantur
2703 1163 2796 1233 qui
2834 1164 3132 1218 detrahunt
3172 1164 3341 1226 mihi,
3387 1181 3490 1234 pu-

1917 1254 2069 1316 dore,
2096 1264 2148 1308 et
2172 1255 2489 1322 operiantur
2525 1258 2668 1310 sicut
2696 1255 2935 1324 diploide
2961 1255 3286 1310 confusione
3312 1272 3432 1309 sua.
3470 1277 3489 1307 ι

1920 1347 2136 1402 Rursus
2181 1362 2279 1416 pro
2315 1348 2405 1416 qui
2441 1346 2766 1413 detrahunt,
2806 1348 2986 1402 caeteri
3030 1349 3118 1418 qui
3147 1348 3496 1403 adversantur

1920 1436 2261 1508 interpretati
2329 1447 2476 1493 sunt.
2530 1437 2985 1495 Vaticinationem
3048 1456 3135 1495 res
3203 1450 3495 1498 testantur.

1920 1530 2000 1584 Illi
2036 1531 2183 1584 enim
2214 1531 2268 1584 in
2301 1532 2561 1585 continuo
2590 1532 2857 1586 dedecore
2891 1540 3060 1597 sunt,
3097 1540 3150 1587 et
3185 1533 3289 1588 hoc
3326 1533 3498 1587 veluti

1920 1620 2244 1676 indumento
2275 1621 2602 1678 induuntur.

2197 1776 2286 1831 50.
2321 1794 2341 1828 ι
2369 1774 2684 1830 Conﬂteoor
2715 1774 2768 1830 in
2806 1775 3070 1830 honorem
3105 1776 3320 1830 Domini
3343 1778 3499 1832 valde
3586 1835 3590 1839 ,

1923 1885 2019 1924 ore
2052 1884 2177 1923 meo
2201 1909 2216 1934 ,
2254 1877 2308 1922 et
2352 1869 2405 1922 in
2455 1869 2636 1922 medio
2673 1868 2968 1921 multorum
3021 1869 3256 1923 laudabo
3293 1884 3438 1923 eum.
3471 1888 3492 1920 ι

1924 1961 2180 2017 Ecclesia:
2205 1968 2368 2029 caput
2406 1961 2665 2015 Dominus
2694 1957 2947 2012 Christus
2974 1973 3202 2013 vocatur
3223 1997 3238 2023 ,
3280 1969 3336 2014 ct
3376 1976 3499 2014 cor-

1924 2068 2026 2122 pus
2077 2053 2196 2121 ejus
2249 2061 2426 2106 caetus
2475 2049 2735 2104 Ecclesia:
2784 2066 2796 2101 :
2848 2063 3007 2104 suum
3055 2065 3184 2105 vero
3233 2051 3495 2121 hymnum

1925 2144 2094 2214 hujus
2126 2143 2386 2213 hymnum
2419 2140 2675 2211 appellat.

1998 2319 2166 2376 Vsus.
2203 2320 2295 2375 5|.
2361 2339 2380 2371 ι
2418 2320 2555 2386 Quia
2607 2320 2785 2376 astitit
2831 2336 2862 2374 a
2904 2319 3149 2376 dexteris
3198 2319 3497 2390 pauperis,

1925 2421 1985 2468 ut
2000 2414 2207 2467 salvam
2236 2411 2439 2468 faceret
2460 2429 2490 2466 λ
2513 2413 2969 2482 persequentibus
2989 2413 3226 2466 animam
3253 2426 3451 2466 meam.
3473 2431 3493 2463 ι

1925 2506 2039 2560 Hoc
2077 2516 2132 2560 et
2176 2507 2226 2558 in
2263 2506 2475 2559 decimo
2497 2505 2688 2575 quinto
2716 2507 2928 2575 psalmo
2961 2506 3098 2560 dixit
3128 2523 3140 2559 :
3183 2523 3200 2555 ι
3234 2505 3502 2560 Praei-ide-

1925 2599 2051 2653 bam
2084 2598 2374 2654 Dominum
2408 2601 2462 2654 in
2494 2611 2791 2670 conspectu
2825 2615 2944 2656 meo
2970 2616 3209 2671 semper,
3237 2606 3498 2673 quoniam

1926 2704 1956 2743 a
1980 2689 2220 2744 dexteris
2249 2702 2333 2744 est
2357 2690 2513 2757 mihi,
2537 2707 2606 2745 ne
2623 2707 2990 2746 commovear.
3025 2694 3049 2732 Β
3073 2709 3094 2744 ι
3133 2691 3322 2748 Divina
3355 2695 3499 2748 enim

1931 2791 2126 2836 natura
2167 2798 2290 2838 cum
2334 2783 2670 2837 individuam
2717 2783 2970 2852 copulam
3013 2781 3263 2850 fecisset,
3315 2784 3503 2840 aderat

1926 2874 2148 2943 quidem
2211 2875 2466 2929 humanae
2519 2883 2769 2941 natura},
2821 2875 3164 2944 permittebat
3211 2885 3389 2930 tamen
3443 2884 3504 2930 ut

1928 2965 2018 3019 illa
2056 2975 2353 3034 pateretur,
2384 2967 2668 3020 hominum
2693 2981 2994 3035 procurans
3025 2965 3279 3021 salutem.
3319 2965 3504 3022 Facile

1927 3059 2070 3112 enim
2106 3068 2224 3113 erat
2259 3059 2384 3128 ipsi,
2422 3075 2585 3128 quam
2621 3059 2957 3126 assumpsit,
2991 3067 3242 3116 naturam
3280 3057 3506 3111 immor-

1851 3140 1896 3199 C
1932 3147 2090 3202 talem
2126 3147 2353 3201 reddere
2387 3165 2400 3200 :
2439 3146 2534 3200 sed
2571 3147 2697 3216 quia
2741 3147 2924 3216 passio
2958 3155 3077 3200 erat
3110 3148 3259 3200 salus
3292 3145 3503 3211 mundi,

1931 3240 2244 3310 passionem
2274 3239 2540 3308 permisit,
2574 3249 2628 3292 et
2662 3250 2783 3306 post
2812 3239 3144 3307 passionem,
3179 3237 3508 3291 immortali-

1933 3342 2100 3388 tatem
2148 3343 2201 3386 et
2244 3333 2708 3400 incorruptionem
2763 3330 3208 3386 communicavit.
3264 3329 3331 3383 Et
3391 3330 3508 3398 ipse

1932 3425 2154 3492 quidem
2186 3439 2215 3478 e
2245 3423 2582 3478 cruciatibus
2616 3425 2867 3478 humana:
2896 3433 3103 3476 naturae
3139 3421 3352 3475 nullum
3383 3435 3509 3473 sen-

1933 3515 2403 3570 sitdetrimentum
2429 3516 2548 3569 :sed
2568 3516 2712 3568 illam
2736 3515 2904 3583 gloria
2925 3530 3020 3568 sua
3043 3513 3306 3582 implevit,
3321 3521 3506 3566 etcum

1934 3609 2024 3662 illa
2060 3618 2281 3679 regnat,
2329 3608 2536 3677 1391
2583 3608 2855 3676 rebusque
2885 3606 3139 3659 omnibus
3171 3605 3505 3657 dominatur.

1935 3705 2191 3772 Quandiu
2243 3713 2422 3756 autem
2461 3701 2620 3754 morti
2647 3699 2935 3752 obnoxiam
2966 3698 3107 3749 illam
3141 3683 3366 3756 habuit,
3406 3694 3508 3747 hu-

1934 3813 2098 3851 mano
2121 3812 2268 3848 more
2289 3795 2494 3857 omnia,
2519 3803 2714 3862 praeter
2736 3799 3040 3859 peccatum,
3070 3797 3124 3840 et
3146 3786 3253 3855 pati
3281 3793 3336 3839 et
3361 3783 3507 3853 loqui

1935 3888 2304 3958 permittebat.

2303 4019 2675 4076 "INTERPR.
2717 4016 2963 4074 PSALM!
3016 4015 3153 4070 CIX.

2005 4137 2172 4192 Vsus.
2211 4138 2262 4193 l.
2313 4155 2328 4186 ι
2358 4135 2609 4190 Psalmus
2661 4131 2870 4186 Davidi.
2912 4149 2930 4181 ι
2970 4127 3105 4183 Cum
3152 4127 3203 4180 in
3255 4125 3510 4196 proximo

1935 4243 2060 4286 ante
2084 4231 2230 4285 hunc
2250 4230 2458 4298 psalmo
2485 4229 2778 4282 salutarem
2803 4225 3114 4294 passionem
3143 4220 3505 4291 praedixisset,

1935 4325 2181 4397 praedicit
2218 4339 2361 4377 nunc
2391 4319 2689 4375 Salvatoris
2720 4317 3148 4385 aSsumptionem
3177 4353 3189 4372 ,
3221 4327 3342 4382 qum
3384 4321 3508 4382 post

1937 4415 2246 4485 passionem
2284 4411 2422 4464 facta
2463 4418 2566 4463 est.
2607 4407 2850 4461 Meminit
2878 4415 3058 4459 autem
3092 4404 3303 4458 exordii
3343 4403 3506 4469 hujus

245 4516 349 4568 καὶ
376 4481 717 4576 δ’θέιότατος
747 4481 951 4584 ίῘέτρος
981 4513 1040 4565 ἐν
1078 4481 1216 4575 ταῖς·
1246 4481 1510 4581 Πρνάξεσι.
1567 4481 1743 4579 Λέγει-
1774 4511 1826 4564 δὲ

1937 4481 2128 4575 psalmi
2158 4503 2537 4556 divinissimus
2567 4499 2760 4553 Petrus
2793 4498 2844 4551 in
2873 4497 3120 4549 Actibus.
3154 4493 3294 4545 Dicit
3327 4505 3508 4546 autem

245 4605 458 4669 οὕτως’
502 4624 520 4656 ε
558 4606 634 4658 Οὐ
679 4605 789 4676 γάρ
843 4604 1009 4657 Δαὸὶδ
1056 4603 1223 4674 ἀνέϐη
1261 4605 1339 4666 είς
1381 4605 1508 4664 τοὺς
1545 4603 1830 4674 οὐρανοὺς,

247 4697 404 4765 λέγει
467 4695 525 4748 δὲ
561 4695 760 4759 αὐτός’
801 4693 970 4748 Εἶπεν
1015 4697 1044 4748 ό
1107 4695 1319 4766 Κύριος
1368 4693 1447 4764 τῷ
1476 4693 1668 4764 Κυρίῳ
1707 4711 1832 4763 μου,

248 4788 444 4842 Κάθου
487 4791 552 4841 ὲκ
598 4787 791 4853 δεξιῶν
844 4805 988 4859 μου,
1031 4787 1138 4851 ἓως
1182 4787 1249 4841 ἂν
1295 4786 1372 4840 θῶ
1431 4786 1559 4849 τοὺς
1608 4785 1835 4855 ἐχθρούς

254 4898 354 4935 σου
405 4881 699 4935 ὑποπόδιον
740 4879 852 4934 τῶν
906 4879 1082 4934 ποδῶν
1126 4897 1241 4934 σου.
1297 4898 1317 4933 ι
1361 4880 1474 4932 Kal.
1515 4879 1678 4942 αὐτὸς
1723 4878 1835 4932 δὲὸ

253 4972 487 5044 Κύριος,
541 4973 682 5044 ὁρῶν
737 4974 866 5036 τοὺς
913 4973 1244 5043 Φαρισαίους
1301 4973 1468 5035 ἀλλας
1505 4971 1635 5042 περὶ
1699 4972 1832 5041 Χρι⁶

258 5065 393 5118 στοῦ
423 5065 582 5129 δόξας
611 5065 856 5136 ἔχοντας,
885 5065 1080 5119 πεῦσιν
1106 5066 1289 5128 αὐτοῖς
1315 5065 1525 5120 τοιάνδε
1564 5064 1836 5136 προσήνε-

268 5268 294 5307 ε
337 5263 483 5320 Psal.
525 5282 590 5320 xv
615 5306 628 5330 ,
663 5267 720 5319 8.
794 5266 819 5305 ιι
854 5263 977 5320 Act.
1013 5280 1048 5319 ll
1074 5306 1088 5331 ,
1118 5264 1208 5330 3t,
1241 5264 1332 5320 55.

1935 4602 2055 4655 sic:
2088 4617 2106 4650 ι
2136 4598 2255 4652 Non
2288 4597 2433 4652 enim
2463 4595 2630 4647 David
2658 4593 2900 4648 ascendit
2934 4592 2986 4644 in
3022 4588 3228 4643 caalos:
3262 4587 3393 4640 dicit
3425 4603 3514 4639 au-

1938 4700 2042 4743 tem
2072 4687 2216 4757 ipse:
2240 4685 2382 4738 Dixit
2407 4683 2669 4738 Dominus
2694 4681 2922 4734 Domino
2945 4693 3096 4732 meo:
3125 4675 3264 4732 Sede
3282 4691 3309 4728 a
3328 4673 3514 4730 dexte-

1938 4784 2012 4837 ris
2040 4782 2196 4844 meis,
2217 4780 2390 4834 donec
2419 4792 2616 4847 ponam
2655 4775 2908 4829 inimicos
2938 4781 3060 4824 tuos
3091 4764 3389 4824 scabellum
3420 4782 3512 4837 pe-

1936 4877 2065 4928 dum
2095 4881 2313 4926 tuorum
2337 4869 2388 4922 h.
2421 4886 2440 4916 ι
2467 4866 2533 4918 Ει
2557 4866 2673 4934 ipse
2691 4863 2954 4917 Dominus
2985 4860 3176 4915 videns
3203 4858 3512 4911 Pharisaeos

1935 4967 2071 5020 alias
2101 4961 2168 5016 de
2188 4959 2410 5015 Christo
2429 4956 2712 5026 opiniones
2741 4953 2938 5007 habere
2956 4990 2969 5015 ,
2994 4945 3306 5019 hujusmodi
3329 4961 3512 5016 quaes-

1945 5059 2151 5113 tionem
2183 5052 2314 5123 ipsis
2357 5048 2691 5122 proposuit:
2742 5067 2760 5100 t
2805 5044 2950 5113 Quid
2987 5042 3143 5098 vobis
3191 5040 3403 5097 videtur
3442 5037 3510 5093 de

1357 5414 1586 5471 VARIA“.
1635 5407 2021 5467 LECTIONES
2080 5405 2169 5461 ET
2200 5402 2437 5460 NOTAE.

335 5534 384 5610 ξ’
405 5533 632 5610 Αὐτῶν.
663 5532 764 5610 cod
797 5529 974 5610 lAadd.
1001 5529 1121 5610 ἀντ).
1150 5529 1246 5582 τοῦ
1269 5528 1654 5610 ’διπλουεμένην
1688 5525 1906 5610 χλανίδα

267 5603 415 5659 cibus
445 5620 520 5657 sc.
556 5603 771 5667 iniquis.
825 5601 968 5667 Aqu.
993 5607 1045 5653 et
1078 5599 1228 5667 Sym.
1258 5599 1366 5652 ἀπὸ
1413 5593 1526 5653 τῶν
1573 5593 1890 5667 κρινόντων.
1927 5593 1966 5646 Ε

633 5618 771 5672 quis.
825 5615 968 5670 Aqu.
993 5615 1045 5653 et
1078 5615 1228 5669 aym.
1258 5615 1366 5652 απο
1413 5617 1526 5653 των
1573 5615 1826 5667 κρινοντιι

650 5673 695 5710 ³⁷
726 5670 950 5736 Αὺτήν.
1005 5669 1177 5724 codd
1225 5669 1410 5735 εὐθύς.
1486 5668 1532 5701 ³⁸
1561 5668 1684 5724 cod.
1725 5668 1744 5722 Ι
1787 5682 1826 5719 σε

1934 5615 2068 5648 Et)".
2131 5615 2153 5643 ν
2174 5631 2182 5642 .
2215 5615 2281 5641 εκ
2311 5615 2422 5640 των
2451 5615 2846 5652 υιιιυιξυμςγων.
2996 5615 3146 5631 ιιινυ.
3185 5615 3351 5628 um...-
3383 5615 3485 5624 .-.η

1945 5680 2077 5735 ριον.
2155 5662 2198 5694 ³³
2228 5656 2408 5714 Μετὰ.
2445 5656 2568 5713 cod.
2599 5660 2624 5708 1
2659 5665 2844 5723 praem.
2869 5647 2985 5704 καί.
3058 5646 3105 5678 ⁸⁸
3133 5646 3256 5701 cod.
3293 5644 3317 5699 1
3355 5641 3518 5728 αὕτη.

270 5691 413 5727 mam
437 5675 572 5741 ejus.
646 5669 695 5710 7”
726 5669 950 5741 Αὺτήὸή.
1005 5669 1177 5741 c9d.l
1225 5669 1410 5735 εὐθύς.

271 5744 316 5774 ⁸³
349 5739 569 5813 Πρόαγ.
613 5743 734 5799 cod.
773 5742 798 5796 Ι
834 5739 959 5799 add.
995 5739 1111 5793 νῦν.

1941 5526 1998 5576 ὲν
2036 5516 2476 5592 οιτίξῃιρορεῑῖσθαι1
2545 5513 2720 5592 ’δι-Ἐξ
2751 5507 2868 5561 τῶν
2903 5502 3519 5592 νίςςαδ.11ς]›ᾼι·ζμιιθὶίιᾷξο

1971 5573 2097 5648 dit-.1
2123 5573 2182 5643 V'.
2215 5573 2281 5641 ἐκ
2311 5587 2422 5640 τῶν
2451 5583 2846 5652 δικαζομένων.
2922 5577 2967 5652 ³⁴ξ
2996 5580 3146 5652 M93).
3185 5573 3351 5652 Hebr.
3383 5573 3518 5652 {iui-
