3924 6504
486 318 621 383 i767

1481 308 1974 373 THEODORE’I‘I
2017 307 2360 369 EPISCOPI
2384 309 2752 369 CYRENSIS

3634 305 3785 371 1763

477 428 731 484 Christo?
748 426 908 497 cujus
941 434 1027 482 est
1044 425 1189 481 ﬁlius
1210 424 1233 479 ἲ
1262 443 1281 477 ι
1300 422 1435 478 Cum
1460 431 1643 479 autem
1667 423 1741 477 illi
1773 421 2064 484 dixissent,

2177 436 2269 487 γκε
2291 436 2306 451 ·
2336 436 2356 471 ι
2387 419 2453 472 Τί
2475 420 2607 491 ὑμῖν
2628 418 2776 472 δοκεῖ
2795 417 2927 489 περὶ
2943 415 3184 488 Χριστοῦ
3202 434 3216 481 ;
3235 417 3383 479 τίνος
3404 416 3558 470 ἐστὶν
3579 415 3779 482 υἰ6ς;›

480 520 719 585 Βαυὶἀὶε,
757 516 1069 589 respondit:
1103 536 1123 570 ι
1152 510 1439 582 Quomodo
1467 529 1600 584 ergo
1635 511 1804 567 David
1854 510 1910 565 iu
1949 511 2064 580 spl-

478 611 589 665 ritu
621 609 911 665 Dominum
944 609 1126 679 ipsum
1158 614 1338 672 vocat,
1355 605 1584 661 dicens:
1617 604 1762 658 Dixit
1790 602 2054 658 Dominus

481 700 713 755 Domino
750 714 900 762 meo,
937 698 1076 753 Sede
1101 712 1133 751 a
1158 695 1366 753 dextris
1397 695 1558 750 meis.
1592 712 1612 746 ι
1656 692 1862 749 Deinde
1901 708 2065 764 argu-

481 799 789 847 mentatur:
828 808 848 842 ι
879 789 939 843 Si
966 788 1132 843 David
1164 796 1321 841 vocat
1352 786 1535 856 ipsum
1567 785 1622 838 in
1653 783 1847 854 spiritu
1879 782 2068 838 Domi-

480 897 646 950 num,
685 880 959 953 quomodo
1007 878 1154 933 ﬁlius
1192 876 1368 946 ipsius
1418 872 1595 931 esti?
1630 893 1650 925 ι
1707 872 1825 929 Ηοο
1883 881 2064 928 autem

481 975 636 1040 dicit,
668 990 781 1030 non
820 972 1114 1032 inliciando
1143 970 1276 1040 quin
1306 967 1561 1024 Christus
1601 966 1746 1022 ﬁlius
1782 973 1928 1022 esset
1959 965 2060 1020 Da-

483 1067 648 1132 vidis,
677 1066 773 1121 sed
802 1063 1154 1134 adiungendo
1187 1060 1241 1116 id
1276 1060 1422 1131 quod
1454 1058 1809 1129 ignorabatur
1836 1058 1886 1113 ei
1922 1056 2066 1127 quod

484 1158 540 1211 in
571 1156 828 1212 confesso
857 1163 998 1209 erat.
1027 1152 1310 1206 Christum
1348 1150 1494 1205 enim
1532 1149 1706 1204 ﬁlium
1745 1163 1871 1204 esse
1906 1147 2071 1203 Davi-

485 1245 572 1300 dis
601 1243 1006 1299 conﬁtebantur
1036 1239 1326 1305 Pharisaei,
1364 1239 1459 1294 sed
1486 1238 1709 1293 Davidis
1733 1252 1856 1293 esse
1882 1236 2071 1293 Domi-

484 1349 616 1389 num
674 1333 895 1404 penitus
965 1331 1313 1401 ignorabant.
1368 1328 1630 1398 Adjungit
1690 1328 1857 1397 igitur
1922 1328 2069 1397 quod

484 1428 712 1491 deerat,
752 1424 848 1479 sed
888 1437 1005 1478 rem
1053 1420 1361 1477 confessam
1417 1419 1643 1473 minime
1673 1417 1833 1485 tollit,
1866 1418 2071 1473 docens

486 1518 665 1587 ipsum
704 1526 759 1571 et
796 1515 970 1569 ﬁlium
1015 1528 1141 1568 esse
1194 1511 1416 1566 Davidis
1459 1510 1762 1566 secundum
1808 1524 2068 1574 carnem,

487 1617 541 1662 et
571 1606 815 1677 ejusdem
839 1619 962 1659 esse
991 1603 1310 1667 Dominum,
1339 1611 1600 1673 tanquam
1631 1599 1801 1656 Deum
1834 1609 1889 1656 et
1919 1614 2073 1655 crea-

491 1708 685 1752 torem.
740 1694 1033 1749 Manil’este
1081 1708 1211 1761 ergo
1258 1692 1452 1747 beatus
1508 1690 1677 1746 David
1726 1691 2069 1746 divinitatem

487 1790 692 1844 Christi
736 1787 951 1841 Domini
983 1787 1260 1856 pmdicit,
1309 1794 1363 1839 et
1407 1785 1526 1839 ait:
1564 1804 1584 1837 ‹
1616 1783 1759 1839 Dixit
1801 1785 2065 1840 Dominus
2105 1771 2146 1825 Β

490 1881 724 1936 Domino
770 1878 982 1949 1392
1026 1893 1189 1933 meo:
1236 1874 1374 1931 Sede
1414 1890 1446 1931 a
1484 1875 1695 1931 dextris
1729 1874 1887 1930 meis.
1918 1893 1938 1927 ι
2006 1874 2065 1930 Si

493 1975 658 2028 David
688 1988 814 2037 rex,
843 1980 898 2025 et
927 1972 1050 2041 pius
1081 1984 1175 2023 rex
1197 2009 1212 2034 ,
1244 1970 1337 2039 qui
1364 1968 1665 2040 prophetia:
1696 1982 1917 2038 quoque
1945 1983 2067 2037 gra-

491 2068 564 2121 tia
593 2066 825 2121 donatus
862 2075 985 2129 est,
1033 2063 1329 2116 Dominum
1365 2076 1527 2116 suum
1559 2070 1721 2116 vocat
1746 2060 2026 2116 Christum
2049 2100 2065 2122 ,

490 2155 736 2226 profecto
761 2168 871 2208 non
906 2154 1084 2208 solum
1114 2161 1199 2207 est
1226 2152 1389 2206 homo
1417 2151 1719 2207 secundum
1750 2150 2064 2205 Judaaorum

492 2245 784 2309 insaniam,
822 2243 917 2299 sed
944 2242 1107 2297 etiam
1139 2252 1223 2297 est
1244 2231 1427 2309 Deus,
1462 2242 1663 2312 quippe
1686 2240 1906 2296 Davidis
1933 2255 2067 2296 con-

489 2339 639 2393 ditor
663 2376 679 2403 ,
725 2345 779 2390 et
821 2335 1109 2389 Dominus.
1141 2334 1407 2388 Caeterum
1438 2332 1755 2390 communio
1784 2333 2069 2387 nominum

491 2430 829 2485 identitatem
860 2426 1183 2482 substantia:
1206 2425 1463 2480 ostendit.
1496 2424 1761 2481 Dominus
1789 2425 1934 2478 enim
1965 2422 2071 2479 Do-

492 2523 643 2576 mino
666 2520 835 2585 dicit,
869 2530 924 2575 et
966 2530 1075 2573 non
1109 2517 1377 2574 Dominus
1411 2529 1681 2573 creatura:
1705 2559 1719 2583 ,
1754 2533 1932 2588 neque
1964 2518 2071 2573 Do-

492 2613 678 2667 minus
694 2609 953 2681 ﬁgmento
968 2608 1164 2664 :cSede
1186 2623 1216 2662 a
1232 2607 1436 2663 dextris
1464 2609 1618 2662 meis.
1660 2627 1679 2659 ι
1701 2607 1952 2678 Magnum
1966 2607 2073 2663 hoc

494 2705 663 2760 etiam
688 2713 812 2768 est,
839 2710 896 2758 et
926 2717 1033 2757 non
1063 2702 1227 2756 modo
1256 2715 1419 2770 supra
1456 2701 1751 2754 humanam
1784 2710 2034 2755 naturam
2053 2741 2069 2765 ,

489 2812 683 2852 verum
730 2796 900 2852 etiam
959 2809 1125 2864 supra
1163 2809 1382 2848 omnem
1426 2804 1755 2848 creaturam.
1803 2792 2071 2848 Caeterum

495 2892 601 2945 hoc
629 2892 873 2946 humano
901 2889 1068 2944 etiam
1103 2902 1253 2943 more
1276 2888 1487 2943 dictum
1524 2896 1629 2942 est.
1660 2885 1794 2941 Nam
1827 2896 1886 2941 ut
1911 2888 2071 2951 Deus,

496 2983 669 3039 Filius
726 2982 1116 3053 sempiternum
1144 2982 1330 3048 [habet
1380 2982 1638 3035 thronum
1680 2998 1693 3034 :
1760 2998 1779 3032 ι
1820 2979 2076 3035 Thronus

503 3074 650 3128 enim
682 3081 831 3139 tuus,
864 3073 1107 3143 ‘inquit,
1140 3071 1305 3139 Deus,
1339 3072 1392 3126 in
1434 3075 1694 3127 saeculum
1737 3073 1923 3127 saeculi
1962 3069 2008 3127 i.
2052 3092 2070 3125 ι

495 3163 612 3218 Non
658 3165 805 3219 enim
846 3172 969 3232 post
1008 3177 1228 3218 crucem
1268 3173 1324 3218 et
1359 3164 1673 3233 passionem
1718 3162 1825 3217 hoc
1870 3164 2078 3219 honore

497 3256 734 3310 donatus
767 3262 853 3309 est
884 3263 943 3308 ut
973 3253 1138 3318 Deus,
1171 3253 1268 3310 sed
1298 3263 1358 3308 ut
1388 3254 1553 3309 homo
1577 3253 1806 3322 accepit,
1842 3253 1989 3323 quod
2023 3264 2080 3309 nt

500 3348 648 3403 Deus
698 3346 955 3401 habebat.
990 3344 1177 3416 Neque
1226 3350 1373 3400 enim
1442 3361 1566 3401 cum
1638 3345 1859 3401 humilis
1913 3355 2075 3411 esset,

501 3442 755 3496 sublimis
810 3441 1036 3496 eﬁ‘ectus
1080 3442 1319 3495 esttsed
1356 3457 1480 3495 cum
1534 3442 1840 3497 altissimus
1895 3451 2075 3508 esset,

500 3552 737 3607 eumque
804 3534 1037 3593 formam
1111 3535 1205 3590 Dei
1277 3536 1535 3602 haberet,
1600 3536 1906 3591 luuniliavit
1990 3552 2079 3593 se-

500 3630 830 3707 metipsum,
906 3626 1139 3682 formam
1191 3628 1334 3683 servi
1370 3628 1644 3698 accipiens
1678 3628 1726 3682 ιι.
1765 3628 1972 3684 Idcirco
2025 3638 2081 3686 et

512 3721 846 3791 evangelista
880 3721 1151 3775 exclamat
1199 3739 1212 3774 :
1246 3740 1265 3772 ι
1304 3718 1627 3790 Unigenitus
1656 3720 1845 3786 Filius,
1877 3722 1969 3791 qui
1998 3731 2082 3778 est

505 3812 560 3865 in
594 3811 720 3866 sinu
754 3810 956 3875 Patris,
987 3810 1103 3881 ipse
1134 3812 1409 3866 enarravit
1435 3809 1478 3865 ι.
1514 3829 1532 3862 ι
1572 3810 1638 3866 Ει
1665 3812 1783 3882 ipse
1813 3811 2079 3869 Dominus

504 3904 614 3957 ait:
654 3921 673 3955 ι
706 3903 819 3973 Ego
843 3902 898 3956 in
931 3901 1111 3967 Patre,
1138 3910 1193 3955 ct
1212 3899 1371 3955 Pater
1394 3901 1448 3954 in
1481 3917 1568 3956 me
1594 3911 1675 3956 est
1700 3910 1794 3953 ιη.»
1827 3900 1891 3955 Et
1915 3901 2078 3956 alibi:

509 4015 531 4048 ι
550 3995 803 4051 Gloriﬁca
826 4010 912 4050 me
934 4004 1017 4059 tu,
1041 3992 1222 4059 Pater,
1269 3994 1440 4064 gloria
1470 4009 1635 4064 quam
1667 3994 1833 4048 habui
1864 3994 2008 4063 apud
2029 4004 2082 4050 te

506 4089 828 4159 priusquam
852 4087 1093 4141 mundus
1116 4086 1269 4140 ﬁeret
1288 4094 1338 4140 ιι.
1366 4105 1384 4136 ι
1412 4084 1483 4140 Ut
1509 4085 1676 4139 homo
1703 4085 1868 4156 igitur
1893 4085 2077 4141 audit:

512 4202 530 4232 ι
571 4180 710 4236 Sede
752 4195 783 4234 a
812 4178 1018 4233 dextris
1068 4180 1243 4233 meis:
1278 4198 1296 4227 ι
1337 4194 1461 4232 nam
1495 4188 1555 4233 ut
1584 4178 1763 4243 Deus,
1797 4179 2082 4248 sempiter—

507 4288 639 4327 num
697 4270 861 4325 habet
914 4270 1225 4340 imperium.
1278 4288 1297 4321 ι
1336 4269 1518 4325 Donec
1570 4286 1771 4341 ponam
1828 4271 2082 4325 inimicos

509 4372 563 4413 tu
594 4376 631 4416 is
674 4357 972 4415 scabellum
1019 4358 1217 4426 pedum
1263 4367 1506 4412 tuorum.
1545 4377 1564 4409 ι
1612 4358 1820 4415 Inimici
1854 4360 2080 4430 potissi-

2169 511 2489 583 Εἰρηκότων
2551 510 2610 564 δὲ
2670 509 2922 576 ἐκείνων,
2974 508 3086 562 Τοῦ
3141 508 3330 574 Δαόὶδ,
3394 509 3780 582 ἀπεκρίνατο,

2173 622 2193 656 ι
2233 603 2357 667 Πῶς
2385 599 2481 657 οὖν
2514 594 2685 657 Δαίϐὶδ
2716 602 2776 655 ὲν
2797 602 3071 673 πνεύματι
3101 601 3310 672 Κύριον
3363 601 3531 655 αὑτὸν
3582 601 3780 663 καλεῖ,

2166 695 2360 765 λέγων’
2401 691 2572 749 Εἶπεν
2604 696 2634 747 6
2688 694 2896 767 Κύριος
2936 692 3016 765 τῷ
3046 694 3238 765 Κυρίῳ
3302 711 3430 765 μου,
3469 693 3678 748 Κάθου
3715 678 3811 745 ἔχ’

2167 786 2360 851 δεξιῶν
2392 804 2534 858 μου;
2574 805 2594 838 ι
2624 782 2760 841 Εἶτα
2790 786 3295 856 ὲπισυλλογίζεται·
3327 805 3347 838 ι
3376 787 3442 840 Εἰ
3467 783 3568 840 οὖν
3599 786 3779 838 Δασὶδ

2170 878 2328 932 καλεῖ
2358 878 2521 932 αὑτὸν
2549 879 2607 931 ὲν
2671 877 2946 949 πνεύματι
2980 877 3225 946 Κύριον,
3262 878 3379 942 πῶς
3418 877 3537 940 υίὸς
3598 876 3779 930 αὐτώ

2169 969 2347 1037 ἐστινς
2385 987 2404 1021 ι
2444 967 2618 1022 Τοῦτο
2671 966 2731 1021 δὲ
2784 968 2913 1038 ἔφη,
2944 968 3048 1021 ούκ
3098 968 3379 1023 ἐκϐάλλων
3431 970 3561 1023 τὸδ’
3624 965 3777 1021 εἶναι

2171 1062 2284 1114 υίὸν
2321 1060 2417 1113 τοῦ
2449 1059 2616 1113 Δαόὶδ
2636 1058 2733 1113 τὸν
2764 1060 3023 1126 Χριστὸν,
3053 1059 3189 1114 ἀλλὰ
3220 1060 3299 1131 τῷ
3332 1062 3612 1131 ὁμολογου
3623 1061 3779 1131 μένῳ

2168 1152 2288 1207 τὸδ’
2321 1151 2693 1222 ἀγνοούμενον
2726 1151 3068 1223 προστιθείς.
3104 1151 3177 1205 Τὸ
3211 1152 3310 1222 μὲν
3339 1151 3453 1223 γὰρ
3474 1153 3599 1205 υίδν
3628 1148 3776 1204 εἶναι

2168 1245 2265 1299 τοῦ
2295 1245 2463 1298 Δαὸὶδ
2488 1244 2583 1298 τὸν
2614 1244 2857 1315 Χριστὸν
2886 1244 3201 1315 ὡμολόγουν
3220 1245 3271 1298 οἱ
3307 1247 3605 1317 Φαρισαῖοι
3638 1260 3656 1274 ο
3691 1245 3777 1297 ὅτι

2169 1339 2227 1393 δὲ
2263 1340 2357 1392 καὶ
2396 1337 2606 1409 Κύριος
2645 1334 2715 1408 ἦν
2764 1337 2859 1391 τοῦ
2899 1338 3083 1403 Δασὶδ,
3119 1338 3353 1408 ἠγνόουν
3406 1338 3771 1405 παντάπασι.

2170 1434 2244 1485 Τὸ
2272 1432 2460 1486 λεῖπον
2505 1432 2688 1484 τοίνυν
2720 1430 3106 1502 προστίθησιν,
3140 1432 3202 1485 ού
3230 1432 3290 1485 τὸ
3317 1432 3777 1503 ὁμολογούμενον

2169 1523 2409 1594 ἀναιρεῖ,
2445 1521 2717 1575 διδάσκων
2743 1520 2819 1583 ὡς
2839 1522 2869 1573 6
2897 1520 3061 1583 αὐτὸς
3089 1521 3184 1575 καὶ
3231 1521 3347 1584 υίὸς
3392 1521 3566 1575 αὑτοῦ
3621 1521 3774 1574 κατὰ

2172 1617 2375 1685 σάρκα,
2409 1616 2508 1668 καὶ
2543 1613 2749 1684 Κύριος
2776 1612 2942 1667 αὑτοῦ
2966 1612 3064 1683 ζὼς
3092 1612 3225 1677 Θεὸς
3249 1612 3346 1666 καὶ
3390 1612 3770 1684 δημιουργός.

2173 1708 2371 1778 Σαφῶς
2400 1707 2584 1761 τοίνυν
2610 1708 2637 1759 6
2673 1706 2943 1776 μακάριος
2988 1704 3152 1758 Δαϐὶδ
3189 1705 3288 1775 τὴν
3333 1704 3431 1758 τοῦ
3480 1705 3769 1757 Δεσπότου

2171 1801 2417 1876 Χριστοῦ
2483 1800 2749 1872 κηρύττει
2790 1799 3041 1868 θεότητα,
3095 1798 3189 1852 καί
3234 1814 3436 1865 φησιν’
3472 1817 3490 1849 ι
3535 1792 3716 1850 Εἶπεν
3745 1800 3773 1849 6

2172 1896 2379 1968 Κύριος
2414 1894 2492 1967 τῷ
2520 1893 2713 1963 Κυρίῳ
2743 1909 2869 1963 μου,
2910 1891 3098 1945 Κάθου
3115 1890 3162 1921 ⁵⁸
3192 1891 3257 1943 ἐκ
3304 1888 3501 1957 δεξιῶν
3554 1907 3684 1961 μου.
3745 1908 3763 1939 ι

2173 1993 2236 2045 Ei
2269 1990 2434 2043 Δαὸὶδ
2458 1989 2486 2040 6
2515 1986 2796 2058 βασιλεὺς,
2839 1985 2934 2039 καὶ
2951 1983 2996 2017 ³⁵
3043 1982 3275 2053 εὐσεϐὴς
3304 1981 3565 2052 βασιλεὺς
3609 1983 3642 2035 6
3676 1984 3769 2034 xz‘:

2172 2078 2527 2152 προφητικῆς
2547 2078 2774 2149 χάριτος
2796 2076 3121 2148 ἠξιωμένος,
3147 2074 3353 2146 Κύριον
3380 2073 3585 2129 ἑαυτοῦ
3607 2073 3770 2127 καλεί

2172 2176 2266 2229 τὸν
2317 2173 2598 2241 Δεσπότην
2630 2169 2868 2240 Χριστόν
2899 2186 2916 2201 ·
2943 2168 3047 2220 ούκ
3095 2167 3204 2238 ἄρα
3258 2166 3423 2237 μόνον
3469 2164 3765 2237 ἄνθρωπος

2174 2268 2319 2323 κατὰ
2345 2265 2445 2336 τὴν
2479 2262 2749 2316 Ἰουδαίων
2772 2261 2979 2325 ἄνοιαν,
3020 2259 3159 2313 ἀλλὰ
3196 2258 3294 2312 καὶ
3336 2258 3494 2322 Θεὸς,
3553 2257 3635 2321 ὡς
3670 2256 3763 2310 τοῦ

2176 2358 2343 2413 Δαϐἱδ
2373 2354 2711 2429 δημιουργός
2734 2369 2795 2406 τε
2826 2353 2922 2405 καὶ
2948 2351 3179 2421 Κύριος.
3206 2350 3319 2406 Καὶ
3368 2350 3431 2404 τὸ
3476 2350 3662 2404 κοινὸν
3709 2349 3762 2401 δὲ

2176 2450 2291 2505 τῶν
2344 2448 2628 2517 ὀνομάτων
2686 2443 2785 2513 τὴν
2844 2440 3153 2512 ταυτότητα
3196 2440 3297 2507 τῆς
3348 2439 3547 2501 οὐσίας
3591 2436 3763 2507 δηλοῖ.

2177 2543 2383 2614 Κύριος
2404 2540 2450 2572 ’⁵⁸
2474 2538 2583 2609 γὰρ
2615 2536 2808 2606 Κυρίῳ
2834 2532 3007 2602 λέγει,
3040 2533 3134 2586 καὶ¹
3166 2534 3227 2586 ού
3246 2531 3455 2600 Κύριος
3474 2529 3761 2600 κτίσματι,

2177 2632 2301 2687 οὐδὲ
2356 2630 2562 2701 Κύριος
2616 2628 2923 2698 ποιήματι·
2963 2641 2982 2676 ι
3024 2623 3210 2677 Κάθου
3241 2623 3305 2676 ὲκ
3350 2620 3547 2686 δεξιῶν
3593 2637 3758 2692 μου.»

2178 2726 2342 2792 Μέγα
2384 2722 2485 2792 μὲν
2516 2716 2610 2775 οὖν
2644 2720 2740 2773 καὶ
2784 2716 2977 2771 τοῦτο’
3028 2716 3125 2769 καὶ
3166 2717 3228 2768 ού
3276 2715 3438 2785 μόνον
3486 2714 3633 2785 ὑπὲρ
3667 2712 3763 2783 τὴν

2181 2813 2532 2887 ἀνθρωπείαν
2557 2811 2744 2881 φύσιν,
2778 2808 2921 2862 ἀλλὰ
2952 2808 3048 2861 καὶ
3081 2806 3221 2877 ὑπὲρ
3248 2806 3471 2860 ἅπασαν
3502 2806 3609 2877 τὴν
3646 2805 3763 2858 κτί-

2184 2924 2288 2960 σιν.
2320 2905 2465 2974 Πλὴν
2518 2901 2878 2973 ἀνθρωπίνως
2911 2899 3007 2953 καὶ
3044 2898 3176 2951 αὐτὸ
3238 2900 3478 2969 εἴρηται.
3515 2897 3614 2961 Ὠς
3656 2898 3761 2967 γὰρ

2183 2999 2340 3062 Θεὸς,
2373 2997 2551 3057 ὁΥίὸς
2594 2994 2812 3047 αίώνιον
2855 2990 3092 3062 ἔχειτὸν
3121 2989 3338 3061 θρόνον·
3377 3009 3394 3040 ι
3457 2988 3517 3042 'O
3573 2987 3760 3057 θρόνος

2185 3106 2280 3143 σου
2310 3086 2439 3158 γὰρ,
2464 3086 2650 3156 φησὶν,
2684 3083 2713 3135 6
2741 3080 2874 3144 Θεὸς
2904 3082 2984 3144 είς
3008 3079 3099 3133 τὸν
3124 3079 3295 3132 αἰῶνα
3336 3076 3432 3130 τοῦ
3484 3076 3703 3136 αἰῶνος.
3738 3091 3756 3123 ι

2183 3181 2257 3234 Ού
2281 3179 2390 3249 γὰρ
2428 3176 2565 3247 μετὰ
2586 3175 2682 3229 τὸν
2712 3174 2969 3245 σταυρὸν,
2996 3173 3091 3226 καὶ
3117 3172 3176 3224 τὸ
3208 3169 3400 3232 πάθος,
3448 3168 3659 3236 ταύτης
3690 3165 3763 3226 ὡς

2180 3271 2313 3334 Θεὸς
2343 3268 2569 3340 τιμῆς¹⁴¹
2605 3266 2852 3338 ὴξιὼθη’
2909 3265 3025 3319 ἀλλ’
3071 3263 3265 3317 ἔλαϐεν
3318 3260 3394 3324 ὡς
3450 3259 3758 3329 ἄνθρωπος,

2181 3364 2319 3432 ὅπερ
2350 3355 2493 3429 εἶχεν
2526 3359 2601 3423 ὡς
2639 3357 2793 3421 Θεός.
2838 3357 2913 3410 Ού
2963 3357 3073 3427 γὰρ
3115 3352 3373 3413 ταπεινὸς
3420 3350 3497 3403 ὢν
3549 3348 3754 3417 ὑψώθη,

2181 3454 2298 3507 ἀλλ’
2349 3451 2571 3521 ὕψιστος
2621 3449 2729 3513 ὢν,
2777 3447 2871 3501 καὶ
2921 3448 2978 3499 ἐν
3037 3446 3219 3516 μορφῇ
3268 3441 3409 3496 Θεοῦ
3470 3442 3755 3511 ὑπάρχων,

2181 3544 2547 3597 ἐταπείνωσεν
2589 3540 2783 3593 ἑαυτὸν
2810 3535 3026 3610 μορφὴν
3055 3535 3245 3589 δούλου
3280 3533 3483 3588 λαϐὼν.
3528 3533 3625 3619 Διὸ
3669 3532 3758 3584 καὶ

2182 3633 2627 3705 ὁεύαγγελιστὴς
2665 3633 2782 3705 βοᾷ·
2817 3651 2835 3682 ι
2884 3631 2943 3684 Ὁ
2986 3628 3288 3699 μονογενὴς
3313 3628 3465 3691 Υἱὸς,
3498 3629 3527 3679 6
3571 3625 3650 3676 ὢν
3685 3625 3757 3685 είς

2180 3727 2273 3781 τὸν
2294 3727 2497 3780 κόλπον
2534 3723 2628 3778 τοῦ
2658 3722 2893 3793 Πατρὸς,
2934 3723 3143 3782 ἐκεῖνος
3195 3719 3529 3789 ἐξηγήσατο.
3581 3735 3602 3769 ι
3655 3715 3755 3770 Καὶ

2182 3820 2345 3882 αὐτὸς
2362 3819 2417 3871 δὲ
2447 3818 2475 3870 6
2516 3816 2723 3887 Κύριός
2754 3828 2944 3885 φησιν’
2971 3832 2990 3863 ι
3035 3809 3177 3879 Ἐγὼ
3199 3812 3257 3863 ὲν
3307 3809 3387 3881 τῷ
3418 3810 3623 3879 Πατρὶ,
3669 3808 3757 3861 καὶ

2181 3912 2210 3964 ὁ
2241 3910 2432 3980 Πατὴρ
2462 3909 2521 3961 ὲν
2555 3907 2698 3978 ἐμοί.
2738 3925 2757 3957 ι
2807 3906 2917 3958 Καὶ
2949 3903 3206 3972 mqua-
3233 3920 3252 3954 ι
3307 3900 3541 3967 Δόξασόν
3576 3917 3667 3970 με,
3698 3900 3754 3951 σὺ

2182 4003 2388 4074 Πάτερ,
2420 4004 2486 4072 τῇ
2515 3999 2644 4073 δόξῃ
2729 3994 2876 4069 εῖχον
2906 3996 3057 4066 παρὰ
3080 3994 3287 4065 σο“ιπρὸ
3318 3993 3412 4047 τοῦ
3443 3993 3538 4046 τὸν
3560 3992 3756 4063 κόσμον

2182 4093 2459 4164 γενέσθαι.
2501 4113 2519 4145 ι
2574 4093 2662 4156 Ὡς
2687 4090 2974 4165 ἄνθρωπος
3008 4087 3191 4141 τοίνυν
3234 4087 3455 4140 ἀκούει·
3477 4084 3667 4139 Κάθου
3699 4086 3755 4136 ἐκ

2181 4185 2373 4252 δεξιῶν
2395 4201 2499 4255 μου
2520 4199 2535 4213 ·
2570 4202 2588 4234 ι
2621 4182 2697 4245 ὠς
2722 4181 2832 4251 γὰρ
2870 4179 3026 4246 Θεὸς,
3057 4177 3275 4233 αἰώνιον
3303 4178 3415 4248 ἔχει
3438 4176 3503 4228 τὸ
3537 4176 3754 4247 κράτος.

2187 4295 2207 4328 ι
2250 4276 2395 4339 Ἕως
2417 4276 2483 4328 ἂν
2506 4273 2585 4327 θῶ
2615 4274 2739 4336 τοὺς
2765 4270 2994 4342 ἐχθρούς
3020 4286 3113 4322 σου
3141 4267 3431 4321 ὑποπόδιον
3454 4266 3568 4318 τῶν
3591 4264 3755 4316 ποδῶν

2187 4386 2301 4422 σου.
2341 4386 2361 4419 ι
2415 4366 2635 4436 Ἐχθροὶ
2680 4364 3050 4436 διαφερόντως
3082 4361 3181 4432 μὲν
3221 4361 3251 4412 6
3290 4358 3557 4421 διάϐολος,
3588 4356 3681 4409 καὶ
3710 4355 3753 4407 οἱ

507 4467 658 4507 mum
696 4457 825 4507 sunt
849 4448 1120 4513 diabolus,
1152 4458 1207 4504 et
1242 4449 1405 4517 hujus
1436 4449 1676 4504 ministri
1702 4452 1998 4519 daemones,
2030 4462 2072 4507 el

2184 4457 2376 4511 τούτου
2412 4453 2647 4510 διόικονοι
2677 4455 2951 4525 δαίμονες,
2987 4452 3123 4524 πρὸς
3139 4450 3195 4504 δὲ
3214 4448 3425 4512 τούτοις
3446 4449 3543 4500 καὶ
3571 4447 3621 4498 οἱ
3651 4445 3754 4505 τοῖς

509 4546 735 4613 insuper
763 4542 856 4612 qui
887 4540 1090 4595 divinis
1130 4541 1252 4610 ejus
1277 4541 1756 4611 praedicationibus
1781 4544 2078 4611 resistunt,

508 4636 770 4691 nimirum
814 4632 987 4689 Judaei
1038 4634 1248 4705 1393
1302 4642 1357 4688 et
1406 4635 1659 4705 gentiles.
1700 4635 1838 4690 Illud
1896 4645 2077 4692 autem

510 4728 687 4782 Donec
726 4741 836 4781 non
876 4734 1089 4796 tempus
1120 4725 1372 4791 denotat,
1410 4725 1504 4780 sed
1549 4725 1750 4780 idioma
1798 4742 2081 4782 sacrarum

509 4821 861 4874 Litterarum.
889 4816 980 4873 Sic
1006 4818 1148 4872 enim
1190 4825 1244 4873 et
1276 4832 1370 4888 per
1400 4817 1717 4887 prophetam
1743 4817 1876 4873 dicit
1898 4818 2080 4875 Deus:

515 4928 532 4959 ι
585 4907 694 4977 Ego
745 4923 907 4973 sum,
951 4916 1006 4962 et
1053 4906 1226 4961 donec
1278 4906 1598 4968 senescatis,
1664 4921 1763 4975 ego
1816 4922 1937 4961 sum
1974 4918 2016 4964 °.
2058 4928 2079 4962 ι

509 5000 663 5055 Patet
710 5007 891 5054 autem
918 5036 933 5062 ,
984 4998 1281 5054 essentiam
1328 4996 1424 5051 Dei
1470 4997 1753 5052 hominum
1802 5006 2085 5056 senectute

2186 4549 2354 4613 θείοις
2404 4547 2569 4603 αὑτοῦ
2628 4547 2986 4619 κηρύγμασιν
3022 4543 3459 4604 ἀντιπίπτοντες,
3514 4538 3753 4591 Ἰουδαῖοι

2189 4643 2285 4697 καὶ
2317 4640 2604 4713 Ἕλληνες.
2630 4640 2704 4694 Τὸ
2738 4640 2796 4693 δὲ
2836 4639 3025 4705 ἓως-⁸⁸,
3054 4639 3116 4691 ού
3160 4634 3353 4706 χρόνου
3398 4630 3751 4704 σημαντικὸν,

2186 4734 2305 4789 ἀλλ’
2334 4733 2529 4802 ἰδίωμα
2557 4732 2655 4802 τῆς
2676 4731 2824 4794 θείας
2845 4730 3093 4802 Γραφῆς.
3120 4726 3278 4781 Οὕτω
3296 4724 3406 4797 γὰρ
3430 4724 3527 4777 καὶ
3555 4720 3647 4777 διὰ
3667 4720 3752 4774 τοῦ

2190 4826 2474 4897 προφήτου
2523 4824 2689 4893 φησὶν
2720 4824 2748 4874 6
2794 4822 2947 4885 Θεὸς,
3001 4838 3020 4871 ι
3056 4817 3200 4886 Ἐγώ
3238 4819 3376 4883 είμι,
3414 4815 3512 4868 καὶ
3560 4813 3666 4874 ἕως
3698 4811 3754 4865 ἄν

2189 4916 2616 4987 καταγηράσητε
2636 4913 2747 4983 ἐγώ
2772 4915 2910 4981 εἰμι.
2952 4931 2970 4962 ι
2997 4910 3167 4979 Δῆλον
3192 4908 3248 4961 δὲ
3275 4909 3357 4962 ὃτι
3377 4907 3440 4959 ού
3490 4920 3752 4974 συμπερι-

2188 5007 2433 5079 ορίζεται
2456 5007 2517 5059 τὸ
2534 5004 2674 5061 εἶναι
2698 5005 2796 5058 τοῦ
2813 5004 2944 5058 Θεοῦ
2969 5003 3045 5073 τῷ
3071 5003 3230 5071 γήρει
3245 5002 3288 5032 δ’
3303 4998 3413 5052 τῶν
3431 4996 3531 5050 ἀνθ
3541 4995 3748 5068 ρώπων.

590 5198 604 5237 ι
643 5195 834 5270 Matth.
863 5210 1014 5270 χχιι,
1045 5194 1238 5270 ιὲοόξ).
1316 5193 1328 5244 i
1374 5195 1516 5270 Psa].
1547 5210 1694 5255 xLIv,
1726 5194 1850 5270 6.}
1887 5197 2122 5270 Philipp.
2162 5215 2233 5265 ll,
2268 5199 2321 5268 6,
2355 5200 2404 5253 7.
2454 5198 2471 5237 1
2514 5199 2670 5253 Joan.
2707 5215 2759 5263 ι,
2798 5197 2884 5251 18.
2961 5206 3001 5233 ιη
3030 5192 3188 5247 Joan.
3221 5206 3333 5252 xw,
3368 5184 3455 5241 li.
3540 5196 3565 5223 ι’
3599 5185 3747 5240 Joan.

511 5280 657 5331 xvn,
678 5268 731 5321 5.
808 5272 829 5296 '
861 5266 1032 5322 Exod.
1065 5281 1147 5330 ιιι,
1182 5266 1280 5329 l4;
1311 5266 1437 5319 coll.
1468 5266 1573 5319 lsa.
1603 5279 1746 5328 τινι,
1781 5264 1838 5325 4.

1590 5438 1831 5496 ΥΑΒΙᾸΞ
1868 5437 2259 5496 LECTIONES
2295 5438 2383 5492 ET
2421 5438 2651 5494 NOTAE.

513 5646 654 5700 λεύε.

513 5664 654 5710 Αευς.
731 5664 775 5677 ὐ
828 5664 1067 5713 nuptae,
1098 5664 1154 5700 κ.
1188 5664 1237 5699 τ.

511 5718 556 5749 ⁸⁸
585 5718 751 5775 Ἕως.
788 5715 907 5770 cod.
942 5718 965 5770 1
1005 5716 1128 5769 add.
1159 5709 1238 5769 οὗ.

580 5578 623 5656 ξ’
652 5577 772 5656 εοιΙΣ
802 5575 965 5656 [τοῦ.
1042 5576 1088 5608 ⁸³
1111 5575 1234 5631 cod.
1315 5574 1431 5656 τόν.
1507 5574 1551 5656 fi
1583 5573 1779 5656 Κάθου
1808 5592 2036 5656 —_£t_01{._
2071 5577 2072 5623 Ϊ

2179 5612 2195 5627 .
2220 5573 2284 5656 ‘in
2314 5574 2513 5656 (ἰού-..1.
2574 5571 2788 5656 _Kat'.
2813 5569 2942 5656 cod:
2973 5570 3016 5656 ἐ
3053 5584 3238 5649 prtem.
3402 5566 3578 5635 μέγας
3611 5565 3753 5644 βασις

731 5647 775 5677 ⁸⁸
828 5647 1067 5713 Κύριος,
1098 5664 1154 5700 κ.
1188 5663 1237 5699 τ.
1269 5645 1318 5698 λ.
1346 5645 1473 5700 Haec
1500 5646 1777 5712 ἁνωνυμεὶ
1803 5640 2044 5701 exhibuit
2095 5643 2273 5701 Curd.’
2305 5655 2347 5699 t.
2384 5643 2472 5709 ιιι,
2500 5660 2551 5714 p.
2573 5640 2680 5696 245
2710 5657 2823 5709 seq.

738 5756 751 5769 .
788 5715 907 5770 cod.
942 5718 965 5770 1
1005 5716 1128 5769 add.
1159 5709 1238 5769 οὗ.
1317 5716 1359 5746 "9
1390 5713 1471 5777 Τῷ
1510 5715 1696 5783 γήρει.
1728 5716 1850 5770 cod.
1883 5716 1907 5767 1
1942 5714 2003 5766 τὸ
2041 5714 2234 5786 γῆρας.

2898 5641 2942 5670 ⁵⁷
2973 5638 3170 5709 Τιμῆς.
3198 5645 3321 5694 cod.
3355 5639 3377 5689 1
3411 5651 3613 5706 praem.-
3636 5638 3747 5703 τῆς.
