3924 6486
223 286 356 351 1769

1602 296 1683 357 IN
1727 295 1931 357 PSAL.
1988 300 2137 363 CIX.

3345 314 3481 384 1770

219 405 276 456 Et
312 404 423 475 γὰρ
456 405 586 477 περὶ
628 408 864 481 ούρανοῦ
919 410 1017 463 καὶ
1061 409 1165 479 γῆς
1214 427 1382 481 φησιν
1413 412 1441 465 ὁ
1484 417 1780 483 προφήτης

1901 416 2127 472 minime
2170 418 2476 475 terminari.
2526 421 2583 476 Si
2620 422 2766 478 enim
2808 422 2876 480 de
2907 425 3048 481 caelo
3083 434 3138 482 et
3166 436 3310 485 terra
3349 446 3481 502 pro-

223 512 240 544 ι
265 495 430 547 Δὺτοὶ
458 497 813 561 ἀπολοῦνται,
844 502 909 555 σὺ
939 500 997 553 δὲ
1045 499 1324 570 διαμένεις
1346 518 1362 533 ο
1393 521 1412 555 s
1461 504 1558 556 καὶ
1592 504 1757 558 πάλιν
1777 518 1791 532 ⁸

223 605 240 635 ι
265 586 335 637 Σὺ
363 586 420 638 δὲ
445 587 474 638 ὁ
502 588 665 653 αὑτὸς
690 584 763 654 εἴ,
784 591 879 643 καὶ
904 591 973 643 τὰ
1002 590 1098 661 ἔτη
1132 608 1225 645 σου
1251 593 1351 645 οὑκ
1384 592 1700 664 ὲκλείψουσι
1720 611 1733 625 ·
1770 614 1790 647 ι

216 677 392 747 πολλῴ
429 679 654 749 μᾶλλον,
682 682 990 756 ἀνθρώπων
1012 686 1108 739 καὶ
1137 685 1437 756 γηρώντων
1465 688 1561 741 καὶ
1608 688 1794 743 τελευο

213 769 451 835 τῶντων,
512 772 763 842 διαμένει
810 774 922 829 τῶν
972 776 1111 830 ὅλων
1141 778 1170 829 ὁ
1199 778 1560 850 Δεσπότηςδθ.
1620 781 1793 836 Τοῦτο

214 862 353 914 ἔοικε
387 863 463 934 τῷ
491 865 839 938 ἁποστολικῷ
863 868 1056 940 ἐκείνῳ
1090 868 1261 941 ῥητῷσ
1305 890 1323 923 ι
1354 874 1447 925 Δεῖ
1472 871 1581 944 γὰρ
1627 874 1792 928 αὑτὸν

215 958 539 1027 βασιλεύειν,
578 961 741 1032 ἄχρις
788 956 849 1015 οὗ
897 962 964 1017 ἂν
1004 964 1073 1036 θῇ
1122 964 1333 1029 πάντας
1386 967 1515 1030 τοὺς
1561 967 1793 1038 ἐχθροὺς

214 1049 374 1102 αὑτοῦ
402 1051 510 1104 ὑπὸ
532 1054 661 1117 τοὺς
685 1053 852 1118 πόδας
881 1055 1068 1112 αὑτοῦ.
1107 1074 1127 1108 ι
1168 1057 1303 1111 Οὑδὲ
1334 1056 1444 1127 γὰρ
1474 1058 1711 1113 ἐνταῦθα
1733 1059 1793 1113 τὸ

212 1141 384 1210 ἄχρις
412 1143 539 1197 of)“
592 1147 786 1219 χρόνου
828 1148 1161 1219 δηλωτικόν⁸
1213 1152 1366 1203 ποῖον
1404 1151 1514 1219 γὰρ
1551 1152 1618 1206 ἂν
1676 1153 1792 1223 ἔχοι

212 1233 389 1301 λόγον,
420 1236 497 1289 ἔτι
524 1239 627 1306 μέν
651 1256 813 1292 τινων
852 1240 1246 1309 ἀντιλεγόντων
1270 1242 1584 1313 βασιλεύειν
1602 1245 1789 1307 αὑτὸν.

215 1326 352 1393 μετὰ
397 1327 453 1380 δὲ
503 1328 603 1399 τὴν
656 1329 918 1383 ἁπάντων
960 1331 1243 1406 ὑποταγὴν
1274 1335 1629 1407 ἀφαιρεῖσθαι
1690 1337 1793 1408 τὴν

212 1415 519 1485 βασιλείανς
556 1421 668 1473 Καὶ
690 1420 790 1490 μὲν
815 1422 859 1453 δ’
892 1423 1095 1494 Δανιὴλ
1132 1424 1161 1475 ό
1180 1427 1489 1497 προφήτης,
1533 1428 1674 1494 μετὰ
1692 1427 1792 1501 τὴν

207 1508 314 1561 τῶν
373 1508 582 1580 θηρίων
621 1512 937 1583 ἀναίρεσιν,
983 1515 1147 1568 αὑτὸν
1193 1516 1297 1585 ἔφη
1348 1517 1658 1587 βασιλεύειν
1710 1522 1791 1585 είς

208 1601 330 1662 τοὺς
366 1600 594 1666 αἰῶνας,
643 1606 873 1675 καὶτῆς
910 1605 1187 1676 βασιλείας
1233 1608 1402 1662 αὑτοῦ
1448 1609 1523 1681 μὴ
1570 1611 1791 1666 ἔσεσθαι

207 1691 380 1754 τέλος.
414 1693 538 1757 Πῶς
559 1694 616 1748 δὲ
648 1698 742 1749 καὶ
771 1698 819 1750 oi
844 1697 990 1766 ἅγιοι
1030 1700 1523 1770 συμϐασιλεύουσιν
1547 1743 1564 1769 ,
1602 1704 1634 1776 ἢ
1680 1708 1791 1763 τίνι

208 1784 749 1866 συμϐασιλεύουσιυ,
794 1788 891 1842 τοῦ
934 1790 1034 1861 τὴν
1092 1790 1368 1861 βασιλείαν
1409 1793 1786 1866 ὑποσχομένου

207 1864 602 1947 ἀποτιθεμένου
641 1880 739 1949 τὴν
781 1880 1099 1951 βασιλείαν;
1145 1883 1260 1937 Οὑκ
1297 1884 1392 1939 οὑν
1448 1885 1511 1940 τὸ
1710 1886 1786 1946 οὗ

204 1968 400 2039 χρόνου
448 1970 766 2042 δηλωτικὸν,
818 1973 955 2037 ἁλλὰ
1009 1974 1152 2030 κατὰ
1205 1976 1405 2049 ἰδίωμα
1470 1980 1572 2050 τῆς
1634 1981 1785 2046 θείας

204 2065 382 2117 κεῖται
423 2065 671 2136 Γραφῆς.

269 2153 334 2223 β’.
373 2175 393 2208 ι
449 2157 673 2213 Ῥάϐδον
706 2160 998 2232 δυνάμεως
1029 2164 1382 2231 ἐξαποστελεῖ
1412 2186 1494 2222 σοι
1513 2170 1558 2203 ⁸⁸
1579 2170 1785 2244 Κύριος

203 2246 264 2297 ἐκ
300 2245 464 2301 Σιών.
511 2266 531 2301 ι
579 2250 644 2303 Ἥ
677 2252 775 2321 μὲν
812 2252 872 2320 ἐξ
907 2253 1106 2308 Ἰεσσαὶ
1129 2254 1355 2323 ῥάϐδος
1392 2259 1457 2313 ὲκ
1494 2261 1742 2333 Βηθλεέμ
1764 2280 1780 2296 ο

207 2354 225 2386 ι
276 2336 659 2404 Ἐξελεύσεται
698 2343 831 2415 γὰρ,
876 2346 1039 2426 Δφησι,
1098 2347 1293 2418 ῥάϐδος
1347 2351 1412 2403 ἐκ
1475 2354 1573 2424 τῆς
1625 2354 1783 2426 ῥίζης

201 2430 420 2496 Ἰεσσαὶ,
480 2436 575 2488 καὶ
612 2436 773 2500 ἄνθος
820 2423 887 2491 ἐπὶ
936 2440 1035 2507 τῆς
1072 2440 1233 2512 ῥίζης
1265 2423 1635 2515 ἀναϐήσεται,
1687 2423 1781 2502 καὶ

200 2524 651 2579 ὲπαναπαύσεται
718 2529 805 2581 ἐπ’
861 2528 1025 2583 αὑτὸν
1083 2531 1312 2601 Πνεῦμα
1367 2533 1526 2588 Θεοῦ.
1589 2556 1608 2589 ι
1670 2539 1782 2592 Καὶ

199 2612 261 2665 τὰ
296 2612 430 2685 ἑξῆς
475 2616 534 2669 δὲ
570 2615 665 2669 τοῦ
708 2618 981 2689 σωτηρίου
1022 2624 1257 2690 σταυροῦ
1321 2622 1422 2691 τῆς
1477 2624 1681 2695 ῥάϐδου
1717 2628 1781 2682 τὸ

199 2706 397 2777 κράτος
436 2707 606 2778 δηλοῖ.
652 2708 731 2763 Δι’
756 2710 971 2763 ἐκείνου
1020 2711 1132 2782 γὰρ
1169 2713 1353 2767 πᾶσαν
1391 2715 1626 2784 ὑπέταξε
1670 2718 1779 2774 τῶν

198 2798 513 2852 ἀντιπάλων
548 2800 649 2870 τὴν
696 2801 993 2871 φάλαγγαο
1047 2805 1105 2857 ὲν
1122 2806 1167 2837 ⁸⁵
1215 2804 1272 2858 δὲ
1314 2808 1380 2877 τῇ
1429 2807 1567 2861 Σιὼν
1622 2802 1780 2875 οὗτος

198 2890 401 2961 ἐπάγη.
450 2909 470 2943 ι
505 2894 615 2947 Καὶ
642 2894 688 2925 ⁸⁵
714 2894 1088 2966 κατακυρίευε
1125 2898 1184 2949 ἐν
1227 2896 1380 2967 μέσῳ
1415 2899 1526 2954 τῶν
1566 2902 1778 2972 ἐχθρῶν

199 3000 311 3035 σου.
357 3003 378 3036 ι
410 2984 487 3037 Οὑ
520 2984 631 3054 γάρ
661 2984 723 3051 ἐξ
765 2986 965 3058 οὑρίων
992 2986 1249 3058 ἐφέροντο
1271 2989 1380 3045 τῶν
1402 2990 1562 3047 θείων
1597 2996 1776 3063 Εὑαγ-

196 3075 392 3142 γελίων
429 3078 481 3130 οἱ
522 3078 783 3149 κήρυκες,
824 3078 943 3134 ἁλλ’
980 3079 1088 3132 ὑπὸ
1129 3079 1401 3151 Ἐλλήνων
1440 3085 1535 3137 καὶ
1563 3083 1771 3156 βαρϐά·
1799 3105 1844 3167 c

200 3185 303 3238 ρων
349 3169 896 3242 πολιορκούμενοι⁶⁷,
959 3170 1054 3224 καὶ
1104 3172 1220 3245 τρῖς
1276 3171 1376 3242 τῆς
1447 3175 1771 3240 δυσσεδείας

198 3262 653 3333 περιχλυζὸμενοι
674 3263 963 3335 ῥεύμασιν,
991 3262 1261 3335 ἐκράτουν
1298 3264 1411 3320 τῶν
1455 3265 1762 3338 δυσμενῶν,

196 3354 290 3408 καὶ
320 3355 453 3418 τοὺς
487 3355 776 3420 πλείστους
811 3357 1163 3428 μετέόαλλον,
1197 3359 1294 3413 καὶ
1322 3354 1437 3413 οἶόν
1474 3377 1625 3423 τινας
1651 3363 1772 3433 αἰχ-

199 3444 484 3513 μαλώτους
535 3446 815 3518 προσῆγον
880 3447 960 3519 τῷ
1034 3449 1260 3519 βασιλεῖ,
1327 3450 1423 3504 καὶ
1461 3450 1506 3484 ⁵³
1576 3452 1769 3505 τούτου

191 3536 442 3591 δουλείαν
476 3538 827 3601 ἀσπάζεσθαι
850 3541 896 3572 ⁵⁸
927 3540 1369 3609 παρεσκεύαζον.

257 3634 329 3695 γ’.
367 3647 386 3681 ι
426 3630 584 3683 Μετὰ
602 3630 648 3662 ⁸⁸
683 3630 778 3683 σοῦ
810 3632 842 3701 ἡ
873 3630 1016 3703 ἀρχὴ
1045 3633 1103 3686 ὲν
1146 3634 1214 3703 τῇ
1247 3631 1434 3702 ἡμέρᾳ
1462 3630 1564 3701 τῆς
1608 3631 1771 3687 δυνά-

195 3718 341 3789 μεώς
374 3738 489 3785 σου,
527 3722 643 3774 ἐν’ι
686 3724 809 3785 ταῖς
848 3722 1201 3793 λαμπρότησι
1228 3723 1341 3777 τῶν
1388 3723 1563 3792 ἁγίων
1591 3740 1708 3778 σου.
1742 3744 1763 3777 s

204 3812 539 3883 ’Δνὼλεθρον
567 3812 714 3884 ἔχεις
741 3815 803 3868 τὸ
834 3815 1039 3885 κράτος
1060 3831 1075 3846 ’
1107 3816 1480 3886 διαφερόντως
1509 3815 1566 3869 δὲ
1604 3814 1770 3869 τοῦτο

190 3902 567 3967 ﬁstucatione“
619 3905 680 3960 ὲν
737 3907 803 3976 τῇ
844 3906 943 3977 τῆς
987 3906 1226 3977 κρίσεως
1266 3907 1475 3978 ἡμέρᾳ,
1531 3906 1655 3960 καθ’
1700 3908 1770 3977 ἠν

190 3995 485 4066 λαμπροὺς
529 3996 626 4050 καί⁵
682 4000 1006 4069 περιφανεῖς
1040 3998 1169 4061 τοὺς
1205 3998 1395 4067 ἁγίους
1445 4000 1766 4066 ἀποφανεῖς.

204 4085 463 4154 Ἡμέραν
502 4088 612 4158 γὰρ
639 4087 950 4157 δυνάμεως
974 4091 1072 4159 τὴν
1101 4088 1360 4160 δευτέραν
1389 4089 1482 4144 τοὺ
1517 4089 1769 4160 Σωτῆρος

191 4180 452 4234 ἐκάλεσεν
484 4181 830 4249 ἐπιφάνειαν,
870 4181 996 4235 καθ’
1019 4183 1083 4251 ἢν
1118 4182 1238 4252 ἥξει
1275 4182 1413 4253 μετὰ
1442 4182 1551 4235 τῶν
1595 4184 1767 4251 ἀγγέ-

191 4272 298 4324 λων
337 4273 397 4324 ἐν
424 4276 490 4343 τῇ
524 4273 651 4345 δόξῃ
695 4274 789 4327 τοῦ
845 4273 1076 4341 Πατρός.
1133 4275 1268 4327 Τότε
1306 4274 1365 4326 δὲ
1407 4274 1499 4327 καὶ
1532 4277 1579 4328 ol
1621 4274 1768 4342 ἅγιοι

192 4363 569 4433 ἐκλάμψουσιν
589 4366 665 4429 ὡς
690 4367 720 4418 ὁ
748 4366 921 4436 ἥλιος,
953 4365 1096 4419 κατὰ
1124 4367 1223 4434 τὴν
1250 4366 1417 4437 αὑτοὺ
1439 4367 1534 4420 τοῦ
1562 4367 1767 4437 Κυρίου

1898 506 2058 573 pheta
2082 509 2213 564 dicit
2240 528 2254 565 :
2291 529 2307 564 ι
2332 513 2434 581 Ipsi
2459 514 2741 583 peribunt,
2771 523 2827 573 tu
2851 525 3033 572 autem
3055 533 3348 589 permanes
3372 535 3431 581 P:
3454 544 3474 578 ι
3510 514 3517 519 ’

1894 608 1949 652 et
1979 616 2215 657 rursus:
2256 620 2275 654 ι
2305 602 2385 657 Tu
2430 612 2613 661 autem
2657 606 2800 661 idem
2842 608 2959 678 ipse
2993 623 3095 673 es,
3138 620 3192 666 et
3226 614 3355 668 anni
3402 616 3479 670 tui

1895 702 2004 743 non
2060 692 2313 747 deﬁcient
2346 704 2413 758 εις
2464 714 2482 748 ι
2540 696 2712 751 multo
2772 698 3166 769 magis,-licet
3223 702 3479 759 homines

1894 794 2184 838 senescant
2210 793 2264 839 et
2290 788 2616 854 moriantur,
2648 790 3031 847 universorum
3061 792 3328 851 Dominus
3362 813 3479 866 per-

1895 884 2100 929 manet.
2131 874 2249 932 Hoc
2272 881 2578 948 apostolico
2603 882 2683 937 illi
2716 883 2864 939 dicto
2893 884 3074 941 simile
3096 897 3179 941 est
3207 905 3221 942 :
3261 908 3280 941 ι
3308 887 3481 961 Opor-

1894 968 1970 1018 tet
2002 964 2146 1018 enim
2192 967 2370 1037 ipsum
2414 985 2675 1039 regnare,
2707 973 2883 1029 donec
2932 986 3099 1043 ponat
3141 991 3335 1036 omnes
3368 981 3478 1035 ini-

1894 1054 2069 1113 micos
2092 1074 2223 1112 suos
2252 1060 2357 1115 sub
2388 1063 2554 1131 pedes
2576 1064 2699 1135 ejus
2724 1075 2768 1118 ι’.
2797 1084 2816 1118 ι
2869 1064 2979 1123 Nec
3005 1069 3151 1123 enim
3177 1071 3342 1125 donec
3371 1073 3475 1127 hoc

1892 1145 2090 1202 inloco
2123 1159 2335 1221 tempus
2359 1151 2566 1226 indicat
2598 1172 2611 1209 :
2642 1172 2808 1227 quam
2847 1159 2993 1213 enim
3034 1159 3261 1217 haberet
3297 1164 3473 1218 ratio-

1893 1252 2017 1291 nem
2054 1239 2233 1297 adhuc
2288 1243 2565 1314 aliquibus
2640 1252 3077 1321 repugnantibus
3138 1253 3320 1323 ipsum
3380 1271 3471 1311 reo

1892 1342 2093 1397 guare,
2140 1339 2266 1401 post
2316 1336 2560 1389 omnium
2615 1350 2797 1393 autem
2856 1342 3253 1413 subjectionem
3304 1361 3471 1417 regno

1891 1417 2137 1484 privari?
2174 1421 2338 1491 Atqui
2378 1421 2569 1478 Daniel
2610 1428 2872 1497 propheta
2899 1470 2914 1495 ,
2956 1440 3081 1499 post
3113 1430 3353 1488 ferarum
3384 1435 3472 1488 in-

1892 1512 2263 1563 ternecionem
2300 1526 2527 1581 regnare
2567 1513 2721 1568 illum
2774 1517 2851 1571 ait
2882 1530 2904 1556 ι
2950 1520 3004 1574 ἱη
3046 1524 3268 1589 saecula,
3300 1534 3353 1579 et
3383 1540 3471 1579 re-

1891 1600 1982 1669 gni
2017 1600 2136 1670 ejus
2174 1618 2280 1657 non
2311 1602 2428 1659 fore
2461 1605 2647 1661 ﬁnem.
2669 1608 2959 1674 Quomodo
2988 1623 3170 1670 autem
3211 1626 3267 1671 et
3294 1617 3468 1674 sancti

1894 1692 2058 1747 simul
2097 1710 2221 1749 cum
2263 1695 2384 1765 ipso
2421 1707 2682 1766 regnant,
2726 1701 2809 1755 vel
2854 1716 2977 1757 cum
3015 1720 3126 1775 quo
3173 1707 3335 1762 simul
3380 1722 3471 1762 re-

1826 1765 2100 1851 Bgnant,
2154 1801 2280 1841 cum
2344 1787 2391 1842 is
2461 1765 2553 1857 qui
2612 1805 2838 1860 regnum
2885 1765 3171 1863 promisit,
3239 1812 3465 1868 regnum

1887 1874 2167 1944 deponat?
2200 1879 2385 1949 Itaque
2422 1880 2586 1935 donec
2619 1898 2729 1937 non
2779 1892 2995 1954 tempus
3026 1889 3339 1959 signiﬁcat:
3370 1891 3465 1946 sed

1885 1968 2188 2023 secundum
2238 1969 2437 2025 divinat
2487 1969 2787 2042 Scriptura:
2827 1975 3029 2031 idioma
3082 1980 3321 2049 positum
3356 1990 3462 2037 est.

1960 2150 2122 2207 Vnus.
2156 2152 2213 2207 2.
2256 2170 2275 2206 ι
2312 2153 2535 2226 Virgam
2571 2157 2788 2214 roboris
2818 2158 2999 2214 mittet
3049 2160 3145 2215 tibi
3198 2161 3463 2220 Dominus

1883 2259 1914 2300 e
1939 2243 2125 2302 Sione.
2151 2264 2171 2297 ι
2220 2245 2378 2318 Virga
2399 2248 2619 2318 quidem
2641 2265 2706 2304 ex
2739 2248 2893 2307 Jesse
2923 2264 3009 2307 est
3039 2269 3104 2308 ex
3136 2253 3409 2310 Bethleem
3442 2274 3457 2312 :

1889 2355 1908 2390 ι
1945 2336 2267 2407 Egredietur
2294 2339 2442 2393 enim
2470 2380 2486 2406 ,
2519 2339 2701 2411 inquit
2724 2380 2739 2407 ,
2774 2342 2925 2412 virga
2956 2359 3021 2398 ex
3056 2345 3240 2400 radice
3266 2344 3457 2414 .lesse,

1881 2438 1936 2486 et
1965 2430 2065 2485 ﬂos
2095 2445 2162 2484 ex
2192 2430 2378 2485 radice
2402 2433 2690 2499 ascendet,
2721 2442 2776 2488 et
2803 2435 3108 2504 requiescet
3139 2453 3304 2508 super
3329 2455 3455 2495 eum

1884 2523 2128 2595 Spiritus
2158 2525 2376 2581 Domini
2410 2530 2452 2581 ι.
2487 2546 2508 2580 ι
2532 2526 2665 2596 Quae
2701 2530 2916 2604 1394
2950 2548 3113 2602 porro
3146 2545 3459 2604 sequuntur

1878 2617 2043 2673 etiam
2081 2621 2098 2640 '
2133 2618 2392 2675 salutaris
2414 2623 2599 2678 crucis
2625 2623 2787 2695 virgae
2816 2626 3106 2696 imperium
3135 2628 3454 2687 declarant:

1879 2724 1975 2778 per
2016 2708 2165 2763 illam
2204 2710 2349 2765 enim
2397 2721 2567 2766 totam
2600 2712 2945 2769 inimicorqu
2998 2717 3171 2771 aciem
3218 2719 3454 2790 subegit.

1877 2800 1937 2855 la
1989 2799 2157 2857 Sione
2207 2810 2389 2857 autem
2430 2803 2544 2859 haec
2578 2804 2686 2858 ﬁxa
2724 2804 2846 2860 fuit.
2902 2825 2921 2857 ι
2951 2806 3017 2861 Ει
3065 2808 3350 2864 dominare
3398 2809 3455 2864 itt

1876 2894 2056 2950 medio
2102 2895 2450 2950 inimicorum
2501 2905 2744 2952 tuorum.
2782 2917 2800 2950 ι
2848 2896 2964 2953 Non
3004 2899 3149 2955 enim
3197 2901 3456 2957 secundis

1875 2988 2052 3043 ventis
2094 2988 2410 3043 ferebantur
2436 2989 2749 3045 divinorum
2798 2991 3213 3062 Evangeliorum
3252 3008 3457 3064 praeco-

1876 3097 1973 3136 nes
2010 3098 2024 3135 :
2078 3081 2172 3136 sed
2208 3096 2241 3136 a
2270 3080 2477 3137 Graecis
2520 3092 2576 3138 et
2607 3082 2864 3138 Darharis
2895 3087 3102 3139 obsessi
3129 3125 3144 3149 ,
3186 3086 3455 3158 nudisque

1878 3172 2178 3243 impietatis
2224 3172 2612 3241 circumclusi,
2667 3174 2922 3230 hostibus
2976 3177 3240 3231 dominati
3285 3188 3453 3243 sunt,

1874 3266 2255 3337 plurimosque
2287 3266 2708 3334 converterunt,
2755 3281 2811 3323 et
2856 3269 3019 3324 veluti
3054 3271 3300 3340 captivos
3337 3274 3453 3343 regi

1876 3356 2245 3425 adduxerunt,
2274 3363 2330 3411 et
2352 3364 2412 3411 ut
2442 3356 2606 3427 hujus
2626 3357 2945 3413 servitutem
2970 3360 3453 3430 amplecterentur,

1877 3443 2145 3501 fecerunt.

1948 3626 2111 3683 Vsus.
2139 3627 2193 3682 3.
2231 3645 2251 3678 ι
2280 3625 2483 3681 Tecum
2506 3627 2844 3698 principatus
2873 3628 2928 3683 iu
2960 3629 3049 3684 die
3078 3631 3295 3688 virtutis
3323 3642 3451 3699 tum,

1876 3718 1931 3773 in
1983 3718 2369 3788 splendoribus
2414 3730 2736 3772 sanctorum
2786 3728 3027 3775 tuorum.
3064 3739 3084 3773 ι
3140 3721 3455 3780 immortale

1876 3811 2047 3866 habes
2082 3811 2370 3880 imperium
2405 3822 2421 3863 :
2462 3812 2811 3880 petissimum
2843 3821 3025 3868 autem
3060 3814 3165 3869 hoc
3194 3818 3453 3875 ostendes

1874 3904 1963 3960 die
1983 3901 2176 3973 judicii
2201 3944 2217 3967 ,
2249 3917 2360 3972 quo
2389 3902 2568 3957 claros
2610 3911 2666 3957 et
2698 3902 2942 3959 illustres
2981 3905 3177 3962 reddes
3206 3918 3448 3969 sanctos.

1875 3994 1999 4049 Dies
2040 3994 2185 4048 enim
2235 3992 2485 4057 virtutis,
2526 3992 2825 4047 secundum
2885 3994 3188 4053 Salvatoris
3237 4002 3455 4057 voravit

1875 4085 2187 4151 adventum,
2218 4099 2328 4153 quo
2356 4081 2539 4137 veniet
2566 4097 2691 4137 cum
2716 4083 2925 4154 angelis
2953 4085 3006 4140 in
3039 4087 3212 4157 gloria
3248 4088 3449 4148 Patris.

1875 4176 2027 4232 Tunc
2047 4186 2228 4231 autem
2246 4184 2302 4231 et
2327 4175 2501 4230 sancti
2525 4175 2668 4231 sicut
2697 4176 2779 4232 sol
2810 4176 3114 4248 fulgebunt,
3146 4183 3448 4240 secundum

1874 4269 2048 4340 ipsius
2084 4267 2299 4323 Domini
2329 4266 2519 4321 vocem
2539 4272 2590 4326 τι.
2615 4286 2635 4320 ι
2667 4266 2750 4323 Et
2784 4277 2943 4324 utero
2980 4280 3108 4327 ante
3156 4272 3448 4331 luciferum

1875 4362 2035 4433 genui
2106 4368 2180 4415 te.
2258 4378 2278 4413 ι
2328 4359 2446 4415 Hoc
2494 4360 2549 4414 in
2594 4360 2719 4417 loco
2772 4376 2887 4417 sua:
2928 4362 3093 4417 etiam
3144 4364 3452 4421 divinitatis

191 4455 398 4527 φωνήν.
432 4476 451 4507 ι
475 4457 571 4510 Ἐκ
589 4457 635 4488 ⁸³
656 4458 889 4528 γαστρὸς
917 4456 1023 4529 πρὸ
1043 4458 1323 4528 ἑωσφόρου
1347 4458 1611 4529 ἐγέννησά
1635 4475 1715 4511 σε.
1743 4475 1762 4510 ι

1887 4454 2088 4525 [395
2141 4452 2603 4525 magniﬁcentiam
2655 4455 2889 4524 aperuit.
2929 4455 2997 4510 Et
3038 4455 3307 4515 Dominus
3351 4459 3449 4529 qui

261 4580 290 4622 ιι
320 4571 468 4628 Psal.
500 4588 584 4640 οι,
619 4572 710 4629 26.
788 4583 819 4625 ιι
849 4573 981 4629 ibid.
1014 4573 1108 4629 27.
1189 4584 1212 4613 τ
1260 4573 1279 4627 I
1316 4574 1444 4629 Cor.
1479 4591 1567 4639 xv,
1602 4576 1697 4629 25.

1781 4586 1802 4613 ι
1841 4574 1973 4628 Dan.
2010 4586 2117 4638 vn,
2149 4572 2241 4627 27.
2322 4570 2341 4607 ί
2378 4570 2482 4626 lsa.
2514 4585 2606 4639 ιι,
2637 4571 2704 4639 1,
2732 4571 2791 4627 2.

2895 4580 2926 4611 ιι
2960 4571 3153 4631 Matth.
3187 4591 3321 4646 xm,
3356 4577 3449 4640 43.

1293 4686 1525 4742 νΑιιιΑε
1564 4672 1946 4743 LECTIONES
1984 4685 2071 4739 ET
2105 4684 2339 4740 Noras.

257 4785 306 4817 ⁵⁸
339 4784 675 4869 Δξσὲότης.
709 4784 832 4869 cod.
926 4785 1179 4869 ποιητής.
1252 4779 1438 4869 δ’.
1470 4784 1637 4840 Abest
1665 4800 1694 4838 a
1750 4799 1780 4869 ε

1898 4784 1950 4838 1.
2026 4783 2073 4815 ⁸⁸
2104 4781 2246 4869 Μένς.
2280 4780 2407 4869 θρα,
2438 4781 2460 4835 1
2490 4798 2595 4869 τοι.
2655 4782 2721 4869 ,ξδ
2741 4779 2876 4869 god.
2911 4780 2935 4836 1
2966 4783 3450 4869 συμβασιλεύσου-

189 4872 296 4937 σινἶ
368 4855 417 4937 ξδ
447 4855 819 4937 zot._{lbest_a
860 4863 1007 4909 textu
1037 4852 1716 4937 Hebrv‘additumyero‘a
1750 4852 1780 4937 ξ

1887 4883 1888 4894 ι
1919 4867 2139 4923 quoque
2178 4852 2343 4937 etuab
2378 4852 2577 4937 Ana-be.
2605 4925 2620 4937 ι
2652 4854 2699 4887 ⁸⁵
2741 4853 2839 4937 ‘Fr
2876 4880 2945 4891 —
2978 4852 3360 4937 Des.
3394 4859 3449 4937 in

196 4926 321 5002 cod.
362 4923 415 5002 l_.
490 4924 537 4958 ⁸⁸
561 4925 694 5002 (fat.
715 4926 885 5002 Abest
905 4941 939 5002 _a
970 4934 1119 4979 textu
1149 4923 1314 5002 Hebr.
1350 4939 1452 5002 nec
1475 4925 1552 5002 _i_n
1579 4925 1696 5002 eod.
1746 4923 1780 5002 j

1887 4922 2160 5002 uie-astat.
2232 4924 2303 5002 ’ζ’
2326 4923 2447 5002 cod.
2476 4922 2980 5002 Innolenodysvog
3026 4923 3073 4955 ⁸⁸
3094 4926 3227 5002 καί.
3259 4929 3383 4982 cod.
3418 4929 3444 4980 1

190 4995 316 5049 add.
344 4994 492 5063 τήν..
566 4994 613 5025 ⁸⁹
657 4995 822 5048 Ὰσπ.
853 4996 1022 5050 Abest
1052 4995 1232 5066 aicod.
1257 4994 1341 5066 1η
1387 4996 1433 5027 ⁸⁸
1468 4994 1780 5066 Μετὰ-δη

1887 4992 2045 5066 [λεώς
2086 5009 2232 5066 σου.
2258 4991 2423 5046 Hebr.
2452 4991 2720 5066 .Popult‘ts
2742 5004 2863 5046 tuus
2885 4992 2989 5053 erit
3025 4995 3258 5063 populus
3287 5014 3448 5066 spon-

189 5061 538 5128 taneitatum,
585 5079 633 5119 s.
668 5076 861 5134 sponte
888 5080 1007 5119 sese
1027 5065 1260 5120 oli'erens
1289 5065 1383 5119 tibi
1414 5065 1499 5118 die
1530 5065 1733 5119 roboris
1763 5066 1860 5122 tui.
1891 5064 1995 5118 Pro
2031 5073 2158 5149 τίω
2193 5064 2238 5116 oi
2266 5066 2398 5149 (Yet
2428 5061 2600 5149 {iratis
2631 5066 2886 5149 legerunt
2914 5072 3062 5149 τίω,
3098 5061 3193 5119 sed
3224 5061 3447 5149 praastat

190 5149 355 5203 lectio
382 5154 515 5212 Tim
541 5162 704 5217 quam
740 5148 913 5218 Syrus
944 5156 1149 5202 tuetur.
1184 5146 1291 5201 Pro
1322 5158 1464 5207 rm:
1487 5147 1773 5218 legendum
1803 5162 1925 5202 esse
1957 5143 2098 5207 nrt:
2128 5154 2280 5213 putat
2332 5144 2408 5198 ill.
2439 5143 2722 5202 Michaelis
2759 5146 2814 5201 in
2849 5143 3093 5219 Collegia
3131 5149 3254 5203 crit.
3276 5148 3345 5203 ad
3383 5149 3442 5203 h.

187 5238 225 5293 1.
259 5254 315 5307 p.
347 5236 476 5301 522,
504 5236 596 5290 ubi
624 5234 883 5319 eanra'b.
925 5235 1107 5319 lingua
1133 5235 1220 5319 sic
1232 5235 1529 5319 exponitur
1549 5251 1747 5319 sensus
1800 5234 1966 5319 hujus
2004 5232 2323 5319 diliicilioris
2361 5232 2473 5319 loci
2501 5250 2535 5319 εί
2560 5232 2746 5319 vocas,
2779 5250 2826 5289 s.
2852 5235 3070 5319 educis,
3089 5234 3159 5319 τίς
3185 5252 3440 5319 pugnant,

187 5303 443 5377 populum
480 5316 631 5359 tuum
668 5307 753 5359 die
782 5303 1166 5360 victoriar’tuaz.
1204 5303 1406 5359 Ibidem
1466 5306 1840 5374 impugnatam
1872 5303 1996 5358 vide
2048 5303 2337 5356 lectionem
2380 5318 2543 5370 quam
2584 5318 2853 5388 exornare
2903 5305 3077 5359 voluit
3109 5303 3440 5375 Houbigant.

190 5378 231 5409 “
269 5379 637 5432 Ἐν-σου,
691 5375 855 5429 Hebr.
887 5377 941 5428 in
982 5374 1259 5428 decoribus
1314 5376 1638 5429 sanctitatis.
1699 5376 1772 5428 Ita
1830 5381 2056 5445 veteres
2096 5372 2475 5445 fere‘omues.
2506 5372 2887 5445 _Sedgbymm.
2938 5374 3103 5430 habet
3154 5377 3213 5428 ὲν
3258 5376 3444 5445 δρεσιν

192 5448 396 5519 ἁγίοις.
428 5447 825 5519 Επειοιᾼιοιιιρη
857 5456 1047 5519 praeter
1069 5445 1394 5519 hancetiam
1423 5445 1525 5519 ista
1555 5446 1799 5519 ejusdem
1828 5444 1970 5519 apud
2006 5440 2199 5496 Montf.
2228 5441 2281 5497 in
2318 5440 2543 5519 llexapl.
2567 5444 2632 5496 ad
2659 5440 2731 5497 Ιι.’
2756 5444 3207 5519 l._i_rtterpretatio,
3230 5440 3442 5519 ἐν’δόξῃ

191 5518 385 5586 ἁγίων.
465 5518 510 5549 ⁶’
542 5516 661 5571 cod.
692 5517 715 5569 1
751 5515 1041 5578 δεικνύεις.

1120 5514 1164 5546 ⁸³
1206 5515 1302 5568 Ἐκ
1326 5545 1393 5555 -—
1414 5512 1720 5585 ἐγένιίησὰ
1741 5530 1780 5567 σ

1887 5512 2313 5585 llunc‘seusunr
2351 5513 2529 5585 verbis
2582 5520 2765 5569 textus
2801 5512 2971 5569 Hebr:
2996 5514 3329 5585 dederuntol
3362 5512 3442 5580 0",

189 5580 328 5659 quos
360 5587 537 5642 secuti
567 5595 696 5641 sunt
722 5600 830 5640 non
869 5586 1045 5679 modo!
1065 5583 1252 5639 Patres
1282 5580 1547 5655 plerique,
1599 5580 1691 5639 sed
1743 5586 1904 5641 etiam
1938 5581 2113 5679 Arabs
2139 5591 2192 5677 et
2213 5580 2373 5653 Vulg.
2438 5580 2500 5637 Hi
2533 5596 2748 5679 omnes,
2775 5598 2953 5679 -$t]lle
2984 5598 3052 5679 ac
3070 5583 3440 5679 Theodotiou,

191 5651 499 5725 omiserunt
528 5670 699 5737 verba
738 5668 843 5723 ista
880 5651 962 5727 Si:
993 5652 1088 5758 ηί),
1138 5682 1261 5737 quae
1282 5651 1485 5723 itamen
1544 5669 1685 5725 inter
1728 5666 2143 5740 antiquissimos
2173 5651 2520 5739 interpretes,
2552 5667 2739 5738 plures
2771 5651 2978 5727 habent
3005 5668 3270 5735 vindices,
3303 5684 3444 5742 quos

189 5755 473 5809 recensuit
501 5752 583 5808 ill.
613 5749 896 5807 Michaelis
923 5751 959 5804 l.
980 5749 1029 5806 c.'
1061 5766 1114 5821 p.
1143 5751 1247 5809 557
1289 5766 1444 5822 seqq.

512 5849 784 5909 PATROL.
815 5848 931 5909 Gn.
971 5848 1206 5911 LXXX.

3013 5852 3085 5913 56
