3924 6488
484 306 614 372 1771

1444 293 1931 354 THEODORETI
1963 294 2300 356 EPISCOPI
2335 299 2700 360 CYRENSIS

3599 301 3742 363 Πῗῖ

478 424 529 479 ei
580 422 839 477 dixerat:
902 433 920 467 ι
961 412 1102 469 Sede
1149 426 1179 467 δ
1229 410 1471 467 dexteris
1524 410 1703 476 meis,
1740 427 1760 460 ι
1818 410 2056 465 consul)-

2170 412 2438 468 Ἐνταῦθα
2468 416 2562 468 καὶ
2595 416 2697 482 τῆς
2729 416 2983 486 θεότητος
3016 418 3179 471 αὑτοῦ
3211 421 3271 473 τὺ
3318 418 3738 490 μεγαλοπρεπὲς

479 511 892 571 stantialitatem
917 505 1139 571 fatetur,
1169 514 1222 559 et
1252 497 1588 557 idetttitatcm
1624 509 1828 555 natura:
1859 500 2056 571 praedi-

476 615 586 662 cat.
626 621 646 656 ι
678 603 817 657 Ante
851 596 1136 655 luciferum
1169 615 1188 649 ι
1222 596 1390 659 enim,
1418 606 1546 649 ante
1578 603 1811 663 tempus,
1843 601 1901 647 et
1928 599 2055 647 ante

478 693 677 751 saecula
708 692 887 762 ipsum
911 702 1034 743 esse
1055 687 1411 741 demonstrat.
1443 704 1461 735 ι
1498 683 1573 737 Ex
1604 693 1755 739 utero
1793 702 1814 735 ι
1847 692 2051 750 autem,

475 784 721 855 ejusdem
751 796 874 839 esse
903 777 1224 835 substantiae
1252 776 1431 832 docet.
1465 774 1583 831 Non
1607 776 1753 830 enim
1791 775 2011 830 aliunde
2036 815 2052 841 ,

477 877 578 939 ait,
608 875 701 931 sed
724 887 789 927 ex
825 882 1019 926 natura
1053 882 1174 923 mea
1210 867 1427 935 genitus
1457 880 1546 933 es;
1581 874 1767 921 ventre
1796 864 2055 919 nimirum

479 982 575 1037 per
608 961 1023 1022 similitudinem
1060 958 1357 1013 intellecto.
1398 954 1470 1011 Ut
1499 956 1647 1010 enim
1682 970 1751 1011 ex
1782 964 1938 1010 utero
1970 955 2053 1026 gi-

481 1066 654 1127 gnunt
700 1054 982 1118 homines,
1034 1058 1089 1105 et
1136 1064 1261 1120 quae
1307 1048 1603 1121 gignuntur
1654 1047 1901 1103 eamdem
1959 1047 2057 1101 hac

482 1150 611 1204 luent
637 1154 891 1202 naturam
914 1182 929 1205 ,
960 1156 1126 1213 quam
1163 1139 1481 1211 genitores:
1534 1139 1615 1194 sic
1662 1153 1730 1193 ex
1778 1153 1863 1193 me
1904 1137 2057 1210 geni-

480 1250 570 1295 tus
603 1254 665 1295 es
689 1276 706 1304 ,
739 1244 795 1291 et
827 1233 1088 1305 genitoris
1132 1231 1188 1287 in
1237 1241 1290 1287 te
1323 1231 1445 1303 ipso
1473 1230 1835 1288 substantiam
1872 1239 2055 1287 osten-

480 1330 589 1386 dis.

549 1596 718 1652 Vens.
746 1594 804 1651 ι.
855 1613 876 1647 ι
930 1591 1143 1648 Iuravit
1186 1590 1475 1657 Dominus,
1525 1599 1581 1646 et
1624 1604 1732 1645 non
1774 1591 2057 1661 paenitebit

480 1708 607 1747 eum
640 1690 761 1745 :Tu
783 1705 844 1745 es
877 1686 1131 1744 sacerdos
1169 1686 1225 1740 in
1251 1696 1513 1741 aeternum
1560 1687 1856 1741 secundum
1907 1686 2056 1743 ordi-

2156 504 2495 575 ἁπεκάλυψε.
2524 506 2635 559 Kal.
2663 507 2692 557 6
2726 507 2965 578 εἰρηκὼς
2986 511 3138 581 αύτῴ
3173 510 3377 582 Κύριος
3397 512 3463 543 ⁸⁸·
3493 528 3511 561 t
3549 509 3742 564 Κάθου

2155 595 2221 648 ὲκ
2246 594 2440 659 δεξιῶν
2477 613 2604 667 μου,
2636 616 2653 649 ι
2679 599 2737 652 τὸ
2769 601 3052 669 ὁμοούσιυν
3089 603 3362 672 ὁμολογεῖ,
3398 603 3495 656 καὶ
3522 602 3584 654 τδ
3614 617 3746 653 ταυ-

2156 690 2248 745 τὸν
2274 691 2538 762 κηρύττει
2563 695 2665 764 τῆς
2688 693 2925 761 φύσεως.
2945 696 3018 747 Τὸ
3047 696 3146 766 μὲν
3175 696 3307 767 γάρ·
3337 714 3357 748 ι
3390 695 3504 767 Πρὸ
3524 694 3743 762 ἑωσφό-

2161 797 2279 853 ρου,
2322 802 2340 835 ι
2376 784 2438 837 τὸ
2469 785 2577 855 πρὸ
2607 785 2819 856 χρόνων
2859 785 3024 840 αὐτὸν
3057 788 3150 842 καὶ
3187 788 3295 859 πρὸ
3342 789 3560 841 αἰώνων
3596 782 3742 839 εἶναι

2155 874 2324 944 δηλοῖ.
2352 876 2424 927 Τὸ
2444 876 2535 929 δέ·
2577 897 2593 926 ι
2626 879 2721 929 Ἐκ
2750 876 3010 948 γαστρὸς,
3044 896 3064 930 ι
3101 879 3161 932 τὸ
3182 879 3382 932 ταυτὸν
3410 878 3514 947 τῆς
3546 878 3742 937 οὐσίας

2156 964 2423 1022 διδάσκει.
2483 969 2558 1021 Ού
2613 968 2722 1039 γὰρ
2766 969 3068 1040 ἑτέρωθεν,
3114 972 3304 1042 φησὶν,
3357 970 3476 1024 ἀλλ’
3520 972 3586 1023 ὲκ
3639 970 3741 1038 τῆς

2156 1058 2297 1129 ἐμῆς
2336 1059 2632 1131 γεγένησαι
2655 1062 2700 1093 ⁵³
2743 1060 2994 1131 φύσεως·
3054 1062 3155 1133 τῆς
3204 1062 3444 1132 γαστρὸς
3488 1061 3744 1133 δηλονότι

2157 1151 2541 1223 παραϐολικῶς
2561 1153 2882 1223 νοουμένης.
2909 1153 3179 1224 Καθάπερ
3204 1155 3317 1225 γὰρ
3339 1156 3403 1207 ὲκ
3424 1155 3469 1185 ⁸⁸
3498 1154 3745 1224 γαστρὸς

2156 1240 2429 1296 τίκτουσιν
2468 1241 2767 1312 ἄνθρωποι,
2796 1244 2891 1296 καὶ
2937 1242 3008 1298 τά
3053 1244 3349 1314 τικτόμενα
3390 1246 3506 1308 τοῖς
3539 1245 3745 1315 γεννή-

2160 1348 2288 1385 σασι
2313 1332 2411 1402 τὴν
2440 1332 2610 1403 αὐτὴν
2649 1331 2762 1402 ἔχει
2798 1332 2961 1401 φύσιν
2985 1349 2999 1363 ·
3028 1332 3203 1397 οὕτως
3236 1333 3296 1399 ἐξ
3329 1333 3464 1406 ἐμοῦ
3498 1335 3744 1404 γεγένηο

2160 1436 2268 1483 σαι,
2308 1420 2403 1474 καὶ
2431 1420 2523 1473 τοῦ
2550 1420 2945 1491 γεγεννηκότος
2976 1423 3035 1476 ἐν
3064 1422 3279 1501 σεαυτῴ
3299 1423 3341 1455 ⁶¹
3391 1422 3495 1494 τήν
3544 1424 3745 1478 οὐσίαν

2156 1512 2445 1577 δεικνύεις.

2225 1604 2289 1658 δ’.
2330 1622 2350 1657 r
2376 1606 2581 1675 Ὠμοσε
2607 1604 2833 1675 Κύριος,
2865 1604 2960 1659 καὶ
2988 1605 3047 1659 ού
3084 1605 3630 1679 μεταμεληθήσεται.
3665 1608 3743 1660 Σὺ

2163 1696 2342 1769 ῖερεὺς
2374 1698 2453 1759 εἰς
2479 1696 2571 1749 τὸν
2607 1697 2781 1750 αἰῶνα
2809 1697 2952 1751 κατὰ
2992 1697 3091 1768 τήν
3131 1699 3287 1765 τάξιν
3314 1700 3676 1769 Μελχισεδέκ.
3717 1720 3738 1751 ι

486 1800 610 1840 nem
662 1780 1086 1839 Melchisedech.
1133 1796 1153 1831 ι
1192 1784 1461 1835 Accurate
1506 1780 1620 1835 haec
1656 1780 1876 1835 divinus
1903 1780 2050 1850 Apoc

2161 1764 2429 1859 Ἀκριϐῶς
2447 1788 2492 1819 ⁸⁸
2516 1786 2691 1841 ταῦτα
2720 1764 3069 1860 ἡρμήνευσεν
3089 1791 3118 1844 6
3156 1764 3299 1854 θεῖος
3324 1764 3659 1853 Ἀπόστολος
3683 1792 3744 1843 ὲν

484 1879 657 1933 stolus
698 1877 1087 1945 interpretatus
1121 1884 1205 1930 est
1238 1874 1292 1928 in
1325 1872 1568 1944 Epistola
1602 1874 1669 1928 ad
1715 1873 1971 1930 Hebraeos
2006 1883 2052 1938 ν,

483 1979 538 2025 et
562 1966 916 2039 pontillcatus
948 1964 1112 2035 hujus
1134 1964 1495 2019 aeternitatem
1528 1965 1788 2031 ostendit,
1818 1981 1885 2021 eo
1913 1966 2055 2035 quod

485 2059 785 2115 Leviticum
830 2057 1199 2113 sacerdotium
1235 2072 1343 2110 non
1376 2072 1501 2110 cum
1540 2057 1900 2127 jurejurando
1931 2073 2058 2127 pro-

485 2152 777 2208 missiones
829 2149 1120 2220 acceperit,
1165 2149 1268 2204 hoc
1309 2158 1491 2203 autem
1536 2149 1896 2219 jurejurando
1926 2165 2058 2205 con-

486 2247 761 2300 ﬁrmatum
786 2243 877 2298 sit.
916 2240 1127 2296 Idcirco
1154 2240 1319 2295 etiam
1367 2260 1385 2293 ι
1431 2257 1539 2295 nou
1567 2240 1847 2311 paenitebit
1868 2257 1991 2296 eum
2032 2262 2052 2295 ι

486 2336 757 2408 apposuit,
808 2334 1067 2404 quoniam
1093 2348 1219 2388 cum
1260 2334 1429 2387 multa
1480 2332 1680 2403 saepius
1728 2333 2060 2403 dispensarit

485 2430 863 2484 universorum
899 2424 1063 2489 Deus,
1103 2425 1217 2479 haec
1239 2424 1638 2479 mutationibus
1672 2423 1904 2479 obnoxia
1936 2438 2060 2479 esse

487 2520 760 2592 permisit.
813 2519 906 2574 Sic
954 2516 1266 2573 Judatorum
1320 2517 1687 2572 sacerdotium
1716 2524 1773 2571 et
1820 2516 1973 2581 fecit,
2006 2526 2060 2572 et

486 2612 755 2669 sustulit:
788 2612 870 2667 sic
914 2626 1139 2682 regnum
1187 2609 1317 2664 illud
1367 2608 1671 2675 constituit,
1718 2618 1773 2665 et
1818 2609 2057 2666 evertit:

485 2707 568 2762 sic
613 2704 989 2775 Assyriorum,
1042 2711 1096 2756 et
1144 2701 1567 2772 Babyloniorum
1613 2709 1667 2755 et
1704 2700 2059 2755 Macedonum

487 2798 779 2868 imperium
819 2802 881 2849 ut
922 2801 1069 2849 esset
1105 2792 1370 2863 permisit,
1398 2795 1416 2815 ⁹
1447 2801 1500 2847 et
1538 2790 1753 2863 1396
1783 2800 1840 2846 ut
1878 2806 2062 2848 cessa-

486 2896 574 2944 ret
610 2886 888 2959 praecepit.
929 2884 1041 2939 lloc
1062 2884 1231 2955 igitur
1265 2884 1633 2941 sacerdotium
1668 2884 2060 2954 sempiternum

484 2993 607 3034 esse
635 2978 845 3038 volens.
867 2976 1085 3047 jurasse
1114 2974 1211 3041 ait,
1245 2989 1593 3045 nequaquam
1646 2972 1762 3028 fore
1792 2981 1852 3027 ut
1881 2972 2061 3043 pumi-

488 3081 618 3128 teat.
656 3068 909 3125 Humano
924 3078 1103 3123 autem
1133 3081 1286 3122 more
1319 3071 1436 3122 haec
1452 3066 1587 3121 dixit
1620 3084 1634 3120 :
1664 3064 1889 3121 allectus
1910 3065 2057 3120 enim

492 3178 692 3235 expers
723 3171 810 3217 est
838 3160 1118 3221 divinitas,
1148 3159 1373 3215 allectus
1389 3167 1568 3215 autem
1597 3169 1679 3213 est
1700 3158 1862 3212 etiam
1882 3158 2057 3229 paeni-

487 3254 678 3311 tentia.
743 3252 1141 3308 Melchisedech
1196 3264 1362 3319 porro
1412 3265 1521 3304 non
1562 3247 1919 3313 Iudaeorum,
1965 3249 2060 3304 sed

486 3345 728 3418 gentium
749 3352 835 3398 est
860 3341 1139 3397 sacerdos.
1166 3339 1259 3395 Sic
1282 3348 1340 3395 et
1377 3339 1644 3395 Dominus
1674 3339 1925 3396 Christus
1951 3355 2060 3396 non

488 3452 587 3508 pro
620 3435 821 3491 Iudaeis
872 3444 1109 3499 tantum,
1156 3432 1252 3489 sed
1289 3447 1391 3503 pro
1437 3433 1695 3488 omnibus
1743 3433 2061 3489 hominibus

488 3530 843 3600 seutetipsum
877 3526 1071 3582 obtulit
1102 3524 1235 3581 Deo.
1266 3523 1510 3579 Exorsus
1542 3532 1723 3579 autem
1764 3533 1848 3579 est
1873 3510 2059 3580 sacer-
2106 3558 2110 3561 -

486 3625 694 3680 dotium
731 3620 787 3675 in
836 3626 998 3675 nocte
1044 3618 1172 3683 ista,
1228 3626 1516 3688 postquam
1569 3631 1791 3672 crucem
1849 3615 2056 3683 subiit,

487 3730 614 3771 cum
648 3711 949 3782 accepisset
975 3725 1193 3781 panem,
1226 3718 1282 3785 et
1314 3708 1520 3780 gratias
1546 3708 1767 3780 egisset,
1808 3707 1982 3779 fregit,
2007 3719 2062 3764 et

486 3808 627 3863 dixit
656 3824 671 3861 :
705 3825 724 3858 ι
756 3803 999 3874 Accipite
1025 3842 1040 3869 ,
1079 3812 1134 3858 et
1176 3800 1446 3858 comedite
1472 3815 1539 3855 ex
1572 3815 1657 3864 eo,
1692 3798 1806 3855 Hoc
1828 3811 1913 3856 est
1947 3816 2062 3857 cor-

488 3914 592 3971 pus
621 3912 824 3953 meum.
862 3913 881 3947 »
910 3894 1175 3950 Similiter
1200 3902 1251 3947 et
1281 3893 1506 3949 calicem
1530 3907 1656 3948 cum
1682 3903 2058 3963 temperasset,

486 3992 636 4047 dedit
665 3988 951 4060 discipulis
973 3989 1109 4051 suis,
1126 3987 1315 4043 dicens
1339 4003 1352 4041 :
1380 4005 1399 4037 ι
1423 3985 1595 4041 Bibite.
1616 3999 1681 4041 ex
1708 3986 1811 4040 hoc
1844 4002 2059 4053 omnes,
2104 3989 2110 3999 '

2096 4141 2124 4160 η
2163 4082 2366 4144 πάντες
2390 4095 2405 4110 ο
2435 4079 2594 4131 τοῦτο
2616 4077 2779 4148 γάρ’¹
2804 4077 2921 4129 ἐστι
2966 4074 3029 4128 τδ
3065 4067 3209 4144 αἷμά
3238 4090 3363 4143 μου,
3404 4072 3467 4125 τὸ
3489 4072 3594 4141 τῆς
3625 4088 3746 4123 και-

2108 4160 2113 4165 .
2162 4176 2260 4244 νῆς
2288 4170 2576 4242 διαθήκης,
2606 4169 2668 4223 τὸ
2699 4167 2830 4238 περὶ
2868 4166 3078 4220 πολλῶν
3100 4165 3465 4234 ὲκχυνόμενον
3491 4164 3575 4227 είς
3604 4165 3744 4232 depe-

490 4082 591 4140 ﬂic
634 4093 718 4139 est
758 4083 904 4138 enim
936 4081 1157 4153 sanguis
1202 4094 1357 4135 meus
1386 4079 1515 4133 novi
1568 4080 1905 4145 testamenti,
1954 4081 2050 4148 qui

490 4187 588 4241 pro
600 4171 787 4227 multis
807 4169 1115 4226 ellundetur
1140 4169 1193 4224 in
1215 4169 1589 4226 remissionem
1608 4178 1958 4240 peccatorum
1974 4179 2021 4225 ι.
2036 4190 2054 4222 ι

489 4262 805 4318 Invenimus
853 4270 1031 4316 autem
1081 4259 1582 4315 Melchisedechum
1618 4268 1673 4315 et
1719 4261 2060 4317 sacerdotem

488 4363 543 4409 et
582 4367 761 4424 regem
816 4350 984 4407 fuisse
1015 4352 1212 4422 (ligura
1246 4352 1392 4406 enim
1439 4361 1557 4406 erat
1600 4352 1712 4407 veri
1759 4352 2060 4409 sacerdotis

2154 1883 2220 1953 τῇ
2257 1880 2393 1951 πρὸς
2441 1880 2728 1951 Ἑϐραίους
2754 1880 3067 1952 Ἐπιστολῇ,
3100 1882 3198 1935 atati.
3230 1882 3414 1952 τὸτῆς
3452 1882 3738 1954 ἀρχιερωο

2159 1975 2324 2045 σύνης
2352 1975 2558 2047 ταύτης
2592 1975 2905 2047 ἀπέραντον
2931 1975 3123 2043 ἔδειξε,
3170 1975 3250 2048 τῷ
3296 1977 3397 2049 τὴν
3435 1978 3539 2049 μὲν
3577 1978 3742 2031 Aw?-

2156 2069 2316 2137 τικὴν
2376 2067 2679 2137 ἱερωσύνην
2728 2068 2789 2120 ού
2840 2069 2958 2139 μεθ’
3007 2069 3171 2139 ὅρκου
3239 2067 3339 2132 τὰς
3400 2069 3743 2137 ἐπαγγελίας

2156 2158 2431 2229 δεδέχθαι,
2464 2158 2672 2227 ταύτην
2699 2158 2756 2211 δὲ
2788 2160 2936 2231 ὅρκῳ
2978 2159 3365 2231 βεϐαιωθῆναι.
3424 2161 3634 2215 Τούτου
3671 2163 3737 2232 δὴ

2158 2251 2318 2321 χάριν
2346 2250 2440 2303 καὶ
2492 2250 2554 2302 τὸ
2583 2270 2602 2302 r
2635 2250 2695 2303 οὺ
2724 2250 3233 2322 μεταμεληθήσεται
3262 2270 3281 2304 ι
3305 2252 3697 2323 προστέθεικεν
3720 2270 3736 2283 ο

2158 2340 2347 2411 ἐπειδὴ
2378 2339 2549 2393 πολλὰ
2572 2340 2835 2404 πολλάκις
2855 2341 3223 2412 οἰκονομήσας
3242 2344 3271 2395 6
3295 2342 3403 2395 τῶν
3426 2343 3568 2396 ὅλων
3582 2345 3736 2407 Θεδς,

2162 2428 2488 2501 μεταϐολαῖς
2539 2429 2726 2501 ταῦτα,
2764 2432 3084 2499 περιπεσεῖν
3135 2428 3545 2501 συνεχώρησεν.
3578 2430 3740 2485 Οὕτω

2157 2522 2257 2592 τὴν
2296 2518 2571 2574 Ἰουδαίων
2626 2522 2927 2593 ἱερωσύνην
2966 2523 3063 2576 καὶ
3109 2524 3401 2595 πεποίηκε,
3456 2526 3553 2579 καὶ⁵
3614 2544 3743 2579 κατ-

2159 2610 2421 2665 έπαυσεν.
2449 2609 2606 2664 Οὕτω
2621 2611 2720 2682 τὴν
2743 2610 3020 2682 βασιλείαν
3043 2615 3258 2686 ἐκείνην
3283 2616 3379 2669 καὶ
3408 2616 3740 2685 κατέστησε,

2159 2703 2254 2757 καὶ
2271 2702 2566 2755 κατέλυσεν
2585 2718 2600 2732 ο
2612 2699 2758 2757 οὕτω
2774 2704 2876 2777 τὴν
2892 2704 3216 2779 Ἀσσυρίων,
3239 2707 3333 2760 καὶ
3348 2707 3739 2773 Βαϐυλωνίων,

2160 2793 2254 2847 καὶ
2277 2794 2606 2848 Μακεδόνων
2638 2794 2917 2865 βασιλείαν
2939 2798 3034 2851 καὶ
3068 2797 3326 2866 γενέσθαι
3362 2800 3741 2871 συνεχώρησε,

2160 2885 2255 2938 καὶ
2278 2884 2509 2955 λυθῆναι
2525 2884 2849 2957 προσέταξε.
2869 2886 3088 2959 Ταύτην
3116 2889 3299 2961 μέντοι
3318 2892 3417 2962 τὴν
3432 2892 3746 2963 ἱερωσύνην

2161 2974 2381 3029 αἰώνιον
2412 2970 2552 3028 εἶναι
2588 2974 2932 3046 βουλόμενος,
2962 2976 3333 3049 ὠμωμοκέναι
3361 2978 3556 3049 φησὶν,
3580 2979 3660 3042 ὡς
3680 2979 3745 3031 ού

2164 3069 2695 3141 μεταμεληθήσεται.
2730 3070 3118 3140 Ἀνθρωπίνως
3164 3070 3225 3125 δὲ
3283 3072 3460 3127 ταῦτα
3508 3073 3743 3145 εἴρηκε·

2159 3162 2255 3216 τοῦ
2306 3162 2511 3225 πάθους
2541 3161 2648 3232 γὰρ
2697 3160 2761 3214 τὸ
2780 3161 2941 3234 βεῖον
2974 3162 3243 3232 ἀμύητον,
3277 3164 3451 3227 πάθος
3474 3164 3535 3218 6's
3573 3166 3672 3218 καὶ
3708 3166 3742 3234 ὴ

2111 3264 2118 3272 ‘
2164 3255 2519 3326 μεταμέλεια.
2573 3254 2633 3307 '0
2669 3253 2727 3307 δὲ
2753 3253 3113 3323 Μελχισεδὲκ,
3146 3253 3246 3307 οὐκ
3276 3251 3575 3318 Ἰουδαίων,
3620 3255 3743 3307 ἀλλ’

2163 3345 2335 3400 ὲθνῶν
2374 3343 2576 3415 ἱερεύς.
2612 3342 2770 3397 Οὕτω
2807 3343 2901 3397 καὶ
2917 3344 2961 3375 ⁶⁹
2996 3345 3025 3396 6
3055 3343 3333 3414 Δεσπότης
3362 3344 3625 3415 Χριστὸς,
3645 3342 3744 3412 ούχ

2162 3435 2302 3507 ὑπὲρ
2355 3434 2625 3488 Ἰουδαίων
2649 3432 2831 3502 μόνον,
2871 3432 3007 3486 ἀλλὰ
3030 3433 3125 3486 καὶ
3157 3432 3298 3504 ὑπὲρ
3342 3434 3603 3486 ἁπάντων
3650 3434 3745 3486 άνο

2161 3527 2396 3599 θρώπων
2431 3526 2619 3580 ἑαυτὸν
2658 3525 3027 3597 προσενήνοχε
3053 3525 3133 3595 τῷ
3169 3524 3308 3596 Θεῷ.
3359 3527 3639 3595 ’Δρχεται
3680 3525 3738 3577 δὲ

2160 3620 2259 3689 τῆς
2292 3618 2591 3691 ἱερωσύνης
2617 3618 2675 3670 ὲν
2703 3619 2771 3689 τῇ
2798 3616 2979 3681 νυκτὶ,
3017 3615 3139 3686 μεθ’
3174 3616 3241 3685 ἣν
3290 3614 3353 3669 τδ
3404 3615 3581 3679 πάθος
3640 3616 3743 3668 ὑπ·

2162 3712 2399 3782 έμεινεν·
2421 3711 2587 3782 ἡνίκα
2606 3707 2786 3763 λαϐὼν
2807 3708 2991 3780 ἄρτον,
3005 3708 3100 3761 καὶ⁵
3118 3708 3527 3780 εὐχαριστήσας
3545 3706 3742 3760 ἔκλασα

2161 3809 2258 3859 καὶ
2280 3800 2404 3858 εἷπε
2428 3822 2442 3836 ο
2470 3823 2489 3856 t
2521 3802 2755 3869 Λάϐετε,
2787 3800 2991 3872 φάγετε
3013 3800 3073 3868 ἐξ
3100 3799 3265 3853 αὑτοῦ
3291 3816 3304 3829 ·
3343 3798 3503 3853 τοῦτό
3537 3800 3655 3853 ἐστι
3683 3797 3742 3850 τὸ

2164 3896 2326 3967 σῶμά
2365 3913 2490 3967 μου.
2537 3915 2555 3948 ι
2592 3894 2869 3956 Ὡσαύτως
2914 3893 3011 3945 καὶ
3048 3892 3110 3945 τὸ
3147 3892 3411 3961 ποτήριον
3462 3890 3739 3961 κεράσας,

2162 3988 2331 4041 ἔδωκε
2356 3988 2471 4049 τοῖς
2490 3986 2759 4057 μαθηταῖς
2783 3982 2950 4038 αὑτοῦ
2968 3984 3012 4015 ⁷⁸
3034 3982 3213 4051 λέγων
3232 3998 3248 4014 ο
3270 4001 3287 4033 r
3314 3982 3476 4034 Πίετε
3492 3979 3555 4044 ἐξ
3573 3978 3741 4033 αὐτοῦ

2164 4277 2249 4314 σιν
2282 4259 2589 4330 ἁμαρτιῶν.
2618 4278 2637 4310 ι
2682 4258 3029 4330 Εύρίσκομεν
3066 4256 3125 4309 δὲ
3150 4257 3196 4289 ⁷³
3229 4254 3323 4309 τὸν
3372 4254 3744 4325 Μελχισεδὲκ,

2163 4352 2257 4406 καὶ
2276 4352 2321 4383 ⁷³
2358 4350 2510 4421 ἱερέα
2528 4349 2687 4424 ϐντα,
2730 4350 2827 4404 καὶ
2861 4348 3089 4419 βασιλέα
3115 4365 3131 4380 ο
3169 4346 3341 4411 τύπος
3386 4348 3497 4418 γάρ
3532 4342 3602 4415 ἦν
3646 4345 3746 4398 τού

487 4458 543 4503 et
565 4447 754 4518 regis),
780 4456 836 4503 et
863 4445 1124 4502 obtulisse
1154 4446 1265 4501 Deo
1298 4460 1406 4501 non
1443 4446 1692 4513 victimas
1728 4447 1939 4501 ratione
1966 4462 2059 4501 ca-

2164 4441 2421 4514 ἁληθινοῦ
2452 4442 2644 4512 ἱερέως
2675 4443 2769 4496 καὶ
2807 4440 3071 4511 βασιλέως
3097 4455 3111 4470 ·
3140 4440 3234 4493 καὶ
3259 4437 3646 4510 προσφέροντα
3668 4436 3747 4507 τῷ

489 4548 693 4606 rentes,
731 4538 827 4595 sed
856 4552 1052 4609 panem
1091 4546 1145 4592 et
1168 4537 1378 4592 vinum.
1410 4534 1536 4594 Haec
1563 4537 1709 4592 enim
1746 4537 2062 4594 Abrahamo

486 4647 709 4702 quoque
766 4630 987 4695 obtulit,
1042 4644 1168 4685 cum
1208 4629 1497 4686 sacerdotii
1549 4629 1635 4685 sui
1679 4630 1957 4700 exemplar
2004 4631 2058 4683 in

488 4723 690 4778 lumbis
721 4722 1047 4794 patriarchae
1078 4721 1380 4779 secundum
1412 4722 1663 4793 spiritum
1716 4722 2056 4793 praevideret.

486 4814 543 4869 Si
576 4814 745 4886 igitur
775 4829 843 4869 ex
872 4813 1075 4870 Davide
1105 4812 1359 4869 Christus
1391 4812 1691 4869 secundum
1712 4829 1935 4870 carnem
1968 4830 2059 4871 or-

487 4911 579 4957 tus
613 4910 719 4967 est,
759 4910 813 4958 et
846 4901 1016 4957 David
1042 4917 1108 4957 ex
1137 4900 1298 4969 Juda,
1340 4912 1397 4958 et
1439 4902 1817 4973 pontificatum
1857 4921 2058 4961 secun-

485 4992 619 5046 dum
645 4991 895 5047 ordinem
926 4989 1320 5047 Melchisedech
1355 4992 1567 5062 accepit
1595 4991 1871 5059 Christus,
1900 4995 2059 5049 Levi-

486 5084 657 5139 ticum
691 5083 878 5153 utique
908 5082 1277 5138 sacerdotium
1313 5083 1568 5147 cessavit,
1605 5091 1659 5138 et
1690 5084 1743 5138 in
1788 5083 1941 5139 Judte
1964 5084 2061 5139 tri-

486 5175 618 5229 bum
660 5173 884 5244 majoris
926 5173 1213 5232 sacerdOtii
1244 5173 1547 5230 benedictio
1588 5176 1824 5231 transiit.
1862 5175 2062 5233 Sacer-

562 5297 590 5328 ν
621 5286 788 5343 Hebr.
820 5301 932 5355 vn;
971 5286 1107 5344 Gen.
1139 5302 1253 5342 xlv.
1325 5297 1351 5324 ³
1387 5286 1578 5343 Matth.
1608 5304 1757 5353 xxvi,
1792 5287 1985 5344 26.28.

2169 4535 2288 4604 Θεῷ
2336 4535 2439 4588 οὐκ
2493 4534 2664 4603 ἄλογα
2719 4533 2961 4605 θύματα,
3002 4531 3140 4585 ἀλλὰ
3181 4532 3379 4601 ἄρτους
3437 4532 3535 4583 καὶ
3579 4526 3743 4583 οἶνον.

2170 4628 2359 4682 Ταῦτα
2396 4628 2506 4698 γάρ
2537 4626 2633 4680 καὶ
2670 4625 2749 4697 τῷ
2804 4624 3060 4695 Ἀϐραὰμ
3114 4622 3504 4693 προσενήνοχε,
3550 4620 3613 4675 τδ
3646 4621 3747 4690 τῆς

2166 4720 2375 4783 οἰκείας
2396 4718 2807 4790 ἀρχιερωσύνης
2839 4718 3153 4789 ἀρχέτυπον
3182 4717 3239 4769 ὲν
3265 4717 3331 4785 τῇ
3355 4714 3449 4768 τοῦ
3476 4714 3749 4785 πατριάρ-

2165 4830 2261 4883 χου
2306 4810 2470 4881 ὀσφύϊ
2533 4811 2921 4883 πνευματικῶς
2977 4807 3248 4879 προορῶν.
3312 4806 3377 4857 Εἰ
3436 4805 3619 4859 τοίνυν
3683 4807 3746 4858 ἐκ

2164 4904 2331 4958 Δαϐὶδ
2359 4905 2388 4956 6
2417 4903 2653 4974 Χριστὸς
2681 4904 2827 4957 κατὰ
2855 4902 3060 4971 σάρκα,
3091 4902 3120 4954 6
3146 4899 3204 4952 δὲ
3234 4897 3401 4950 Δαϐιδ
3433 4898 3494 4963 ἐξ
3549 4896 3745 4959 Ἰούδα,

2158 4996 2259 5067 τὴν
2281 4996 2339 5049 δὲ
2377 4996 2521 5050 κατά
2542 4995 2643 5067 τὴν
2674 4994 2830 5059 τάξιν
2867 4993 3211 5064 Μελχισεδὲκ
3261 4988 3748 5063 ἀρχιερωσύνην⁷⁸

2161 5085 2356 5140 ἔλαϐεν
2383 5089 2412 5141 6
2444 5087 2683 5159 Χριστός
2704 5100 2717 5115 ·
2753 5085 3032 5139 πέπαυται
3076 5084 3174 5155 μιν
3210 5086 3244 5154 ή
3279 5080 3541 5153 Λευῖτικὴ
3591 5083 3748 5151 ῑερω-

2165 5177 2322 5250 σύνη,
2353 5180 2433 5242 εἰς
2464 5178 2520 5232 δὲ
2546 5178 2643 5250 τὴν
2682 5175 2855 5231 Ἰούδα
2885 5175 3058 5255 φυλὴν
3084 5176 3119 5248 ἡ
3155 5174 3259 5246 τῆς
3293 5171 3546 5247 μείζονος
3588 5171 3747 5241 ἱερω-

506 5505 509 5509 Ι
1562 5424 1799 5481 νΑῐὶΙιΕ
1829 5425 2059 5483 LECTK

2161 5426 2213 5482 lS
2260 5427 2348 5482 ET
2374 5428 2606 5486 ΝΟΤᾹΞ.

557 5534 602 5607 1⁵
628 5533 874 5607 Κύριος-,μ
895 5532 1034 5607 (τοίί.Δ
1062 5532 1233 5607 I_a_dd.
1262 5531 1335 5607 ῶς
1361 5532 1773 5607 ἀνθρῶπῳηῇ⁸
1804 5535 1931 5607 cod.
1961 5536 1985 5589 1
2018 5552 2059 5604 γε

2161 5553 2351 5607 νηται,
2407 5538 2452 5569 ⁶⁴
2484 5539 2610 5593 Ἐκ.
2639 5538 2807 5594 cod.l
2837 5540 2966 5607 ἀπό.
3039 5540 3080 5571 ⁸⁷
3110 5537 3367 5605 Σεαυτῷ.
3400 5537 3557 5594 Prior
3576 5538 3743 5594 editio

488 5606 723 5658 habebat
736 5602 905 5673 αὐτῷ.
938 5603 1102 5657 cml.l
1131 5603 1329 5673 ἑαυτῷ.
1364 5672 1367 5673 ν
1406 5602 1541 5658 ⁸⁸’Ἇ

488 5675 712 5743 reliquis
749 5672 1006 5743 omnibus
1035 5673 1276 5726 omissis.
1354 5672 1399 5707 θ’
1424 5675 1553 5729 Kal.
1584 5672 1781 5743 Vcod.il

486 5742 617 5799 Des.
640 5743 770 5799 ibid.
847 5742 891 5773 ⁷⁸
918 5743 1010 5796 Ad.
1041 5743 1161 5797 cod.
1192 5744 1214 5797 1
1248 5742 1370 5797 add.
1408 5744 1522 5799 καί.

1549 5601 1761 5673 κριϐῶς
1794 5634 1863 5643 —
1888 5601 2059 5669 βεὸάι

1549 5716 1553 5728 .
1592 5674 1714 5728 cod.
1758 5675 1781 5729 1
1822 5675 2059 5730 (inermi

2161 5601 2308 5673 iii-at.
2342 5606 2464 5663 Haec
2496 5624 2668 5730 glauca
2697 5606 2909 5663 tantum
2944 5610 3164 5663 exhibet
3186 5601 3348 5665 (λοι-(ἱ.
3387 5610 3422 5664 l.
3443 5624 3494 5663 c.

2189 5677 2234 5709 ⁷⁸
2261 5679 2381 5730 cod.
2410 5680 2430 5730 1
2524 5679 2711 5730 αυτοῦ.
2733 5690 2859 5730 ante
2886 5680 3154 5730 μαθηταῖς
3181 5681 3437 5730 nnsitum.

1821 5690 2006 5745 prtem.
2036 5675 2115 5729 δέ.
2189 5677 2234 5709 ⁷⁸
2261 5679 2381 5732 cod.
2410 5680 2430 5731 l

1620 5744 1663 5775 τ’
1688 5742 2005 5803 Kal.'Abest
2032 5760 2059 5803 a

2161 5745 2209 5802 α.
2235 5748 2285 5803 1.
2360 5748 2407 5780 ⁷⁸
2435 5748 2557 5804 cod.
2586 5750 2609 5801 1
2640 5742 3047 5821 ἀρχιερωσύνην
3073 5742 3562 5822 τοῦ’Μελχισεδέκ.

3529 5624 3584 5677 p.
3613 5608 3736 5673 250,

2524 5679 2711 5750 αυτοῦ.
2733 5690 2859 5734 ante
2885 5680 3154 5750 μαθηταῖς
3181 5681 3437 5750 positum.
3492 5681 3561 5750 7"
3593 5679 3719 5748 Γάρ
