3924 6478
187 265 293 331 773
1523 263 1607 324 IN
1660 264 1871 326 PSAL.
1914 264 1985 323 Cl
1997 265 2068 323 Χ.
3254 262 3392 330 17Ἰὶ

155 382 315 450 σύνης
353 377 576 448 εὐλογία
617 377 841 451 μετέϐη.
886 374 1178 449 Ἰερατεύει
1204 374 1259 429 δὲ
1282 374 1376 429 νῦν
1400 378 1426 431 ό
1456 377 1516 443 ὲξ
1548 379 1719 433 ’ἰούδα

1842 382 1923 433 los
1951 388 2135 436 autem
2176 394 2320 434 nunc
2352 389 2434 435 est
2475 380 2746 447 Christus,
2795 397 2863 437 ex
2906 382 3045 438 Juda
3094 387 3397 439 secundum

153 472 289 525 κατὰ
312 472 493 543 σάρκα
533 472 844 543 βλαστήσας
874 468 1109 543 Χριστὸς
1126 511 1140 534 ,
1161 470 1260 522 οὐκ
1279 466 1443 533 αὐτός
1472 486 1524 523 τι
1545 488 1719 541 προσ-

1842 486 2042 525 raruem
2070 480 2246 537 ortus,
2286 488 2392 526 non
2425 473 2540 542 ipse
2564 474 2772 544 aliquid
2805 473 3062 539 offerens,
3090 476 3186 531 sed
3228 486 3396 547 caput

154 565 369 633 φέρων,
423 563 560 618 ἀλλὰ
617 563 726 617 τῶν
772 562 1193 633 προσφερόντων
1250 560 1463 633 κεφαλὴ
1507 580 1724 633 χρημαο

1842 563 2095 619 exsistens
2120 579 2309 618 eorum
2354 564 2449 635 qui
2492 564 2747 622 offerunt.
2801 566 3015 637 Corpus
3041 568 3187 622 enim
3236 584 3394 624 suum

154 654 333 718 τίζων.
391 653 561 723 Σῶμα
612 653 723 723 γὰρ
765 651 931 706 αὑτοῦ
986 654 1085 722 τὴν
1146 652 1477 723 Ἐκκλησίαν
1526 655 1720 719 καλεῖ,

1842 655 2040 725 [397
2075 654 2376 711 Ecclesiam
2399 666 2576 723 vocat,
2597 667 2652 713 et
2676 673 2773 728 per
2800 674 2921 713 eam
2947 660 3254 715 sacerdotio
3282 660 3401 715 fun-

155 746 246 796 καὶ
278 742 366 796 διὰ
422 742 629 812 ταύτης
687 741 955 814 ίερατεύει
1019 743 1097 806 ώς
1152 742 1455 814 ἄνθρωπος,
1507 743 1721 814 δέχεται

1842 746 1971 814 gitur
1998 756 2056 800 ut
2091 751 2275 810 homo,
2323 747 2516 817 recipit
2544 757 2725 805 autem
2759 765 2825 806 ea
2847 766 2970 821 quae
2990 751 3316 817 oll‘eruutur,
3340 762 3423 808 ut‘

153 833 206 885 δὲ
254 835 321 886 τά
370 832 793 905 προσφερόμενα
849 832 926 897 ώς
967 831 1120 896 Θεός.
1151 832 1167 854 ⁸
1196 832 1504 904 Προσφέρει
1565 834 1622 888 δὲ
1687 836 1721 904 ἡ

1842 835 1988 891 Deus.
2035 835 2207 891 Ollert
2246 852 2376 892 vero
2425 839 2671 894 Ecclesia
2715 841 2965 911 corporis
3006 852 3061 898 et
3113 844 3400 914 sanguinis

158 924 451 992 Ἐκκλησία
499 924 568 978 τὰ
604 923 700 978 τοῦ
752 922 1005 994 σώματος
1035 921 1204 978 αὑτοῦ
1234 923 1328 976 καὶ
1355 922 1452 976 τού
1488 924 1724 996 αἵματος

1842 929 2097 997 ςγπηὴυιε,
2136 937 2305 983 totam
2330 945 2568 987 massam
2600 947 2699 1002 per
2722 933 2993 1003 primitias
3025 935 3399 992 sanctiﬁcans.

162 1016 421 1086 σύμϐολα,
462 1017 574 1069 πᾶν
609 1015 673 1068 τὸ
715 1013 942 1089 φύραμα
979 1012 1068 1068 διά
1109 1013 1211 1084 τῆς
1250 1013 1507 1086 ἀπαρχῆς
1569 1016 1727 1083 άγιάο

161 1109 343 1172 ζουσα.

227 1205 287 1252 ε’.
323 1217 342 1250 ι
378 1197 582 1269 Κύριος
630 1198 693 1251 ὲκ
722 1196 910 1263 δεξιῶν
942 1212 1035 1251 σου
1084 1196 1411 1251 συνέθλασεν
1453 1197 1512 1249 ἐν
1541 1196 1729 1268 ἡμέρα

162 1288 324 1362 ὀργῆς
358 1288 523 1344 αὐτοῦ
558 1289 819 1361 βασιλεῖς.
866 1308 885 1342 ι
919 1288 1061 1354 Τοὺς
1084 1289 1141 1345 δὲ
1170 1287 1267 1343 νῦν
1300 1288 1726 1350 ἀντιτείνοντας,

162 1383 252 1438 καὶ
285 1383 725 1455 θρασυνομένους
752 1383 1020 1455 ἄρχοντάς
1050 1400 1112 1437 τε
1162 1384 1259 1438 καὶ
1291 1380 1551 1455 βασιλέας
1579 1382 1636 1435 ὲν
1660 1382 1727 1451 τῇ

162 1478 254 1545 τῇς
297 1474 535 1545 κρίσεως
576 1474 761 1545 ἡμέρᾳ
807 1473 1123 1545 παραδώσει
1163 1474 1407 1529 κολάσει.
1456 1470 1531 1526 Τὸ
1556 1472 1602 1504 ⁷⁸
1647 1470 1725 1535 δὲ,

168 1587 186 1618 ι
227 1567 431 1637 Κύριος
464 1567 527 1619 ὲκ
552 1564 740 1631 δεξιῶν
770 1583 887 1632 σου,
914 1586 932 1619 ι
960 1566 1102 1621 ἔοικε
1128 1566 1206 1637 τῷ
1239 1567 1296 1620 ὲν
1325 1562 1403 1636 τῷ
1436 1564 1670 1637 πέμπτῳ
1684 1564 1731 1597 ⁷⁸

164 1657 252 1711 καὶ
301 1656 517 1729 δεκάτῳ
561 1656 761 1728 ψαλμῷ
811 1657 876 1722 ⁷⁷,
938 1675 958 1709 ι
1006 1655 1365 1729 Προωρώμην
1397 1656 1507 1727 γὰρ
1551 1656 1597 1689 ⁷⁸
1635 1654 1730 1709 τὸν

1898 1189 2065 1244 Vnns.
2094 1190 2147 1246 5.
2178 1210 2196 1241 ‹
2237 1190 2506 1248 Dominus
2536 1206 2567 1246 a
2595 1191 2833 1251 dexteris
2853 1194 2965 1251 tuis
2998 1195 3269 1269 confregit
3306 1198 3396 1255 die

1829 1280 1922 1335 ira:
1950 1297 2063 1336 sua!
2084 1298 2261 1353 reges.
2293 1301 2313 1335 ι
2343 1280 2627 1355 Principes
2657 1296 2712 1341 et
2734 1302 2891 1359 reges
2929 1305 3076 1345 nunc
3098 1305 3402 1361 repugnan-

1829 1382 1911 1427 tes
1966 1382 2021 1429 et
2059 1373 2403 1444 insurgentes
2435 1376 2523 1430 die
2560 1377 2753 1446 judicii
2799 1380 3082 1451 suppliciis
3126 1383 3399 1439 multabit.

1832 1463 1946 1520 Hoc
1978 1474 2184 1530 autem,
2222 1465 2481 1521 Dominus
2508 1485 2542 1521 α
2577 1468 2812 1523 dexteris
2836 1474 2959 1535 tuis,
2990 1472 3169 1528 simile
3196 1483 3279 1529 est
3300 1475 3400 1539 illi,

1830 1555 1979 1627 quod
2012 1556 2066 1610 in
2109 1555 2322 1612 decimo
2352 1558 2545 1628 quinto
2568 1560 2784 1629 psalmo
2807 1561 3009 1616 dictum
3044 1572 3125 1618 est
3154 1580 3166 1617 τ
3198 1581 3217 1615 ι
3253 1562 3402 1621 Ρι-ωι

1832 1649 2082 1703 videbam
2120 1646 2409 1703 Dominum
2455 1649 2508 1703 in
2536 1659 2830 1720 conspectu
2856 1666 2978 1706 meo
3002 1667 3236 1723 semper,
3264 1669 3403 1725 quo-

163 1749 364 1821 Κύριον
407 1722 641 1804 ἐνώπιόν
676 1722 780 1816 μου
807 1749 897 1803 διά
929 1722 1153 1813 παντὸς,
1297 1722 1362 1802 ἐκ
1403 1722 1596 1814 δεξιῶν
1628 1747 1729 1818 μού

1842 1741 1983 1796 niam
2017 1756 2047 1796 a
2089 1742 2330 1796 dexteris
2359 1750 2443 1796 est
2470 1742 2623 1807 mihi,
2658 1757 2726 1798 ne
2773 1759 3123 1802 commovear
3156 1756 3206 1802 γ.
3252 1767 3271 1800 ι
3309 1748 3404 1805 Et-

158 1844 325 1905 ἐστιν,
357 1841 447 1894 ἴνα
482 1839 557 1912 μὴ
587 1840 852 1895 σαλευθῶ.
894 1858 914 1893 ι
947 1841 1060 1895 Καὶ
1085 1840 1195 1911 γὰρ
1229 1841 1346 1893 ἐκεῖ
1373 1838 1734 1909 ἀνθρωπίνως

158 1932 314 1987 τοῦτο
341 1933 561 2004 εἴρηκε,
578 1932 673 1987 καὶ
687 1932 957 2003 δεδήλωκε
989 1933 1088 2002 τῆς
1113 1931 1407 2001 ὲνωθείσης
1432 1930 1649 2001 φύσεως
1674 1929 1735 1983 τὸ

159 2024 460 2098 ἀχώριστον
475 2040 489 2055 ο
507 2025 602 2077 καὶ
617 2024 851 2077 ἐνταῦθα
868 2022 912 2056 τ’
931 2022 1071 2076 κατὰ
1093 2021 1290 2075 ταυτὸν
1305 2021 1398 2076 καὶ
1422 2021 1493 2074 τὰ
1512 2020 1630 2074 θεῖα
1644 2022 1734 2074 λέο

158 2136 267 2186 γει,
288 2115 472 2171 καὶτὰ
487 2115 823 2186 ἀνθρώπινα.
843 2114 917 2167 Τὸ
948 2112 1048 2182 μὲν
1067 2112 1229 2183 γὰρ,‹
1253 2111 1438 2166 Κάθου
1466 2112 1529 2164 ὲκ
1544 2109 1735 2175 δεξιῶν

164 2227 287 2277 μου,
323 2226 344 2260 s
385 2210 450 2278 τῇ
484 2204 799 2277 ἀνθρωπεία
817 2203 977 2274 φύσει
1012 2204 1353 2275 πρόσφορον·
1377 2202 1534 2268 τὸδὲ,
1570 2220 1590 2254 ι
1639 2202 1735 2256 Ἐκ

160 2300 398 2371 γαστρὸς
434 2297 540 2369 πρὸ
564 2296 840 2367 ἑωσφόρον
879 2295 1146 2367 ἐγέννησά
1168 2312 1249 2359 σε.
1275 2312 1295 2347 ι
1318 2293 1612 2365 δηλωτικὸν
1637 2293 1736 2362 τῆς

162 2392 449 2462 θεότητος·
480 2389 543 2442 τὸ
578 2388 656 2451 δὲ,
692 2407 711 2441 t
749 2389 823 2443 Σὺ
855 2382 904 2441 εἷ
941 2388 1120 2459 ἱερεὺς
1150 2389 1229 2451 είς
1264 2386 1438 2440 αίῶνα
1463 2385 1529 2449 ⁸⁸,
1570 2402 1589 2437 ι
1626 2383 1736 2437 πά-

162 2483 241 2535 λιν
272 2482 350 2547 ώς
378 2482 514 2553 πρὸς
547 2481 833 2554 ἄνθρωπον
860 2480 1103 2552 εἴρηται.
1135 2477 1410 2543 Ὡσαύτως
1429 2478 1486 2531 δὲ
1516 2477 1610 2531 καὶ
1637 2476 1698 2530 τὸ
1717 2514 1733 2541 ,

166 2590 184 2621 ι
232 2573 437 2642 Κύριος
467 2573 531 2624 ἐκ
562 2571 751 2636 δεξιῶν
784 2587 901 2637 σου,
932 2587 952 2623 t
979 2569 1101 2625 ἀντὶ
1126 2568 1244 2636 τοῦ,
1264 2565 1566 2639 ἀχώριστον
1589 2566 1737 2638 ἔχεις

161 2664 256 2734 τὴν
287 2663 586 2717 ὲνωθεῖσαν
611 2662 862 2734 θεότητα.

231 2752 304 2819 ς’.
346 2772 367 2806 ι
406 2755 603 2826 Κρινεῖ
647 2755 704 2807 ὲν
734 2756 848 2817 τοῖς
876 2752 1075 2818 ἔθνεσι,
1112 2751 1393 2823 πληρώσει
1425 2748 1731 2822 πτώματαο

164 2844 451 2898 meum
476 2844 719 2915 κεφαλὰς
747 2846 841 2899 ἰπὶ
872 2845 975 2917 γῆς
1008 2844 1220 2898 πολλῶν
1249 2845 1315 2898 ⁸³.
1345 2862 1364 2897 ι
1395 2843 1738 2916 Σαφέστερον

161 2934 395 2988 ἐνταῦθα
446 2932 547 3005 τὴν
588 2934 770 3006 κρίσιν
815 2935 1050 3006 ἐδήλωσε
1098 2935 1194 2988 καὶ
1233 2935 1316 2989 ὅτι
1363 2935 1486 2989 κατ’
1517 2935 1736 3006 ἐκείνην

161 3027 257 3098 τὴν
286 3026 503 3097 ἡμέραν
535 3027 904 3089 παντοδαπαῖς
936 3026 1254 3099 παραδώσει
1288 3028 1582 3100 τιμωρίαις
1608 3029 1736 3092 τοὺς
1763 3053 1805 3110 c

160 3118 449 3189 δυσσεϐείᾳ
480 3118 842 3190 συνεζηκότας
864 3134 879 3150 ο
920 3121 1016 3174 καὶ
1046 3120 1188 3174 κατά
1215 3121 1305 3174 τὸν
1333 3121 1577 3191 παρόντα
1606 3119 1736 3189 μέν·

161 3226 241 3263 τοι
292 3210 340 3243 ⁸²
399 3210 549 3281 βίον,
604 3210 831 3275 πολλαῖς
881 3210 1079 3275 αὐτοὺς
1150 3210 1409 3274 πολλάκις
1463 3210 1734 3274 παιδείαις

164 3302 424 3371 ὑπέϐαλε,
459 3302 560 3373 τὴν
607 3302 816 3357 οίκείαν
859 3303 1093 3375 δύναμιν
1130 3304 1259 3368 τοὺς
1291 3301 1622 3372 ἀγνοοῦντας
1657 3302 1736 3356 δι-

162 3394 399 3449 δάσκων.

229 3483 295 3549 ζ’.
338 3502 360 3536 s
410 3485 506 3540 Ἐκ
553 3486 854 3560 χειμάρρου
897 3486 956 3541 ἐν
987 3484 1093 3558 όδῷ
1142 3486 1347 3551 πίεται,
1382 3486 1472 3542 διὰ
1500 3486 1547 3519 ⁸³
1576 3485 1734 3540 τοῦτο

162 3574 365 3642 ὑψώσει
393 3575 660 3647 κεφαλήν.
697 3595 716 3629 ι
756 3576 952 3648 Πολλῇ,
982 3577 1167 3648 φησιν,
1195 3576 1622 3647 ὲνανθρωπήσας
1649 3576 1737 3628 εύ-

161 3664 340 3735 τελείᾳ
376 3665 658 3735 χρήσεται,
686 3664 827 3718 ὥστε
856 3666 951 3719 καὶ
979 3668 1093 3729 τοῖς
1120 3664 1263 3719 κατὰ
1304 3665 1404 3736 τὴν
1432 3665 1550 3719 ὁδὸν
1583 3666 1733 3737 εὑρι-

164 3757 449 3826 σκομένοις
480 3756 635 3809 ὕδασι
668 3755 992 3828 θεραπεύειν
1035 3757 1098 3811 τδ
1129 3756 1303 3826 δίψος.
1343 3760 1501 3810 Δοκεῖ
1540 3759 1595 3811 δέ
1640 3776 1733 3830 μοι

162 3845 253 3896 καὶ
282 3846 480 3914 ἑτέραν
528 3845 832 3916 βαθυτέραν
872 3845 1017 3916 ἔχειν
1058 3846 1094 3917 ἡ
1136 3846 1441 3919 προφητεία
1475 3846 1730 3905 διάνοιαν.

163 3936 429 4006 Ποτήριον
463 3936 584 4000 ἔθος
609 3937 758 4009 αὐτῷ
790 3936 852 3990 τὸ
881 3936 1053 4001 πάθος
1084 3937 1268 3992 καλεῖν
1292 3953 1308 3969 ο
1345 3956 1363 3989 ι
1390 3937 1572 4009 Πάτερ
1598 3939 1727 4010 γάρ,

159 4030 284 4098 ἔφη,
334 4029 384 4081 εἰ
414 4028 657 4092 δυνατὸν,
701 4029 944 4100 παρέλθῃ
965 4028 1012 4061 ⁸³
1042 4028 1103 4083 τὸ
1141 4030 1393 4101 ποτήριον
1441 4029 1601 4083 τοῦτο
1633 4032 1734 4085 ἀπ’

160 4119 315 4189 ἐμούο
357 4137 377 4171 ι
416 4119 778 4189 χειμάρρουν
806 4120 862 4174 δὲ
886 4122 1013 4184 τοὺς
1054 4121 1343 4184 Ἰουδαίους
1374 4120 1546 4184 καλεῖ,
1580 4121 1731 4186 θείας

162 4214 259 4279 μὲν
303 4212 528 4283 χάριτος
563 4213 952 4284 τετυχηκότας,
997 4212 1097 4266 οὐκ
1127 4212 1302 4266 ἀεὶδὲ
1344 4213 1548 4284 ταύτης
1593 4215 1731 4268 ἀπο-

158 4303 480 4367 λαύσαντας.
518 4304 784 4375 Καθάπερ
806 4304 914 4374 γὰρ
942 4305 970 4357 ό
996 4302 1333 4374 χειμάρρους
1371 4304 1470 4356 ούκ
1502 4303 1729 4357 ἀένναον

1834 1832 1978 1887 enim
2020 1832 2093 1887 ibi
2120 1832 2276 1900 juxta
2315 1832 2708 1889 humanitatem
2743 1835 2850 1890 hoc
2879 1836 3038 1902 dixit,
3074 1846 3130 1893 et
3156 1838 3375 1894 declara

1835 1924 1914 1979 vit
1973 1932 2179 1978 naturae
2218 1923 2384 1978 unitas
2420 1925 2940 1995 inseparabilitatem
2976 1944 2990 1982 :
3020 1938 3075 1984 ct
3128 1929 3233 1987 hoc
3280 1930 3403 1987 loco

1836 2014 1997 2071 simul
2022 2024 2076 2069 et
2096 2015 2279 2070 divina
2303 2014 2457 2081 dicit,
2490 2025 2543 2071 et
2574 2017 2834 2075 humana.
2859 2018 2973 2075 Hoc
3002 2020 3170 2087 enim,
3206 2039 3227 2074 ι
3265 2021 3406 2079 Sede

1835 2117 1865 2155 a
1914 2102 2154 2158 dexteris
2196 2102 2356 2167 meis,
2394 2120 2413 2154 ι
2452 2104 2704 2159 humana:
2731 2106 2749 2126 ‘
2779 2115 2992 2162 natura:
3021 2109 3294 2179 congruit.
3338 2109 3408 2163 Il-

1838 2193 1927 2247 lud
1958 2208 2110 2256 vero,
2150 2212 2169 2245 ι
2209 2194 2285 2249 Ex
2320 2204 2479 2249 utero
2510 2202 2638 2251 ante
2663 2195 2949 2252 luciferum
2972 2199 3133 2269 genui
3162 2208 3235 2265 te,
3266 2218 3286 2253 ι
3321 2202 3406 2257 di-

1838 2286 2119 2341 vinitatem
2145 2286 2420 2351 declarat;
2449 2296 2504 2341 et
2534 2286 2669 2342 illud
2698 2302 2890 2344 rursus
2919 2305 2933 2342 :
2966 2306 2986 2342 ι
3022 2289 3103 2345 Tu
3139 2303 3200 2345 es
3227 2305 3407 2347 sacer-

1837 2378 1937 2433 dos
1969 2378 2023 2432 in
2070 2387 2357 2444 aeternum,
2410 2396 2429 2429 ι
2479 2387 2741 2450 tanquam
2779 2378 2847 2435 ad
2891 2380 3167 2438 hominem
3196 2382 3405 2439 dictant

1836 2479 1940 2523 est.
1973 2468 2047 2524 Ita
2081 2484 2302 2540 quoque
2325 2469 2458 2524 illud
2493 2487 2506 2523 :
2550 2488 2570 2522 r
2606 2469 2870 2527 Dominus
2898 2486 2927 2525 a
2956 2471 3196 2529 dexteris
3223 2474 3352 2538 tuis,
3382 2492 3403 2527 ι

1836 2560 1995 2631 quasi
2024 2560 2194 2627 dicat,
2243 2561 2576 2617 lndividuam
2618 2561 2787 2618 habes
2818 2562 3170 2634 coniunctam
3208 2566 3408 2623 divini-

1838 2663 2029 2710 tatem.

1913 2745 2081 2799 Vsus.
2102 2745 2157 2800 6.
2205 2766 2224 2797 ι
2247 2745 2522 2801 ,Ιιιιιίεειήι
2550 2746 2694 2801 inter
2720 2746 2990 2813 nationes,
3014 2747 3259 2818 implebit
3279 2751 3403 2822 (ter-

1839 2839 1980 2907 ram)
2013 2839 2313 2909 stragibus,
2357 2837 2758 2908 conquassabit
2795 2840 2975 2908 capita
3003 2838 3057 2894 in
3094 2848 3235 2897 terra
3265 2845 3398 2898 mul-

1841 2939 2041 2984 torum.
2082 2950 2101 2983 ι
2132 2930 2472 2986 Manifestius
2497 2931 2599 2985 hoc
2621 2930 2742 2985 loco
2776 2930 3041 2999 judicium
3070 2930 3408 2989 demonstra.

1839 3024 1934 3083 vit,
1962 3039 2128 3092 seque
2151 3023 2244 3078 illo
2278 3023 2364 3078 die
2397 3024 2647 3079 homines
2688 3022 2887 3094 impios
2920 3024 3175 3095 vitiisque
3225 3026 3405 3098 inqui-

1844 3123 2003 3170 Italos
2063 3115 2347 3184 suppliciis
2397 3115 2741 3171 traditurum.
2791 3114 2860 3171 Et
2906 3131 3038 3172 sane
3078 3117 3135 3172 in
3171 3116 3277 3175 hac
3300 3119 3408 3175 vita

1841 3208 2040 3277 smpius
2075 3208 2261 3264 multis
2290 3208 2744 3279 castigationibus
2777 3208 2903 3265 illos
2948 3209 3181 3280 punivit,
3222 3219 3380 3283 poteu

1841 3300 1970 3356 tiam
2001 3314 2154 3354 suam
2194 3299 2413 3369 ignaros
2442 3300 2664 3355 docens.

1911 3476 2079 3533 Vens.
2145 3478 2197 3531 7.
2237 3476 2281 3531 E
2329 3485 2577 3534 torrente
2646 3478 2700 3534 in
2762 3479 2849 3534 \ia
2894 3480 3075 3547 bibet,
3125 3494 3411 3554 propterea

1844 3569 2061 3641 1398
2086 3569 2349 3625 exaltabit
2380 3579 2564 3640 caput.
2607 3588 2627 3622 ι
2670 3569 2859 3636 Multa,
2911 3573 3106 3642 inquit,
3154 3590 3278 3629 cum
3312 3577 3415 3630 bo-

1840 3678 1931 3716 nro
1992 3662 2168 3717 factus
2231 3662 2357 3724 erit,
2418 3662 2723 3716 humilitate
2762 3671 2967 3729 utetur,
3006 3664 3079 3718 ita
3146 3675 3204 3720 ut
3251 3669 3410 3736 aquis

1838 3754 2001 3808 ctiam
2037 3768 2158 3824 quae
2185 3754 2239 3807 in
2270 3754 2356 3806 via
2389 3753 2760 3820 inveniuntur,
2798 3754 2945 3809 sitim
2975 3755 3410 3827 restinguat.Vi-

1839 3847 1996 3900 detur
2035 3856 2215 3900 autem
2269 3844 2404 3899 mihi
2450 3844 2769 3901 vaticinatio
2804 3854 3026 3901 sensum
3063 3847 3231 3903 alium
3275 3866 3404 3921 pro-

1838 3938 2148 3993 fundiorem
2181 3938 2406 3992 habere.
2433 3936 2668 3992 Calicem
2701 3937 2841 3993 solet
2874 3938 2988 4009 ipse
3016 3954 3234 3996 crucem
3268 3958 3407 3997 nun-

1836 4042 2052 4097 cupare.
2087 4047 2104 4077 ι
2131 4026 2291 4081 Pater
2313 4026 2479 4090 enim,
2514 4026 2712 4096 inquit,
2733 4028 2775 4081 si
2802 4028 3060 4097 possibile
3089 4038 3194 4096 est,
3228 4040 3405 4087 trans-

1836 4131 1924 4177 eat
1969 4121 2105 4176 calix
2156 4120 2261 4176 iste
2300 4136 2329 4175 a
2366 4137 2450 4175 me
2480 4131 2527 4175 τ.
2575 4138 2594 4173 ι
2636 4121 2938 4176 Torrentem
2990 4138 3141 4189 vero,
3186 4124 3407 4182 Iudaeos

1836 4220 2012 4275 Vocat,
2035 4212 2128 4282 qui
2154 4212 2392 4266 divinam
2424 4211 2643 4282 quidem
2671 4212 2903 4282 gratiam
2945 4214 3115 4280 nacti,
3158 4216 3251 4270 sed
3298 4233 3406 4272 non

1838 4319 2054 4374 semper
2090 4304 2191 4360 hac
2215 4303 2370 4373 pctiti
2405 4311 2554 4359 sunt.
2589 4303 3062 4369 Quemadmodum
3110 4308 3256 4362 enim
3286 4317 3401 4363 tor-

159 4394 265 4462 ἔχει
286 4394 385 4462 τὴν
408 4393 518 4447 τῶν
544 4395 753 4449 ὑδάτων
779 4396 971 4465 φορὰν,
999 4392 1137 4446 ἀλλὰ
1165 4395 1228 4447 ὲκ
1257 4394 1364 4446 τῶν
1394 4395 1731 4465 τικτομένων

1842 4410 1964 4448 rens
2012 4409 2119 4448 non
2153 4408 2445 4463 perennem
2498 4408 2767 4464 aquarum
2822 4392 3026 4448 ﬂuxum
3079 4395 3267 4465 habet,
3308 4398 3403 4452 sed

156 4483 220 4536 ἐκ
271 4482 382 4536 τῶν
434 4484 611 4554 νεφῶν
657 4486 970 4540 συνίσταται
1013 4485 1220 4539 ύετῶν’
1272 4483 1446 4550 οὕτως
1488 4487 1733 4542 Ἰουδαῖοι

156 4573 493 4647 πρόσκαιρον
544 4576 703 4648 ἔσχον
736 4576 830 4630 τοῦ
878 4577 1043 4648 νόμου
1093 4578 1194 4650 τὴν
1240 4578 1422 4648 χάριν,
1471 4573 1583 4633 οἷον
1626 4581 1734 4635 ἀπό

154 4680 313 4719 τινων
346 4666 525 4734 νεφῶν
552 4667 662 4720 τῶν
695 4668 992 4740 προφητῶν
1024 4669 1459 4742 χορηγουμένην.
1491 4671 1731 4736 Μετὰξδὲ

154 4755 327 4810 ταῦτα
370 4757 465 4811 τοῦ
497 4758 690 4829 θέρους
737 4762 1023 4830 φανέντος,
1070 4763 1211 4815 κατὰ
1252 4761 1352 4832 τὴν
1383 4760 1480 4814 τοῦ
1522 4763 1727 4834 Κυρίου

155 4849 377 4919 φωνήνο
418 4868 437 4902 ι
488 4850 761 4923 Ἑπάρατε
802 4852 848 4885 ⁸⁵
883 4851 1011 4922 γάρ,
1060 4852 1213 4921 φησι,
1251 4853 1377 4915 τοὺς
1417 4852 1727 4923 ὀφθαλμοὺς

154 4937 332 5007 ὑμῶν,
364 4939 462 4993 καὶ
487 4940 712 5011 βλέπετε
743 4942 790 4974 ⁸⁸
818 4944 898 5005 είς
924 4941 1024 5005 τὰς
1054 4942 1260 5013 χώρας,
1287 4943 1371 4996 ὅτι
1401 4942 1593 4996 λευκαί
1621 4946 1727 4999 εἰσι

153 5028 292 5100 πρὸς
347 5030 641 5102 θερισμόνο
702 5049 721 5084 ι
772 5032 1084 5101 ἀναγκαίως
1150 5034 1179 5086 ὁ
1242 5035 1576 5106 χειμάρρους
1629 5035 1730 5106 τῆς

152 5234 183 5276 1
213 5225 366 5283 Psal.
395 5242 486 5293 xv,
525 5226 578 5282 8.
660 5236 683 5265 ⁸
714 5226 903 5284 Matth.
932 5244 1084 5296 xxvr,
1114 5230 1204 5288 39.
1278 5243 1303 5272 ι
1333 5231 1495 5287 Joan.
1529 5245 1600 5297 tv,
1634 5229 1724 5285 35.

1838 4501 1902 4540 ex
1941 4484 2232 4547 imbribus,
2285 4482 2380 4553 qui
2420 4497 2488 4538 ex
2522 4483 2764 4539 nubibus
2809 4484 3129 4553 gignuntur,
3176 4488 3353 4541 oritur
3383 4504 3402 4538 ε

1838 4577 1916 4631 sic
1950 4573 2120 4629 Judaei
2174 4575 2463 4628 durantem
2515 4576 2582 4627 ad
2615 4583 2830 4642 tempus
2863 4574 3092 4643 gratiam
3139 4575 3272 4647 legis
3307 4576 3405 4631 ha-

1835 4667 2094 4731 buerunt,
2146 4678 2173 4716 a
2232 4665 2406 4719 sacris
2456 4662 2762 4733 prephetis,
2809 4662 2958 4717 velut
3002 4678 3032 4717 a
3070 4663 3400 4732 quibusdam

1833 4758 2072 4814 nubibus
2104 4755 2528 4827 suppeditatam.
2581 4754 2778 4810 Postea
2804 4769 2955 4819 vero,
2993 4763 3185 4811 aestate
3233 4770 3403 4825 appe—

1834 4860 2002 4912 tente,
2049 4849 2351 4903 secundum
2390 4847 2605 4902 Domini
2643 4861 2875 4902 vocem:
2912 4865 2931 4898 ι
2976 4845 3173 4903 Levate
3207 4847 3401 4902 oculos

1835 4953 2068 5007 vestros,
2101 4952 2155 4996 et
2184 4942 2364 4996 videte
2390 4941 2662 5012 regiones,
2712 4942 2972 5009 quoniam
3005 4941 3141 4996 aibat
3170 4947 3300 4997 sunt
3326 4940 3397 4994 ad

1837 5050 2067 5089 messem
2106 5046 2169 5103 ι,
2218 5052 2238 5085 ι
2284 5033 2598 5089 necessario
2644 5041 2860 5090 torrens
2908 5032 3078 5103 priori
3128 5046 3397 5104 aquarum

1260 5368 1496 5426 VARUE
1529 5367 1910 5425 LECTIONES
1940 5369 2022 5424 ET
2048 5365 2279 5423 ΝΟΤιΕ.

230 5487 278 5519 ⁷⁵
312 5485 386 5542 Τὸ
412 5517 484 5529 -
533 5486 704 5541 emo.
739 5488 1007 5555 θεότητα.
1048 5485 1210 5543 Conf.
1265 5487 1332 5542 ad
1370 5487 1425 5541 h.
1454 5487 1490 5540 Ι.

1540 5502 1662 5554 qute
1709 5487 1785 5541 ill.
1840 5486 2122 5540 Mmhaclis
2160 5486 2197 5539 Ι.
2229 5501 2281 5539 c.
2312 5499 2369 5551 p.
2396 5483 2520 5551 589,
2568 5487 2806 5543 monuit.

2910 5488 2956 5520 "
2988 5486 3112 5543 cod.
3149 5486 3173 5542 i
3210 5485 3396 5543 πέντε.

160 5558 206 5591 ”
230 5557 475 5639 fragm}.
504 5558 674 5639 cod._l
710 5573 911 5639 prgin;
930 5558 1226 5639 είρημέντρε
1262 5626 1276 5639 _
1301 5557 1347 5589 ⁷⁸
1361 5557 1503 5639 ἀρ,
1537 5556 1703 5639 Abest
1729 5581 1731 5608 ς

1844 5557 1896 5610 (Ι.
1936 5557 1985 5610 i.
2062 5555 2436 5639 "‘_l_§rta_iiﬁ_a.
2462 5557 2584 5639 cod.
2617 5558 2796 5639 inadd:
2828 5556 3032 5615 τοίνυν.
3094 5557 3154 5639 ξς
3176 5556 3397 5639 Mityn.

155 5633 273 5683 P011.
312 5630 334 5681 1

368 5625 558 5697 prtem.
596 5625 722 5680 τόν(
782 5625 825 5659 ⁸⁸
860 5625 1133 5697 Πολλῶν.
1184 5625 1347 5681 Hebr.
1383 5632 1567 5695 (super
1627 5636 1731 5697 terr

1842 5642 2051 5697 magna.
2125 5626 2170 5656 ⁸¹
2196 5627 2319 5683 cod.
2366 5626 2389 5680 1
2428 5626 2547 5696 μέν.
2622 5627 2670 5659 ⁸³
2691 5628 2796 5681 Διὰ
2829 5654 2897 5669 -—
2924 5626 3219 5696 κεφαλήν.
3270 5629 3395 5684 Des.

169 5699 301 5751 ibid.
370 5696 429 5730 7”
454 5698 577 5752 cod.
614 5697 633 5749 i
669 5696 982 5768 παρελθεῖν.
1060 5698 1104 5730 ⁸³
1146 5698 1268 5752 cod.
1306 5698 1327 5750 l
1365 5696 1551 5750 άοατι.
1630 5696 1674 5727 ⁸⁸
1698 5698 1818 5750 cod.
1862 5697 1883 5748 1

1957 5696 2176 5765 ὶέψατε.

2501 5797 2587 5806 ..ω-
