3924 6486
526 314 662 379 1775

1513 318 2007 381 THEODORETI
2045 315 2385 378 EPISCOPI
2424 315 2795 379 CYRENSIS

3638 270 3791 375 61m

522 440 680 511 copia
714 438 1013 496 destitutus
1037 440 1361 510 permansit,
1387 451 1441 493 et
1470 439 1651 494 siccus
1671 439 1917 493 cernitur
1941 437 2090 493 omni

2213 435 2473 508 προτέρας
2527 434 2790 505 εὐπορίας
2840 432 3048 505 ἕρημος
3112 432 3431 504 μεμένηκε,
3482 429 3575 481 καὶ
3627 430 3791 500 ξηρὸς

524 532 759 587 humore
811 528 1081 600 privatus.
1139 528 1410 595 Quoniam
1462 527 1628 596 igitur
1672 525 1843 581 Judaei
1877 538 2097 579 crucem

523 622 821 678 machinati
874 630 1025 685 sunt,
1079 630 1133 676 et
1178 620 1404 675 calicem
1460 618 1724 674 Dominus
1785 618 2097 688 passionem

521 727 683 771 vocat
715 732 731 771 :
767 715 965 770 merito
991 713 1260 783 Propheta
1289 712 1402 766 haec
1430 711 1755 780 praevidens,
1790 710 1931 764 dixit
1960 727 1973 763 :
2007 727 2024 759 ι
2057 707 2102 762 Ε

523 814 769 861 torrente
799 806 853 860 in
895 804 979 859 via
1014 804 1182 859 bibet.
1220 821 1238 853 ι
1295 801 1446 855 Viam
1488 802 1689 872 quippe
1720 803 1887 856 vitam
1918 800 2102 870 appel-

524 901 618 955 lat.
644 899 799 955 Hauc
829 914 957 953 vero
998 896 1324 952 sententiam
1358 903 1411 950 et
1462 897 1746 965 sequentia
1784 903 2099 951 testantur:

527 1012 546 1045 ι
587 993 879 1061 Propterea
910 990 1174 1046 exaltabit
1217 998 1399 1058 caput.
1428 1008 1444 1041 ι
1475 987 1614 1042 Huic
1639 988 1819 1043 simile
1852 997 1935 1042 est
1958 986 2100 1057 quod

522 1082 819 1151 Apostolus
872 1081 1010 1134 dixit
1048 1099 1060 1134 :
1096 1099 1114 1131 ι
1154 1078 1476 1133 Humiliavit
1528 1079 1884 1148 semetipsum
1928 1092 2103 1147 usque

522 1176 588 1229 ad
618 1184 875 1239 mortem,
912 1182 1144 1247 mortem
1197 1183 1385 1228 autem
1438 1172 1619 1227 crucis
1653 1189 1664 1226 :
1699 1180 1921 1242 propter
1955 1170 2103 1241 quod

521 1275 576 1323 et
637 1267 780 1323 Deus
848 1266 1108 1321 exaltavit
1164 1265 1338 1335 ipsum
1372 1265 1423 1317 ιι.
1473 1285 1490 1315 ι
1558 1264 1712 1318 Patet
1778 1274 1959 1317 autem
2001 1263 2105 1318 hoc

522 1364 684 1415 etiam
734 1361 978 1414 humano
1009 1374 1174 1414 more
1207 1358 1338 1413 dici.
1367 1356 1500 1411 Nam
1538 1368 1597 1410 ut
1626 1355 1789 1423 Detts,
1838 1370 1945 1409 non
1978 1370 2103 1409 cum

524 1456 749 1511 humilis
826 1464 974 1509 esset
1054 1455 1305 1509 sublimis
1373 1453 1599 1507 effectus
1660 1459 1765 1519 est,
1837 1450 1931 1505 sed
1980 1464 2105 1506 cum

524 1552 759 1605 maxime
820 1550 1072 1603 sublimis
1130 1558 1312 1613 esset,
1373 1546 1685 1601 humiliavit
1722 1545 1962 1617 seipsum
2003 1553 2106 1601 :ut

523 1642 688 1697 homo
720 1649 925 1706 autem,
958 1639 1103 1710 quod
1137 1654 1245 1693 non
1280 1638 1533 1704 habebat,
1564 1637 1797 1708 accepit.

794 1758 1008 1829 1399
1047 1760 1063 1779 ⁶
1097 1755 1371 1811 INTERP.
1419 1753 1666 1810 PSALMI
1704 1754 1819 1811 CX.

595 1868 1214 1930 Alleluia.Ammanitae,
1245 1876 1300 1921 et
1323 1866 1589 1933 Moabitae,
1623 1877 1678 1922 et
1698 1866 1944 1932 Idumaei,
1970 1881 2096 1922 cum

526 1962 789 2031 plurimas
821 1961 1008 2026 copias
1034 1954 1392 2021 con’llassent,
1426 1958 1592 2011 tribui
1624 1956 1779 2013 Judze
1801 1958 2100 2027 aliquando

527 2054 728 2109 bellum
762 2052 1018 2107 intulere.
1058 2050 1197 2105 Huic
1226 2059 1405 2104 autem
1447 2060 1575 2104 tunc
1608 2049 1913 2119 imperabat
1938 2048 2092 2103 Josa-

524 2144 677 2213 phat,
724 2143 807 2197 vir
847 2143 1048 2213 pietate
1100 2142 1352 2205 celebris,
1395 2157 1461 2196 ex
1493 2143 1663 2212 stirpe
1715 2137 1958 2195 Davidis.
2003 2139 2103 2195 Hic

528 2237 768 2292 hostium
815 2235 1005 2291 audita
1056 2235 1426 2302 multitudine,
1478 2251 1603 2291 cum
1640 2243 1753 2291 toto
1800 2234 2000 2304 pepulo
2034 2233 2101 2288 ad

526 2328 699 2384 Deum
734 2327 990 2392 accessit,
1032 2325 1513 2396 inexpugnabilem
1549 2338 1709 2393 opem
1748 2321 2100 2390 efﬂagitans:

524 2421 637 2475 imo
664 2419 829 2474 etiam
860 2417 1145 2488 petitionis
1171 2432 1286 2474 suae
1308 2431 1536 2485 compos
1576 2414 1756 2470 factus
1792 2426 1896 2469 est.
1928 2413 2105 2468 Jussit

524 2513 672 2567 enim
703 2512 856 2581 ipsos
886 2510 1271 2566 universorum
1306 2507 1469 2574 Deus,
1507 2517 1699 2565 contra
1730 2511 1915 2564 hostes
1957 2508 2102 2563 bono

527 2604 715 2659 animo
776 2617 933 2668 esse,
990 2604 1250 2671 tanquam
1312 2600 1432 2671 ipso
1482 2601 1783 2656 exercitum
1850 2603 2101 2657 ducente.

525 2696 725 2751 Exorta
739 2695 904 2766 igitur
921 2693 1252 2759 luce,hostes
1269 2701 1458 2748 contra
1481 2692 1695 2763 seipsos
1710 2693 1942 2748 invicem
1961 2709 2107 2750 com-

523 2790 657 2845 moti
678 2796 827 2854 sunt,
852 2794 907 2842 et
933 2786 1147 2856 seipsos
1165 2793 1359 2839 mutuo
1380 2792 1438 2839 ut
1464 2783 1722 2841 inimicos
1745 2796 2102 2853 necaverunt,

525 2884 601 2938 ita
632 2889 693 2936 ut
721 2894 885 2935 nemo
912 2887 1146 2934 mortem
1175 2876 1454 2932 evaderet.
1500 2877 1655 2943 Quod
1690 2893 1816 2933 cum
1861 2894 1925 2935 ex
1965 2896 2106 2949 qua-

522 2976 648 3029 dam
672 2972 894 3043 specula
922 2968 1243 3026 Iudaeorum
1269 2968 1549 3025 exercitus
1572 2972 1975 3039 conspexisset,
2010 2988 2107 3027 ac-

523 3067 704 3123 currit
742 3066 892 3120 velut
924 3063 992 3119 ad
1029 3070 1278 3133 paratam
1310 3063 1574 3131 praedam,
1623 3062 1962 3135 diripuitque
1996 3065 2103 3119 iui-

2200 529 2391 599 ὁρᾶται
2439 527 2621 597 πάσης
2657 526 2882 598 ίκμάδος
2920 525 3310 598 ἐστερημένος.
3355 522 3579 591 Ἐπειδὴ
3610 522 3791 573 τοίνυν

2212 620 2455 674 Ἰουδαῖοι
2482 620 2574 673 τὸν
2601 619 2834 690 σταυρὸν
2858 618 3239 688 ἐτεκτήναντο,
3266 617 3531 688 ποτήριον
3554 615 3611 667 δὲ
3638 613 3794 667 καλεῖ

2200 711 2261 765 τὸ
2289 712 2465 776 πάθος
2489 713 2517 763 6
2556 711 2784 782 Κύριος,
2819 710 3047 772 εἰκότως
3076 710 3104 762 ό
3132 711 3421 779 προφήτης
3453 707 3630 760 ταῦτα
3658 723 3792 776 προ-

2202 801 2425 875 θεωρῶν
2458 803 2682 875 εἴρηκεν
2705 819 2721 834 ο
2759 821 2777 853 ι
2826 802 2923 857 Ἐκ
2969 801 3275 872 χειμάρρου
3304 797 3490 869 ἐνόδῷ
3527 798 3733 852 πίεται.
3770 816 3789 848 ›

2213 894 2383 948 Ὀδὸν
2424 893 2481 949 δὲ
2520 895 2612 948 τὸν
2657 894 2770 964 βίον
2817 893 2997 948 καλεῖ.
3043 895 3331 965 Μαρτυρεῖ
3363 891 3421 945 δὲ
3466 892 3536 961 τῇ
3585 890 3795 960 διανοίᾳ

2203 984 2301 1037 καὶ
2324 983 2394 1038 τά
2423 984 2761 1054 ἐπαγόμενα,
2798 1002 2816 1034 ι
2872 983 2971 1037 Διὰ
3004 982 3164 1036 τοῦτο
3204 983 3411 1052 ὑψώσει
3458 980 3731 1050 κεφαλήν.
3772 999 3789 1029 ι

2205 1074 2395 1146 Τούτῳ
2419 1075 2464 1108 θ’
2509 1076 2565 1129 δὲ
2588 1076 2771 1147 ὅμοιον
2796 1076 2889 1130 καὶ
2909 1078 2938 1129 6
2961 1076 3259 1139 ἀπόστολος
3301 1074 3497 1146 εἴρηκε
3544 1072 3760 1136 Παῦλος
3778 1092 3791 1105 ·

2218 1184 2236 1218 ι
2287 1166 2687 1222 Ἑταπείνωσεν
2716 1167 2929 1221 ἑαυτὸν
2960 1167 3126 1239 μέχρι
3168 1167 3427 1232 θανάτου,
3462 1165 3702 1221 θανάτου
3740 1166 3794 1218 δὲ

2209 1256 2446 1329 σταυροῦ
2468 1274 2482 1288 ·
2508 1257 2589 1312 διὸ
2606 1259 2700 1313 καὶ
2727 1259 2756 1311 6
2780 1246 2916 1331 Θεὸς
2945 1259 3107 1312 αὐτὸν
3126 1258 3478 1330 ὑπερύψωσε.
3504 1275 3524 1309 ι
3542 1257 3718 1330 Δῆλον
3741 1257 3795 1311 δὲ

2211 1346 2288 1409 ὡς
2323 1346 2681 1418 ἀνθρωπίνως
2724 1347 2820 1401 καὶ
2872 1346 3031 1401 τοῦτο
3069 1346 3337 1403 τέθεικεν.
3374 1347 3464 1411 Ὧς
3497 1346 3609 1419 γὰρ
3645 1345 3795 1412 Θεὸς,

2209 1439 2273 1493 ού
2304 1437 2561 1503 ταπεινὸς
2584 1437 2660 1492 ῶν
2685 1438 2874 1510 ὑψώθη
2900 1479 2915 1504 ,
2936 1437 3052 1497 ἀλλ’
3076 1436 3301 1508 ὕψιστος
3318 1436 3394 1492 ὣν
3424 1438 3797 1491 ἐταπείνωσεν

2208 1530 2433 1585 ἑαυτόνο
2465 1530 2541 1595 ὡς
2573 1530 2631 1585 δὲ
2661 1530 2973 1603 ἄνθρωπος,
3004 1530 3033 1584 ὃ
3068 1530 3147 1603 μὴ
3178 1525 3325 1601 εἶχεν
3354 1528 3550 1584 ἐλαϐεν
3585 1531 3656 1584 ⁸⁸.

2524 1753 2791 1811 ΕΡΜΗΝ.
2846 1756 2985 1810 ΤΟΥ
3020 1755 3106 1810 Pl'
3141 1756 3469 1813 ΨΔΛΜΟΥ.

2284 1869 2689 1937 Ἀλληλούτα.
2762 1870 3131 1941 Ἀμμανῖται,
3182 1870 3277 1924 καὶ
3323 1870 3657 1937 Μωαϐῖται,
3701 1871 3794 1925 καὶ

2214 1962 2529 2033 Ἰδουμαῖοι,
2560 1961 2767 2033 πλῆθος
2794 1963 2877 2016 ὅτι
2910 1962 3145 2033 μάλιστα
3164 1962 3418 2017 πλεῖστον
3457 1966 3797 2033 συναγαγόν-

2201 2070 2315 2117 τες,
2370 2055 2816 2125 ἐπεστράτευσαν
2874 2055 3043 2108 πάλαι
3088 2056 3221 2109 ποτέ
3270 2057 3338 2128 τῇ
3402 2054 3580 2109 Ἰούδα
3630 2056 3791 2125 φυλῇ.

2214 2145 2562 2200 Ἐϐασίλευσε
2606 2146 2666 2200 δὲ
2707 2147 3011 2218 τηνικαῦτα
3059 2148 3263 2219 ταύτης
3318 2149 3616 2218 Ἰωσαφὰτ,
3655 2150 3793 2218 ἀνὴρ

2202 2237 2290 2290 ἐπ’
2318 2237 2571 2308 εὐσεϐείᾳ
2621 2237 3090 2310 μαρτυρούμενος,
3142 2238 3252 2291 τῶν
3282 2239 3347 2291 ἐκ
3380 2239 3571 2292 Δαϐίδ.
3609 2238 3793 2300 Οὕτως

2203 2327 2313 2382 τῶν
2358 2328 2633 2398 πολεμίων
2664 2328 2728 2382 τὸ
2777 2328 2984 2399 πλῆθος
3041 2327 3250 2400 μαθὼν,
3283 2330 3424 2398 μετὰ
3466 2328 3678 2392 παντὸς
3705 2329 3792 2382 τοῦ

2203 2419 2336 2473 λαοῦ
2380 2420 2753 2492 προσελήλυθε
2795 2420 2873 2493 τῷ
2928 2422 3067 2493 Θεῷ,
3098 2422 3200 2493 τὴν
3227 2422 3444 2495 ἄμαχον
3469 2424 3794 2494 ἐπικουρίαν

2203 2512 2371 2566 αίτῶν
2393 2526 2408 2541 ⁶
2453 2513 2547 2567 καὶ
2578 2513 2646 2582 δὴ
2677 2513 2771 2567 καὶ
2798 2515 2899 2585 τὴν
2943 2515 3161 2586 αἴτησιν
3191 2515 3370 2570 ἔλαϐε.
3418 2516 3792 2586 Παρηγγύησε

2205 2602 2313 2673 γάρ
2345 2603 2528 2667 αὐτοῖς
2554 2605 2583 2657 6
2614 2603 2727 2657 τῶν
2754 2605 2894 2659 ὅλων
2926 2606 3059 2670 Θεὸς
3101 2607 3527 2681 καταθαρῤἦσαι
3560 2611 3677 2662 τῶν
3702 2627 3795 2663 πο-

2204 2694 2433 2766 λεμίων,
2477 2695 2553 2759 ὡς
2599 2694 2768 2751 αὑτοῦ
2817 2699 3277 2771 στρατηγοῦντος.
3322 2702 3575 2771 Ἡμέρας
3620 2703 3798 2757 τοίνυν

2208 2787 2541 2858 ἀρχομένης,
2593 2786 2926 2861 ἐκινήθησαν
2971 2794 3092 2846 κατ’
3125 2794 3372 2865 ἀλλήλων
3417 2797 3468 2848 oi
3521 2796 3797 2867 πολέμιοι,

2206 2880 2304 2933 καὶ
2332 2881 2472 2948 σφᾶς
2494 2880 2694 2945 αὐτοὺς
2725 2882 2802 2946 ὡς
2834 2883 3113 2946 ἐναντίους
3142 2884 3481 2955 διέφθειραν,
3515 2885 3667 2940 ῶστε
3702 2905 3796 2957 μη·

2205 2971 2333 3024 δένα
2359 2973 2450 3025 τὸν
2479 2972 2704 3044 ὄλεθρον
2746 2976 2956 3029 ἐκεῖνον
2998 2976 3308 3047 διαφυγεῖν.
3353 2977 3530 3032 Τοῦτο
3564 2978 3633 3033 ἐκ
3660 2996 3798 3042 τινος

2210 3066 2444 3128 σκοπιᾶς
2475 3066 2794 3138 θεασαμένη
2822 3070 2930 3123 τῶν
2956 3069 3233 3124 Ἰουδαίων
3256 3072 3288 3142 ή
3314 3073 3603 3142 στρατεία,
3641 3072 3796 3144 ἔδρα-

524 3158 722 3220 micos,
755 3164 811 3211 et
853 3168 981 3209 cum
1024 3152 1193 3208 multa
1244 3166 1411 3223 opum
1455 3154 1610 3223 copia
1660 3154 1865 3210 rediit:
1898 3162 2100 3226 atque,

2213 3175 2313 3226 μεν
2345 3159 2390 3191 ⁸³
2426 3157 2504 3223 ὡς
2534 3159 2622 3229 ἐφ’
2652 3160 2869 3233 ἕτοιμον
2897 3162 3094 3235 θήραν,
3123 3164 3418 3218 ἐσκύλευσε
3442 3164 3501 3219 δὲ
3546 3167 3677 3232 τοὺς
3712 3183 3799 3220 πο-

526 3259 587 3304 ut
632 3247 1096 3317 Paralipomenon
1138 3246 1376 3302 historia
1415 3245 1579 3302 docet
1609 3257 1658 3311 ο,
1707 3262 1834 3302 cum
1884 3248 2102 3304 musicis

2213 3251 2453 3324 λεμίους.
2488 3254 2581 3307 καὶ
2632 3255 2772 3326 μετὰ
2816 3256 3016 3329 πολλῆς
3047 3259 3319 3333 ἐπανῆλθε
3357 3260 3458 3331 τῆς
3484 3264 3535 3294 ’⁸
3569 3279 3798 3333 περιου-

524 3339 907 3395 instrumentis
956 3339 1011 3393 in
1060 3336 1306 3392 divinum
1359 3337 1621 3407 templum
1678 3337 1909 3409 ingressi
1955 3347 2102 3401 sunt,

2213 3345 2350 3408 σίας.
2385 3346 2497 3400 Καὶ
2523 3346 2600 3410 ὡς
2630 3347 2874 3402 διδάσκει
2900 3350 3009 3403 τῶν
3038 3351 3547 3423 Παραλειπομένων
3584 3356 3618 3425 η
3658 3355 3799 3408 ἱστο-

524 3429 770 3486 νίοιοι-ἰω
796 3428 1108 3498 largitorem
1149 3427 1455 3482 laudantes.
1489 3427 1615 3483 llaec
1639 3428 1945 3497 praevidens
1974 3430 2102 3486 Pro-

2213 3435 2321 3506 ρία,
2365 3438 2505 3508 μετὰ
2540 3440 2821 3510 μουσικῶν
2849 3440 3097 3514 ὀργάνων
3134 3444 3387 3515 εἰσῆλθον
3426 3447 3508 3510 είς
3527 3445 3627 3499 τὸν
3661 3448 3798 3501 θεῖον

527 3523 692 3594 pheta
727 3522 875 3576 hunc
920 3519 1193 3590 psalmum
1226 3519 1574 3588 conscripsit,
1628 3520 1793 3576 veluti
1842 3522 2102 3593 hymnum

2213 3528 2362 3592 νεὼν,
2394 3530 2487 3583 τὸν
2532 3531 2634 3603 τῆς
2678 3532 2838 3603 νίκης
2883 3536 3119 3607 χορηγὸν
3164 3536 3559 3608 ἀνυμνοῦντες.
3613 3537 3795 3591 Ταῦτα

530 3614 825 3685 quemdam
862 3628 892 3667 a
925 3612 1015 3682 pio
1048 3609 1313 3680 Josaphat
1343 3614 1635 3681 prolatum.
1669 3611 1803 3668 Nam
1836 3623 1891 3668 et
1916 3614 2102 3685 hymni

2213 3622 2461 3693 προορῶν
2494 3625 2522 3677 6
2561 3625 2851 3696 προφήτης
2891 3626 3043 3681 τόνδε
3092 3628 3399 3700 συνέγραψε
3424 3628 3517 3683 τὸν
3557 3629 3792 3701 ψαλμὸν.

522 3717 607 3763 est
660 3705 952 3775 inscriptio
983 3721 998 3758 :
1029 3704 1290 3773 quoniam
1326 3704 1579 3769 Alleluia,
1612 3705 1755 3759 sicut
1782 3705 1893 3774 jam
1940 3706 2102 3760 inter-

2213 3707 2317 3767 οἷόν
2359 3733 2483 3770 τινα
2530 3715 2699 3786 ὕμνον
2732 3718 2836 3772 ὑπὸ
2868 3719 2964 3772 τοῦ
3005 3720 3267 3787 εὐσεϐοῦς
3298 3721 3575 3792 Ἰωσαφὰτ
3626 3740 3792 3794 προσ-

524 3798 722 3869 pretati
753 3811 971 3861 sumus,
1016 3795 1258 3850 Laudato
1290 3795 1575 3849 Dominum
1608 3806 1785 3852 sonat.
1820 3795 2102 3869 Signiﬁcat

2213 3804 2506 3874 φερόμενον
2529 3821 2543 3835 ⁸
2575 3804 2747 3877 ὕμνου
2784 3808 2841 3861 δὲ
2869 3808 2968 3862 καὶ
3018 3810 3052 3880 ἡ
3092 3810 3393 3883 ἐπιγραφήο
3428 3812 3491 3865 τὸ
3518 3812 3629 3882 γὰρ
3668 3812 3795 3867 ’Λλ-

527 3889 677 3944 enim
704 3887 902 3956 Allelu,
960 3886 1199 3956 laudate,
1241 3885 1307 3942 Ia
1352 3901 1485 3942 vero
1524 3886 1836 3956 Dominum,
1868 3888 1953 3945 vel
1984 3905 2102 3944 eum

2213 3896 2485 3961 πηλούτα,
2526 3896 2603 3961 ὡς
2640 3897 2737 3952 καὶ
2772 3899 2874 3970 ἤδη
2925 3899 3381 3973 ὴρμηνεύκαμεν,
3426 3902 3660 3958 Αινεῐτε
3690 3904 3791 3959 τεν

524 3984 616 4054 qui
642 3992 745 4039 est.

589 4158 757 4213 Vens.
778 4158 830 4212 l.
850 4155 1191 4212 «Contitebor
1205 4156 1324 4221 tibi,
1342 4154 1590 4222 Domine,
1608 4165 1721 4214 toto
1737 4160 1900 4215 corde
1921 4173 2062 4216 meo.
2077 4180 2109 4212 »η

524 4251 603 4307 Ex
626 4260 741 4306 tota
767 4258 973 4315 mente,
1000 4263 1033 4303 ο
1066 4250 1315 4314 Domine,
1348 4250 1444 4304 tibi
1471 4250 1661 4306 laudes
1679 4254 1981 4328 gratiarum
2010 4268 2104 4307 ac-

529 4344 693 4399 tionis
718 4341 912 4397 oll‘ero.
952 4360 971 4393 ι
1006 4341 1063 4395 1η
1108 4342 1348 4397 consilio
1375 4342 1674 4412 justorum,
1703 4354 1759 4399 et
1806 4360 2101 4417 congrega-

2211 3989 2454 4059 Κύριον,
2488 3991 2582 4043 ἐπὶ
2619 3991 2662 4023 ’⁸
2694 3994 2759 4064 τῇ
2804 3991 3015 4048 Ἐλλάδι
3048 3997 3223 4067 φωνῇ.
3272 3995 3540 4067 Σημαίνει
3574 3996 3682 4068 γὰρ
3727 3996 3793 4048 τὸ

2215 4081 2527 4151 Ἅλληλοὺ,
2562 4085 2799 4152 αινεῖτε,
2827 4085 2890 4140 τδ
2919 4086 2976 4140 δὲ
3010 4085 3093 4151 la,
3133 4089 3377 4156 Κύριον,
3413 4088 3446 4160 ἢ
3482 4089 3594 4142 τὸν
3624 4090 3789 4144 ὄντα.

2272 4173 2342 4228 α’.
2369 4192 2388 4224 ι
2424 4172 2921 4247 Ἐξομολογήσομαί
2961 4192 3044 4230 σοι
3065 4179 3135 4243 ⁹¹,
3159 4178 3352 4250 Κύριε,
3381 4182 3439 4233 ἐν
3466 4178 3567 4253 ὅλῃ
3595 4181 3793 4251 καρδία

2205 4266 2385 4337 μουοῆ
2408 4285 2426 4318 ι
2447 4265 2772 4339 Ἀπὸπάσης
2790 4269 3793 4344 σοι’ἚιανοίαςέΔέσποτα,προσφέρω

2207 4357 2304 4411 τὸν
2324 4359 2681 4431 χαριστήριον
2699 4359 2891 4432 ὕμνον.
2914 4380 2935 4414 ι
2953 4362 3044 4417 Ἑν
3075 4363 3238 4436 βουλῇ
3256 4367 3301 4398 ⁹⁸
3323 4365 3529 4421 εὑθὲων
3552 4368 3645 4421 καὶ
3664 4386 3792 4421 συν-

528 4436 692 4491 tione.
733 4451 753 4484 ι
810 4431 1026 4504 1400
1053 4429 1173 4486 Non
1209 4441 1392 4487 autem
1429 4447 1533 4503 ego
1569 4436 1743 4499 solus,
1794 4435 1888 4491 sed
1931 4436 2096 4491 etiam

528 4530 738 4551 ..:..-.-....
775 4536 948 4551 Ama..-
1004 4541 1106 4551 ...ιιι
1161 4540 1375 4551 ...ιλιι-...ιι
1452 4525 1544 4551 ΙΙΙΑ
1586 4526 1728 4551 ..ι-2....-
1774 4534 2097 4551 .-.ιιι-.--ιλιΑ

2213 4451 2415 4551 ut.”
2437 4469 2457 4503 ’
2622 4429 2813 4520 ἐγὼ-δὲ
2843 4454 3022 4525 μόνος,
3043 4429 3182 4511 ἀτλλὰ
3196 4429 3292 4512 ἕαι
3308 4459 3407 4513 σὺν
3432 4461 3557 4531 ἐμοὶ
3580 4461 3688 4514 τῶν
3702 4462 3792 4514 εὐ-

524 4530 740 4597 piorum
773 4536 952 4581 coetus
1004 4541 1111 4580 una
1161 4540 1400 4580 mecum.
1451 4525 1547 4581 Illa
1583 4526 1729 4581 enim
1774 4534 2099 4597 tempestate

2213 4540 2379 4594 σεϐῶν
2400 4543 2429 4595 6
2452 4542 2724 4613 σύλλογος.
2744 4546 2879 4599 Κατ’
2889 4547 3095 4601 ἐκεῖνον
3111 4548 3219 4621 γὰρ
3234 4550 3324 4603 τὸν
3345 4525 3541 4621 καιρὸν
3565 4553 3661 4624 τῆς
3679 4552 3789 4605 τῶν

524 4621 757 4690 populus
791 4620 873 4693 ab
917 4619 1190 4675 idolorum
1245 4633 1431 4675 errore
1463 4619 1741 4674 liberatus
1794 4631 1936 4685 erat,
1972 4635 2101 4690 rege

522 4730 715 4770 omnes
744 4714 810 4770 ad
842 4714 1099 4785 pietatem
1135 4713 1446 4779 erudiente.
1491 4710 1791 4769 Consilium
1822 4713 1990 4784 igitur
2001 4713 2101 4783 ju-

523 4821 729 4863 storum
760 4808 974 4878 piorum
1011 4816 1211 4862 ctetum
1241 4806 1498 4875 appellat.

595 4900 761 4955 Vsus.
796 4901 851 4955 2.
897 4918 916 4952 ‹
962 4899 1156 4969 Magna
1191 4910 1319 4954 sunt
1347 4912 1513 4969 opera
1544 4898 1783 4954 Domini.
1822 4917 1841 4952 ι
1890 4898 2099 4956 Revera

524 4992 671 5047 enim
703 4991 1069 5058 admirabilia,
1107 4990 1581 5061 admirationeque
1612 4992 1775 5064 digna
1803 5005 1954 5060 sunt,
1980 5012 2103 5066 quae

525 5084 595 5139 ab
622 5083 743 5153 ejus
772 5082 1016 5155 potentia
1054 5090 1185 5138 sunt
1210 5082 1421 5139 enecta.
1469 5102 1489 5134 ι
1538 5082 1824 5155 Exquisita
1873 5086 1941 5141 ad
1980 5103 2103 5143 om-

2206 4632 2440 4687 είδώλων
2488 4635 2699 4708 πλάνης
2744 4639 2773 4691 6
2809 4637 2936 4703 λαὸς
2972 4639 3336 4711 ἠλευθέρωτο,
3388 4643 3486 4697 τοῦ
3525 4644 3788 4714 βασιλέως

2213 4722 2462 4790 ἅπαντας
2484 4727 2900 4794 ἐκπαιδεύοντος
2916 4731 3015 4802 τὴν
3031 4731 3333 4788 εὐσέϐειαν.
3346 4735 3595 4803 Βουλὴν
3611 4738 3786 4791 τοίνυν

2210 4816 2435 4871 εὐθέων
2474 4818 2536 4872 τὸ
2569 4818 2823 4892 σύστημα
2868 4824 3263 4894 προσαγορεύει
3279 4826 3387 4879 τῶν
3419 4828 3685 4882 εὐσεϐῶν.

2281 4906 2350 4977 β’.
2402 4926 2420 4960 ι
2468 4910 2701 4978 Μεγάλα
2747 4912 2816 4965 τὰ
2863 4912 3002 4985 ἔργα
3051 4915 3279 4985 Κυρίου.
3319 4934 3339 4969 ι
3379 4916 3472 4987 Τῷ
3523 4918 3639 4972 ὄντι
3685 4919 3787 4987 γὰρ

2209 4997 2520 5070 θαυμαστά.
2552 5003 2647 5056 καὶ
2678 5002 2985 5074 ἀξιάγαστα
3013 5005 3078 5069 2⁸.
3114 5006 3185 5059 τὰ
3223 5007 3330 5060 ὑπὸ
3356 5008 3458 5079 τῆς
3501 5008 3670 5063 αὐτοῦ
3698 5009 3785 5061 ἃδ-

2209 5090 2429 5162 νάμεως
2456 5094 2846 5166 ἐνεργούμενα.
2887 5116 2908 5151 ι
2944 5098 3356 5172 Ἐξεξητημένα
3391 5102 3473 5166 εἰς
3502 5103 3681 5156 πάντα
3722 5102 3784 5153 τὰ

593 5284 623 5324 ιι
652 5282 887 5353 Philipp.
929 5299 995 5347 ιι.
1034 5282 1088 5349 8,
1119 5283 1171 5339 9.
1250 5293 1273 5323 ε
1318 5282 1361 5339 ιι
1386 5281 1620 5355 Paralip.
1661 5301 1754 5351 xx,
1781 5285 1872 5340 27.

1627 5420 1860 5476 VARI/8
1894 5421 2285 5483 LECTIONES
2336 5429 2425 5485 ET
2454 5429 2686 5489 ΝΟΤᾸΞ.

1257 5531 1626 5618 ςεῄνελιεεςεν.-
1648 5532 1771 5618 cod.
1863 5533 1965 5618 add
1978 5534 2102 5618 ..ὕψι

2228 5540 2286 5618 ff
2317 5543 2441 5618 cod.
2472 5544 2493 5596 l
2540 5545 2895 5618 EGpapg‘pév.
2970 5549 3018 5582 ὀ
3050 5549 3184 5618 Τῆς.
3212 5552 3379 5607 Abest
3421 5568 3453 5607 a
3485 5555 3606 5611 cod.
3660 5557 3770 5611 isto.

526 5599 569 5630 "
614 5598 773 5680 Ἐπί..
798 5600 923 5680 cod:
952 5601 1156 5680 [ἐστιζ
1294 5605 1415 5680 Σοί.
1467 5604 1634 5680 Abest
1662 5618 1690 5656 a
1729 5615 1873 5657 textu
1908 5598 2098 5680 Heer

2219 5611 2370 5664 Μου.
2408 5614 2460 5665 in
2517 5598 2685 5668 tes'tu'
2718 5598 2895 5672 Hebr.
2925 5598 3379 5676 etiamque-sitit"
3400 5598 3452 5656 ’ἶ

526 5684 574 5770 ξι.
592 5669 829 5770 (ηιξ,ιῂ
872 5668 1385 5770 ,ρογλέἷζήῑέξλὺενλ
1417 5683 1551 5732 τω
1591 5674 1644 5726 in
1685 5684 1852 5740 coetu,
1888 5686 1944 5730 ut
1977 5676 2100 5731 Psal

2213 5697 2375 5745 Μαι,
2409 5685 2462 5749 8,
2502 5685 2552 5736 iu
2601 5668 3335 5762 textu"Hebr.m§itl.npii:g'.
3402 5668 3768 5757 1252:"

638 5737 994 5807 A£tdr.cod.
1041 5742 1061 5793 t
1108 5735 1405 5811 παράδοξα,
1839 5735 1846 5740 ⁷
2363 5735 2374 5745 ι
2419 5735 2462 5749 η
2604 5735 2750 5741 --τη-
2808 5735 2973 5743 --ννη
3213 5735 3315 5762 ..πο

597 5529 639 5561 ⁸⁷
694 5527 813 5583 cod.
866 5529 889 5581 1
947 5529 1155 5585 τούτου.
