3924 6484
168 346 299 414 1777

1545 350 1627 410 IN
1657 349 1864 409 PSAL.
1912 350 2028 409 CX.

3318 350 3453 415 1778

166 472 447 542 θελήματα
476 468 668 525 αὐτοῦ.
706 485 726 522 ι
762 466 914 522 Ποιεῐ
951 469 1051 541 μὲν
1081 467 1126 501 ⁸⁷
1174 467 1276 523 ὅσα
1326 466 1597 539 βούλεται,
1624 467 1759 520 ἐκα-

1880 482 1988 521 iem
2021 465 2359 523 Voluntatem
2408 468 2549 537 ejus.
2583 486 2602 521 ι
2654 466 2809 523 Facit
2853 467 3070 537 quidem
3107 485 3452 541 quaecunque

167 581 286 617 στον
310 563 367 616 δὲ
392 561 506 616 τῶν
539 559 845 632 γινομένων
895 559 1089 630 σοφίας
1118 559 1358 632 ὑπάρχει
1392 559 1614 631 μεστὸν,
1662 558 1760 614 καὶ

167 652 319 724 παρὰ
352 652 576 708 πάντων
601 652 700 723 τὴν
729 652 1011 723 εὐφημίαν
1038 650 1351 723 ἐφέλκεται.

232 753 308 815 γ’,
350 764 371 797 ι
409 744 832 817 Ἐξομολόγησις
865 744 962 798 καὶ
997 741 1446 815 μεγαλοπρέπεια
1491 741 1554 795 τὸ
1599 742 1762 813 ἔργον

166 837 355 893 αὑτοῦ.
399 856 419 891 ι
453 838 710 892 Ἀπαντα
737 838 805 892 τὰ
838 839 930 891 ὑπ’
961 837 1127 892 αὑτοῦ
1153 840 1439 909 γινόμενα,
1478 835 1575 891 καλ⁸
1608 837 1642 908 ἡ
1670 836 1764 907 δη-

170 933 453 1007 μιουργία,
483 934 578 989 καὶ
601 936 634 1005 ἡ
659 932 962 1005 οἰκονομία,
986 934 1075 988 κα⁹ί
1104 934 1442 1005 μεγαλοφυῇ
1474 932 1567 985 καὶ
1590 931 1762 1003 ὑπερ-

170 1028 277 1098 φυῆ
308 1067 325 1095 ,
356 1027 453 1080 καὶ
479 1028 580 1095 τῆς
630 1026 781 1098 παρὰ
828 1027 1045 1085 πάντων
1078 1027 1124 1060 ³⁸
1148 1026 1456 1097 ἀνθρώπων
1486 1022 1762 1096 ὐμνῳδίας

167 1116 315 1183 ἄξια.
364 1117 847 1187 Ἐξομολόγησιν
878 1118 924 1150 ’⁸
976 1115 1212 1171 ἐνταῦθα
1255 1116 1356 1188 τὴν
1408 1112 1763 1186 εὐχαριστίαν

169 1210 348 1265 καλεῖ.
386 1227 407 1262 ι
452 1211 616 1281 Καὶὴ
650 1208 967 1279 δικαιοσύνη
992 1209 1158 1263 αὐτοῦ
1192 1207 1344 1281 μένει
1366 1209 1446 1271 είς
1467 1208 1560 1262 τὸν
1590 1206 1763 1261 αίῶνα

169 1302 262 1355 τοῦ
300 1302 521 1365 αἰῶνος.
575 1320 594 1353 ι
651 1301 818 1355 Οὐδὲν
851 1300 1035 1356 ἄδικον
1077 1300 1187 1355 τῶν
1236 1301 1568 1371 γινομένων,
1622 1298 1762 1354 ἀλλὰ

170 1397 350 1451 πάντα
392 1394 470 1467 τῷ
512 1394 707 1463 δικαίῳ
751 1396 1073 1465 κοσμεῖται·
1111 1393 1180 1447 δι’
1210 1392 1409 1457 αἰῶνος
1445 1391 1555 1463 γὰρ
1588 1390 1763 1464 ταύτῃ

172 1488 458 1560 χρώμενος
485 1487 815 1560 πρυτανεύει
846 1487 916 1541 τὰ
943 1486 1261 1557 σύμπαντα.

241 1580 306 1636 δ’.
350 1599 369 1632 ι
408 1580 613 1635 Μνείαν
659 1580 957 1651 ἐποιήσατο
996 1579 1107 1633 τῶν
1141 1578 1463 1650 Θαυμασίων
1502 1575 1692 1632 αὑτοῦ.
1738 1594 1756 1629 ι

172 1674 395 1744 Ἐπειδὴ
431 1674 722 1745 προφανῶς
754 1673 1053 1746 είργάσατο
1084 1671 1194 1727 τῶν
1228 1672 1503 1743 πολεμίων
1532 1669 1624 1724 τὸν
1648 1669 1765 1723 δλε-

175 1766 321 1837 θρον.
375 1766 555 1821 Ταυτδ
605 1765 663 1821 δὲ
711 1765 871 1821 τοῦτο
909 1766 1005 1821 καὶ
1047 1765 1284 1821 ἐπὶτῶν
1332 1764 1618 1836 προγόνων
1665 1779 1761 1815 πε-

176 1857 397 1928 ποίηκε,
432 1857 565 1911 ποτε
596 1857 697 1928 μὲν
732 1857 864 1922 τοὺς
895 1856 1227 1927 Αἰγυπτίους
1257 1855 1639 1926 συγκαλύψας,
1670 1854 1762 1907 ἅλ-

173 1947 297 2002 λοτε
341 1926 402 2003 δὲ
452 1948 581 2012 τοὺς
600 1926 996 2023 ἡἈμαληκίτας
1046 1950 1113 2019 τῇ
1172 1947 1394 2001 ἐκτάσει
1445 1946 1694 2010 Μωσέως
1743 1944 1759 1976 ¹

174 2040 377 2113 χειρῶν
427 2041 869 2105 κατακοντίσας·
921 2041 1019 2096 κα.)⁹
1066 2040 1435 2105 Χαναναίους,
1484 2041 1581 2094 καὶ⁵
1624 2041 1763 2094 Χετ-

172 2136 381 2201 ταίους,
409 2136 506 2188 καὶ⁸
534 2134 605 2188 τὰ
634 2134 772 2189 ἄλλα
795 2135 946 2207 ἔθνη,
976 2134 1043 2188 δι’
1075 2133 1253 2206 ἰησοῦ
1282 2132 1375 2188 τοῦ
1403 2133 1561 2205 Ναυῆ
1592 2150 1763 2187 καταο

175 2227 366 2292 λύσας.
405 2227 739 2299 ’Δνάμνησιν
765 2226 878 2283 τῶν
910 2226 1230 2297 θαυμασίων
1264 2225 1491 2282 ἐκάλεσε
1525 2216 1634 2279 τῶν
1664 2241 1764 2279 πο-

175 2321 380 2386 λεμίων
410 2322 511 2393 τὴν
538 2319 812 2392 τιμωρίαν
849 2336 864 2351 '
900 2320 1024 2375 ἀντὶ
1065 2319 1161 2374 τοῦ
1189 2337 1203 2352 ·
1240 2318 1353 2383 Τὰς
1388 2316 1763 2388 πολυθρυλλή-

174 2427 300 2475 τους
344 2428 441 2466 σου
498 2411 982 2484 θαυματουργίας,
1036 2413 1136 2475 τὰς
1188 2411 1403 2482 ψευδεῖς
1453 2410 1603 2482 παρὰ
1647 2410 1762 2474 τοῖς

176 2504 426 2569 ἀπίστοις
456 2504 845 2576 νομιζομένας,
888 2504 1099 2573 ἔδειξας
1145 2506 1366 2578 ἀληθεῖς
1391 2508 1458 2577 τῇ
1497 2506 1594 2577 νέᾳ
1626 2505 1760 2559 θαυ-

178 2598 509 2671 ματουργία,
538 2600 633 2654 καὶ
662 2599 977 2670 ἀνέμνησας
1010 2600 1158 2671 ἡμᾶς
1190 2600 1209 2631 ³
1239 2592 1315 2653 ὧν
1342 2599 1435 2652 ἐπὶ
1469 2599 1575 2653 τῶν
1619 2600 1758 2669 ἡμει

175 2693 354 2764 τέρων
385 2694 627 2764 εἰργάσω
650 2693 956 2765 προγόνων.

252 2807 270 2837 ι
312 2786 600 2858 Ἐλεήμων
640 2789 734 2841 καὶ
759 2787 1063 2858 οἰκτίρμων
1090 2785 1369 2858 ὁΚύριος.
1409 2784 1499 2858 [a'l
1541 2785 1761 2857 Τροφὴν

178 2878 348 2934 ἔδωκε
377 2883 491 2943 τοῖς
520 2879 877 2951 φοϐουμένοις
928 2880 1113 2935 αὐτόν.
1158 2897 1178 2931 ι
1217 2878 1331 2950 Τὴν
1374 2877 1628 2948 τροφὴν,
1659 2876 1764 2945 θή-

170 2991 291 3044 ραν
336 2976 389 3027 oi
439 2972 590 3027 ἄλλοι
646 2968 800 3027 εἷπον
849 2972 1204 3043 ἐρμηνευταί.
1254 2971 1455 3043 Ἀληθῆ
1496 2971 1552 3025 δὲ
1582 2970 1762 3040 ἀμφό-

178 3082 333 3136 τερα.
367 3066 481 3119 Καὶ
511 3064 621 3136 γὰρ
651 3063 725 3128 ὡς
766 3064 859 3117 ἐπὶ
884 3063 1061 3135 θήραν
1088 3062 1310 3133 ἕτοιμον
1345 3062 1581 3134 ἔδραμον
1614 3062 1708 3115 ἐπὶ
1741 3061 1762 3093 ³

1866 562 2003 625 vult,
2034 562 2468 632 unumquodque
2486 575 2616 616 vero
2641 576 2854 628 eorum,
2887 576 3012 631 qua:
3036 560 3193 627 fiunt,
3229 564 3449 634 sapien-

1866 656 1953 710 tiae
1982 665 2065 710 est
2092 657 2340 727 plenum,
2373 668 2427 711 et
2477 656 2546 711 ab
2575 655 2831 711 omnibus
2874 655 3093 710 laudem
3131 656 3319 713 refert.

1909 749 1954 804 .’
1985 744 2149 802 Vsus.
2195 748 2250 802 5.
2292 765 2311 798 ι
2351 746 2640 802 Confessio
2670 754 2724 801 et
2758 746 3169 816 magniﬁcentia
3199 757 3283 801 est
3310 762 3451 818 opus

1863 839 2003 910 ejus.
2042 860 2061 893 ι
2097 839 2293 895 Omnia
2328 856 2450 910 quae
2482 840 2551 894 ab
2594 840 2712 909 ipso
2742 837 2884 895 facta
2936 849 3084 907 sunt,
3120 848 3175 895 et
3220 843 3448 909 creatin,

1864 941 1918 985 et
1948 931 2297 1002 gubernatio,
2328 941 2383 987 et
2409 933 2697 1001 magnifica
2729 940 2877 994 sunt,
2923 940 2976 984 et
3006 940 3257 985 naturam
3289 948 3450 987 exce-

1864 1021 2025 1087 dunt,
2075 1031 2127 1077 et
2155 1022 2318 1092 digna
2371 1033 2498 1078 sunt
2529 1036 2652 1091 quae
2713 1020 2783 1076 ab
2827 1020 3085 1077 omnibus
3138 1022 3453 1078 hominibus

1865 1112 2024 1168 laude
2046 1113 2414 1169 celebrentur.
2438 1112 2837 1183 Confessionem
2881 1113 2986 1168 hoc
3006 1114 3126 1169 loco
3147 1115 3448 1183 gratiarum

1867 1207 2140 1261 actionem
2173 1217 2351 1263 vocat.
2397 1228 2415 1260 ι
2464 1207 2532 1262 Εῑ
2557 1207 2773 1273 iustitia
2809 1207 2931 1277 ejus
2960 1218 3141 1262 manet
3173 1207 3226 1262 in
3276 1222 3451 1263 saecu-

1865 1299 1977 1352 lum
2013 1299 2223 1355 saaculi.
2267 1319 2287 1353 ι
2333 1300 2478 1354 Nihil
2511 1300 2775 1370 injustum
2810 1310 2893 1355 est
2922 1315 3109 1353 eorum
3154 1315 3276 1369 qua:
3305 1299 3446 1354 facta

1864 1403 2016 1460 sunt,
2053 1393 2147 1448 sed
2172 1394 2355 1447 omnia
2384 1394 2599 1463 justitia
2633 1401 2765 1449 sunt
2791 1400 2984 1448 ornata
3011 1408 3261 1462 :scmper
3298 1392 3445 1449 enim

1866 1487 1970 1542 hac
2002 1495 2158 1541 utens
2182 1488 2499 1542 moderatur
2528 1489 2736 1546 omnia.

1941 1580 2104 1635 Vsus.
2138 1581 2194 1635 4.
2226 1598 2243 1631 ι
2275 1560 2596 1635 Memoriam
2625 1579 3108 1635 fecitmirabilium
3135 1593 3393 1641 suorum.
3423 1599 3440 1630 ι

1871 1673 2143 1739 Quoniam
2182 1673 2480 1730 manifesto
2520 1673 2703 1728 hostes
2750 1673 3115 1729 internecioni
3147 1673 3317 1728 dedit.
3348 1672 3447 1728 At-

1864 1782 1972 1835 que
2028 1766 2133 1821 hoc
2167 1764 2310 1820 idem
2363 1765 2635 1836 majorum
2686 1774 2929 1835 tempore
2969 1766 3243 1836 praestitit,
3286 1765 3449 1822 modo

1865 1858 2088 1929 quidem
2120 1857 2415 1929 Egyptios
2448 1859 2713 1925 obruens,
2746 1859 2912 1912 modo
2960 1858 3093 1913 vero
3121 1858 3448 1915 Amalecitas

1864 1952 2121 2021 expansis
2157 1950 2323 2008 Mosis
2369 1951 2625 2007 manibus
2656 1950 2968 2023 conligeus,
3004 1960 3059 2005 et
3084 1951 3447 2016 Chananaos,

1863 2053 1918 2098 ct
1948 2042 2245 2107 Cltettams,
2273 2052 2323 2098 et
2361 2042 2499 2100 alias
2545 2050 2735 2113 gentes
2788 2058 2883 2113 per
2921 2041 3149 2101 Josuam
3178 2041 3327 2099 Nave
3350 2043 3447 2100 de~

1864 2144 2112 2191 struens.
2144 2131 2601 2189 Recordationem
2628 2132 2965 2187 mirabilium
2992 2132 3129 2187 dixit
3161 2148 3353 2203 pmnas
3381 2133 3449 2189 de

1865 2227 2120 2283 hostibus
2141 2235 2392 2296 sumptas
2422 2244 2436 2280 :
2468 2225 2628 2296 quasi
2649 2225 2857 2281 diceret
2891 2245 2904 2280 :
2935 2225 3302 2281 Celeberrima
3346 2228 3449 2281 mi-

1867 2321 2057 2377 racula
2094 2330 2210 2388 tua,
2258 2335 2383 2391 quae
2414 2320 2484 2374 ab
2516 2319 2829 2374 infidelibus
2872 2316 3007 2373 falsa
3040 2318 3446 2381 existimantur,

1866 2433 1993 2472 vera
2028 2416 2321 2473 ostendisti
2353 2415 2562 2488 1401
2596 2431 2744 2470 novo
2778 2414 3069 2478 miraculo,
3111 2423 3166 2470 et
3218 2430 3320 2470 nos
3350 2420 3448 2469 λαις

1866 2509 2142 2567 monuisti
2181 2509 2249 2565 de
2278 2510 2347 2565 iis
2399 2525 2518 2580 qua:
2550 2518 2868 2565 nostrorum
2921 2508 3193 2580 majorum
3247 2519 3451 2579 tempe-

1864 2612 2006 2659 state
2035 2600 2235 2659 fecisti.

1943 2800 1962 2834 ι
1992 2779 2309 2837 Misericors
2342 2790 2397 2836 et
2428 2779 2724 2838 miserator
2745 2791 2829 2838 est
2854 2780 3139 2837 Dominus.
3170 2778 3360 2852 [Vt-ms.
3394 2780 3447 2834 5.

1866 2873 2062 2931 Escam
2094 2873 2246 2930 dedit
2281 2874 2608 2930 timentibus
2630 2874 3040 2947 eurn.]iEscam
3070 2875 3165 2929 alii
3188 2874 3449 2944 interpr-er

1868 2976 1952 3023 tes
1999 2965 2237 3035 prazdam
2268 2965 2529 3021 dixerunt
2568 2984 2580 3020 :
2628 2980 2759 3020 vera
2793 2974 2977 3020 autem
3022 2972 3153 3019 sunt
3196 2972 3447 3033 utraque.

1868 3057 2006 3112 Nam
2038 3058 2186 3112 velut
2218 3058 2284 3111 ad
2311 3066 2559 3127 paratam
2586 3058 2824 3127 praedam
2856 3055 2923 3111 ad
2960 3055 3199 3111 hostium
3231 3056 3451 3111 divitias

180 3162 288 3211 τῶν
312 3157 597 3228 πολεμίων
620 3156 714 3210 τὸν
741 3154 992 3223 πλοῦτον,
1027 3155 1123 3208 καὶ
1150 3154 1363 3226 τροφὴν
1409 3154 1620 3207 ἐκεῖθεν
1650 3153 1769 3208 ἱκαο

1880 3161 2266 3216 cucurrerunt,
2310 3150 2606 3219 cibumque
2650 3150 2777 3204 inde
2806 3158 3161 3219 reportarunt
3194 3150 3449 3204 multum.

182 3253 279 3322 νὴν
308 3249 661 3322 ἐπορίσαντο.
718 3269 736 3302 ι
793 3248 1184 3320 Μνησθήσεται
1216 3249 1296 3312 είς
1330 3247 1421 3300 τὸν
1444 3244 1622 3302 αίῶνα
1653 3246 1773 3301 δια-

184 3343 363 3415 θήκης
412 3341 605 3397 αὑτοῦ.
663 3360 682 3394 ι
748 3342 808 3397 '0
856 3340 913 3394 δὲ
964 3340 1262 3411 Σύμμαχος
1318 3338 1524 3403 οὕτως’
1572 3338 1774 3406 Θήραν

185 3434 371 3489 ἔδωκε
398 3434 525 3501 τοῖς
550 3436 945 3505 φοϐουμένοις
972 3432 1179 3495 αὑτὸν,
1210 3432 1609 3503 μνημονεύων
1637 3433 1774 3485 αἰω-

185 3528 320 3583 νίου
356 3527 676 3596 συνθήκης
706 3525 916 3582 αὑτοῦ.
967 3526 1090 3581 Τῶν
1134 3526 1244 3597 γὰρ
1278 3526 1416 3598 πρὸς
1444 3527 1573 3589 τοὺς
1604 3525 1773 3579 πατέ-

187 3638 289 3692 ρας
344 3620 737 3692 γεγενημένων
796 3618 1147 3689 ὑποσχέσεων
1212 3618 1449 3689 ἇληστον
1505 3617 1620 3688 ἔχει
1677 3615 1775 3687 τὴν

186 3715 447 3785 μνήμην,
507 3712 603 3766 κει.)⁸
662 3712 728 3766 δι’
781 3711 998 3785 ἐκείνην
1063 3713 1199 3784 ἡμῖν
1277 3709 1599 3783 μεταδίδωσι
1666 3710 1776 3763 τῶν

182 3805 428 3876 ἀγαθῶν.
1012 3816 1015 3819 ’

254 3850 430 3964 ξί-έί
481 3915 499 3950 ι
539 3896 719 3967 Ἰσχὺν
766 3893 944 3967 ἔργων
990 3892 1158 3948 αὐτοῦ
1215 3892 1510 3965 ἀνήγγειλε
1539 3891 1617 3963 τῷ
1663 3850 1791 3964 λαῷ¹

182 3987 351 4044 αὐτοῦ
385 4003 399 4017 ⁸
453 3985 548 4040 τοῦ
594 3985 782 4039 δοῦναι
833 3984 1019 4047 αὐτοῖς
1077 3982 1445 4057 κληρονομίαν
1494 3980 1684 4038 ἐθνῶν.
1752 4001 1771 4035 ι

184 4081 409 4137 Μᾶλλον
439 4080 461 4113 ⁸
488 4081 622 4152 ἡμῖν
662 4077 910 4149 ἐναργῶς
949 4080 1051 4150 τὴν
1083 4077 1293 4131 οἰκείαν
1322 4076 1493 4141 ἔδειξε
1521 4075 1775 4147 δύναμιν,

184 4177 271 4230 τὸν
300 4176 415 4229 τῶν
445 4173 657 4245 ἐχθρῶν
689 4174 823 4243 ἡμῖν
854 4171 1246 4244 δωρησάμενος
1282 4168 1534 4224 πλοῦτον.
1566 4169 1641 4223 Οὐ
1668 4168 1777 4239 γὰρ

190 4269 351 4340 μόνον
382 4268 535 4338 ἡμᾶς
576 4266 677 4335 τῆς
708 4263 840 4336 παρ’
890 4264 1118 4317 ἐκείνων
1149 4262 1493 4335 ἠλευθέρωσε
1521 4260 1704 4331 λώϐης
1733 4261 1775 4326 ⁸,

187 4361 327 4417 ἀλλὰ
366 4359 462 4413 καὶ
493 4358 595 4430 τὴν
628 4358 853 4411 ἐκείνων
896 4355 1219 4428 περιουσίαν
1262 4357 1342 4418 εἰς
1373 4353 1474 4418 τὰς
1502 4352 1778 4425 ἡμετέρας

191 4452 579 4525 μετατεθεικεν
610 4449 631 4482 ⁸
659 4448 858 4512 οἰκίας.
913 4467 932 4501 ι
978 4448 1157 4519 Ἔργα
1194 4446 1398 4519 χειρῶν
1436 4445 1603 4500 αὐτοῦ
1632 4445 1779 4516 ἀλή-

189 4546 312 4602 θεια
360 4546 460 4600 καὶ
502 4543 706 4615 κρίσις.
750 4561 768 4593 ι
813 4541 928 4595 Οὐκ
961 4540 1167 4604 ἀδίκως
1211 4540 1290 4605 δὲ,
1335 4538 1475 4593 ἀλλὰ
1518 4539 1617 4592 καὶ
1655 4536 1776 4591 λίαν

189 4639 419 4703 ἐνδίκως
455 4636 627 4691 ταῦτα
660 4634 975 4706 εἰργάσατο.
1007 4632 1176 4686 Οὐδὲν
1202 4630 1311 4703 γὰρ
1347 4633 1483 4703 ἡμῖν
1523 4628 1778 4699 ἐγκαλεῖν

192 4732 432 4804 ἔχοντες,
467 4726 770 4783 καταλῦσαι
817 4723 1095 4788 παντελῶς
1127 4722 1524 4795 ἐπειράθησαν.
1575 4720 1777 4791 Ἀληθῆ

190 4826 372 4881 τοίνυν
402 4824 499 4877 καὶ
523 4821 740 4876 δικαίαν
769 4818 892 4873 κατ’
919 4816 1101 4870 αὐτῶν
1128 4816 1415 4887 ἐξενήνοχε
1443 4813 1646 4885 ψῆφον.

258 4924 334 4991 η’.
374 4936 393 4969 ι
422 4913 623 4969 Πισταὶ
650 4915 708 4968 αἱ
730 4914 750 4944 ⁷
781 4912 955 4965 πᾶσαι
981 4909 1194 4964 ἐντολαὶ
1216 4906 1382 4962 αὑτοῦ
1401 4921 1415 4936 ⁶
1446 4903 1782 4978 ἐστηριγμέ-

193 5027 282 5064 ναι
317 5007 402 5071 είς
436 5005 529 5059 τὸν
564 5002 738 5057 αἰῶνα
762 4999 857 5055 τοῦ
889 4999 1107 5064 αἰῶνος,
1145 4997 1517 5069 πεποιημέναι
1561 4997 1619 5049 ἐν
1644 4994 1781 5064 ἁλη-

196 5059 446 5173 θείᾳκαὶ
470 5096 748 5168 εὐθύτητι.
788 5114 807 5148 ι
852 5059 1181 5164 Νομοθετῶν
1208 5093 1238 5146 ὁ
1277 5059 1409 5155 eo};
1440 5089 1540 5161 τὴν
1571 5059 1783 5142 οἰκείαν
1888 5059 2235 5173 ξθᾼυὶιθξίξᾷζ

196 5196 508 5266 εὐμένειαν
543 5192 566 5225 ⁸
610 5195 725 5255 τοῖς
775 5173 1108 5260 φυλάττουσι
1153 5187 1246 5240 τὸν
1277 5185 1444 5255 νόμον
1490 5182 1781 5253 ὑπέσχετο.

197 5287 371 5341 Τοῦτο
411 5287 510 5339 καὶ
544 5282 785 5338 ἐνταῦθα
817 5298 1006 5352 φησιν,
1034 5281 1117 5333 ὅτι
1151 5277 1406 5349 ἀψευδεῖς
1444 5276 1501 5329 αί
1530 5273 1785 5346 περὶτῆς

198 5378 308 5430 τῶν
338 5375 571 5430 ἐντολῶν
597 5376 619 5407 ⁸
651 5373 902 5444 φυλακῆς
944 5368 1290 5441 ὑποσχέσεις,
1323 5367 1418 5422 καὶ
1457 5367 1506 5419 οἱ
1539 5363 1717 5418 ταῦτα
1743 5364 1787 5395 ¹⁰

1879 3262 1897 3296 ι
1940 3242 2150 3298 Memor
2178 3244 2284 3297 erit
2328 3242 2383 3297 in
2420 3241 2684 3299 saaculum
2728 3241 3039 3297 testamenti
3080 3242 3185 3297 sui.
3236 3259 3255 3293 ι
3293 3242 3454 3313 Sym-

1874 3336 2104 3392 machus
2138 3346 2322 3390 autem
2356 3335 2439 3391 sic
2472 3349 2485 3393 :
2519 3335 2770 3390 Prwdam
2804 3336 2949 3390 dedit
2981 3336 3289 3391 timentibus
3312 3351 3453 3399 eum,

1874 3428 2186 3483 recordatus
2213 3429 2516 3497 sempiterni
2532 3430 2678 3498 pacti
2701 3430 2803 3483 sui.
2827 3423 3262 3483 Promissionum
3286 3430 3454 3492 enim,

1874 3536 1998 3592 quae
2045 3521 2298 3591 patribus
2341 3520 2499 3576 facta:
2537 3520 2711 3588 luere,
2755 3519 3098 3576 indelebilern
3136 3519 3300 3575 habet
3341 3535 3457 3573 tuc-

1879 3615 2136 3681 moriam,
2168 3624 2222 3670 ct
2262 3630 2357 3686 per
2392 3614 2545 3670 illam
2574 3614 2733 3671 nobis
2764 3614 2906 3670 bona
2938 3614 3201 3684 impertit.

1955 3851 2117 3908 Vsus.
2153 3850 2207 3918 6,
2241 3851 2292 3903 7.
2336 3867 2355 3901 ι
2395 3848 2668 3904 Virtutem
2705 3861 2935 3918 Operum
2972 3859 3203 3899 suorum
3242 3859 3461 3898 annun-

1880 3945 2034 4001 tiabit
2052 3943 2254 4014 populo
2275 3958 2400 3997 suo.
2423 3940 2495 3997 Ut
2514 3941 2605 3995 det
2622 3940 2730 3995 illis
2748 3936 3118 3993 hereditatem
3143 3936 3409 4005 gentium.
3439 3953 3455 3982 ι

1879 4037 2053 4105 Magis
2071 4049 2331 4106 expresse
2361 4047 2519 4089 suam
2544 4031 2704 4087 nobis
2731 4028 2976 4085 ostendit
3006 4028 3329 4098 potentiam,
3364 4025 3463 4080 Iro-

1880 4130 2048 4187 stium
2085 4126 2310 4185 divitias
2339 4123 2505 4180 nobis
2537 4123 2787 4194 largitus.
2824 4119 2946 4176 Non
2992 4120 3156 4176 modo
3203 4120 3350 4174 enim
3392 4120 3462 4171 ab

1882 4225 2105 4280 illorum
2135 4221 2341 4275 damno
2366 4233 2468 4274 nos
2498 4216 2775 4278 liberavit,
2803 4215 2898 4270 sed
2923 4216 3086 4270 etiam
3116 4228 3308 4268 eorum
3333 4226 3464 4281 opes

1882 4317 1936 4372 in
1969 4325 2190 4371 nostras
2221 4313 2421 4368 domos
2459 4309 2758 4366 transtulit.
2789 4326 2808 4359 ι
2852 4306 3028 4376 Opera
3055 4321 3317 4360 manuum
3347 4305 3463 4369 ejus

1886 4410 2089 4465 veritas
2121 4418 2175 4463 et
2202 4405 2498 4478 judicium.
2540 4423 2557 4455 ι
2594 4401 2713 4456 Νοιι
2762 4401 2983 4471 injuste,
3027 4397 3122 4454 sed
3168 4398 3460 4453 admodum

1810 4503 1854 4559 D
1875 4503 2026 4574 juste
2055 4501 2171 4555 haec
2198 4498 2351 4553 fecit.
2383 4496 2523 4552 Cum
2548 4496 2695 4551 enim
2719 4493 2787 4549 de
2807 4492 2967 4547 nobis
2986 4490 3137 4545 nulla
3169 4488 3223 4543 in
3244 4503 3301 4543 re
3328 4502 3463 4542 con-

1881 4595 2039 4665 queri
2094 4592 2332 4663 possint,
2382 4589 2601 4661 penitus
2635 4602 2740 4642 nos
2787 4592 3035 4641 evertere
3079 4581 3262 4637 conati
3312 4591 3461 4636 sunt.

1882 4690 2081 4746 Veram
2119 4687 2284 4758 igitur
2315 4694 2369 4740 et
2390 4684 2598 4755 justam
2629 4681 2683 4736 in
2712 4693 2809 4736 eos
2858 4676 3086 4749 protulit
3110 4673 3463 4747 sententiam.

1952 4872 2125 4928 Vsus.
2162 4867 2217 4923 8.
2251 4887 2270 4919 ι
2308 4863 2460 4919 Fidei
2494 4862 2648 4932 plena
2673 4866 2804 4916 sunt
2831 4856 3016 4913 omnia
3044 4851 3295 4909 mandata
3324 4849 3466 4920 ejus,

1887 4966 2215 5024 confirmata
2249 4958 2306 5014 in
2340 4957 2605 5014 sarculum
2638 4952 2849 5019 saeculi,
2881 4949 3029 5006 facta
3054 4947 3114 5003 in
3153 4945 3386 5001 veritate
3414 4954 3469 4997 ct

2290 5055 2306 5074 ·
2354 5050 2553 5121 Legem
2606 5045 2789 5101 ferens
2844 5041 2987 5099 Deus
3034 5036 3467 5098 benevolentiam

1891 5128 2046 5210 suam
2096 5144 2407 5219 spopondit.
2456 5141 2570 5196 Hoc
2621 5138 2767 5193 idem
2803 5136 2891 5190 hic
2941 5134 3039 5198 ait,
3069 5147 3201 5187 vera
3248 5144 3372 5186 esse
3401 5128 3470 5182 de

1893 5240 2243 5300 observantia
2274 5236 2659 5293 mandatorum
2691 5228 2967 5301 promissa
3001 5244 3016 5280 :
3052 5223 3263 5296 1402
3292 5230 3347 5277 et
3373 5221 3465 5292 qui

1897 5340 2014 5395 haec
2041 5334 2304 5407 perlicere
2327 5330 2715 5389 decreverunt,
2748 5321 2923 5392 ipsius
2951 5333 3055 5389 Ope
3088 5330 3304 5384 semper
3336 5312 3468 5369 frui.

1312 5499 1545 5556 VARl/E
1585 5496 1975 5555 LECTIONES
2032 5491 2123 5549 ET
2153 5486 2389 5546 NOTIE.

273 5631 318 5663 ⁸⁷
337 5626 485 5684 Μέν.
519 5625 577 5681 In
604 5625 727 5680 cod.
757 5624 781 5677 l
822 5620 1069 5693 sequitur
1094 5620 1221 5693 γάρ.

1298 5618 1344 5652 ⁸³
1382 5615 1653 5671 Πάντων.
1685 5629 1769 5669 ρο(

1884 5613 2016 5667 τῶν.
2094 5612 2139 5642 θ’
2165 5606 2445 5676 Ἐξομολ.
2467 5601 2590 5676 cod.
2630 5600 2654 5655 l
2687 5595 2970 5676 addicto.
3050 5594 3066 5624 ¹
3096 5586 3413 5676 μωσὲςθρέίτ
3434 5587 3466 5676 ’1

1107 5656 1349 5760 iustitiam.

206 5771 228 5800 ‘
257 5769 428 5823 codJ
471 5765 811 5839 μετέθεικεν.
888 5764 909 5795 ⁷
939 5761 1122 5839 ᾼίε-Ιη
1160 5761 1283 5839 cod.
1311 5759 1336 5811 l
1380 5758 1598 5839 ponitur
1629 5762 1753 5839 post

1882 5656 2096 5738 s'f'iiiid.
2171 5656 2613 5744 rasam...
2686 5672 2707 5703 ε
2746 5656 2993 5733 mens.
3020 5663 3141 5718 cod.
3185 5661 3209 5714 ι
3242 5656 3468 5737 sum.

1880 5761 2070 5839 fluunt
2097 5751 2327 5839 interitu
2343 5746 2460 5839 τῶν
2489 5746 2569 5800 0'.
2641 5742 2664 5775 ⁸
2686 5739 2810 5797 cod.
2837 5741 2860 5794 ί
2898 5734 3206 5806 εὐγένειαν,
3229 5736 3472 5796 ascripta

210 5850 390 5898 tamen
418 5826 596 5897 altera
623 5836 881 5894 lectione.
954 5836 975 5868 ο
1013 5829 1328 5886 Ἐντολῶν.
1363 5826 1487 5885 eod.
1528 5828 1549 5882 l
1590 5826 1793 5897 νόμων.

1874 5826 1917 5857 ¹⁹
1940 5822 2066 5878 cod.
2097 5825 2119 5878 ἐ
2156 5820 2381 5882 ταύτας.
