3924 6492
564 369 670 435 779

1477 363 1972 428 'I‘HEODORETI
2014 364 2357 424 EPISCOPI
2386 360 2760 426 CYIIENSIS

3652 358 3773 423 1780

522 480 659 538 Nam
695 488 751 534 et
782 492 883 535 nos
912 475 1243 549 pureipsum
1262 476 1490 547 precati,
1514 475 1766 533 hostibus
1785 474 2101 546 superiores

2213 471 2454 544 πληροῦν
2487 470 2920 544 προαιρούμενοι
2971 468 3069 539 τῆς
3112 464 3279 522 αὐτοῦ
3328 465 3665 537 προμηθείας
3701 469 3773 521 δι-

523 571 822 629 evasimus.
856 568 971 627 Hoc
1008 569 1157 625 enim
1193 586 1288 641 per
1329 586 1391 627 ea
1434 587 1556 642 quae
1589 579 1895 642 sequuntur
1920 566 2104 623 decla-

523 665 686 721 ravit.

596 843 764 901 Vens.
794 846 849 902 9.
893 864 912 898 ι
949 844 1402 914 Redemptionem
1442 846 1592 901 misit
1628 844 1894 900 Dominus
1925 860 2102 913 popu—

522 938 578 991 lo
606 952 733 1005 suo,
772 938 1057 994 mandavit
1085 938 1267 994 foedus
1298 952 1461 993 suum
1502 937 1556 992 in
1593 948 1884 993 aeternum.
1925 955 1943 988 ι
1978 934 2104 989 Pol-

522 1026 852 1083 licitationes
895 1027 1042 1082 enim
1088 1026 1180 1082 Dei
1231 1043 1340 1083 non
1388 1028 1550 1083 modo
1588 1037 1718 1083 sunt
1760 1026 2099 1091 verissimae,

522 1119 616 1174 sed
635 1119 874 1175 etiamin
900 1129 1159 1175 aeternum
1183 1132 1527 1190 permanent.
1550 1138 1567 1172 ι
1592 1121 1855 1174 Sanctum
1871 1129 1924 1173 et
1945 1120 2103 1173 terri-

522 1213 633 1269 bile
664 1228 863 1269 nomen
896 1213 1039 1283 ejus.
1077 1232 1095 1266 ι
1135 1214 1209 1271 Iis
1236 1214 1382 1269 enim
1420 1214 1517 1285 qui
1547 1215 1800 1277 credunt,
1846 1222 2099 1268 sanctum

521 1314 577 1360 et
611 1306 1020 1377 optatissimum
1052 1318 1155 1372 est,
1191 1318 1245 1363 et
1271 1308 1543 1363 bonorum
1578 1308 1794 1378 c0piam
1829 1306 2098 1363 fundens:

520 1398 837 1455 incredulos
865 1413 1017 1465 vero,
1041 1409 1095 1455 ct
1120 1399 1269 1456 vitiis
1295 1400 1530 1465 deditos,
1555 1402 1785 1471 castigat
1811 1411 1865 1456 et
1895 1400 2098 1470 plectit.

592 1572 760 1630 Vens.
814 1575 904 1630 I0.
947 1594 966 1629 ι
1007 1576 1225 1632 Initium
1257 1579 1541 1648 sapientiae
1588 1580 1755 1634 timor
1801 1579 2034 1635 Domini.
2075 1600 2092 1631 ι

523 1666 751 1735 Oportet
786 1666 956 1737 igitur
986 1667 1162 1739 ipsum
1200 1668 1393 1726 timere
1418 1682 1473 1725 et
1505 1680 1761 1725 tremere.
1806 1669 1919 1727 Hoc
1953 1671 2097 1725 enim

523 1764 609 1810 est
644 1757 881 1825 primum
930 1759 1262 1827 elementum
1302 1760 1504 1815 divina:
1544 1762 1828 1817 doctrinae.
1876 1763 2100 1829 Sapien-

520 1848 649 1900 tiam
689 1846 860 1913 enim,
899 1864 1008 1903 non
1045 1858 1193 1905 recte
1215 1848 1475 1921 loquendi
1519 1850 1857 1917 facultatem,
1894 1855 1988 1907 sed
2016 1853 2101 1909 di-

524 1936 779 1993 vinorum
806 1940 1175 2011 cognitionem
1202 1950 1380 1997 vocat.
1406 1942 1485 1997 Ad
1511 1943 1717 1999 tirones
1744 1946 1907 2016 igitur
1938 1947 2102 2001 timor

524 2037 734 2098 spectat
770 2032 1176 2101 :perfectorum
1231 2043 1415 2091 autem
1456 2036 1749 2093 charitatis
1793 2040 2096 2109 possessio.

528 2139 547 2174 ι
604 2120 916 2181 Intellectus
944 2136 1128 2183 autem
1164 2127 1343 2184 bonus
1370 2130 1629 2185 omnibus
1664 2131 1991 2189 facientibus
2036 2135 2103 2187 il-

524 2213 639 2268 lud.
677 2233 697 2267 ο
731 2214 813 2271 Ad
845 2217 1237 2286 perfectionem
1283 2222 1431 2276 enim
1476 2238 1584 2277 non
1629 2224 1765 2278 satis
1799 2234 1885 2279 est
1912 2227 2101 2296 cogni-

523 2303 623 2368 tio,
656 2306 753 2361 sed
791 2310 1185 2381 contemplatio
1215 2313 1432 2370 actione
1468 2315 1675 2387 indiget
1710 2335 1722 2371 :
1754 2326 1810 2372 et
1847 2322 2103 2376 convenit

522 2412 648 2451 eum
672 2398 769 2469 qui
810 2399 1002 2456 divino
1027 2404 1306 2461 intellectu
1333 2407 1571 2464 donatus
1597 2419 1701 2476 est,
1734 2412 2098 2481 cognitionem
2121 2402 2133 2418 ’

522 2491 782 2562 operibus
812 2509 1033 2564 ornare,
1067 2507 1121 2554 et
1155 2516 1253 2570 per
1274 2500 1416 2558 hanc
1447 2503 1755 2561 intellectus
1787 2506 2098 2577 largitorem

524 2584 730 2640 colere.
785 2604 804 2638 ι
843 2585 989 2645 Laus
1026 2589 1146 2660 ejus
1199 2601 1385 2648 manet
1421 2594 1474 2649 in
1516 2596 1775 2652 szeculum
1809 2598 2016 2654 saeculi.
2076 2618 2096 2650 ι

525 2676 677 2735 Satis
707 2690 833 2752 apte
865 2682 968 2737 hoc
997 2685 1163 2740 etiam
1194 2689 1475 2756 apposuil,
1506 2689 1714 2747 docens
1741 2691 1960 2748 virtutis
1984 2701 2102 2747 stu-

523 2771 742 2828 diosum
795 2775 1034 2831 fructum
1073 2778 1203 2834 hinc
1244 2790 1548 2851 reportare.
1591 2783 1737 2839 Deus
1765 2786 1935 2853 enim,
1977 2785 2104 2842 licet

525 2878 690 2937 nemo
718 2863 896 2934 ipsum
923 2866 1146 2923 laudare
1175 2871 1358 2936 vellet,
1390 2873 1786 2944 sempiternum
1820 2884 1875 2930 et
1905 2891 2103 2946 peren-

524 2972 649 3011 nem
691 2956 1164 3031 babetbymnum.
1210 2961 1369 3019 Hunc
1415 2980 1581 3034 porro
1633 2968 1902 3036 psalmum
1957 2970 2103 3040 apud

522 3048 783 3106 Hebraeos
814 3066 909 3123 per
936 3054 1336 3110 elementorum
1362 3058 1557 3113 seriem
1583 3060 1954 3131 conscriptum
1973 3079 2101 3119 esse

2202 563 2418 635 ηνεκῶς
2469 564 2823 619 ἀπολαύουσι.
2858 563 2970 617 Καὶ
3022 562 3132 634 γὰρ
3175 561 3337 632 ἡμεῖς
3357 559 3596 629 γνησίως
3625 561 3772 613 αὐτὸν

2206 658 2588 722 ἱκετεύσαντες
2614 656 2897 729 κρείττους
2919 654 3030 709 τῶν
3058 651 3341 725 δυσμενῶν
3372 651 3767 723 ἀπεφάνθημεν.

2205 749 2376 802 Τοῦτο
2397 748 2507 821 γάρ
2536 749 2626 803 διά
2657 748 2769 802 τῶν
2792 745 3154 817 ἐπαγομένων
3191 744 3449 815 ἐδήλωσε.

2275 842 2340 895 θ’.
2381 864 2399 893 ι
2435 841 2727 914 Λύτρωσιν
2772 838 3062 895 ἀπέστειλε
3102 837 3312 909 Κύριος
3344 838 3385 869 ¹¹
3419 835 3499 906 τῷ
3540 833 3651 904 λαῷ
3682 836 3768 887 αὐ-

2202 928 2322 998 τοῦ,
2366 934 2671 989 ἐνετείλατο
2699 933 2781 997 είς
2809 933 2903 987 τὸν
2928 931 3099 987 αἰῶνα
3128 929 3396 999 διαθήκην
3450 928 3493 958 ⁸³
3538 926 3711 980 αὐτοῦ.
3744 946 3762 977 ι

2203 1028 2270 1080 Δί
2306 1026 2415 1099 γὰρ
2443 1025 2536 1080 τοῦ
2567 1023 2706 1079 Θεοῦ
2735 1023 3063 1095 ὑποσχέσεις
3091 1022 3153 1075 οὐ
3204 1021 3364 1091 μόνον
3425 1017 3488 1071 τὸ
3535 1016 3764 1087 ἀψευδὲς,

2203 1118 2345 1173 ἀλλά
2379 1119 2475 1172 καὶ
2508 1117 2567 1171 τὸ
2603 1117 2827 1189 διαρκὲς
2873 1116 3107 1186 ἔχουσιν.
3145 1131 3164 1165 ι
3207 1114 3403 1181 Ἀγιον
3434 1110 3527 1163 καὶ
3560 1110 3767 1179 φοϐερὸν

2202 1210 2263 1265 τδ
2290 1210 2463 1282 ὄνομα
2492 1208 2683 1264 αὐτοῦ.
2725 1229 2743 1262 ι
2777 1209 2904 1272 Τοῖς
2937 1207 3036 1279 μὲν
3076 1205 3185 1275 γάρ
3223 1203 3571 1257 πιστεύουσιν
3607 1202 3765 1268 am»,

2204 1303 2300 1359 καὶ
2328 1303 2656 1376 τριπόθητον
2674 1303 2768 1357 καὶ
2788 1301 3035 1373 πηγὰζον
3064 1298 3175 1353 τῶν
3201 1296 3428 1367 ἀγαθῶν
3452 1295 3551 1366 τὴν
3579 1294 3765 1365 φοράν·

2203 1398 2329 1461 τοὺς
2360 1398 2415 1451 δὲ
2445 1395 2833 1461 ἀπιστοῦντας,
2868 1394 2963 1448 καὶ
3009 1389 3328 1464 παρανομίᾳ
3362 1386 3656 1452 συζῶντας,
3684 1402 3767 1438 κο-

2202 1489 2352 1554 λάζει
2388 1489 2485 1543 καὶ
2528 1489 2879 1559 τιμωρεῖται.

2279 1590 2329 1636 ι’.
2386 1600 2404 1634 ι
2457 1582 2630 1654 Ἀρχὴ
2676 1580 2871 1650 σοφίας
2911 1578 3077 1648 φόϐος
3117 1575 3349 1648 Κυρίου.
3408 1592 3428 1625 ι
3462 1571 3769 1638 Ἀναγκαῖον

2203 1675 2385 1730 τοίνυν
2420 1675 2584 1728 αὐτὸν
2625 1673 2857 1728 δεδιέναι
2884 1671 2980 1725 καὶ
3010 1670 3259 1739 τρέμειν.
3290 1665 3465 1719 Τοῦτο
3497 1662 3602 1732 γὰρ
3634 1660 3769 1729 πρῶ-

2202 1786 2293 1822 τον
2322 1768 2421 1838 τῆς
2452 1767 2605 1831 θείας
2625 1764 2979 1826 διδασκαλίας
3011 1762 3295 1832 στοιχεῖον.
3330 1756 3559 1826 Σοφίαν
3588 1753 3687 1823 γάρ
3711 1753 3768 1805 οὐ

2203 1858 2301 1929 τὴν
2332 1856 2668 1925 εὐγλωττίαν
2696 1855 2873 1925 λέγει,
2914 1853 3051 1907 ἀλλὰ
3077 1850 3177 1922 τὴν
3218 1850 3328 1902 τῶν
3358 1846 3521 1900 θείων
3547 1844 3765 1911 ἐπίγνω-

2204 1968 2310 2005 σιν.
2347 1950 2749 2019 Εὶσαγωγικοῖς
2791 1947 2974 2001 τοίνυν
3019 1946 3050 1999 ὀ
3077 1942 3241 2015 φόϐος
3263 1956 3277 1971 ⁸
3325 1937 3541 2032 τῶνδὲ
3566 1934 3767 2032 τελείων

2201 2043 2300 2113 τῆς
2327 2041 2552 2111 ἀγάπης
2592 2041 2626 2111 ή
2658 2038 2871 2110 κτῆσις.
2907 2055 2926 2089 ι
2962 2034 3185 2097 Σύνεσις
3218 2032 3277 2086 δὲ
3306 2029 3490 2101 ἀγαθὴ
3516 2030 3643 2083 πᾶσι
3666 2029 3766 2089 tri;

2203 2134 2450 2190 ποιοῦσιν
2497 2133 2690 2204 αὐτήν.
2738 2148 2757 2183 ι
2802 2130 2917 2184 Οὐκ
2963 2128 3126 2200 ἀρκεῖ
3152 2124 3261 2196 γὰρ
3310 2125 3393 2187 είς
3437 2120 3761 2189 τελείωσινή

2201 2228 2426 2298 γνῶσις,
2476 2225 2614 2279 ἀλλά
2661 2222 2855 2296 χρῄζει
2899 2222 2934 2293 ἡ
2964 2219 3175 2290 θεωρία
3214 2218 3313 2287 τῆς
3361 2212 3633 2286 πράξεως,
3678 2210 3763 2263 καὶ

2204 2321 2474 2393 προσήκει
2520 2318 2615 2371 τὸν
2661 2316 2762 2385 τῆς
2809 2314 2962 2377 θείας
3005 2308 3310 2383 ἠξιωμένον
3364 2307 3629 2368 συνέσεως
3661 2306 3761 2365 τοῖς

2202 2409 2384 2482 ἔργοις
2413 2407 2513 2479 τὴν
2557 2403 2760 2474 γνῶσιν
2804 2404 3053 2473 κοσμεῖν,
3102 2400 3197 2455 καὶ
3238 2398 3328 2453 διὰ
3371 2395 3579 2464 ταύτης
3616 2394 3761 2463 θερα-

2201 2502 2391 2555 πεύειν
2422 2500 2515 2553 τὸν
2542 2498 2641 2569 τῆς
2687 2496 2958 2559 συνέσεως
2994 2494 3040 2527 ¹³
3088 2492 3347 2565 χορηγόν.
3381 2509 3401 2541 ι
3464 2489 3534 2541 Ἥ
3576 2488 3762 2547 αῐνεσις

2202 2592 2368 2648 αὐτοῦ
2407 2592 2559 2663 μένει
2586 2592 2670 2654 είς
2695 2588 2788 2643 τὸν
2825 2588 2999 2641 αἰῶνα
3024 2584 3119 2639 τοῦ
3148 2582 3364 2645 αἰῶνος.
3385 2600 3420 2674 ὲ»
3448 2575 3763 2674 ’ξιολούθως

2204 2687 2298 2740 καὶ
2336 2683 2497 2739 τοῦτο
2536 2680 2914 2754 προστέθεικε,
2952 2677 3220 2731 διδάσκων
3253 2673 3330 2735 ὡς
3372 2673 3402 2725 ὁ
3449 2670 3549 2738 τῆς
3580 2669 3763 2737 ἀρετῆς

2203 2777 2439 2849 ἐραστὴς
2475 2774 2638 2837 αὐτὸς
2656 2773 2719 2826 τὸ
2741 2769 2991 2826 ἐντεῦθεν
3022 2766 3308 2837 πορίζεται
3334 2762 3548 2833 κέρδος.
3587 2759 3646 2812 '0
3670 2759 3763 2849 γάρ

2202 2847 2357 2937 Θεὸς,
2398 2847 2508 2923 κᾶν
2555 2865 2742 2938 μηδεὶς
2778 2864 2968 2933 ὑμνεῖν
3017 2858 3218 2925 ἐθέλει,
3264 2855 3484 2909 αίώνιον
3531 2851 3639 2921 ἔχει
3687 2847 3767 2899 τὸν

2205 2962 2375 3034 ῦμνον
2413 2960 2511 3013 καὶ
2534 2957 2750 3028 διαρκῆ.
2780 2953 2981 3009 Τοῦτον
3027 2951 3212 3024 μέντοι
3252 2948 3348 3047 τὸν
3374 2944 3591 3047 ψαλμὸν
3635 2940 3765 3047 κατά

2206 3050 2479 3123 στοιχεῖόν
2520 3067 2686 3120 φασιν
2726 3046 3001 3118 Ἑϐραίοις
3027 3039 3361 3114 γεγράφθαι,
3393 3038 3491 3093 καὶ
3518 3034 3661 3090 κατά
3684 3036 3767 3101 τὴν

524 3148 799 3196 asserunt.
815 3148 869 3195 et
912 3143 1214 3199 secundum
1251 3145 1557 3202 litterarum
1589 3150 1838 3206 ordinem
1872 3168 2095 3223 compa.

2213 3145 2306 3200 τῶν
2354 3144 2637 3215 στοιχείων
2682 3139 3013 3195 ἀκολουθίαν
3068 3132 3414 3204 συγκεῖσθαι.
3448 3129 3558 3185 Καὶ
3598 3130 3629 3181 ό
3666 3126 3767 3198 μετ’

525 3232 693 3289 situm
718 3249 862 3291 esse.
901 3234 1081 3292 Simili
1114 3240 1278 3295 modo
1306 3244 1648 3313 compositus
1680 3254 1765 3300 est
1797 3247 2101 3317 proximus.

792 3347 1004 3420 1503
1043 3350 1320 3408 INTERP.
1371 3356 1620 3413 PSALIII
1680 3358 1822 3415 CXI.

598 3462 849 3520 Alleluia.
876 3465 1164 3538 Inscriptio
1182 3470 1347 3526 etiam
1372 3472 1517 3529 hunc
1544 3476 1811 3544 psalmum
1843 3479 2102 3549 hymnum

529 3565 810 3626 nuncupat
844 3575 857 3612 :
902 3558 1122 3630 pietatis
1153 3576 1283 3617 vero
1327 3564 1633 3622 doctrinam
1680 3568 1990 3627 volentibus
2019 3575 2103 3627 af-

530 3647 657 3702 fert.

600 3736 767 3795 νεεδ.
798 3739 849 3795 I.
896 3762 913 3793 ι
952 3742 1156 3801 Beatus
1186 3747 1268 3801 vir
1296 3749 1390 3818 qui
1414 3750 1567 3806 timet
1596 3753 1883 3809 Dominum
1915 3772 2108 3812 :man-

529 3830 673 3887 datis
710 3832 831 3903 ejus
861 3836 1015 3890 valde
1043 3836 1423 3895 delectabitur.
1458 3860 1477 3893 ι
1530 3843 1634 3909 Qui
1663 3845 1765 3900 hac
1800 3848 2107 3903 reverentia

532 3923 811 3992 praeditus,
852 3925 1149 3998 divinoque
1180 3929 1374 3986 timore
1408 3930 1630 3987 indutus
1654 3942 1756 3995 est.
1785 3949 1948 3990 omne
1976 3951 2108 3992 con-

530 4015 715 4070 silium
754 4020 769 4038 ‘
813 4032 974 4073 suum
1010 4019 1065 4074 in
1120 4021 1433 4078 divinorum
1484 4026 1835 4081 oraculorum
1875 4044 2108 4086 exsecu-

528 4109 734 4164 tionem
761 4112 1043 4176 transfert,
1071 4120 1271 4169 etcum
1303 4115 1453 4170 omni
1483 4117 1652 4172 animi
1682 4119 1965 4177 alacritate
1992 4122 2108 4178 haec

528 4201 760 4272 implere
790 4202 1033 4259 festinat.
1079 4204 1284 4262 Deinde
1325 4207 1667 4265 demonstrat
1709 4211 1898 4267 talium
1938 4213 2107 4270 semi-

529 4307 661 4347 num
699 4293 957 4350 fructum.

602 4383 770 4441 Vens.
802 4386 855 4440 2.
912 4405 931 4439 ι
974 4386 1178 4445 Potens
1227 4389 1282 4445 in
1333 4400 1476 4448 terra
1526 4394 1629 4451 erit
1664 4412 1848 4453 semen
1901 4398 2041 4468 ejus.
2081 4418 2100 4452 ι

2206 3237 2368 3294 αὐτὸν
2395 3224 2461 3294 δὲ
2476 3234 2675 3306 ὁμοίως
2699 3232 3005 3302 σύγκειται.

2509 3371 2778 3426 ΕΡΜΗΝ.
2820 3369 2957 3424 ΤΟΥ
2998 3364 3122 3422 ΡΙΑ⁸
3158 3363 3477 3419 ΨΑΛΜΟΥ.

2274 3489 2656 3558 Ἀλληλούτα.
2701 3486 2910 3556 ’Υμνον
2933 3484 2976 3515 ⁸⁸
2998 3481 3153 3535 καλεῖ
3181 3479 3277 3533 καὶ
3308 3476 3501 3531 τοῦτον
3529 3473 3622 3527 τὸν
3648 3471 3766 3542 ψαλο

2209 3581 2309 3652 μὸν
2338 3583 2371 3651 ἡ
2396 3578 2676 3648 ἐπιγραφὴ
2698 3593 2713 3607 ·
2742 3572 3091 3631 διδασκαλίαν
3122 3572 3180 3626 δὲ
3214 3568 3501 3631 εὐσεϐείας
3524 3568 3638 3629 τοῖς
3662 3564 3767 3635 βου-

2206 3672 2452 3743 λομένοις
2477 3668 2800 3741 προσφέρει.

2276 3771 2346 3818 α’.
2385 3782 2402 3816 ι
2434 3762 2719 3830 Μακάριος
2745 3759 2884 3830 ἀνὴρ
2924 3759 2952 3811 ὁ
2992 3755 3324 3825 φοϐούμενος
3348 3752 3442 3806 τὸν
3474 3751 3693 3823 Κύριον,
3718 3750 3766 3800 ὲν

2204 3860 2326 3922 ταῖς
2364 3855 2607 3917 ἐντολαῖς
2636 3852 2802 3907 αὐτοῦ
2847 3850 3063 3921 θελήσει
3096 3847 3321 3918 σφόδρα.
3359 3862 3379 3896 ι
3420 3844 3481 3897 'U
3509 3842 3677 3912 ταύτῃ
3710 3843 3764 3907 τῇ

2207 3947 2464 4018 εὐλαϐείᾳ
2510 3943 2923 4015 κοσμούμενος.
2969 3941 3064 3994 καὶ
3114 3939 3175 3992 τὸ
3215 3937 3361 3991 θεῖον
3407 3934 3765 4005 περικείμενος

2205 4042 2349 4107 δέος,
2382 4040 2564 4093 πᾶσαν
2590 4036 2757 4091 αὐτοῦ
2788 4035 2886 4106 τὴν
2908 4032 3103 4104 βουλὴν
3133 4033 3215 4095 είς
3231 4030 3332 4102 τὴν
3365 4027 3476 4081 τῶν
3503 4026 3661 4081 θείων
3696 4022 3768 4073 λοι

2206 4134 2342 4205 γίων
2375 4130 2726 4201 ἐκπλήρωσιν
2759 4125 3103 4199 μετατίθησι,
3135 4123 3231 4219 καὶ
3263 4122 3380 4219 σύν-
3401 4121 3558 4191 πάση

2210 4227 2311 4298 μία
2340 4222 2580 4296 πληροῦν
2605 4220 2781 4277 ταῦτα
2810 4219 3110 4287 ἐπείγεται.
3137 4212 3273 4270 Εἶτα
3300 4213 3543 4268 δείκνυσι
3571 4211 3657 4265 τὸν
3675 4211 3767 4261 τῶν

2205 4318 2464 4374 τοιούτων
2498 4318 2542 4350 ⁸⁸
2573 4313 2909 4385 σπερμάτων
2934 4310 3164 4381 καρπόν.

2283 4412 2348 4483 β’.
2388 4431 2406 4464 ι
2444 4408 2679 4464 Δυνατὸν
2709 4408 2767 4460 ὲν
2798 4408 2866 4477 τῇ
2904 4407 2973 4475 γῇ
3003 4403 3155 4456 ἔσται
3181 4402 3240 4454 τὸ
3272 4399 3497 4469 σπέρμα
3526 4396 3705 4450 αὐτου.
3750 4409 3763 4440 ι

529 4479 803 4545 Quoniam
837 4481 985 4536 enim
1028 4482 1347 4540 hominibus
1380 4486 1529 4544 illius
1564 4492 1823 4559 temporis
1870 4493 1975 4548 hoc
2010 4495 2103 4549 ad-

2213 4479 2430 4573 Ἐπειδὴ
2464 4502 2574 4573 γὰρ
2617 4498 2777 4553 τοῦτο
2820 4496 3137 4567 ἀξιέραστον
3172 4493 3351 4546 ἐδόκει
3388 4492 3505 4551 τοῖς
3537 4484 3768 4559 τηνικάδε

529 4574 753 4629 modum
788 4574 1150 4632 desiderabile
1179 4588 1318 4644 erat,
1368 4580 1475 4637 hoc
1521 4583 1726 4639 donum
1755 4587 2110 4643 custodienti-

530 4663 634 4720 bus
666 4666 920 4722 mandata
948 4682 1010 4723 se
1038 4667 1292 4725 daturum
1320 4686 1442 4728 esse
1471 4674 1773 4744 pollicetur.
1798 4678 1914 4733 Imo
1940 4680 2103 4735 etiam

529 4757 699 4821 dedit,
735 4767 958 4830 propter
978 4758 1353 4818 Abrahamum
1389 4764 1608 4835 quidem
1644 4768 1851 4834 lsraeli,
1884 4781 2108 4842 propter

534 4845 788 4903 Davidern
829 4865 962 4905 vero
997 4850 1063 4907 iis
1088 4852 1182 4923 qui
1213 4867 1278 4907 ex
1331 4853 1451 4924 ipso
1482 4855 1747 4926 originem
1776 4866 2011 4924 traxere,
2055 4870 2108 4915 et

528 4949 753 5010 propter
776 4940 1029 4997 lsraelem
1060 4944 1320 5013 posteris,
1346 4945 1474 5001 licet
1494 4946 1667 5016 iniqui
1702 4949 1927 5004 fuerint.
1964 4970 1985 5004 ι
2011 4951 2109 5007 Ge-

531 5032 740 5088 neratio
770 5043 1046 5091 rectorum
1084 5036 1455 5095 benedioetur.
1494 5059 1513 5092 ι
1545 5039 1678 5096 Nam
1716 5042 1809 5112 qui
1836 5043 1902 5099 de
1939 5045 2109 5115 aequi-

464 5179 475 5188 .
533 5132 641 5177 tate
667 5132 723 5177 et
755 5123 969 5194 justitia
1006 5143 1193 5184 curam
1232 5140 1456 5203 gerunt,
1486 5134 1685 5193 divine
1712 5135 2110 5196 benedictionis

532 5214 743 5273 fructus
770 5227 999 5283 metent.

2207 4592 2543 4667 ἀνθρώποις,
2583 4591 2743 4647 τοῦτο
2786 4591 2899 4652 τοῖς
2933 4584 3400 4681 φυλάττουσιιτάς
3421 4580 3650 4681 ’ἐντολὰς

2211 4666 2327 4740 σειν
2358 4684 2702 4755 ὑπισχνεῖται
2752 4681 2815 4733 τὸ
2856 4678 3064 4768 δῶρον.
3087 4675 3216 4768 καὶ-
3238 4673 3312 4768 δη⁸
3349 4672 3448 4768 καὶ
3480 4670 3665 4768 toto}?
3694 4666 3767 4768 διὰ

2214 4777 2313 4847 μὲν
2341 4775 2432 4830 τὸν
2461 4770 2717 4843 Ἀϐραὰμ
2752 4767 2831 4839 τῷ
2863 4764 3103 4837 Ἰσραὴλ,
3142 4763 3231 4817 διὰ
3269 4761 3327 4813 δὲ
3362 4759 3456 4812 τὸν
3486 4756 3648 4811 Δαϐὶδ
3673 4756 3767 4847 τοῖς

2210 4844 2272 4935 se
2292 4865 2483 4931 αὐτοῦ,
2524 4864 2621 4919 καὶ⁹
2657 4863 2750 4917 διά
2776 4861 2819 4894 ¹⁶
2850 4860 2943 4915 τὸν
2985 4856 3204 4929 Ἰσραὴλ
3229 4855 3273 4885 "
3295 4855 3409 4915 τοῖς
3446 4850 3687 4918 ἐκγόνοις
3710 4844 3765 4908 ’³,

2212 4962 2308 5017 καὶ
2354 4959 2529 5013 ταῦτα
2572 4953 2914 5026 παρανόμοις
2954 4947 3362 5021 γεγενημένοις.
3417 4962 3437 4996 ι
3488 4940 3653 4996 Γενεά
3694 4936 3766 4989 εὐ-

2214 5053 2355 5107 θέων
2392 5050 2843 5120 εὐλογηθήσεται.
2882 5064 2901 5097 ι
2937 5044 3001 5099 Oi
3029 5042 3139 5112 γὰρ
3181 5039 3427 5107 ἰσότητος
3461 5034 3559 5087 καὶ
3585 5032 3764 5085 δικαιο-

2216 5144 2379 5214 σύνης
2427 5140 2850 5210 ἐπιμελούμενοι
2894 5136 2992 5206 τῆς
3026 5132 3176 5197 θείας
3212 5127 3463 5197 εὐλογίας
3502 5124 3763 5195 δρέψονται

2214 5236 2340 5298 τοὺς
2370 5231 2641 5307 καρπούς.

1630 5498 1869 5555 VARIE
1909 5496 2291 5556 LECTIONES
2344 5497 2431 5554 ET
2481 5495 2719 5554 NOTAE.

604 5673 648 5707 ι·
679 5673 914 5742 Κύριος.
944 5674 1113 5731 Abest
1144 5689 1175 5729 a
1204 5684 1351 5730 textu
1381 5673 1544 5731 Hebr.
1572 5684 1626 5729 et
1658 5675 1848 5730 Graeco
1877 5673 1988 5754 τῶν
2015 5675 2091 5727 θ’.

610 5741 842 5797 "Furor
866 5773 936 5785 —
982 5744 1299 5797 ἐπιγραφή.
1352 5744 1510 5797 Conf.
1551 5748 1616 5797 ad
1650 5746 1705 5797 h.
1738 5746 1773 5797 I.
1808 5744 2064 5797 Scholion
2092 5762 2103 5796 Α

2241 5673 2361 5730 cod.
2398 5672 2417 5727 Ι
2474 5671 2761 5742 διαθήκης.
2843 5671 2884 5701 ³³

2215 5744 2359 5797 nvmi
2390 5743 2531 5797 anud
2553 5742 2717 5797 Cord.
2756 5752 2795 5796 t.
2822 5738 2886 5796 Ill

534 5739 584 5773 “
610 5739 842 5811 ’Ὕμνον
866 5739 936 5785 ὲ-
982 5744 1299 5848 ὲπιγραὶρή.
1352 5744 1510 5801 Conf.
1551 5748 1616 5799 ad
1650 5746 1705 5799 h.
1738 5746 1773 5798 I.
1808 5744 2064 5829 Scholion
2092 5743 2359 5826 boonymi
2390 5743 2531 5834 apud
2553 5739 2717 5825 (Eord'.
2756 5752 2795 5796 t.
2822 5739 2908 5821 III,
2946 5754 3001 5808 ιι.
3028 5739 3154 5792 275.
3188 5824 3198 5843 ν
3232 5739 3245 5767 ¹

536 5812 660 5867 cod.
694 5811 720 5868 I
754 5812 957 5871 τούτων
986 5814 1113 5870 τῶν.
1214 5817 1237 5849 ⁸
1267 5816 1378 5873 Καὶ
1406 5815 1522 5870 διὰ.
1553 5815 1675 5871 cod.
1707 5816 1730 5871 I
1764 5814 1852 5868 διὰ
1872 5828 1947 5867 οε.
2026 5815 2065 5846 ¹⁴¹
2112 5815 2238 5884 Ισρ.
2270 5814 2391 5873 cod.
2432 5813 2454 5867 l
2512 5811 2685 5867 Ιουδα.
2766 5807 3253 5879 1⁸ιι)ι‹.1.ὲγγόνο,ς.

536 5812 660 5867 cod.
694 5811 720 5868 I
754 5812 957 5871 τούτων
986 5811 1113 5870 τῶν.

2843 5670 2884 5701 ³³
2908 5667 3239 5731 Συνέσεως.
3277 5663 3400 5718 cod.
3437 5662 3459 5715 I
3513 5657 3751 5727 γνὼσεω’.

2946 5754 3001 5808 p.
3028 5737 3154 5808 275.
3198 5730 3273 5768 7"
3310 5732 3433 5790 Τῶν
3486 5730 3752 5786 τοιούτων.
