3924 6486
237 327 369 393 1781

1605 339 1687 402 IN
1728 339 1933 404 PSAL.
1988 341 2139 402 CXI.

3360 343 3501 411 1782

299 447 370 510 τ’.
416 462 434 495 ι
474 443 613 509 Δόξα
636 445 731 497 καὶ
783 445 1013 512 πλοῦτος
1042 449 1101 503 ὲν
1131 448 1210 519 τῷ
1248 449 1382 521 οἴκῳ
1409 450 1595 505 αὐτοῦ.
1637 471 1656 503 ι
1699 458 1809 506 ικαὶ

1987 451 2152 509 Vens.
2177 452 2230 510 ὅ.
2276 472 2295 506 ε
2328 453 2513 510 Gloria
2539 463 2592 511 et
2616 454 2817 511 divitia
2848 454 2901 511 in
2937 456 3102 512 domo
3127 455 3251 527 ejus
3280 470 3428 514 sunt.
3469 483 3489 513 ι

231 530 435 598 ταύτας
459 534 538 599 ὡς
562 534 699 608 πρὸς
720 536 931 602 ἀτελεῖς
948 538 1052 605 ἔτι,
1076 541 1169 594 καὶ
1207 541 1318 596 τῶν
1345 541 1568 596 τελείων
1598 543 1811 598 ἐπαΐειν

231 624 291 679 ού
334 625 693 699 δυναμένους,
739 631 975 684 ποιεῖται
1007 632 1105 695 τὰς
1137 632 1484 704 ὑποσχέσεις.
1531 634 1672 698 Τοὺς
1704 634 1813 706 γὰρ

228 717 475 786 τελείους
513 721 542 775 ὀ
567 722 846 795 Δεσπότης
874 725 1109 798 Χριστὸς
1134 726 1393 781 τάναντία
1430 726 1694 794 διδάσκει,
1723 726 1811 781 λέ-

232 826 383 875 γων·
427 829 448 864 s
484 813 578 885 Μὴ
608 815 886 887 κτήσησθε
932 816 1155 888 χρυσὸν,
1206 818 1343 891 μηδὲ
1380 819 1643 891 ἄργυρον,
1676 820 1815 889 μήτε

231 900 433 970 χαλκὸν
463 906 542 968 εἰς
567 904 667 969 τὰς
694 906 871 972 ζώνας
897 908 1072 980 ὑμῶν,
1108 910 1183 980 μὴ
1217 911 1400 982 πήραν
1444 913 1526 975 εἰς
1564 912 1707 976 ὁδὸν,
1741 912 1817 983 μὴ

234 990 585 1064 ὑποδήματα,
622 997 758 1067 μηδὲ
804 999 1021 1069 ῥάϐδον.
1058 1019 1077 1052 ι
1106 1002 1218 1055 Καὶ
1255 1001 1421 1055 πάλιν
1445 1018 1459 1032 ο
1494 1020 1513 1054 ι
1567 1002 1694 1056 Ἐάν
1739 1002 1816 1073 μή

232 1102 317 1149 τις
343 1086 689 1158 άποτάξηται
719 1092 853 1145 πᾶσι
878 1095 992 1157 τοῖς
1029 1094 1365 1166 ὑπάρχουσιν
1411 1094 1600 1163 αὑτοῦ,
1640 1096 1703 1150 ού
1735 1095 1822 1150 δύο

233 1177 392 1230 ναταί
422 1194 524 1247 μου
557 1172 698 1232 εἶναι
725 1181 991 1253 μαθητής.
1024 1201 1044 1235 t
1082 1185 1227 1238 Καί·
1265 1204 1283 1236 ι
1324 1186 1388 1239 Εἰ
1416 1184 1592 1250 θέλεις
1612 1186 1821 1252 τέλειος

234 1268 518 1335 γενέσθαι,
546 1271 797 1343 πώλησόν
823 1290 917 1327 σου
940 1274 1009 1328 τὰ
1050 1276 1386 1348 ὑπάρχοντα,
1416 1278 1511 1332 καὶ
1548 1279 1637 1343 δὸς
1675 1297 1823 1334 πτω-

234 1364 371 1429 χοῖς.
408 1380 426 1414 ι
455 1363 596 1416 Ἀλλ’
622 1365 773 1436 ὅμως
799 1366 971 1419 ταῦτα
994 1368 1321 1438 νομοθετῶν,
1347 1372 1529 1425 ἐκεῖνα
1558 1374 1670 1436 τοῖς
1694 1374 1823 1427 ἀτε-

234 1452 351 1506 λέσι
378 1456 471 1508 καὶ
499 1454 863 1526 ὑπισχνεῖται,
897 1458 991 1512 καὶ
1014 1459 1253 1515 δίδωσιν.
1286 1460 1444 1515 Οὖτω
1469 1462 1548 1533 τῷ
1576 1465 1619 1497 ¹⁹
1659 1464 1821 1519 Σολο-

236 1546 415 1613 μῶντι
467 1547 564 1601 καὶ
612 1548 843 1604 πλοῦτον
888 1552 983 1605 καὶ
1027 1550 1184 1617 δόξαν
1232 1554 1278 1585 ³⁸
1321 1556 1714 1625 προστέθεικεν
1754 1558 1821 1613 ⁸⁸.

233 1636 399 1693 Οὕτω
428 1639 476 1670 ’⁸
506 1642 624 1704 τοῖς
663 1642 798 1705 υἰοῖς
844 1641 1065 1714 Ἰσραὴλ
1104 1645 1196 1697 τὸν
1222 1645 1332 1699 τῶν
1358 1648 1675 1716 Αἰγυπτίων
1703 1648 1827 1702 ἐδω-

238 1732 450 1801 ρήσατο
480 1731 733 1788 πλοῦτον.
782 1751 801 1784 ι
836 1734 942 1786 Καὶ
970 1736 1001 1805 ἡ
1025 1734 1339 1807 δικαιοσύνη
1372 1737 1535 1791 αὐτοῦ
1570 1738 1723 1809 μένει
1745 1740 1826 1803 εἰς

232 1821 328 1875 τὸν
354 1822 530 1878 αἰῶνα
571 1822 667 1877 τοῦ
707 1824 926 1888 αἰῶνος.
968 1844 987 1877 ι
1022 1826 1291 1897 Ἀληστον
1336 1830 1442 1900 γάρ
1470 1829 1499 1881 ὁ
1540 1828 1651 1883 τῶν
1687 1830 1824 1885 ὅλων

234 1913 369 1977 Θεὸς
398 1912 513 1984 ἔχει
545 1914 644 1985 τὴν
684 1914 927 1986 μνήμην,
960 1916 1054 1969 καί
1083 1917 1414 1989 ἀείμνηστον
1439 1917 1605 1975 αὐτοῦ
1630 1918 1824 1989 διαφυ-

234 2003 428 2059 λάττει
448 2005 509 2058 τὸ
534 2005 711 2070 κλέος.

305 2097 372 2151 δ’.
409 2116 428 2149 ι
463 2097 831 2163 Ἐξανέτειλεν
863 2098 922 2152 ὲν
957 2098 1142 2153 σκότει
1164 2098 1279 2169 φῶς
1309 2101 1423 2164 τοίς
1460 2098 1671 2157 ἔθνεσιν
1698 2102 1765 2157 ⁸⁸.
1797 2121 1817 2157 ι

233 2191 465 2258 Σκότος
492 2192 621 2246 ποτὲ
656 2192 756 2261 μὲν
804 2191 902 2263 τὴν
930 2191 1155 2261 ἄγνοιαν
1182 2193 1249 2259 ⁸⁸,
1295 2194 1429 2247 ποτὲ
1467 2194 1525 2247 δὲ
1556 2194 1654 2259 τὰς
1688 2213 1825 2267 συμ-

234 2288 414 2359 φορὰς
459 2286 739 2359 ὀνομάζει,
774 2288 868 2343 καὶ
910 2286 1039 2357 ςρῶς
1065 2287 1121 2340 δὲ
1162 2285 1427 2352 ὡσαύτως
1456 2287 1555 2343 νῦν
1585 2289 1687 2359 μὲν
1721 2290 1823 2363 τὴν

237 2379 470 2449 γνῶσιν,
506 2380 602 2434 νῦν
628 2378 687 2433 δὲ
710 2377 820 2431 τῶν
851 2378 1039 2432 κακῶν
1069 2377 1168 2450 τὴν
1191 2377 1516 2451 ἀπαλλαγὴν
1549 2397 1824 2449 προσαγο-

236 2471 412 2543 ρεύει.
463 2471 628 2540 Λέγει
657 2470 861 2537 τοίνυν,
907 2471 990 2524 ὃτι
1020 2469 1115 2524 καὶ
1150 2470 1441 2540 ἀγνοοῦσιν
1479 2472 1747 2537 ύποδείξει
1777 2474 1823 2508 ’³

230 2565 333 2636 τὴν
364 2563 653 2635 ἀλήθειαν,
684 2564 775 2617 καί
796 2564 856 2616 ἒν
889 2564 955 2633 τῇ
980 2560 1086 2615 τῶν
1106 2560 1379 2632 ,λυπηρῶν
1408 2562 1683 2635 προσϐολῇ
1720 2563 1821 2636 τὴν

232 2656 450 2709 οἰκείαν
483 2654 807 2726 ἐπικουρίαν
838 2653 1036 2726 ὀρέξει.
1086 2652 1244 2707 Οὕτω
1276 2653 1367 2708 τὸν
1393 2654 1589 2727 Ἰωσὴφ
1619 2655 1684 2709 ἒκ
1722 2656 1823 2726 τῆς

234 2747 347 2800 τῶν
395 2746 643 2815 ἀδελφῶν
693 2744 1010 2818 μιαιφονίας
1047 2745 1379 2817 ὲξήρπασεν,
1437 2743 1615 2809 οὕτως
1658 2746 1821 2801 αὑτὸν

234 2838 337 2907 τῆς
358 2836 729 2907 συκοφαντίας
754 2836 1003 2906 ἀπέφηνε
1034 2836 1348 2906 κρείττοναο
1384 2833 1526 2888 οὕτω
1557 2835 1656 2907 τῆς
1686 2838 1822 2909 Σάῤ-

238 2931 341 3001 ρας
394 2927 745 3000 ἁρπαγείσης
787 2926 957 2998 ὤρεξε
1022 2924 1100 2996 τῷ
1157 2925 1408 2997 Ἀϐραὰμ
1469 2928 1570 2998 τὴν
1615 2928 1819 2982 οἰκείαν

238 3022 418 3093 ῥοπήν
444 3037 459 3052 ·
492 3019 635 3074 οὕτω
661 3020 753 3074 τὸν
781 3019 969 3073 Λάόαν
996 3018 1413 3089 ὲξεδειμάτωσε,
1444 3019 1541 3073 καί
1570 3018 1659 3073 τὸν
1693 3020 1821 3089 φεύ-

1916 537 1983 597 Ει
2005 540 2104 597 has
2139 543 2536 613 promissiones
2565 552 2825 614 tanquam
2853 545 3213 615 imperfectis,
3246 548 3344 617 qui
3371 563 3499 605 non.

1915 632 2044 686 dum
2077 632 2318 704 perfecta
2346 635 2536 693 audire
2565 646 2818 706 possunt,
2849 637 3002 693 facit.
3042 637 3321 695 Perfectos
3353 639 3501 695 enim

1918 722 2183 780 Dominus
2230 726 2482 782 Christus
2523 728 2798 783 contraria
2833 728 3016 795 docet,
3057 729 3248 787 dicens
3286 750 3300 786 :
3339 750 3361 784 ε
3394 730 3504 788 Νο·

1918 815 2012 871 lite
2042 816 2321 886 possidere
2344 832 2564 883 aurum,
2591 833 2768 889 neque
2795 828 3106 892 argentum,
3140 836 3319 891 neque
3344 838 3420 880 tes
3448 826 3502 879 in

1921 908 2075 962 zonis
2099 908 2321 973 vestris,
2351 922 2458 963 non
2489 924 2673 979 peram
2698 910 2754 966 in
2778 910 2887 973 via,
2910 926 3087 981 neque
3108 912 3503 982 calceamenta,

1922 1016 2101 1071 neque
2133 1000 2340 1072 virgam
2372 999 2422 1057 ἀ.
2462 1020 2482 1055 ι
2515 1000 2582 1057 Et
2626 1018 2823 1060 rursus
2863 1022 2878 1059 :
2920 1022 2938 1055 ι
2975 1002 3092 1060 Nisi
3143 1006 3268 1076 quis
3302 1023 3507 1062 renun-

1927 1093 2148 1148 tiaverit
2196 1092 2454 1149 omnibus
2509 1109 2631 1163 quae
2661 1094 2922 1164 possidet,
2965 1112 3075 1151 non
3124 1107 3306 1167 potest
3349 1115 3507 1155 meus

1920 1201 2044 1241 esse
2095 1184 2479 1255 discipulnsW.
2530 1204 2550 1237 ι
2601 1184 2711 1243 Et:
2761 1204 2783 1239 ι
2817 1187 2875 1240 Si
2909 1187 2991 1243 vis
3043 1189 3321 1259 perfectus
3354 1206 3504 1257 esse,

1921 1277 2096 1333 vende
2128 1278 2313 1333 omnia
2344 1291 2466 1347 quze
2504 1277 2692 1343 habes,
2726 1286 2780 1333 et
2813 1278 2880 1336 da
2900 1280 3235 1349 pauperibus
3270 1281 3316 1337 τ.
3349 1300 3369 1333 ι
3406 1282 3507 1337 Ve-

1924 1377 2233 1423 rumtamen
2263 1369 2378 1423 haec
2410 1383 2538 1423 cum
2575 1370 2874 1440 praecipiat,
2925 1370 3137 1444 1m
3168 1372 3259 1427 illa
3300 1374 3505 1444 imper-

1924 1460 2082 1516 fectis
2104 1469 2158 1516 et
2180 1461 2432 1530 spondet,
2470 1470 2523 1516 et
2565 1461 2814 1532 largitur.
2850 1464 2939 1517 Sic
2972 1464 3252 1520 Salomoni
3284 1466 3504 1525 divitias

1924 1562 1981 1610 et
2010 1555 2239 1625 gloriam
2275 1556 2428 1610 auxit
2459 1574 2473 1611 :
2507 1556 2588 1612 sic
2619 1556 2746 1612 filiis
2796 1557 2963 1613 Israel
2995 1557 3376 1631 Egyptiorum
3426 1562 3507 1617 di-

1927 1645 2086 1700 vitias
2123 1645 2367 1699 donavit.
2406 1663 2425 1698 ι
2466 1644 2530 1702 Ει
2552 1647 2762 1718 iustitia
2784 1647 2905 1717 ejus
2938 1659 3121 1704 manet
3152 1651 3207 1704 in
3246 1653 3505 1708 saeculum

1928 1735 2133 1791 saeculi.
2187 1754 2207 1788 ι
2253 1734 2541 1793 Ειοτηοιη
2588 1739 2733 1794 enim
2785 1740 2949 1796 hahet
2987 1743 3306 1798 memoriam
3358 1744 3507 1802 Deus

1926 1828 2348 1897 universorum,
2416 1839 2469 1885 et
2530 1844 2846 1903 perpetuam
2918 1844 3209 1892 conservat
3272 1834 3504 1908 gloriam

1925 1933 2105 1976 suam.

1924 2098 1969 2161 Ψ
1996 2097 2161 2155 Vens.
2184 2100 2239 2155 4.
2293 2118 2311 2153 ι
2346 2100 2608 2157 Exortum
2640 2112 2721 2161 est
2750 2101 2803 2157 in
2835 2102 3075 2159 tenebris
3118 2102 3301 2160 lumen
3332 2106 3507 2178 genti-

1925 2190 2049 2247 bus.
2088 2210 2107 2243 ι
2149 2190 2411 2248 Tenebras
2455 2194 2617 2249 modo
2655 2194 2877 2263 quidem
2912 2195 3302 2266 ignorantiam,
3339 2197 3503 2253 modo

1924 2297 2053 2338 vero
2077 2284 2415 2340 calamitates
2443 2289 2691 2340 nominat
2722 2303 2735 2340 :
2767 2294 2823 2342 et
2850 2286 3023 2341 lumen
3054 2286 3328 2354 similiter,
3358 2304 3507 2345 nunc

1924 2374 2143 2445 quidem
2175 2376 2572 2448 cognitionem,
2599 2393 2744 2433 nunc
2772 2394 2905 2433 vero
2930 2378 3305 2435 liberationem
3330 2396 3359 2435 a
3394 2396 3504 2436 ma-

1924 2466 1994 2521 lis
2022 2466 2277 2536 appellat.
2312 2467 2455 2523 Dicit
2497 2468 2686 2535 igitur.
2718 2478 2773 2524 et
2801 2469 3181 2538 ignorantibus
3215 2472 3501 2527 veritatem

1923 2569 1984 2609 se
2017 2556 2541 2625 demonstraturum,
2581 2566 2636 2612 et
2675 2558 2728 2611 in
2774 2558 3041 2615 malorum
3072 2561 3297 2616 incursu
3344 2577 3501 2615 suam

1922 2657 2080 2713 Opem
2107 2644 2399 2700 allaturum
2433 2661 2574 2702 esse.
2609 2646 2701 2703 Sic
2731 2646 3027 2718 Josephum
3062 2648 3293 2705 fratrum
3323 2654 3501 2721 parri-

1921 2737 2067 2792 cidio
2088 2737 2311 2805 eripuit,
2346 2739 2427 2793 sic
2450 2739 2706 2794 eumdem
2738 2755 2768 2793 a
2800 2741 3075 2796 calumnia
3107 2742 3391 2798 liberavit:
3422 2744 3504 2799 sic

1922 2841 2105 2899 erepta
2139 2828 2272 2884 Sara
2298 2830 2561 2885 auxilium
2592 2830 2719 2885 tulit
2744 2830 3055 2887 Abrahamo
3080 2849 3096 2888 :
3120 2834 3201 2889 sic
3227 2832 3526 2901 Labanem,

1923 2922 2239 2992 perterruit,
2280 2929 2333 2976 et
2388 2920 2684 2991 fugientem
2748 2923 3071 2993 insequente
3135 2925 3502 2994 potentiorem

1922 3011 2180 3066 ostendit.
2214 3010 2420 3065 Divina:
2452 3011 2619 3081 igitur
2645 3012 2903 3081 potentia:
2948 3013 3055 3069 hoc
3088 3022 3172 3071 est
3208 3028 3499 3085 argumeu~

235 3126 408 3179 γοντα
463 3109 556 3163 τοῦ
609 3108 899 3173 διώκοντος
952 3107 1324 3179 δυνατώτερον
1378 3107 1567 3173 ἔδειξε.
1621 3108 1733 3178 Τῆς
1773 3110 1818 3141 ³⁸

1924 3114 2058 3167 tum,
2088 3101 2434 3158 excitationis
2468 3118 2633 3158 causa
2664 3104 2997 3173 permittere,
3043 3114 3103 3159 ut
3127 3105 3263 3176 justi
3306 3105 3361 3160 in
3414 3121 3502 3163 res

237 3200 395 3261 Θείας
449 3199 627 3253 τοίνυν
685 3198 968 3268 δυνάμεως
1038 3197 1132 3251 καί
1186 3197 1345 3253 τοῦτο
1388 3199 1709 3269 τεκμήριον,
1758 3198 1819 3251 τὸ

236 3289 554 3363 γυμνασίας
598 3289 697 3361 μιν
731 3289 915 3342 εἵνεκα
957 3291 1265 3360 συγχωρεῖν
1303 3289 1663 3360 προσϐάλλειν
1708 3293 1821 3354 τοῖς

235 3383 475 3447 δικαίοις
516 3382 584 3436 τά
622 3382 862 3452 λυπηρά,
903 3380 1141 3434 διαλύειν
1183 3380 1239 3434 δὲ
1288 3380 1493 3433 τούτων
1530 3381 1589 3434 τὸ
1640 3379 1817 3449 νέφος,

238 3475 339 3529 καὶ
369 3472 619 3545 καθαράν
671 3472 889 3543 αἰθρίαν
931 3471 1273 3542 χαρίζεσθαι.
1329 3489 1347 3522 ι
1385 3471 1685 3541 Ἐλεήμων,
1727 3471 1822 3524 καί⁵

236 3568 548 3638 οἰκτίρμων
575 3565 642 3631 ’⁷,
682 3566 778 3617 καὶ
806 3563 1066 3625 δίκαιος.»
1108 3561 1291 3617 Ταῦτα
1324 3562 1381 3614 δὲ
1410 3560 1826 3632 πρυτανεύειδι-

239 3657 529 3727 καιοσύνῃ.
564 3658 658 3710 καί
683 3655 838 3726 ἐλέῳ,
869 3656 963 3708 καὶ
982 3654 1282 3725 ἀγαθότητι
1311 3652 1612 3724 χρώμενος.
1645 3651 1822 3722 mea-

237 3770 335 3808 ται
380 3751 479 3823 μὲν
514 3750 623 3821 γὰρ
649 3748 726 3812 ὡς
752 3747 1156 3817 φιλάνθρωπος,
1187 3745 1485 3816 στεφανοῦν
1508 3745 1566 3799 δὲ
1591 3744 1717 3807 τοὺς
1746 3743 1822 3798 δι-

1923 3194 2182 3248 adversas
2232 3192 2494 3261 incidant,
2537 3201 2593 3249 et
2640 3193 2834 3248 barum
2900 3195 3156 3250 nebulam
3203 3194 3500 3261 discutere,

1923 3300 2225 3355 puramque
2254 3285 2603 3341 serenitatem
2635 3286 2872 3342 efﬁcere.
2913 3303 2932 3338 ι
2970 3286 3289 3344 Misericors
3317 3296 3371 3343 et
3397 3286 3504 3342 mi-

1923 3387 2149 3440 serator,
2178 3379 2195 3398 ⁶
2236 3384 2292 3433 et
2323 3377 2508 3448 justus
2552 3386 2656 3434 est.
2701 3396 2721 3430 ι
2761 3378 2889 3433 Haec
2931 3388 3112 3434 autem
3162 3378 3501 3445 moderatur,

1923 3467 2158 3539 iustitia,
2208 3477 2263 3523 et
2307 3469 2709 3532 misericordia,
2760 3476 2815 3525 et
2845 3470 3089 3526 bonitate
3144 3478 3323 3525 utens.
3366 3468 3502 3525 Nam

1925 3578 2113 3618 curam
2146 3563 2285 3634 gerit
2330 3563 2546 3634 quidem
2600 3571 2660 3617 ut
2698 3562 2967 3633 benignus
3004 3580 3018 3617 ε
3064 3577 3334 3619 coronare
3374 3577 3505 3618 vero

1921 3654 2101 3723 justos
2131 3657 2345 3719 volens,
2376 3653 2680 3710 certamina
2711 3652 2999 3723 permittit,
3033 3652 3198 3709 solvit
3225 3666 3354 3710 vero
3386 3651 3504 3707 haec

1928 3746 2176 3816 protinus
2208 3745 2279 3800 ob
2304 3746 2629 3802 immensam
2660 3744 2982 3807 bonitatem,

239 3846 436 3908 καίους
474 3832 817 3915 βουλόμενος,
865 3842 1139 3911 συγχωρεί
1173 3840 1298 3903 τοὺς
1344 3837 1583 3908 ἀγῶνας,
1650 3835 1769 3891 λύει
1833 3835 1891 3890 δὲ
1928 3836 2152 3902 τούτους
2196 3838 2280 3892 ὅτι
2320 3837 2366 3872 ⁸⁸
2417 3838 2648 3909 τάχιστα
2704 3836 2793 3895 διὰ
2841 3836 2939 3909 τὴν
2978 3838 3315 3911 ,ἀμέτρητον
3367 3839 3505 3910 ἀγα-

240 3936 472 3991 θότητα.

382 3952 472 3988 τα.

305 3952 386 4105 :1.
422 4067 443 4101 ι
479 4046 727 4120 Χρηστδς
753 4045 893 4118 ἀνὴρ
926 4045 956 4099 ὁ
986 4044 1291 4118 οἰκτείρων,
1329 4044 1426 4099 καὶ
1463 4044 1702 4117 κιχρῶν’
1741 4045 1818 4099 οἰ-

1994 4041 2163 4097 Vsas.
2188 4040 2240 4096 5.
2271 4058 2291 4094 ι
2318 4039 2591 4113 Benignus
2616 4040 2911 4112 homo‘qui
2941 4041 3234 4097 miseretur
3272 4050 3327 4097 et
3354 4056 3504 4098 como

239 4140 545 4211 κονομήσει
591 4139 717 4201 τοὺς
750 4136 944 4206 λόγους
997 4135 1163 4190 αὑτοῦ
1212 4136 1274 4189 δν
1318 4135 1517 4207 κρίσει.
1571 4154 1614 4219 ιι
1653 4136 1714 4191 '0
1758 4134 1817 4190 δὲ

1924 4135 2127 4196 modat,
2145 4131 2398 4201 disponet
2429 4128 2641 4201 1505
2665 4143 2951 4185 sermones
2978 4144 3107 4185 suos
3132 4131 3186 4184 in
3210 4128 3446 4223 judicio.
3477 4149 3496 4182 ι

240 4232 548 4302 Σύμμαχος
596 4228 802 4293 οὕτως’
863 4228 1120 4298 Ἀγαθός,
1169 4226 1539 4297 χαριστικὸς,
1572 4212 1671 4281 καί
1732 4244 1820 4283 κι-

1931 4222 2295 4297 Symmaehus
2325 4229 2509 4277 autem
2548 4222 2629 4276 sic
2672 4238 2685 4275 :
2716 4220 2918 4286 Bonus,
2956 4222 3238 4291 muniﬁcus
3274 4212 3505 4276 etcom-

239 4323 430 4394 χρῶν,
464 4321 795 4391 οἰκονομῶν
824 4322 895 4375 τὰ
922 4320 1237 4391 πράγματα
1281 4320 1469 4376 αὐτοῦ
1509 4318 1662 4388 μετὰ
1701 4321 1820 4387 κρί-

1926 4316 2169 4382 modaus,
2217 4315 2308 4386 qui
2353 4313 2624 4383 dispensat
2672 4328 2755 4367 res
2801 4329 2926 4367 suas
2974 4329 3094 4368 cum
3128 4313 3359 4383 judicio.
3399 4312 3503 4380 Qui

239 4430 424 4478 σεως.
467 4411 527 4464 ὐ
563 4410 672 4482 γὰρ
706 4410 797 4463 τὸν
836 4410 1034 4464 οἰκεῖον
1065 4410 1329 4482 δεσπότην
1370 4408 1710 4482 μιμούμενος
1739 4426 1820 4478 φι-

1928 4408 2073 4465 enim
2104 4408 2390 4463 dominum
2425 4420 2588 4462 suum
2620 4404 2887 4472 imitatur,
2917 4404 3066 4475 larga
3090 4416 3252 4459 manu
3285 4418 3506 4458 conser-

239 4504 484 4575 λοτίμως
542 4501 836 4574 θεραπεύει
878 4503 1007 4565 τοὺς
1059 4501 1414 4572 ὁμοδούλουςτ
1461 4500 1748 4572 οἰκτείρων
1781 4501 1820 4534 ²¹

1927 4501 2009 4557 vis
2030 4500 2326 4565 succurrit,
2350 4497 2623 4554 miserans
2644 4497 2864 4569 quidem
2889 4506 2947 4552 ut
2973 4495 3183 4551 natura:
3206 4495 3503 4566 particeps,

245 4595 373 4665 μὲν,
420 4595 495 4657 ὼς
537 4594 636 4665 τῆς
664 4592 881 4665 φύσεως
914 4594 1191 4656 κοινωνὸς,
1242 4592 1451 4665 κιχρῶν
1500 4592 1577 4659 δὲ,
1609 4592 1685 4656 ὠς
1712 4591 1820 4665 ,τὴν

1928 4594 2287 4651 commodans
2319 4609 2469 4658 vero,
2505 4600 2766 4661 tanquam
2793 4605 2823 4643 a
2848 4588 3126 4645 connnuni
3156 4587 3391 4653 Domino
3416 4603 3507 4644 res

243 4688 458 4742 ἔκτισιν
500 4688 652 4758 παρὰ
690 4686 788 4741 τοῦ
820 4685 1004 4740 κοινοῦ
1038 4684 1360 4758 προσμένων
1401 4685 1693 4743 Δεσπότου.
1728 4686 1820 4738 Οὐ-

1932 4686 2363 4741 mnnerationem
2393 4693 2739 4753 exepectans.
2765 4680 2909 4735 Nihil
2928 4690 3110 4735 autem
3143 4680 3267 4738 talis
3290 4680 3507 4735 incaute

243 4778 340 4831 δὲν
383 4776 443 4830 δὲ
486 4778 515 4831 ὁ
568 4776 807 4847 τοιοῦτος
850 4778 1179 4850 ἀδιακρίτως
1216 4778 1535 4850 ἐργάζεται,
1582 4779 1698 4833 ἀλλ’
1741 4779 1820 4849 ὀρ·

1932 4778 2083 4843 facit,
2118 4778 2214 4833 sed
2261 4778 2428 4835 rectis
2458 4788 2619 4834 utens
2668 4774 3112 4855 cegitationibus,
3146 4784 3201 4829 et
3245 4774 3406 4833 verba
3452 4782 3507 4836 et

245 4868 361 4931 θῶς
392 4869 439 4899 ³⁸
473 4868 753 4939 χρώμενος
781 4869 1046 4941 λογισμῷ,
1075 4872 1170 4925 καὶ
1207 4870 1337 4935 τοὺς
1388 4870 1585 4940 λόγους
1614 4869 1709 4927 καί
1758 4868 1820 4925 τὰ

1935 4885 2099 4945 opera
2128 4880 2306 4929 ornat.

247 4960 392 5031 ἔργα
422 4962 633 5030 κοσμεῖ.

325 5184 352 5225 δ
381 5184 569 5241 Matth.
606 5202 661 5253 x,
686 5184 739 5252 9,
774 5186 860 5241 10.
982 5199 1003 5226 ο
1038 5186 1171 5240 Luc.
1208 5203 1319 5253 xtv,
1346 5187 1433 5243 3'5.
1532 5186 1553 5225 ί
1588 5185 1777 5242 Matth.
1822 5200 1936 5251 xtx,
1962 5185 2055 5239 ει.

1316 5386 1551 5443 ἺΑΒΙΕ
1593 5386 1973 5444 LECTIONES
2032 5384 2119 5441 ET
2147 5384 2385 5443 ΝΟΤΛΕ.

369 5541 414 5574 ¹⁹
450 5539 561 5607 Τῷ.
598 5541 719 5597 cod.
750 5541 773 5596 l
819 5556 1007 5611 praem.
1040 5543 1154 5597 καί.
1228 5544 1275 5575 ⁸⁸
1296 5544 1418 5598 cod.
1453 5540 1597 5599 ικαὶ
1622 5542 1780 5607 δόξαν
1801 5560 1820 5595 >

1924 5540 2171 5599 πλοῦτον.
2206 5610 2209 5611 ν
2254 5541 2295 5571 ¹¹
2324 5539 2456 5594 ibid.
2497 5538 2899 5611 προστίθησιν...
2981 5537 3268 5611 ²¹ιοῦτωη
3296 5537 3420 5611 cod.
3482 5537 3507 5589 l

261 5613 393 5693 add;
414 5592 559 5693 κξιίῖξ
606 5592 1153 5693 ῖῖῗβθιῖέάἶτῖ-’έὲἒδῖ
1190 5614 1216 5668 ι
1252 5592 1820 5693 εβόέξιγϊέέειιῑίῄἇιέ

1926 5592 2171 5693 ᾔτει-ιάέρ
2203 5592 2939 5693 lectionexllebrhnijtﬁls.
3017 5608 3064 5693 ξι
3090 5607 3271 5693 coda?
3306 5608 3512 5693 éVO-t’ay.

261 5688 309 5722 "
362 5683 495 5737 ih'nl.
530 5682 849 5748 ὑποδείξεις.
924 5682 970 5713 ’⁸
1006 5681 1121 5749 Τῆς
1148 5714 1215 5725 -—
1255 5684 1610 5752 ἁγαθότητα.
1657 5677 1791 5735 Ὀοε.

268 5771 403 5803 atoc.
482 5754 528 5787 ’⁸
567 5754 719 5803 Ὅτι.
780 5753 950 5803 Abest.
1008 5768 1037 5803 a
1069 5754 1189 5803 cod.
1224 5754 1276 5803 L
1352 5755 1399 5786 ”
1432 5755 1553 5803 cod.
1596 5752 1820 5803 Ιοίκτίο

1924 5681 1992 5735 ud
2021 5682 2181 5736 Gnril.
2217 5682 2253 5735 Ι.
2284 5699 2330 5734 e.
2446 5678 2574 5734 276.
2654 5681 2694 5711 ’⁷
2733 5680 2891 5733 Οἰκτ.
2928 5682 3052 5736 eod.
3094 5680 3115 5735 Ἰ
3156 5677 3336 5737 add.6
3398 5678 3513 5733 Κύ-

1924 5770 1969 5803 ν.
2051 5752 2261 5803 ao’ibid.
2295 5752 2359 5803 ὀρ
2400 5750 2464 5803 ὦ.

266 5771 403 5825 ptes.
482 5754 528 5787 ’⁸
567 5754 719 5808 Ὅτι.
780 5753 950 5810 Abest
1008 5768 1037 5807 a
1069 5754 1189 5809 cod.
1224 5754 1276 5809 1.
1352 5755 1399 5786 ’⁸
1432 5755 1553 5809 cod.
1596 5752 1820 5823 Ιοίκτίρ

1924 5770 1969 5805 ν.
2051 5753 2109 5784 ³ο-
2131 5752 2261 5807 ibid.
2295 5752 2470 5823 ὀρθῷ..
