3924 6486
454 338 592 416 1783

1414 345 1907 410 THEODORETI
1941 346 2283 409 EPISCOPI
2320 346 2691 411 CYBENSIS

3591 349 3737 416 1784

518 465 688 523 Vens.
727 463 781 520 6.
825 483 843 518 ι
875 462 1147 533 Quoniam
1181 464 1236 520 in
1272 472 1539 521 aeternum
1578 482 1685 520 non
1719 479 2030 520 commove-

2209 464 2285 530 ς’.
2329 484 2347 517 ι
2410 466 2537 519 Ὅτι
2591 467 2675 529 είς
2720 465 2812 519 τὸν
2860 464 3034 520 αίῶνα
3101 467 3164 522 οὑ
3231 467 3653 541 σαλευθὴσεται.
3708 490 3731 522 ι

448 560 617 618 bitur.
651 578 671 611 ι
700 558 939 615 Firmam
966 561 1113 615 enim
1141 556 1460 628 hujusmodi
1494 560 1657 615 homo
1684 559 1849 614 habet
1883 573 2038 612 men-

448 662 583 717 tem,
612 668 735 723 quise
763 652 967 707 nullam
991 653 1349 707 mutationem
1376 652 1583 722 patitur
1609 667 1705 721 per
1729 660 2035 721 temporum

449 743 823 801 difﬁcultates.

520 832 686 888 Vens.
722 834 773 888 7.
816 852 835 886 ι
878 835 937 889 In
975 832 1245 889 memoria
1280 842 1483 888 aeterna
1518 831 1626 887 erit
1653 832 1858 902 justus.
1890 851 1908 885 ι
1940 833 2040 888 Ce-

447 925 778 981 leberrimus
800 936 978 981 autem
1010 925 1114 981 erit
1153 925 1265 992 hic,
1292 934 1347 979 et
1378 925 1448 979 ah
1483 926 1745 981 omnibus
1783 926 2041 981 decanta-

450 1018 620 1083 bitur,
652 1026 707 1073 et
737 1018 1122 1086 sempiternam
1171 1016 1444 1085 relinquet
1476 1016 1728 1085 gloriam.
1765 1033 1784 1067 ι
1826 1016 1910 1070 Ab
1943 1022 2040 1070 au-

452 1109 658 1164 ditione
687 1108 825 1162 mala
850 1124 957 1163 non
994 1108 1227 1163 timebit.
1270 1126 1288 1158 ι
1316 1107 1488 1163 Porro
1518 1123 1620 1162 nec
1662 1108 1841 1162 minas
1878 1107 2039 1161 time-

452 1200 555 1267 bit,
584 1214 761 1269 neque
794 1200 1043 1264 nuntios,
1076 1199 1184 1271 qui
1216 1210 1480 1256 terrorem
1511 1202 1756 1256 incutere
1786 1208 2036 1271 possunt.

458 1307 478 1341 ι
515 1290 769 1345 Paratum
799 1305 895 1344 cor
922 1289 1043 1361 ejus
1083 1306 1308 1360 sperare
1354 1292 1405 1345 in
1437 1292 1692 1346 Domino.
1732 1309 1751 1344 ι
1798 1290 2041 1362 Symma-

448 1378 587 1434 chus
649 1390 903 1448 paratum
969 1396 1164 1436 rursus
1223 1380 1615 1450 interpretatus
1666 1388 1751 1436 est
1797 1381 2038 1451 ﬁrmum.

452 1468 693 1525 Firmam
726 1472 896 1538 enim,
936 1472 1031 1537 ait,
1067 1481 1121 1526 et
1163 1483 1506 1528 constantem
1540 1474 1593 1527 in
1624 1473 1734 1528 Deo
1764 1489 1913 1543 spem
1950 1474 2041 1528 ha-

454 1562 589 1618 bet:
624 1571 679 1619 et
717 1575 1003 1635 propterea
1047 1566 1363 1636 hujusmodi
1407 1569 1677 1624 tumultus
1720 1583 1822 1638 pro
1867 1569 2045 1623 nihilo

452 1653 641 1708 habet.

528 1744 692 1800 Vens.
719 1745 773 1802 8.
809 1764 828 1798 ι
848 1745 1246 1803 Conllrmatum
1275 1758 1358 1804 est
1384 1764 1481 1804 cor
1507 1748 1649 1818 ejus,
1672 1765 1779 1805 non
1812 1760 2037 1815 metuet,

2140 555 2376 610 Βεδαίαν
2410 558 2522 629 γὰρ
2551 559 2580 610 6
2612 556 2851 622 τοιοῦτος
2883 558 2998 628 ἔχει
3029 558 3130 631 τὴν
3169 560 3419 630 γνώμην,
3469 562 3737 631 οὐδεμίαν

2139 649 2353 720 τροπὴν
2408 649 2707 723 δεχομένην
2768 652 2827 704 ἐν
2880 654 3004 716 ταῖς
3072 651 3186 707 τῶν
3257 654 3467 727 καιρῶν
3535 656 3735 709 δυσκο-

2139 740 2304 794 λίαις.

2212 758 2304 803 ιις.

2212 832 2277 897 ξ’.
2326 851 2345 883 ι
2388 833 2482 895 Είς
2523 833 2871 903 μνημόσυνον
2929 833 3149 889 αἰώνιον
3208 834 3361 889 ἔσται
3433 835 3665 899 δίκαιος.
3706 854 3729 887 ο

2142 922 2591 994 Πολυθρύλλητος
2616 923 2672 976 δὲ
2696 925 2725 977 6
2753 923 2994 987 τοιοῦτος
3019 924 3193 990 ἔσται,
3237 926 3332 979 καὶ
3374 927 3527 997 παρά
3561 931 3735 980 πᾶσιν

2138 1014 2409 1084 ἀοίδιμος,
2470 1015 2564 1067 καὶ
2626 1016 2957 1086 ἀείμνηστον
2990 1016 3031 1049 ³¹
3073 1016 3392 1086 καταλείψει
3434 1018 3496 1070 τὸ
3545 1018 3731 1081 κλέος.

2132 1118 2167 1156 ἰ
2208 1106 2342 1159 Ἀπὸ
2369 1106 2539 1175 ἀκοῆς
2588 1109 2836 1175 πονηρᾶς
2879 1108 2938 1160 οὑ
2991 1107 3378 1177 φοϐηθήσεται.
3430 1128 3449 1161 ι
3496 1107 3634 1161 Οὔτε
3672 1109 3736 1162 δὲ

2141 1194 2371 1257 ἀπειλὰς
2418 1193 2604 1260 δείσει,
2664 1195 2786 1248 οὒτε
2839 1194 3099 1264 ἀγγελίας
3156 1196 3321 1265 φόδον
3380 1199 3575 1261 ίκανάς
3624 1201 3734 1267 ὲμο

2138 1286 2387 1355 ποιῆσαι.
2435 1303 2454 1336 ι
2501 1283 2724 1356 Ἐτοίμη
2770 1288 2803 1355 ή
2837 1285 3037 1358 καρδία
3078 1286 3244 1340 αὑτοῦ
3289 1286 3530 1352 ἐλπίζειν
3556 1290 3600 1321 ⁸⁸
3634 1290 3735 1342 ἐπὶ

2132 1376 2349 1447 Κυρίου
2377 1376 2444 1430 ³³.
2485 1394 2503 1426 ι
2550 1376 2635 1429 ’οη
2662 1376 2719 1429 δὲ
2776 1376 3076 1447 Σύμμαχος
3115 1377 3212 1448 τὴν
3264 1378 3513 1447 ἑτοίμην
3560 1379 3733 1432 πάλιν

2134 1468 2387 1534 ἑδραίαν
2436 1470 2804 1539 ήρμήνευσεν.
2861 1469 3117 1539 Ἒδραίαν
3138 1469 3185 1501 ³⁵
3228 1469 3364 1539 ἔχει,
3426 1470 3584 1539 φησὶ,
3630 1472 3735 1523 καὶ

2146 1561 2367 1630 βεϐαίαν
2396 1563 2440 1594 ³⁸
2471 1563 2571 1632 τὴν
2595 1564 2673 1623 είς
2696 1561 2831 1614 Θεὸν
2886 1561 3100 1627 ἐλπίδα,
3144 1564 3240 1615 καὶ
3297 1562 3386 1615 διὰ
3428 1562 3588 1615 τοῦτο
3617 1561 3732 1616 τῶν

2141 1654 2401 1705 τοιούτων
2430 1653 2675 1724 θορύϐων
2692 1656 3046 1724 ⁴καταφρονεῖ.

2215 1751 2286 1817 η’.
2330 1764 2347 1796 ι
2383 1746 2790 1818 Ἐστήρικταιὴ
2817 1746 3017 1817 καρδία
3051 1746 3236 1807 αὑτοῦ,
3268 1746 3327 1799 οὑ
3359 1745 3436 1819 μὴ
3468 1746 3715 1816 φοϐηθῇ,

451 1834 633 1891 donec
682 1837 864 1892 videat
913 1838 1167 1894 inimicos
1224 1852 1358 1894 suos
1421 1812 1783 1911 (oppressos).
1842 1859 1860 1892 ι
1924 1812 2039 1893 Non

2275 1830 2337 1889 οὑ
2374 1812 2664 1908 ὲπίδῃννὲπὶ
2715 1812 2844 1902 rei);
2890 1812 3147 1909 ἐχθροὺς⁹
3189 1812 3378 1891 αὑτοῦ.
3482 1812 3565 1891 ’ού
3601 1812 3732 1908 ⁷γαρ

456 1927 620 1980 modo
648 1928 794 1982 enim
833 1929 1020 1986 hostes
1042 1944 1150 1985 non
1185 1929 1362 1995 timet,
1397 1946 1587 1986 verum
1628 1932 1792 1987 etiam
1822 1933 2043 1987 illorum

455 2026 696 2089 stragem
729 2017 800 2073 ob
830 2034 981 2090 spem
1024 2020 1079 2075 in
1116 2021 1223 2075 Deo
1245 2022 1568 2077 collocatam
1600 2031 1904 2095 exspectat.

525 2192 696 2250 Vens.
753 2196 807 2252 9.
846 2214 867 2249 ι
915 2194 1150 2268 Sparsit,
1199 2198 1349 2254 dedit
1395 2200 1726 2271 pauperibus
1767 2217 1783 2255 :
1830 2200 2041 2270 justitia

453 2284 576 2355 ejus
620 2296 807 2342 manet
853 2287 909 2342 in
956 2290 1219 2344 saeculum
1265 2291 1476 2347 saeculi.
1533 2310 1551 2344 ι
1604 2290 2045 2362 Unumquodque

455 2379 687 2435 istorum
718 2380 936 2437 virtutis
979 2381 1285 2438 doctrinam
1331 2383 1642 2440 volentibus
1683 2384 1860 2439 aﬂ‘ert.
1906 2384 2046 2440 Dicit

454 2478 641 2527 autem
674 2487 824 2541 eum,
868 2474 963 2544 qui
1001 2476 1307 2531 reverentia
1341 2477 1637 2548 divinoque
1676 2478 1875 2532 timore
1909 2492 2045 2547 pra:-

454 2561 603 2618 ditus
632 2571 734 2628 est,
779 2577 891 2619 non
941 2563 1263 2634 simpliciter
1307 2566 1685 2639 indigentibus
1735 2567 2045 2623 misericor-

456 2654 602 2708 diam
631 2657 895 2724 praebere,
943 2656 1040 2713 sed
1073 2672 1198 2711 cum
1230 2657 1401 2713 multa
1443 2658 1776 2719 liberalitate
1820 2658 1925 2714 hoc
1967 2658 2047 2711 fa-

457 2760 603 2810 cere,
637 2746 950 2818 imitarique
992 2747 1207 2820 1506
1235 2759 1479 2806 serentes
1520 2752 1670 2822 large
1714 2750 1946 2816 semina,
1989 2759 2045 2805 et

454 2836 788 2906 dissipantes
816 2839 887 2893 ob
918 2840 1327 2910 manipulorum
1377 2856 1552 2911 spem.
1596 2840 1862 2896 Similiter
1895 2842 2040 2897 enim

457 2941 515 2987 ct
546 2932 635 2988 hic
654 2931 881 3003 jnstitia:
902 2933 1114 2989 lucrum
1147 2943 1447 3005 exspectat.
1484 2954 1502 2986 ι
1532 2933 1716 2990 Cornu
1746 2935 1866 3005 ejus
1892 2935 2044 2990 exal-

458 3023 666 3079 tabitnr
691 3023 746 3079 in
785 3025 980 3095 gloria.
1021 3044 1039 3076 ι
1091 3025 1270 3081 Cornu
1314 3037 1470 3083 vocat
1511 3027 1691 3095 robur,
1727 3029 2043 3100 metaphora

2148 1929 2310 1999 μόνον
2369 1930 2432 1983 οὐ
2493 1928 2632 1981 δέδιε
2696 1930 2825 1994 τοὺς
2899 1930 3222 1999 δυσμενεῖς,
3281 1928 3418 1982 ἀλλὰ
3477 1929 3573 1982 καὶ
3626 1928 3733 1999 τὴν

2144 2019 2367 2073 ἐκείνων
2438 2015 2609 2092 ἧτταν
2669 2020 2760 2074 διὰ
2824 2020 2921 2091 τὴν
2980 2022 3063 2084 είς
3123 2019 3257 2073 Θεὸν
3298 2019 3490 2074 ἐλπίδα
3556 2036 3733 2091 προσ-

2147 2112 2321 2181 μένει.

2217 2203 2281 2257 θ’.
2318 2222 2338 2255 ι
2372 2204 2752 2275 Ἐσκόρπισεν,
2773 2202 2941 2256 ἔδωκε
2966 2204 3082 2266 τοῖς
3098 2202 3328 2272 πένησιν
3349 2217 3364 2231 ·
3396 2199 3733 2272 ήδικαιοσύ-

2144 2312 2209 2363 νη
2243 2294 2407 2347 αὑτοῦ
2441 2294 2593 2364 μένει
2617 2294 2699 2357 είς
2733 2294 2823 2347 τὸν
2865 2292 3040 2347 αἰῶνα
3076 2291 3172 2345 τοῦ
3206 2290 3424 2354 αἰῶνος.
3459 2309 3479 2342 ι
3506 2290 3728 2342 Τούτων

2145 2387 2373 2440 ἕκαστον
2400 2385 2748 2440 διδασκαλίαν
2780 2386 2984 2455 ἀρετῆς
3028 2387 3143 2448 τοῖς
3181 2383 3535 2454 βουλομένοις
3556 2398 3731 2452 προσ-

2145 2478 2321 2549 φέρει.
2354 2477 2515 2546 Λέγει
2539 2477 2617 2543 δὲ,
2648 2478 2730 2530 ὃτι
2760 2479 2789 2531 6
2816 2478 2881 2548 τῇ
2900 2476 3158 2547 εὐλαϐείᾳ
3183 2476 3278 2528 καὶ
3304 2473 3384 2544 τῷ
3415 2474 3548 2544 θείῳ
3575 2473 3731 2544 φόὸῳ

2146 2567 2524 2640 κοσμούμενος
2564 2568 2663 2639 οὑχ
2704 2569 2895 2632 ἁπλῶς
2925 2570 3041 2631 τοίς
3097 2567 3376 2637 δεομένοις
3401 2566 3591 2637 ὀρέγει
3633 2566 3731 2616 τὸν

2145 2659 2314 2726 ἔλεον,
2349 2660 2485 2715 ἀλλά
2511 2661 2650 2731 μετά
2672 2662 2876 2731 πολλῆς
2906 2660 3217 2730 φιλοτιμίας
3236 2660 3397 2714 τοῦτο
3426 2663 3596 2721 ποιεῖ,
3632 2660 3731 2711 καὶ

2150 2757 2397 2825 μιμεῖται
2446 2754 2575 2818 τοὺς
2625 2754 2954 2823 σπείροντας
2993 2752 3230 2822 ἀφειδῶς
3281 2751 3353 2805 τὰ
3404 2753 3730 2821 σπέρματα,

2146 2848 2242 2901 καὶ
2290 2846 2686 2909 σκεδαννύντας
2728 2846 2816 2899 διά
2848 2845 2948 2916 τὴν
2980 2844 3090 2898 τῶν
3136 2845 3468 2915 δραγμάτων
3509 2843 3729 2896 ἐλπίδα.

2146 2936 2551 3008 Παραπλησίως
2576 2936 2683 3007 γὰρ
2710 2935 2805 2988 καὶ
2843 2930 2999 2997 οὗτος
3029 2935 3129 3005 τῆς
3164 2935 3518 3004 δικαιοσύνης
3556 2949 3735 3001 προσο

2148 3029 2303 3099 μένει
2349 3028 2410 3081 τὸ
2461 3027 2677 3099 κέρδος.
2719 3045 2738 3078 ι
2794 3027 2869 3080 T6
2930 3026 3100 3098 κέρας
3151 3026 3319 3080 αὑτοῦ
3370 3025 3729 3094 ὑψωθήσεται

458 3115 749 3186 desumpta
770 3117 839 3173 ab
856 3117 1209 3182 animalibus,
1236 3133 1357 3190 quae
1381 3120 1639 3176 cornibus
1657 3132 1864 3176 armata
1890 3131 2037 3188 sunt,

2152 3121 2201 3173 ὲν
2237 3120 2384 3190 δόξῃ.
2422 3138 2440 3170 ι
2470 3118 2661 3187 Κέρας
2684 3118 2785 3187 τὴν
2820 3118 2976 3188 ίσχὺν
2998 3116 3155 3171 καλεῖ
3182 3118 3248 3169 ὲκ
3272 3118 3594 3186 μεταφορᾶς
3616 3117 3729 3167 τὴν

459 3218 514 3262 ει
545 3208 698 3264 hisce
732 3209 1107 3279 aggredientes
1130 3200 1667 3268 ulciscuntur.'l)icit
1698 3213 1883 3283 igitur,
1914 3229 2039 3267 eum

2152 3211 2297 3278 ζώων
2327 3211 2436 3265 τῶν
2470 3209 2940 3279 καθωπλισμένων
2984 3211 3098 3272 τοίς
3130 3208 3345 3279 κέρασι,
3392 3208 3487 3262 καὶ
3512 3207 3732 3269 τούτοις

460 3296 559 3367 qui
583 3298 803 3356 virtutis
835 3300 1055 3359 divitias
1103 3303 1368 3373 possidet,
1398 3312 1673 3376 petentem
1715 3314 1879 3375 atque
1914 3306 2041 3360 illu-

459 3398 626 3447 strem
662 3390 799 3449 fore.

531 3567 702 3627 Vens.
737 3571 825 3627 lt).
862 3591 880 3625 ι
911 3570 1172 3631 Peccator
1201 3566 1424 3643 videbit,
1451 3586 1506 3632 et
1543 3578 1833 3645 irascetur,
1865 3579 2045 3637 denti-

461 3665 568 3722 bus
599 3667 717 3723 suis
748 3666 964 3731 frcmet,
990 3677 1045 3723 et
1074 3668 1349 3726 tabescet:
1375 3670 1707 3728 desiderium
1738 3675 2042 3744 peccatoris

461 3757 681 3826 peribit.
715 3774 735 3809 ι
771 3755 877 3825 Qui
928 3772 1060 3814 vero
1095 3758 1283 3829 inique
1320 3761 1503 3816 vivere
1547 3761 1925 3830 decreverunt,
1952 3763 2044 3833 ju-

462 3856 672 3902 storum
725 3848 1071 3918 splendorem
1121 3859 1430 3918 cernentes,
1472 3851 1671 3908 invidia
1707 3853 1927 3924 quidem
1956 3862 2041 3910 ta-

461 3937 709 4001 bescent,
761 3939 1034 4009 caedisque
1098 3941 1533 3997 machinationes
1597 3951 1812 3998 struent
1860 3961 1875 3998 :
1931 3960 2041 3999 non

461 4040 627 4086 erunt
661 4040 845 4086 tamen
877 4041 1157 4103 compotes
1200 4034 1457 4090 desiderii
1488 4036 1595 4099 sui,
1637 4044 1692 4091 et
1726 4036 1872 4105 quod
1906 4052 2043 4093 con-

462 4123 750 4192 cupiscent
795 4137 909 4179 non
940 4133 1364 4194 consequentur.
1398 4125 1610 4197 lnjusta
1642 4129 1787 4183 enim
1822 4127 1956 4195 lucc,
1987 4139 2043 4186 et

464 4210 575 4266 Deo
604 4210 897 4267 admodum
934 4228 1101 4269 exosa
1133 4223 1238 4269 est.

875 4320 1152 4378 INTERP.
1192 4324 1444 4381 PSALMI
1481 4328 1640 4384 CXII.

532 4433 785 4490 Alleluia.
816 4432 975 4490 Alius
1018 4436 1254 4508 hymnus
1298 4449 1351 4494 et
1397 4440 1488 4497 hic
1525 4452 1607 4497 est
1649 4443 1702 4497 in
1748 4443 2037 4501 utilitatem
2075 4481 2118 4537 Β

2142 3302 2500 3374 ἀμυνομένων
2535 3301 2663 3363 τοὺς
2704 3300 2979 3363 ἐπιόντας.
3037 3298 3203 3367 Λέγει
3262 3298 3443 3352 τοίνυν
3492 3300 3574 3351 ὅτι
3633 3299 3734 3351 καὶ

2136 3394 2363 3457 δυνατὸς
2389 3392 2483 3446 καὶ
2511 3391 2873 3463 περίϐλεπτος
2901 3390 3056 3443 ἔσται
3086 3392 3115 3445 6
3136 3390 3239 3461 τῆς
3276 3389 3489 3462 ἀρετῆς
3516 3406 3729 3461 κεκτη-

2145 3486 2307 3557 μένος
2339 3485 2431 3539 τὸν
2456 3483 2706 3537 πλοῦτον.

2216 3583 2265 3631 ι’.
2301 3593 2321 3626 ι
2361 3575 2714 3646 Ἀμαρτωλὸς
2750 3573 2964 3644 ὄψεται,
2992 3572 3088 3628 καί⁵
3136 3573 3553 3646 ὀργισθήσεται,
3600 3575 3730 3637 τοὺς

2140 3669 2363 3733 ὀδόντας
2429 3667 2594 3722 αὑτοῦ
2650 3666 2858 3739 βρύξει,
2909 3668 3004 3720 καὶ
3047 3667 3383 3737 τακήσεται,
3456 3666 3733 3735 ἐπιθυμία

2144 3761 2475 3835 ἀμαρτωλοῦ
2504 3761 2807 3816 ἀπολεῖται.
2840 3779 2858 3811 ι
2886 3761 2949 3814 Ol
2970 3760 3027 3813 δὲ
3050 3760 3219 3831 κακίᾳ
3241 3762 3409 3830 συζῇν
3428 3759 3734 3832 προαιρού-

2146 3872 2317 3925 μενοι,
2348 3855 2455 3908 τῶν
2480 3854 2710 3908 δικαίων
2744 3852 2979 3923 ὁρῶντες
2998 3853 3094 3923 τὴν
3125 3853 3511 3922 περιφάνειαν,
3550 3855 3730 3920 τακή-

2144 3965 2329 4002 σονται
2368 3947 2465 4018 μὲν
2489 3945 2568 4017 τῷ
2612 3946 2813 4016 φθόνῳ,
2850 3945 2945 3999 καὶ
2977 3944 3079 4013 τῆς
3099 3944 3143 3976 ³⁸
3172 3943 3494 4013 μιαιφονίας
3527 3941 3733 4013 τυρεύ-

2142 4058 2295 4094 σουσι
2326 4040 2576 4111 μηχανάς
2603 4054 2618 4069 ·
2646 4038 3111 4108 διαμαρτὴσονται
3152 4035 3209 4088 δὲ
3253 4034 3363 4087 τῶν
3415 4033 3733 4104 βουλευμάε-

2140 4149 2268 4195 των,
2300 4132 2520 4202 καὶτῆς
2569 4129 2867 4201 ἐπιθυμίας
2894 4129 2994 4182 οὐκ
3041 4126 3468 4182 ἀπολαύσουσιν,
3504 4119 3733 4188 Ἄδικος

2140 4224 2250 4295 γὰρ
2274 4221 2414 4293 αὕτη
2457 4222 2555 4276 καὶ
2579 4221 2698 4273 λίαν
2729 4220 3018 4290 θεομισής.

2462 4332 2729 4387 EPMHN.
2763 4331 2901 4386 ΤΟΥ
2934 4331 3058 4385 PIB’
3084 4329 3401 4385 ΨᾹΛΜΟΥ.

2228 4445 2615 4515 Ἀλληλούῖιι.
2658 4445 2888 4516 ’Έτερος
2918 4444 3086 4515 ὕμνος
3117 4445 3211 4499 καὶ
3254 4437 3409 4507 οὗτος
3462 4444 3546 4505 εἰς
3584 4444 3735 4513 ὠφέ-

462 4527 825 4597 tonsoriptus,
858 4536 913 4583 et
961 4528 1213 4586 homines
1257 4532 1505 4590 excitans
1537 4535 1604 4590 ad
1647 4536 1833 4592 laudes
1872 4536 2040 4593 bene-

2152 4538 2298 4592 λειαν
2335 4536 2848 4620 συγγεγρααμμένος,
2875 4537 2971 4589 καὶ
2995 4537 3226 4609 ἐγείρων
3244 4536 3370 4600 τοὺς
3400 4535 3733 4605 ἀνθρώπους

462 4615 707 4673 factoris.

537 4706 698 4764 Vens.
731 4710 784 4765 l.
836 4707 1144 4780 (Laudate,
1192 4712 1368 4783 pueri,
1405 4713 1719 4770 Dominum.
1763 4735 1781 4767 ι
1839 4716 2035 4774 Pueros

462 4800 568 4854 hoc
596 4799 719 4855 loco
758 4812 869 4854 non
898 4802 1148 4872 juvenes,
1188 4813 1250 4858 ut
1298 4806 1547 4860 nonnulli
1589 4808 1849 4878 suspicati
1883 4819 2034 4876 sunt,

460 4891 557 4949 sed
599 4906 786 4948 servos
814 4903 996 4950 vocat.
1028 4893 1121 4950 Sic
1153 4895 1298 4951 enim
1352 4907 1407 4952 et
1437 4898 1654 4969 Aquila,
1685 4909 1742 4956 et
1787 4899 2038 4972 Symma-

460 4984 621 5051 chus,
655 4994 712 5039 et
740 4983 1044 5042 Theodotio
1088 4988 1424 5058 interpretati
1467 4999 1596 5046 sunt
1632 5009 1645 5044 :
1683 5004 1740 5048 et
1779 4992 2038 5051 Hebraeus

461 5074 607 5128 Abde
634 5075 786 5131 dicit.
825 5074 916 5132 Sic
960 5078 1126 5133 etiam
1168 5079 1362 5151 Syrus.
1412 5079 1478 5134 Et
1518 5081 1732 5137 laudate
1776 5082 2040 5141 Hebraeus

461 5163 694 5219 Alleluia
740 5166 927 5224 dixit:
972 5177 1031 5224 ut
1076 5170 1213 5226 adeo
1262 5173 1614 5230 manifestum
1662 5175 1755 5241 sit,
1802 5175 2040 5232 Alleluia

459 5258 619 5323 verti,
648 5256 891 5316 Laudate
915 5260 1223 5320 Dominum.

2144 4631 2228 4693 είς
2260 4627 2534 4699 ὑμνῳδίαν
2562 4628 2659 4681 τοῦ
2683 4627 3000 4698 εὐεργέτου.

2214 4721 2283 4776 α’.
2340 4740 2358 4773 ι
2395 4723 2630 4786 Λίνεὶτε,
2656 4720 2866 4785 παῖδες,
2895 4719 3122 4791 Κύριον.
3164 4739 3183 4773 ι
3214 4718 3441 4785 Παῖδας
3488 4718 3731 4772 ἐνταῦθα

2142 4813 2203 4869 οὑ
2238 4813 2364 4877 τοὺς
2397 4814 2570 4877 νέους,
2615 4812 2692 4875 ὥς
2749 4829 2897 4876 τινες
2935 4811 3227 4876 ὑπέλαϐον,
3262 4810 3397 4864 ἀλλὰ
3437 4811 3568 4875 τοὺς
3603 4810 3729 4864 δού-

2143 4905 2270 4969 λους
2300 4905 2473 4959 καλεῖ.
2516 4903 2675 4958 Οὕτω
2710 4904 2821 4974 γὰρ
2848 4905 2943 4958 καὶ
2977 4907 3005 4957 6
3042 4904 3295 4967 Ἀκύλας,
3320 4903 3418 4956 καὶ
3448 4906 3476 4957 6
3497 4904 3728 4974 Σύμμαο

2141 5012 2254 5065 χος,
2296 4994 2389 5048 καὶ
2418 4996 2446 5048 6
2502 4991 2798 5046 Θεοδοτίων
2852 4994 3241 5063 ἡρμήνευσαν·
3284 4993 3377 5045 καὶ
3406 4994 3436 5045 6
3472 4992 3727 5063 Ἐϐραῖος

2140 5086 2320 5155 Ἀὄδὴ
2360 5087 2404 5118 ³⁷
2446 5084 2616 5153 λέγει.
2646 5083 2803 5138 Οὑτω
2824 5084 2870 5117 ³⁸
2921 5083 2979 5137 δὲ
3010 5083 3107 5138 καὶ
3158 5084 3187 5136 6
3245 5083 3437 5155 Σύρος.
3498 5085 3614 5137 Καὶ
3663 5085 3720 5137 τὲ

2140 5179 2361 5233 alr-sits
2404 5179 2433 5231 6
2503 5176 2756 5247 Ἐϐραῖος
2802 5176 3166 5245 Ἀμηλούϊα
3214 5172 3401 5231 εἶπεν
3447 5178 3526 5241 ὼς
3582 5172 3723 5230 εἶναι

2141 5267 2298 5336 δῆλον
2338 5266 2421 5319 ὃτι
2468 5266 2853 5334 ’Δλληλούῖω
2907 5266 3145 5321 Ἀἰνεῖτε
3195 5268 3419 5337 Κύριον
3444 5268 3489 5300 ³⁹
3544 5269 3723 5339 ἑρμησ

2142 5376 2379 5412 νευεται.

1552 5465 1785 5521 ἾΑΒΙᾸΕ
1844 5467 2229 5525 LECTIONES
2285 5468 2375 5522 ET
2404 5466 2639 5524 NOTAE.

532 5553 746 5631 aged.
781 5557 822 5631 l_
852 5557 938 5631 ἀεὶ
972 5561 1229 5631 μνηστόν.

461 5624 505 5657 ³⁸
542 5623 693 5703 Ἐρρ.
723 5626 905 5703 co_d._t
935 5623 1077 5685 add."
1105 5634 1232 5703 γάρ.

1326 5564 1571 5639 ivga“:
1615 5563 1798 5639 Hahn,
1846 5567 2035 5639 innixa

2190 5567 2245 5639 “7
2275 5566 2405 5624 Rec.
2434 5567 2591 5639 lectio
2628 5566 2685 5621 h.
2723 5568 2760 5622 l.
2786 5578 2869 5623 est
2898 5568 3120 5639 Κύριον.
3150 5568 3227 5623 lta
3257 5584 3477 5639 quoque
3505 5568 3630 5622 cod.
3672 5571 3714 5622 Ι.

1392 5636 1801 5707 Καὶᾼβεόαίαν.
1846 5637 1968 5692 Des.
2024 5639 2036 5691 i

2152 5681 2153 5687 η
2231 5638 2277 5669 ³⁸
2301 5640 2423 5694 cod.
2469 5638 2491 5692 ι
2517 5638 2637 5701 τάς.
2714 5639 2757 5671 ³⁷
2777 5636 3139 5707 ’Δόδή.’ὶ1)ἱ‹1.
3163 5636 3344 5707 prtem.
3376 5636 3456 5695 δέ.
3536 5640 3581 5669 ³⁸
3608 5640 3718 5689 0F-

461 5694 653 5783 :aa:‘ln
688 5696 877 5783 30%,,
916 5694 1289 5783 prtem._'sqﬁto
1314 5704 1372 5757 δὲ
1401 5708 1467 5776 τῇ
1495 5694 1667 5783 ξλλάδι
1701 5710 1849 5777 φωνῇ
1884 5708 2007 5773 τοὺς
2042 5737 2043 5746 ι

2152 5725 2257 5773 nou;
2287 5708 2455 5781 δηλοῖ.
2486 5694 2612 5763 Ηοιε⁷
2637 5717 2811 5763 autem
2844 5711 2895 5762 in
2926 5694 3106 5779 lingua
3139 5694 3322 5764 (l'raca
3345 5694 3520 5783 ιεϊὺρε
3551 5711 3716 5777 εἰακό-

462 5762 608 5830 ﬁcat.
685 5764 731 5796 ³ο
790 5762 1027 5836 Κύρὶον.
1087 5772 1216 5826 ibid.
1246 5762 1575 5843 ρτεεηι.“’τάν.
