3924 6484
211 352 358 421 1785
1574 350 1657 415 IN
1714 353 1829 414 PSA

1963 344 2145 409 CXII.
3342 328 3474 392 1786

288 492 310 523 ι
355 472 574 526 Αἰνεῖτε
626 469 688 525 τὸ
747 468 920 539 ὄνομα
962 467 1193 538 Κυρίου.
1227 462 1322 539 [β’]
1353 467 1451 537 Εῑη
1511 466 1574 519 τὸ
1626 467 1798 535 ὄνομα

1979 481 1998 514 ι
2035 459 2275 514 Laudate
2306 470 2504 510 nomen
2530 452 2612 508 Do
2655 449 2771 505 nini.
2813 442 3004 520 [Vl-:85.
3037 445 3120 517 2.]
3156 445 3239 501 Sit
3279 457 3473 499 nomen

211 560 430 633 Κυρίου
480 560 870 629 εὐλογημένον,
935 558 1044 612 ἀπὸ
1092 557 1185 611 τοῦ
1237 557 1353 623 νῦν,
1388 558 1482 610 καὶ
1534 557 1639 619 ἓως
1704 554 1798 609 τοῦ

1940 555 2117 609 Domini
2148 550 2509 611 benedictum,
2536 546 2606 599 ab
2637 545 2741 599 hoc
2772 541 2899 597 inde
2928 551 3173 609 tempore
3211 547 3266 592 et
3306 550 3479 605 usque

212 628 446 714 αίιῖλνος.
496 669 515 701 ι
583 628 878 719 Προσήκει,
918 648 1104 717 φησὶν,
1162 648 1305 717 ὑμᾶς
1360 647 1579 710 δούλους
1620 647 1800 709 ὄντας,

1947 667 1959 700 ι
1992 646 2273 701 εειεευὶυιιι.
2316 663 2334 695 ι
2367 641 2653 699 Convenit,
2682 638 2778 703 ait,
2812 650 2908 690 vos
2930 648 3055 689 cum
3086 629 3228 687 servi
3258 628 3400 693 sitis,
3426 635 3480 680 et

215 743 318 795 καὶ
348 741 466 795 ἀπὸ
493 741 538 773 ⁸ο
566 739 660 793 τοῦ
684 737 819 792 Θεοῦ
853 739 914 791 τὸ
937 735 1079 792 εἶναι
1103 738 1390 803 λαϐόντας,
1421 740 1609 809 ὑμνεῖν
1636 736 1803 792 αὐτοῦ

1982 739 2095 791 Deo
2126 736 2272 806 quod
2314 735 2446 789 estis
2498 730 2707 802 1407
2749 724 3094 796 acceperitis,
3128 721 3249 791 ejus
3283 732 3478 772 nomen

215 834 280 885 τὸ
319 832 520 902 δνομα,
564 830 669 884 κᾶν
716 831 947 900 ἀγνοῆτε
1006 831 1107 900 τὴν
1151 830 1334 899 φύσιν.
1378 830 1530 899 Ἔχει
1562 829 1659 898 μὲν
1695 829 1805 898 γὰρ

1940 828 2151 893 nudare,
2182 828 2305 881 licet
2334 824 2594 896 ignoretis
2627 831 2899 875 naturain.
2929 816 3100 871 Habet
3129 813 3274 867 enim
3304 820 3357 864 et
3387 811 3480 863 be-

218 924 323 994 τὴν
354 923 612 991 εὐλογίαν
634 923 727 979 καὶ
759 921 861 992 τὴν
900 920 1181 991 εὐφημίαν
1212 920 1447 990 ἄναρχον
1479 921 1573 973 καὶ
1607 920 1808 989 αήττη-

1940 921 2272 976 edictionem
2305 926 2360 972 et
2387 908 3079 987 gloriam,sineprineipio,
3113 914 3165 960 et
3192 904 3479 972 sempiter-

218 1033 337 1068 τον.
370 1014 449 1068 Τὸ
477 1013 609 1083 γὰρ,
645 1030 666 1065 ι
709 1012 927 1065 ἀπὸτοῦ
959 1012 1153 1074 αἰῶνος
1179 1013 1273 1065 καὶ
1298 1012 1403 1073 ἕως
1428 1010 1521 1064 τοῦ
1552 1009 1751 1072 αίῶνος
1783 1027 1802 1061 ι

1940 1030 2058 1067 iam.
2096 1011 2229 1065 lllnd
2256 1010 2476 1079 quippe,
2512 1026 2530 1058 ι
2556 1022 2585 1060 a
2608 1004 2809 1059 saeculo
2844 1015 3017 1071 usque
3050 996 3396 1055 insaacnlnm
3457 1011 3476 1043 ι

221 1107 386 1177 δηλοί
432 1081 614 1159 τοῦτο.
657 1106 751 1157 Δεῖ
797 1103 855 1156 δὲ
909 1102 1117 1171 ὅμωςδί
1173 1104 1265 1156 καὶ
1304 1104 1451 1173 ἡμᾶς
1474 1143 1489 1168 ,
1546 1097 1633 1155 οἷα
1682 1102 1748 1173 δὴ
1764 1102 1809 1134 ⁸³

1940 1119 2015 1157 ioc
2040 1100 2328 1173 signiﬁcat.
2359 1097 2583 1167 Oportet
2618 1104 2795 1149 tamen
2830 1102 2884 1147 et
2921 1105 3022 1145 nos
3049 1087 3212 1142 veluti
3238 1081 3482 1139 Creatori

226 1200 466 1269 ποιητῇ,
506 1195 840 1267 προσφέρειν
872 1195 964 1248 τὸν
989 1195 1346 1265 χαριστήριον
1374 1192 1563 1264 ὕμνον.

299 1298 379 1359 Υ.
420 1308 442 1341 ι
491 1290 623 1343 ’Λπὸ
654 1288 933 1343 ἀνατολῶν
962 1288 1117 1359 ἡλίου
1157 1286 1321 1358 μέχρι
1349 1285 1573 1355 δυσμῶν
1603 1280 1814 1339 αἱνετὸν

227 1381 291 1435 τὸ
314 1382 497 1451 ὄνομα
519 1379 752 1450 Κυρίου.
782 1397 801 1429 ι
836 1378 948 1448 Τὴν
978 1376 1118 1447 μετὰ
1147 1375 1244 1447 τὴν
1275 1373 1689 1444 ὲνανθρώπησιν
1718 1372 1813 1426 τοῦ

231 1471 587 1539 Μονογενούς
624 1473 737 1534 τοῖς
766 1469 949 1523 ἔθνεσι
1001 1467 1446 1539 παρασχεθεῖσαν
1474 1464 1817 1533 θεογνωσίαν

233 1567 265 1619 6
297 1565 523 1636 ψαλμὸς
564 1562 950 1632 προεθέσπισε.
1002 1561 1181 1614 Πάλαι
1225 1558 1325 1629 μὲν
1354 1558 1463 1626 γὰρ
1487 1559 1515 1611 6
1539 1557 1650 1610 τῶν
1681 1556 1819 1609 ὅλων

239 1657 381 1721 Θεὸς
403 1656 528 1710 οὐδὲ
552 1655 705 1725 παρὰ
729 1654 949 1708 πάντων
977 1651 1250 1705 Ἰουδαίων
1280 1651 1521 1721 ὑμνεῖτο,
1536 1647 1673 1701 ἀλλὰ
1691 1645 1819 1717 παρ’

238 1748 447 1817 ὀλίγων
473 1748 580 1801 τῶν
596 1746 848 1817 εὐσεϐείᾳ
876 1743 1193 1809 συζώντων·
1217 1742 1357 1813 μετὰ
1384 1741 1441 1793 δὲ
1461 1740 1558 1811 τὴν
1582 1742 1645 1793 ὲκ
1670 1739 1820 1809 [lap-

1913 1197 2175 1267 liymnum
2215 1190 2513 1262 gratiarum
2551 1186 2785 1241 actionis
2814 1185 3025 1237 otierre.

1986 1286 2153 1342 Vsus.
2188 1285 2243 1340 5.
2276 1301 2295 1336 ι
2331 1282 2375 1336 Α
2411 1281 2543 1336 solis
2567 1289 2689 1332 ortu
2721 1292 2895 1346 usque
2922 1274 2985 1328 ad
3011 1286 3266 1327 occasum
3298 1268 3488 1323 lauda-

1916 1381 2023 1436 bile
2052 1388 2137 1434 est
2164 1391 2356 1430 nomen
2387 1371 2622 1426 Domini.
2654 1389 2670 1420 ι
2704 1369 2950 1421 Divinam
2981 1363 3345 1432 cognitionem
3370 1365 3489 1423 poet

1921 1471 2351 1527 incarnationem
2407 1463 2682 1534 Unigeniti
2731 1460 2982 1531 gentibus
3025 1455 3303 1527 praebitam
3345 1451 3488 1520 μεως-

1923 1581 2045 1619 ιιιυε
2094 1560 2359 1633 praecinit.
2394 1558 2526 1617 Nam
2564 1555 2693 1608 olim
2728 1552 3107 1607 universorum
3151 1545 3290 1600 Deus
3323 1560 3389 1597 ne
3421 1545 3489 1595 ab

1922 1656 2179 1710 omnibus
2217 1651 2437 1722 quidem
2475 1646 2679 1702 Judzeis
2717 1643 3060 1701 laudabatur,
3104 1638 3200 1693 sed
3234 1653 3264 1690 a
3299 1635 3489 1705 paucis

1925 1750 2010 1819 pie
2041 1745 2348 1801 viventibus
2377 1760 2390 1795 :
2427 1748 2546 1810 post
2574 1736 2912 1793 nativitatem
2938 1741 3117 1787 autem
3147 1746 3213 1785 ex
3248 1726 3491 1796 Virgine,

238 1814 401 1893 θένου
432 1838 712 1907 γέννησιν,
746 1814 843 1890 καί.
891 1836 952 1889 τὸ
988 1835 1259 1905 σωτήριον
1290 1832 1485 1897 πάθος,
1532 1832 1611 1893 εἰς
1639 1833 1820 1883 πᾶσαν

1940 1842 2328 1906 salutarcmque
2360 1833 2691 1903 passionem,
2732 1828 2788 1881 in
2827 1841 3044 1880 omnem
3089 1832 3286 1878 terram
3325 1834 3494 1874 sonus

238 1931 349 2001 τὴν
374 1930 485 2001 γῆν
515 1928 738 2000 ἐξῆλθεν
761 1929 791 1981 6
823 1928 1064 1997 φθόγγος
1107 1928 1216 1979 τῶν
1248 1925 1509 1996 κηρύκων
1536 1923 1637 1993 τῆς
1686 1923 1822 1992 ἀλη-

238 2022 422 2088 θείας,
482 2040 500 2074 ι
543 2022 639 2077 καὶ
697 2022 778 2085 εἰς
835 2022 906 2075 τὰ
951 2020 1168 2091 πέρατα
1223 2019 1323 2089 τῆς
1369 2016 1698 2087 οἰκουμένης
1756 2014 1826 2067 τὰ

242 2117 472 2189 ῥήματα
501 2116 704 2178 αὐτῶν,
744 2133 764 2167 ο
800 2115 897 2167 καὶ
945 2110 1242 2183 ἐπληρώθη
1276 2113 1310 2181 ἡ
1340 2111 1605 2180 σύμπασα
1628 2097 1701 2177 γῆ
1730 2106 1824 2161 τοῦ

240 2208 455 2276 γνῶναι
483 2208 576 2260 τὸν
622 2204 847 2277 Κύριον,
892 2207 967 2267 ὡς
1015 2202 1159 2272 ὕδωρ
1204 2202 1340 2255 πολύ
1374 2198 1826 2268 κατακαλύψαιθ³

244 2300 547 2362 θαλάσσας.
595 2298 767 2352 Τοῦτο
814 2299 909 2351 καὶ
940 2297 1010 2350 δι’
1070 2296 1261 2365 ἐτέρου
1321 2296 1609 2365 προφήτου
1655 2294 1683 2345 ὁ
1717 2291 1827 2344 τῶν

241 2393 388 2445 ὅλων
418 2392 521 2463 ἔφη
557 2392 690 2454 Θεός
710 2407 725 2423 ο
750 2408 769 2441 ι
792 2390 906 2443 Οὐκ
939 2389 1052 2442 ἔστι
1077 2404 1167 2458 μοι
1182 2386 1412 2459 θέλημα
1444 2388 1500 2439 ὲν
1522 2386 1683 2456 ῖύμῖν,
1734 2382 1829 2437 καὶ

243 2485 445 2538 θυσίαν
485 2483 548 2536 οὐ
581 2482 952 2555 προσδεξομαι
991 2482 1056 2534 ἐκ
1078 2481 1124 2513 υ
1153 2481 1264 2533 τῶν
1292 2479 1492 2550 χειρῶν
1526 2477 1702 2547 ὑμῶν,
1742 2478 1827 2531 ὅτι

244 2577 363 2631 ἀπὸ
390 2576 668 2630 ἀνατολῶν
697 2574 850 2645 ήλίου
874 2574 1037 2643 μέχρι
1065 2573 1109 2605 ⁸⁸
1136 2571 1359 2641 δυσμῶν
1401 2570 1541 2640 μέγα
1569 2570 1631 2622 τὸ
1657 2568 1830 2638 ὄνομά

251 2685 360 2739 μου
397 2671 459 2722 ὲν
502 2669 614 2730 τοῖς
654 2666 858 2729 ἔθνεσι,
906 2666 1001 2719 καὶ
1039 2666 1095 2719 ἐν
1126 2666 1289 2717 παντὶ
1323 2663 1472 2733 τόπῳ
1511 2661 1766 2731 θυμίαμα
1784 2661 1830 2693 ⁸³

249 2758 626 2830 προσφέρεται
654 2756 729 2827 τῷ
767 2756 993 2827 ὀνόματί
1047 2773 1171 2827 μου,
1212 2755 1306 2808 καὶ
1337 2753 1497 2807 θυσία
1543 2750 1778 2822 καθαρά.
1807 2768 1825 2801 ι

248 2851 479 2921 Συνῳδὰ
514 2850 575 2904 δὲ
603 2850 646 2882 ⁸⁷
689 2849 905 2912 τούτοις
958 2848 1055 2902 καὶ
1108 2850 1143 2919 ἡ
1199 2844 1545 2919 πνευματικὴ
1597 2843 1834 2916 μελῳδία

247 2942 529 3007 θεσπίζει.

321 3035 387 3089 δ’.
429 3053 447 3086 ι
496 3033 734 3105 ’Υψηλὸς
772 3031 866 3085 ἐπὶ
912 3033 1090 3087 πάντα
1119 3030 1185 3085 τὰ
1239 3031 1366 3102 ἔθνη
1396 3031 1425 3084 6
1464 3030 1690 3101 Κύριος,
1740 3029 1832 3084 ἐπὶ

250 3123 381 3186 τοὺς
411 3123 674 3193 οὐρανοὺς
697 3124 730 3192 ὴ
753 3122 880 3188 δόξα
909 3122 1096 3177 αὐτοῦ.
1127 3141 1144 3173 ο
1182 3123 1437 3175 ’Ἂπαντα
1462 3122 1571 3193 γὰρ
1604 3122 1672 3175 τὰ
1700 3121 1828 3192 ἔθνη

253 3214 580 3285 μεμάθηκεν
624 3214 699 3283 ὡς
724 3213 884 3277 αὐτός
913 3217 1062 3268 ἐστιν
1111 3212 1357 3284 ὕψιστος,
1402 3216 1498 3267 καὶ
1536 3214 1687 3277 Θεὸς,
1733 3215 1828 3268 καὶ

249 3307 364 3359 τῶν
421 3306 678 3361 ἁπάντων
736 3306 1091 3377 δημιουργὸς,
1123 3308 1217 3359 καὶ
1262 3306 1365 3359 ὐπὸ
1393 3306 1501 3357 τῶν
1559 3306 1829 3377 οὐρανίων

248 3395 502 3463 ἀγγέλων
532 3397 630 3448 ἀνυ
639 3396 770 3466 μνού
779 3413 939 3466 μενος
954 3396 1021 3450 ⁵⁸.

323 3484 385 3541 ε’.
431 3504 451 3537 ι
479 3487 574 3550 Τίς
599 3486 676 3550 ὠς
718 3490 745 3541 ὁ
777 3486 982 3559 Κύριος
1007 3488 1035 3539 6
1058 3486 1101 3519 δ’
1126 3487 1259 3551 Θεὸς
1278 3488 1465 3558 ήμῶνς
1505 3512 1522 3539 ι
1562 3488 1832 3554 Πολλάκις

252 3577 415 3631 τοῦτο
445 3578 477 3649 ἡ
504 3577 625 3631 θεία
674 3577 865 3649 Γραφὴ
919 3579 1067 3646 λέγει
1101 3578 1169 3633 ⁵⁸.
1220 3579 1327 3634 Καὶ
1364 3580 1471 3649 γὰρ
1502 3580 1529 3633 ὁ
1564 3585 1833 3651 μακάριος

254 3670 496 3740 Μωῡσῆς
516 3670 677 3723 τοῦτο
703 3670 887 3738 λέγει·
940 3688 958 3721 ι
988 3671 1083 3733 Τίς
1110 3672 1293 3739 ὅμοιός
1321 3688 1403 3723 σοι
1431 3671 1489 3723 ἐν
1514 3672 1689 3739 θεοῖς,
1718 3672 1834 3727 Κύ-

257 3776 378 3830 ριες
407 3780 426 3813 ι
454 3761 553 3825 Τίς
585 3761 773 3831 ὅμοιός
806 3778 911 3825 σοι,
945 3761 1334 3830 δεδοξασμένος
1378 3764 1435 3814 ὲν
1467 3762 1674 3830 ἁγίοιςς
1728 3765 1835 3818 Καὶ

254 3854 283 3904 6
317 3853 589 3925 μακάριος
617 3853 810 3919 Δαὸὶδ,
845 3854 926 3907 ὅτι
956 3871 974 3904 ι
1022 3854 1117 3917 Τίς
1138 3855 1194 3908 ἐν
1213 3854 1463 3923 νεφέλαις
1506 3855 1834 3926 ίσωθὴσεται

254 3945 334 4016 τῷ
353 3946 577 4016 Κυρίῳς
627 3945 775 4018 ἥτις
824 3946 1229 4017 ὁμοιωθήσεται
1256 3947 1335 4018 τῷ
1363 3947 1552 4019 Κυρίῳ
1591 3949 1648 4001 ἐν
1700 3948 1837 4011 υίοίς

254 4037 435 4104 Θεοῦ;
471 4055 490 4091 ι
536 4038 647 4093 Καὶ
682 4038 864 4104 πάλιν,
894 4040 975 4093 ὅτι
1014 4055 1033 4089 ι
1069 4039 1167 4103 Τίς
1209 4039 1342 4100 Θεὸς
1374 4038 1551 4111 παρὲξ
1581 4039 1676 4092 τοῦ
1722 4040 1837 4091 Κυ-

258 4129 396 4199 ρίου,
421 4128 455 4199 ἢ
476 4128 561 4193 τίς
591 4128 724 4193 Θεὸς
757 4129 896 4199 πλὴν
924 4129 1019 4183 τοῦ
1047 4128 1181 4183 Θεοῦ
1213 4130 1404 4201 ήμῶνς
1452 4149 1469 4181 ι
1496 4128 1594 4185 Διὰ
1620 4130 1837 4185 πάντων

253 4219 315 4273 δὲ
341 4218 550 4271 τούτων
574 4220 619 4250 ⁸¹
650 4218 711 4271 τὸ
733 4218 1068 4289 ἀσύγκριτον
1096 4219 1192 4272 τοῦ
1227 4218 1363 4274 Θεοῦ
1390 4220 1499 4273 τῶν
1529 4220 1668 4274 ὅλων
1702 4238 1835 4291 μαν-

258 4310 520 4381 θάνομεν,
552 4310 648 4364 καὶ
677 4310 760 4365 ὅτι
780 4314 825 4345 δ’
857 4312 1011 4364 οὐδὲν
1054 4310 1165 4366 τῶν
1213 4312 1384 4365 ὄντων
1417 4313 1839 4386 παραϐληθῆναι

256 4402 484 4457 δύναται
520 4404 586 4474 τῇ
638 4395 733 4457 τοῦ
794 4402 930 4457 Θεοῦ
986 4403 1169 4474 φύσει,
1218 4403 1534 4475 ἣδυνάμει,
1589 4405 1622 4477 ἢ
1683 4408 1838 4478 ὲνερο

258 4496 405 4568 γείᾳ.
498 4540 503 4541 κ

335 4607 356 4640 ι
398 4587 459 4641 '0
491 4587 551 4639 έν
600 4586 825 4658 ὑψηλοῖς
854 4587 1019 4641 οίκῶν
1053 4590 1119 4651 ⁸⁸,
1174 4586 1274 4659 [ςθ]
1330 4588 1438 4643 Καὶ
1487 4590 1555 4644 τὰ
1600 4592 1837 4647 ταπεινὰ

259 4677 476 4748 ἐφορῶν
506 4678 553 4710 ⁸⁸
586 4679 644 4732 ὲν
659 4677 738 4749 τῷ
761 4678 997 4750 οὐρανῷ,
1028 4680 1124 4731 καὶ
1144 4680 1201 4731 ὲν
1225 4681 1291 4750 τῇ
1316 4682 1409 4751 γῇ.
1447 4698 1464 4732 ι
1501 4681 1629 4744 Τοῖς
1668 4683 1838 4755 οὐρα-

260 4769 372 4830 νοῐς
424 4766 535 4839 γὰρ
575 4766 946 4821 ἐνδιαιτᾶσθαι
993 4769 1166 4823 δοκῶν
1227 4768 1522 4824 ἐποπτεύει
1569 4773 1637 4827 τὰ
1692 4773 1835 4846 σύμ-

261 4875 465 4921 παντα.
499 4858 596 4911 καὶ
624 4858 777 4911 οὐδὲν
805 4859 1148 4931 ἀτημέλητον
1177 4861 1287 4914 τῶν
1311 4862 1481 4917 ὅντων
1502 4864 1588 4937 ἐᾷ.

333 4948 402 5015 ζ’,
432 4949 538 5021 η’.·
575 4950 634 5005 Ὀ
689 4951 920 5024 ἐγείρων
970 4953 1078 5007 ἀπὸ
1122 4953 1228 5025 γῆς
1286 4957 1521 5027 πτωχὸν,
1587 4960 1679 5012 καὶ
1731 4959 1840 5012 ἀπὸ

262 5040 505 5109 κοπρίας
531 5041 749 5112 ἁνυψῶν
780 5042 988 5115 πένητα
1010 5060 1024 5073 ·
1059 5044 1153 5099 τοῦ
1205 5046 1428 5101 καθίσαι
1482 5050 1648 5103 αὐτὸν
1701 5052 1843 5121 μετὰ

304 5154 333 5195 ε
359 5154 506 5232 Ρεὲι,
538 5173 651 5226 xu,
686 5160 742 5216 5.
818 5160 848 5201 ιι
880 5160 1082 5218 Habac.
1116 5177 1176 5232 tl,
1208 5166 1295 5220 14.

263 5240 398 5293 xvn,
432 5228 525 5281 51.

1923 1947 2234 2005 praeconum
2271 1928 2515 1982 veritatis
2544 1924 2733 1985 exivit,
2764 1942 2783 1974 ι
2820 1930 2874 1974 et
2914 1920 2965 1972 in
3002 1918 3136 1971 ﬁnes
3162 1914 3311 1969 orbis
3340 1923 3497 1966 terrae

1924 1998 2089 2077 verba
2126 2035 2313 2075 eorum
2347 2018 2390 2078 κ.
2433 2035 2450 2067 ι
2506 2024 2560 2070 et
2602 2012 2819 2081 impleta
2849 2017 2931 2064 est
2971 2013 3083 2059 tota
3123 2012 3264 2057 terra
3303 1998 3494 2067 cogni-

1928 2118 2071 2169 tione
2094 2113 2185 2168 Dei
2212 2113 2262 2178 h,
2286 2109 2446 2165 veluti
2472 2122 2614 2177 aqua
2643 2108 2660 2128 '
2682 2104 2749 2158 ad
2776 2098 3129 2171 operiendam
3159 2092 3351 2147 maria.
3385 2089 3498 2155 Ijoc

1926 2222 1978 2262 et
2010 2223 2105 2278 per
2136 2205 2453 2276 prophetam
2486 2199 2653 2257 alium
2697 2197 2771 2249 ait
2804 2193 2944 2247 Deus
2976 2207 2989 2244 :
3033 2208 3051 2242 ι
3096 2185 3213 2241 Non
3253 2193 3335 2239 est
3366 2181 3497 2235 mihi

1928 2301 2178 2354 voluntas
2224 2296 2278 2350 in
2312 2292 2489 2351 vobis.
2530 2300 2586 2345 et
2626 2285 2954 2341 sacriﬁcium
2995 2297 3100 2334 non
3138 2277 3400 2346 accipiam
3431 2287 3496 2325 ex

1929 2392 2183 2447 manibus
2228 2386 2447 2444 vestris.
2484 2384 2565 2437 Ab
2599 2389 2721 2436 ortu
2750 2379 2894 2434 enim
2953 2375 3082 2429 solis
3114 2384 3287 2438 usque
3309 2367 3372 2421 ad
3405 2381 3498 2418 nc-

1929 2498 2114 2538 casum
2144 2494 2399 2550 Inagnum
2426 2485 2511 2531 est
2536 2487 2728 2528 nomen
2761 2484 2941 2524 meum
2973 2467 3026 2520 in
3057 2464 3329 2536 gentibus,
3361 2471 3413 2514 et
3447 2460 3499 2512 in

1931 2575 2079 2630 omni
2119 2576 2238 2627 loco
2263 2571 2549 2625 incensum
2580 2564 2808 2619 oﬂ‘crtur
2841 2560 3048 2615 nomini
3077 2570 3219 2620 meo,
3248 2563 3302 2609 et
3330 2551 3501 2608 sacri—

1933 2669 2112 2723 ﬁcium
2145 2664 2409 2719 mundum
2454 2662 2496 2716 ί.
2539 2678 2557 2712 ι
2594 2654 2968 2713 Consonantia
2998 2660 3178 2707 autem
3214 2646 3302 2703 his
3335 2643 3499 2715 spiri-

1932 2761 2095 2817 tualis
2127 2753 2450 2828 symphonia
2479 2750 2759 2822 praedicat.

1933 3022 1937 3026 ’
2006 3028 2169 3084 νειιε.
2205 3027 2258 3082 4.
2308 3043 2326 3076 ι
2369 3020 2630 3076 Excelsus
2672 3029 2835 3086 super
2875 3024 3066 3067 omnes
3105 3013 3291 3078 gentes
3318 2998 3505 3055 Domi-

1933 3138 2058 3185 nus,
2085 3129 2141 3173 et
2164 3131 2328 3185 super
2350 3113 2520 3168 ein-los
2549 3108 2717 3179 gloria
2744 3104 2885 3176 ejus.
2916 3121 2935 3154 ι
2967 3100 3170 3155 Omnes
3197 3095 3339 3151 enim
3372 3107 3504 3161 gen-

1934 3223 2013 3269 tes
2050 3184 2389 3267 didicerunt,
2444 3205 2622 3273 ipsum
2662 3212 2782 3252 esse
2831 3193 3147 3255 sublimem,
3204 3196 3258 3241 et
3312 3184 3502 3243 Deum,

1930 3304 2288 3373 omniumque
2320 3298 2590 3370 opiticein,
2626 3304 2680 3349 et
2712 3308 2740 3346 a
2782 3286 3094 3345 cmlestibus
3122 3280 3328 3350 angelis
3367 3276 3508 3332 celeo

1930 3398 2168 3454 bratum.

2006 3488 2170 3543 Vsus.
2201 3485 2256 3540 5.
2294 3501 2312 3535 ι
2350 3480 2485 3548 Quis
2515 3478 2660 3535 sicut
2723 3472 2984 3529 Dominus
3028 3468 3170 3522 Deus
3218 3459 3446 3517 noster?
3484 3472 3503 3509 ι

1935 3582 2144 3652 Saepius
2172 3579 2278 3633 hoc
2307 3576 2489 3632 divina
2526 3570 2805 3639 Scriptura
2839 3562 3054 3636 1408
3081 3559 3232 3615 dicit.
3288 3554 3509 3628 [Beatus

1934 3646 2079 3728 enim
2128 3669 2305 3725 Moses
2348 3666 2479 3721 dicit
2509 3662 2571 3735 ς]
2623 3681 2641 3713 ‹
2681 3658 2814 3727 Quis
2860 3654 3056 3711 similis
3097 3658 3181 3705 est
3215 3648 3309 3702 tibi
3369 3646 3511 3700 inter

1934 3765 2087 3830 deos,
2120 3761 2347 3816 Domine
2401 3759 2424 3812 ?
2512 3755 2647 3822 Quis
2679 3749 2875 3806 siinilis
2908 3746 3005 3803 tibi
3034 3746 3084 3797 in
3118 3740 3322 3798 sanctis
3347 3736 3512 3808 glori-

1935 3859 2129 3913 ﬁcatns
2158 3862 2170 3901 1
2196 3841 2738 3904 TiEtbeatusDavid:
2780 3863 2798 3895 ι
2828 3842 2984 3908 Quis,
3024 3837 3220 3907 inquit,
3258 3835 3309 3889 in
3349 3830 3511 3885 nnhi-

1936 3950 2039 4005 bus
2075 3945 2377 4017 aquabitnr
2428 3936 2701 3995 Domino?
2734 3943 2829 3990 aut
2873 3934 2999 4004 quis
3030 3929 3225 3988 similis
3255 3925 3357 3978 erit
3405 3923 3510 3974 Do-

1936 4041 2086 4095 mino
2120 4040 2262 4093 inter
2294 4034 2435 4089 ﬁlios
2480 4031 2572 4087 Dei
2602 4028 2668 4083 κερ
2711 4047 2730 4079 ι
2779 4024 2847 4081 Et
2881 4039 3112 4082 rursus:
3165 4039 3184 4072 ι
3236 4018 3506 4085 Quon‘am

1937 4133 2059 4205 quis
2084 4140 2167 4187 est
2209 4127 2354 4184 Deus
2384 4132 2579 4197 praeter
2613 4121 2931 4185 Dominum,
2971 4123 3066 4171 aut
3099 4112 3224 4182 quis
3254 4120 3337 4165 est
3370 4108 3509 4159 Dens

1939 4232 2132 4297 praeter
2174 4221 2343 4276 Deum
2391 4226 2640 4271 nostrum
2674 4212 2741 4267 1?
2789 4231 2807 4263 ›
2863 4211 2963 4263 Per
3015 4205 3201 4260 omnia
3234 4216 3362 4256 vero
3399 4200 3513 4252 haec

1941 4319 2111 4372 Deum
2149 4314 2535 4368 universorum
2565 4321 2689 4362 eum
2740 4302 2959 4357 nemine
2997 4295 3304 4367 comparari
3353 4304 3512 4363 posse

1940 4409 2224 4470 discimus,
2255 4412 2308 4458 et
2338 4402 2470 4456 nihil
2516 4412 2639 4454 esse
2677 4395 2822 4466 quod
2868 4408 2992 4449 cum
3033 4389 3126 4446 Dei
3162 4397 3377 4451 natura,
3421 4389 3513 4437 aut

1872 4518 1916 4573 ι)
1947 4500 2209 4572 potentia,
2249 4504 2343 4551 aut
2372 4497 2419 4549 vi
2448 4474 2686 4549 conferri
2713 4487 2907 4561 possit.

2019 4614 2037 4646 (
2074 4592 2176 4659 Qui
2216 4590 2270 4644 in
2314 4587 2438 4642 altis
2470 4585 2694 4639 habitat.
2733 4580 2924 4654 [νεεδ.
2956 4575 3035 4648 6.]
3067 4573 3135 4628 Ει
3171 4571 3397 4627 humilia
3428 4584 3513 4623 re-

1943 4687 2105 4759 spicit
2133 4684 2188 4738 in
2217 4681 2374 4744 coelo,
2407 4676 2535 4734 etin
2573 4684 2738 4730 terra.
2777 4691 2796 4725 ι
2828 4669 2964 4751 Nam
3012 4667 3101 4722 ille
3136 4665 3229 4735 qui
3275 4665 3327 4717 in
3360 4662 3514 4716 caalis

1944 4757 2192 4836 habitare
2233 4773 2464 4833 videtur,
2504 4768 2688 4823 omnia
2737 4764 2991 4836 inspicit,
3042 4770 3096 4815 et
3136 4757 3273 4813 nihil
3323 4772 3510 4811 eorum

1943 4884 2064 4940 qua:
2091 4874 2240 4929 sunt,
2263 4860 2488 4916 omnino
2529 4857 2770 4929 negligit.

2016 4959 2182 5013 Vens.
2206 4956 2260 5020 7,
2280 4954 2335 5009 8.
2366 4973 2385 5005 ι
2422 4950 2706 5006 Suscitans
2728 4964 2757 5001 a
2790 4956 2934 5001 terra
2960 4944 3200 5021 inopem,
3218 4951 3271 4998 et
3288 4941 3354 4997 de
3379 4948 3502 4993 ster-

1950 5065 2078 5105 core
2112 5044 2327 5115 erigens
2357 5054 2669 5111 pauperem.
2703 5035 2772 5091 Ut
2800 5035 3031 5090 collocet
3064 5049 3187 5088 eum
3219 5049 3339 5088 cum
3369 5031 3516 5101 prin-

1397 5168 1414 5208 ί
1448 5166 1677 5226 Malach.
1714 5187 1754 5236 ι,
1794 5173 1829 5224 14

1958 5172 2003 5225 Ι.
2084 5168 2097 5219 i
2132 5165 2304 5221 Exod.
2339 5178 2430 5227 xv,
2485 5160 2573 5215 11.
2650 5159 2676 5198 ¹ι
2702 5156 2848 5213 Psal.
2881 5170 3147 5222 Lxxxvnt,
3180 5154 3232 5210 7.
3316 5150 3333 5190 ι
3366 5149 3513 5206 Psal.

1367 5347 1602 5406 VARIzE
1654 5350 2039 5410 LECTIONES
2097 5351 2183 5406 ET
2213 5348 2447 5406 NOTAE.

265 5527 298 5581 ὁ
339 5455 385 5489 ⁵⁸
417 5457 540 5514 eod.
576 5457 597 5510 1
834 5457 876 5491 ⁸¹
907 5459 1113 5544 Ὅμως.
1142 5465 1260 5520 Des.
1294 5466 1346 5520 in
1375 5466 1496 5521 cod.
1542 5468 1593 5522 1.
1669 5470 1713 5501 "
1747 5470 1827 5538 Δή

303 5527 529 5582 ebemus
552 5531 726 5583 codici
756 5530 779 5582 1
822 5531 961 5583 Aug.
1007 5533 1162 5583 Prior
1183 5538 1349 5583 mtitin
1380 5538 1609 5583 habebnt
1633 5541 1829 5583 κιταλί

1940 5473 2086 5527 tbest
2127 5473 2290 5525 etiam
2316 5486 2344 5523 a
2383 5465 2506 5521 cod.
2536 5464 2660 5518 isto.
2736 5462 2781 5494 ⁸³
2810 5466 3030 5516 Κατακ.
3066 5457 3515 5513 llanclectionem

1953 5580 1963 5583 -
2044 5542 2090 5573 δι
2124 5542 2239 5583 Ἐν,
2289 5541 2454 5583 Aliost
2478 5552 2507 5583 a
2532 5535 2653 5583 end.
2697 5532 2747 5583 1.
2821 5531 2867 5563 ⁸³
2908 5531 3117 5583 Μέγοι.
3153 5530 3283 5583 ibid.
3312 5544 3509 5583 Annam.

908 5530 979 5601 g.’
1007 5533 1349 5610 P_r_io_r‘ed_itio
1380 5538 1609 5610 habebat
1633 5530 1829 5610 καταλῗ

1940 5580 1965 5594 ,.
2044 5542 2090 5573 δι
2124 5542 2240 5595 Ἐκ.
2285 5541 2507 5610 Ahesta
2532 5535 2653 5610 eod.
2697 5532 2747 5585 1.
2821 5531 2867 5610 ‘f
2908 5531 3117 5610 Mézpt.
3153 5530 3283 5583 ibid.
3312 5544 3509 5610 prauis.

267 5597 382 5651 καί.
461 5598 507 5629 ⁸⁸
542 5600 716 5654 c0d.1
751 5597 934 5655 θυσίαῖ
1040 5604 1084 5634 ⁸⁷
1112 5605 1204 5661 Δέ.
1236 5607 1357 5661 Des.
1392 5606 1520 5660 ibid.

1681 5604 1812 5681 cod.
1830 5604 1869 5663 ’ἱ
1884 5611 1927 5681 κύ
1936 5611 2067 5679 μνού
2076 5628 2251 5681 μενος.

2328 5610 2373 5642 δ’
2415 5608 2499 5659 Ὀ.
2521 5605 2684 5658 Abest
2707 5620 2735 5656 a
2757 5603 2877 5656 cod.
2913 5603 2947 5654 1'
2969 5612 3022 5656 et
3050 5618 3078 5653 a
3111 5609 3256 5654 textu
3284 5598 3391 5651 τῶν
3435 5601 3509 5651 0’.

267 5666 624 5770 1:51.339)"
666 5669 1056 5770 sti‘vaovﬂiW'
1285 5692 1314 5731 ³
1345 5677 1464 5731 Cod.
1490 5678 1541 5731 1.
1616 5680 1662 5710 σε
1695 5680 1819 5732 Ὀτι

810 5756 920 5770 mm
1000 5760 1028 5770 --
1063 5760 1138 5770 η.
1307 5762 1367 5770 Μ
1412 5762 1588 5770 Nam“
1649 5749 1829 5770 “LA”:

1940 5664 2002 5735 is.
2037 5664 2167 5736 ibid.
2212 5664 2287 5712 ’⁵³
2316 5679 2446 5734 Rec.
2476 5675 2637 5728 lectio
2671 5674 2725 5728 b.
2757 5672 2794 5725 Ι.
2823 5680 2905 5727 est
2930 5669 3215 5725 κατοικῶν.
3262 5667 3337 5722 Ita
3375 5685 3511 5737 quo-

1940 5762 1988 5770 ,,.
2067 5752 2107 5770 νο
2134 5754 2144 5770 ι
2186 5761 2197 5770 .
2345 5748 2562 5770 μυφηι..
2597 5752 2713 5770 -..ηε
2779 5742 2880 5770 ἔοι-ι
2951 5757 3069 5770 ...πη
3124 5747 3511 5770 ιινωηιιρυηιιιιιιο

269 5736 517 5837 ηκεὲοιι.
542 5737 940 5837 ίίηλῖἒςξφορ.
971 5740 1029 5800 In
1061 5746 1182 5802 cod.
1223 5746 1248 5803 1
1304 5762 1370 5803 ex
1408 5762 1592 5804 errore
1648 5749 1829 5805 librari

1940 5762 1994 5807 ut
2063 5752 2293 5820 videtur,
2342 5748 2565 5822 repetita
2596 5752 2722 5813 sunt
2778 5742 2884 5809 ista
2948 5757 3070 5811 quae
3124 5747 3515 5817 praecesserant

304 5810 347 5861 0
382 5807 443 5863 ὲν
473 5836 540 5848 --
563 5806 791 5880 ἐφορῶν.
