3924 6484
256 310 393 376 1793

1600 306 1691 370 IN
1737 307 1953 370 PSAL.
1973 307 2192 369 CXIII.
2218 360 2223 367 .

3392 307 3525 375 1794

315 431 509 494 ιγ’-ιε’.
542 443 578 477 -ι
607 423 790 497 Στόμα
817 423 1031 496 ἔχουσι,
1084 425 1179 478 καὶ
1204 423 1265 478 ού
1309 422 1640 493 λαλήσουσιν
1661 439 1675 453 ’
1732 422 1833 492 ὀφ-

2011 412 2174 475 Vens.
2227 420 2414 475 15-15.
2477 439 2495 473 ι
2537 419 2612 475 Os
2661 418 2883 485 habent,
2936 427 2991 474 et
3040 433 3146 475 non
3195 418 3522 489 loquentur;

245 515 493 586 θαλμοὺς
521 516 568 548 ⁸⁵
601 516 806 587 έχουσι,
841 517 932 570 καὶ
979 517 1081 571 οὐκ
1127 516 1376 586 ὅψονται.
1427 510 1567 567 Ὦτα
1624 515 1833 586 ἔχουσι,

242 608 341 660 καὶ
371 608 476 661 ούκ
504 607 831 662 ἀκούσονται
861 624 874 638 ·
904 611 1059 680 ῥῖνας
1089 607 1297 679 ἔχουσι,
1324 608 1420 661 καὶ
1438 608 1548 661 οὐκ
1590 608 1834 677 ὀσφραν-

244 699 529 767 θήσονται.
562 699 768 770 Χεῖρας
800 698 1012 769 ἔχουσι,
1049 702 1146 752 καὶ
1171 698 1234 751 οὐ
1267 698 1662 769 ψηλαφήσουσι
1692 713 1706 726 ⁸
1737 698 1836 750 πό-

242 788 337 849 62;
362 787 570 859 ἔχουσι,
596 790 693 842 καὶ
725 790 791 842 ού
820 790 1320 860 περιπατήσουσιν.
1360 807 1379 842 ι
1411 789 1534 842 Τῶν
1575 788 1837 860 αἰσθητη-

244 880 399 951 ρίων.
436 880 594 953 φησὶ,
623 882 722 945 τὰς
756 882 857 951 μὲν
886 876 1101 946 εἰκόνας
1129 878 1506 953 ίπερίκεινται,
1533 880 1635 949 τῆς
1662 880 1718 933 δὲ
1745 882 1835 933 ἐν-

244 988 267 1024 ε
277 972 475 1043 ργείας
491 973 836 1045 ἐστέρηνται.
856 973 1243 1045 Εὑτελέστεροι
1258 972 1440 1026 τοίνυν
1461 972 1522 1025 οὐ
1546 971 1708 1043 μόνον
1725 971 1837 1025 τῶν

246 1066 567 1134 ποιούντων,
586 1066 725 1120 ἀλλὰ
753 1069 850 1120 καὶ
874 1065 984 1120 τῶν
1011 1065 1398 1138 σμικροτάτων
1416 1063 1674 1134 ζωῦφίων
1689 1065 1796 1118 είσί
1816 1076 1832 1093 ⁶

250 1157 406 1225 μυῖαι
439 1157 570 1227 γὰρ,
607 1157 701 1210 καὶ
734 1156 1015 1222 κώνωπες,
1051 1158 1147 1210 καὶ
1190 1155 1259 1210 τὰ
1304 1153 1837 1225 τούτων’σμικρότε-

251 1264 341 1315 ρα,
359 1246 471 1300 τῶν
492 1247 870 1320 αἰσθητηρίων
900 1248 1086 1317 έχουσι
1106 1246 1205 1318 τὴν
1237 1244 1523 1316 ἐνέργειαν
1547 1260 1560 1274 ·
1578 1244 1835 1314 βλέπουσι

245 1336 379 1408 γὰρ,
395 1338 490 1391 καὶ
504 1338 790 1403 ἀκούουσι,
806 1337 900 1393 καὶ
924 1339 1208 1403 πέτάνται,
1228 1337 1323 1391 καὶ
1341 1335 1646 1407 βαδίζουσιν
1672 1353 1687 1369 ο
1712 1336 1761 1389 οἱ
1781 1336 1837 1391 δὲ

252 1429 330 1491 ῶς
358 1428 475 1482 θεοὶ
506 1430 1001 1501 προσκυνούμενοι,
1035 1429 1158 1484 οὐδὲ
1178 1430 1278 1501 τὴν
1307 1427 1417 1480 τῶν
1445 1411 1642 1496 ὀλίγων
1669 1424 1716 1459 ⁸⁵
1739 1426 1837 1482 καὶ

248 1521 502 1592 σμικρῶν
528 1520 684 1585 ζώων
717 1522 998 1593 ἐνέργειαν
1028 1523 1265 1595 ἔχουσιν.

324 1616 422 1674 ις’.
464 1629 482 1662 ι
513 1610 588 1664 Ού
643 1612 989 1683 φωνήσουσιν
1032 1615 1099 1668 ἐν
1146 1615 1227 1686 τῷ
1269 1614 1507 1687 λάρυγγι
1568 1611 1771 1668 αὐτῶν.
1811 1630 1832 1666 ι

260 1699 487 1770 Ἐπειδὴ
533 1700 646 1772 γὰρ
668 1702 718 1754 oi
757 1701 827 1755 δι’
872 1703 1056 1758 αὐτῶν
1115 1705 1477 1777 ἐνεργοῦντες
1525 1705 1784 1776 δαίμονες
1818 1745 1833 1771 ν

1938 511 2130 564 oculos
2162 510 2398 576 habent,
2453 520 2509 565 et
2544 528 2652 565 non
2686 511 2970 566 videbunt.
3001 510 3178 566 Aures
3207 511 3429 576 habent,
3468 522 3524 565 et

1938 619 2048 659 non
2088 605 2305 678 1414
2335 607 2590 673 audient;
2628 620 2790 660 nares
2832 605 3053 667 habent,
3089 614 3143 659 et
3174 620 3280 659 nou
3326 605 3524 659 odora-

1938 697 2168 752 buntur.
2207 699 2400 753 Manus
2435 699 2669 761 habent,
2716 708 2771 753 et
2816 713 2924 752 non
2976 696 3307 767 palpabunt;
3356 696 3523 766 pedes

1936 788 2178 856 habent,
2232 800 2285 845 et
2334 806 2439 844 non
2473 789 2858 845 ambulabunt.
2897 807 2914 840 ι
2958 791 3263 844 Simulacra
3301 788 3520 859 quidem

1937 894 2201 935 sensuum
2238 880 2545 937 domiciliis
2584 882 2772 936 induta
2822 890 2990 949 sunt,
3038 883 3354 951 operatione
3394 896 3525 934 vero

1936 970 2220 1029 destituta.
2259 971 2466 1027 Viliora
2536 973 2701 1043 igitur
2745 989 2854 1027 non
2908 974 3072 1027 modo
3128 983 3258 1027 sunt
3313 972 3380 1026 iis
3428 971 3522 1041 qui

1937 1061 2054 1133 ipsa
2105 1065 2411 1127 tinxerunt,
2459 1064 2551 1119 sed
2599 1065 2760 1118 etiam
2814 1064 3057 1119 minimis
3109 1063 3521 1117 animantibus:

1936 1154 2387 1225 quandoquidem
2423 1170 2635 1212 musca.
2667 1164 2719 1209 et
2749 1146 2981 1219 culices,
3014 1162 3067 1208 et
3098 1153 3184 1207 his
3214 1152 3520 1213 tenuiores,

1938 1245 1994 1300 in
2032 1262 2295 1302 sensuum
2334 1246 2701 1302 sedibusvim
2748 1248 2949 1301 habent
2992 1246 3213 1317 (vident
3246 1245 3414 1310 enim,
3468 1254 3524 1299 et

1936 1341 2190 1407 audiunt,
2224 1350 2277 1396 et
2308 1342 2513 1405 volant,
2546 1351 2601 1397 et
2631 1340 2947 1411 ambulant)
2979 1358 2991 1394 :
3019 1341 3073 1394 hi
3102 1355 3233 1395 vero
3256 1341 3349 1410 qui
3401 1349 3524 1395 tan-

1937 1447 2107 1502 quam
2140 1432 2217 1487 dii
2250 1434 2527 1498 coluntur,
2580 1448 2757 1502 neque
2789 1432 3107 1488 tenuiorum
3154 1430 3519 1486 animantium

1938 1528 2153 1579 ratione
2192 1526 2501 1579 carentium
2532 1525 2640 1577 vim
2682 1524 2905 1578 habent.

2007 1616 2176 1671 Vens.
2203 1616 2291 1672 l6.
2324 1634 2343 1667 ι
2370 1614 2489 1671 Non
2536 1616 2851 1671 clamabunt
2888 1623 3109 1685 gutture
3165 1630 3321 1670 suo.»
3374 1616 3522 1682 Quo-

1940 1707 2086 1764 niam
2136 1708 2283 1764 enim
2332 1710 2627 1773 daemones,
2677 1709 2769 1778 qui
2816 1722 2914 1778 per
2956 1709 3072 1778 ipsa
3128 1710 3520 1778 operabantur,

250 1792 347 1846 καὶ
386 1795 507 1856 ταῖς
543 1793 769 1863 ψευδέσι
797 1795 1078 1869 χρώμενοι
1120 1799 1426 1867 μαντείαις,
1485 1798 1546 1852 οὐ
1600 1798 1689 1851 διὰ
1724 1798 1833 1851 τῶν

1948 1800 2204 1871 falsisque
2248 1801 2748 1856 vaticinationibus
2802 1801 3120 1861 utebantur.
3157 1818 3266 1856 non
3308 1817 3403 1872 per
3441 1803 3523 1855 in-

250 1888 481 1961 ἅψύχων
519 1890 725 1956 ταύτας
747 1893 1010 1959 εἰδώλων,
1047 1895 1185 1949 ἀλλὰ
1209 1895 1302 1949 διὰ
1327 1896 1439 1950 τῶν
1473 1894 1715 1964 λογικῶν
1739 1896 1836 1948 ἀν-

252 1981 495 2045 θρώπων
528 1987 961 2059 προσέφερον,ἢ
1009 1988 1100 2043 διὰ
1153 1988 1441 2059 συμϐόλων
1495 1989 1659 2043 τινῶν
1714 1986 1839 2042 τινὰ

254 2078 631 2150 κατεμήνυον,
695 2081 922 2144 εἰκότως
954 2082 1081 2152 ἔφη’
1120 2100 1139 2134 ι
1175 2083 1248 2135 Ού
1282 2082 1631 2153 φωνήσουσιν
1681 2082 1739 2135 ἐν
1760 2081 1838 2152 τῷ

254 2169 498 2240 λάρυγγι
526 2171 729 2231 αὐτῶν.
767 2191 787 2226 ι
840 2172 1102 2244 Ἀκίνητα
1132 2171 1242 2246 γὰρ
1276 2173 1371 2228 καὶ
1408 2174 1591 2247 ἄψυχα
1618 2194 1621 2197 ·
1644 2173 1839 2227 εἴδωλα

255 2261 564 2327 παντελῶς.

328 2352 418 2419 ιζ’.
453 2354 673 2425 Ὅμοιοι
712 2358 897 2423 αὐτοῖς
952 2357 1195 2427 γένοιντο
1246 2357 1298 2411 οἱ
1334 2358 1617 2424 ποιοῦντες
1674 2361 1836 2425 αὐτὰ,

254 2445 351 2498 καὶ
379 2446 584 2511 πάντες
612 2448 661 2499 oi
697 2449 1022 2513 πεποιθότες
1060 2450 1147 2503 ἐπ’
1179 2449 1388 2513 αὐτοῖς.
1421 2469 1441 2503 ι
1492 2448 1636 2505 Ἀλλ’
1689 2453 1839 2506 ἐκεί-

255 2554 369 2602 νοις
402 2538 507 2609 μὲν
542 2541 862 2610 ὁμοιωθεϊεν
893 2542 991 2596 καὶ
1016 2543 1067 2595 οἱ
1119 2543 1583 2613 προσκυνοῦντες,
1637 2546 1731 2598 καὶ
1789 2547 1838 2599 οἱ

254 2631 319 2701 δη
327 2648 452 2699 μιου
462 2632 738 2702 ργοῦντες.
757 2634 897 2698 Τοὺς
911 2634 1021 2703 γὰρ
1034 2634 1178 2704 λόγῳ
1195 2651 1393 2705 τετιμη
1404 2636 1568 2706 μένου
1577 2653 1620 2699 ς.
1638 2637 1734 2689 καὶ⁹
1760 2655 1785 2690 ε
1795 2640 1840 2702 ίς

256 2720 530 2792 τοσαύτην
609 2722 835 2791 ἀλογίαν
899 2724 1337 2787 ἐκπεπτωκότας
1363 2766 1378 2791 ,
1451 2725 1685 2782 δίκαιον,
1730 2728 1840 2785 τῶν

258 2813 350 2865 ὑπ’
408 2813 590 2866 αὐτῶν
635 2816 1137 2887 προσκυνουμένων
1188 2814 1290 2886 τὴν
1341 2816 1712 2888 ἀναισθησίαν
1743 2817 1841 2871 λα-

259 2906 319 2960 6ε
327 2911 399 2961 ἰν.

330 3008 420 3071 ιη’,
454 3000 543 3056 ιθ’.
581 3019 600 3053 t
638 2995 802 3066 Οἶκος
840 3001 1059 3074 Ἰσραὴλ
1089 3002 1323 3075 ἤλπισεν
1352 3004 1398 3037 ⁸⁷
1439 3003 1536 3057 ἐπὶ
1593 3002 1801 3075 Κύριον
1824 3017 1839 3033 ⁸

261 3093 455 3165 βοηθὸς
506 3095 604 3149 καὶ
665 3095 1086 3168 ὑπερασπιστὴς
1135 3097 1322 3151 αὐτῶν
1363 3098 1535 3155 ἐστιν.
1597 3092 1758 3161 Οἶκος
1797 3097 1871 3151 ⁸⁸.

1940 1894 2189 1949 animata
2219 1894 2510 1949 simulacra
2530 1894 2629 1950 has
2652 1892 3020 1964 proferebant,
3041 1894 3132 1948 sed
3152 1909 3248 1963 per
3270 1891 3523 1948 homines

1936 1987 2171 2041 rationis
2200 1994 2505 2056 compotes,
2550 1986 2636 2040 vel
2668 2000 2768 2056 per
2796 1987 3061 2039 nonnulla
3105 1987 3260 2055 signa
3307 1986 3517 2057 aliquid

1935 2079 2370 2145 denuntiabant,
2415 2078 2612 2133 merito
2654 2072 2775 2133 ait:
2807 2096 2825 2129 ι
2861 2076 2980 2132 Non
3028 2078 3349 2132 clamabunt
3390 2086 3518 2148 gut-

1939 2180 2059 2226 ture
2099 2186 2221 2226 suo.
2259 2190 2278 2223 »
2321 2170 2629 2225 lmmobilia
2662 2169 2809 2225 enim
2861 2178 2915 2225 et
2955 2169 3252 2223 inanimata
3304 2168 3521 2237 penitus

1937 2272 2066 2321 sunt
2096 2264 2263 2317 idola.

2009 2352 2173 2408 Vsus.
2214 2352 2298 2408 ΓΙ.
2360 2370 2380 2403 ‹
2421 2350 2639 2407 Similes
2669 2350 2777 2407 illis
2816 2349 2949 2405 [lant
2976 2351 3067 2420 qui
3100 2350 3310 2405 faciunt
3348 2363 3433 2412 ea,
3468 2356 3523 2403 et

1936 2460 2127 2499 omnes
2162 2444 2255 2514 qui
2307 2444 2592 2498 conﬁdunt
2641 2443 2694 2496 in
2739 2443 2838 2497 eis.
2876 2461 2894 2494 ι
2934 2441 3108 2497 Porro
3142 2442 3251 2496 illis
3292 2441 3516 2511 quidem

1939 2538 2145 2592 similes
2173 2536 2304 2590 (iant
2326 2545 2379 2589 et
2404 2537 2498 2604 qui
2532 2536 2648 2603 ipsa
2679 2535 2889 2598 colunt,
2919 2544 2972 2588 et
3000 2534 3093 2604 qui
3128 2535 3353 2589 faciunt.
3381 2532 3521 2588 Cum

1940 2631 2082 2685 enim
2123 2629 2225 2682 etsi
2266 2626 2475 2681 ratione
2511 2627 2723 2696 praediti
2759 2627 2890 2688 sint.
2925 2626 2979 2680 in
3023 2636 3230 2681 tantam
3266 2626 3521 2681 absurdi-

1940 2732 2103 2778 tatem
2163 2721 2483 2786 inciderint,
2542 2722 2750 2791 justum
2807 2730 2890 2775 est
2943 2736 3159 2776 omnem
3208 2738 3301 2777 eos
3357 2723 3524 2776 amit-

1941 2826 2056 2869 tere
2098 2830 2358 2877 sensum,
2417 2813 2594 2869 instar
2643 2813 2912 2868 idolorutn
2959 2829 3081 2883 qua:
3120 2815 3190 2869 ab
3227 2813 3364 2884 ipsis
3413 2827 3512 2869 co-

1940 2908 2151 2963 luntur.
3086 2908 3091 2915 ’

2014 2999 2182 3055 Vnus.
2215 3002 2302 3067 l8,
2333 3001 2414 3056 l9.
2460 3020 2479 3053 ι
2511 3000 2716 3057 Domus
2738 2999 2907 3057 Israel
2930 2998 3246 3071 speravitin
3272 2998 3523 3063 Domino,

1944 3093 2164 3163 adiutor
2210 3102 2436 3160 eorum,
2489 3104 2543 3148 et
2588 3103 2863 3163 protector
2908 3106 3100 3148 eorum
3156 3101 3258 3147 est.
3316 3089 3525 3146 Domus

259 3184 477 3257 Ἀαρὼν
494 3185 723 3256 ἤλπισεν
742 3187 789 3218 ⁸³
811 3189 902 3240 ἐπὶ
921 3187 1127 3259 Κύριον
1146 3205 1161 3220 ο
1190 3188 1383 3261 βοηθὸς
1413 3189 1507 3243 καὶ
1527 3190 1840 3260 ὑπερασπι-

1948 3184 2131 3240 Aaron
2176 3187 2414 3254 speravit
2446 3185 2498 3239 in
2537 3185 2790 3251 Domino,
2820 3185 3042 3255 adjutor
3070 3199 3286 3251 eorum,
3320 3192 3376 3238 ct
3399 3198 3527 3253 pro-

261 3283 392 3343 στῇς
422 3278 604 3332 αὐτῶν
637 3279 807 3333 ἐστιν.
848 3299 868 3331 ι
934 3281 1165 3334 Ἐκεῖνοι
1212 3283 1315 3352 μὲν
1366 3280 1596 3352 ζημίαν,
1633 3280 1750 3334 ἀλλ’
1776 3281 1835 3335 ού

261 3369 454 3442 κέρδος
485 3372 549 3425 ὲκ
580 3372 677 3443 τῆς
702 3372 912 3426 τούτων
942 3373 1241 3445 ἐδρέψαντο
1282 3375 1715 3446 προσκυνήσεως
1739 3390 1753 3405 ⁸
1814 3376 1841 3427 ὁ

260 3462 317 3515 δὲ
348 3462 446 3515 τού
487 3462 705 3534 Ἰσραὴλ
737 3460 886 3528 οἶκος
911 3464 1011 3536 τὴν
1042 3468 1121 3529 είς
1152 3465 1246 3520 τὸν
1284 3466 1441 3521 ὄντα
1471 3465 1605 3519 Θεὸν
1648 3466 1840 3519 ἐλπίδα

262 3554 629 3625 κτησάμενος,
670 3555 773 3624 τῆς
798 3556 930 3628 παρ’
956 3556 1125 3611 αὑτοῦ
1167 3556 1429 3628 προνοίας
1471 3556 1739 3610 ἀπολαύει
1766 3557 1839 3610 δι-

261 3645 495 3716 ηνεκῶς.
527 3647 685 3700 Κατὰ
718 3647 987 3718 διαίρεσιν
1041 3648 1098 3701 δὲ
1131 3649 1229 3721 τὴν
1259 3650 1483 3721 μνήμην
1521 3649 1836 3721 ἐποιήσατο,

260 3740 363 3814 τὴν
418 3738 726 3809 ἱερωσύνην
770 3738 943 3814 ταύτῃ
990 3740 1189 3811 τιμῶν,
1237 3742 1333 3795 καὶ
1384 3741 1655 3795 διδάσκων
1712 3742 1843 3805 τοὺς

260 3810 592 3900 τηνικαῦτα,
628 3832 771 3904 πόση
805 3810 945 3904 πρὸς
984 3810 1114 3895 τους
1167 3833 1365 3898 ἄλλους
1420 3834 1455 3905 ἡ
1486 3834 1595 3887 τῶν
1653 3834 1843 3906 ἱερέων

260 3923 522 3994 διαφορά.

333 4023 404 4071 κ’.
451 4036 469 4068 ι
498 4019 562 4071 Οἱ
594 4017 925 4089 φοϐούμενοι
954 4018 1046 4073 τὸν
1079 4018 1288 4091 Κύριον
1317 4019 1555 4091 ἧλπισαν
1584 4018 1678 4072 ἐπὶ
1728 4017 1845 4072 Κύ-

267 4124 383 4177 ριον
408 4122 423 4136 ·
454 4107 649 4179 βοηθὸς
664 4109 761 4162 καὶ
782 4109 1204 4181 ὑπερασπιστὴς
1237 4110 1418 4163 αὐτῶν
1440 4111 1606 4164 ἐστιν.
1637 4130 1653 4161 ι
1688 4109 1845 4163 ’Έτε-

269 4215 361 4268 ρον
394 4199 554 4253 τοῦτο
587 4199 777 4271 τάγμα
802 4200 959 4275 παρὰ
991 4201 1066 4255 τὰ
1094 4201 1360 4273 πρότερα.
1407 4201 1660 4274 Διδάσκει
1710 4200 1767 4255 δὲ
1816 4201 1845 4254 ό

266 4290 447 4360 λόγος,
481 4293 563 4345 ὅτι
596 4292 701 4346 κᾶν
734 4293 810 4363 μὴ
843 4293 946 4364 τὴν
979 4294 1080 4359 τῆς
1113 4292 1417 4365 ἱερωσύνης
1438 4311 1524 4356 τις
1554 4292 1715 4358 ἀξίαν
1732 4292 1845 4365 ἔχει

269 4384 405 4455 μηδὲ
434 4383 533 4455 τὴν
575 4384 980 4456 Ἱσραηλιτικὴν
1012 4387 1340 4455 συγγένειαν
1374 4386 1714 4458 περίκειται,
1766 4385 1846 4457 τῷ

263 4472 328 4575 6e~
354 4472 489 4577 θείω
516 4473 667 4544 φόϐῳ
696 4473 1077 4545 κοσμούμενος
1103 4475 1449 4545 ἐπιμελεῖται
1481 4477 1581 4548 τῆς
1641 4476 1845 4547 ἀρετῆς

263 4564 367 4634 τῆς
392 4543 515 4634 ῐσῖς
544 4543 828 4628 utam:
850 4566 1002 4637 παρὰ
1028 4565 1124 4620 τοῦ
1154 4543 1291 4620 Θεοῦ
1329 4567 1440 4621 τῶν
1469 4543 1609 4621 δλὶυν
1661 4543 1847 4634 τεύξε-
1878 4543 1921 4597 υ

264 4672 357 4708 ται
388 4656 753 4728 προμηθείας.
771 4652 957 4712 τΗσαν
975 4657 1031 4712 δὲ
1055 4659 1153 4713 καὶ
1179 4658 1352 4712 πάλαι
1370 4658 1524 4728 παρὰ
1566 4658 1846 4723 Ἰουδαίοις

263 4747 508 4801 τοιοῦτοι
540 4747 751 4814 πολλοὶ,
810 4749 876 4803 ἐκ
909 4750 1007 4820 μὲν
1051 4750 1150 4820 τῆς
1193 4749 1558 4822 ’Δὸραμιαίας
1610 4750 1673 4803 ού
1720 4750 1850 4821 βλα-

264 4839 571 4910 στήσαντες
598 4839 779 4913 ῥίζης,
816 4841 876 4909 ἐξ
914 4841 1119 4913 ἐτέρων
1149 4843 1196 4875 ⁹⁰
1259 4842 1316 4895 δὲ
1356 4841 1747 4912 προσελθόντες
1801 4844 1846 4875 ⁹¹

263 4931 460 4997 ἐθνῶν,
494 4933 827 5005 προσήλυτοι
868 4936 916 4968 ⁸³
965 4934 1530 5005 προσαγορευόμενοι,
1574 4938 1669 4989 καὶ
1717 4936 1849 5005 περὶ

264 5021 467 5075 πολλοῦ
502 5023 572 5077 τὰ
600 5025 722 5078 θεῖα
749 5024 1090 5096 ποιούμενοι.
1120 5024 1234 5078 Καὶ
1266 5025 1362 5078 νῦν
1387 5025 1443 5079 δὲ
1475 5024 1543 5078 τὰ
1593 5024 1720 5098 ἔθνη
1747 5026 1848 5079 οὐκ

262 5112 501 5182 ἔχειτοῦ
547 5115 802 5189 ’Δὸραὰμ
827 5117 928 5188 τὴν
961 5119 1103 5170 κατὰ
1138 5116 1319 5187 σάρκα
1360 5116 1709 5185 συγγένειαν,
1752 5116 1847 5170 τού

262 5204 321 5257 δὲ
367 5204 623 5278 ’Δόραὰμ
652 5207 749 5280 τὴν
783 5209 967 5264 πίστιν
997 5208 1340 5281 κτησάμενοι,
1371 5208 1538 5265 τέκνα
1568 5209 1843 5281 χρηματίο

265 5297 353 5361 ζει
383 5298 478 5353 τοῦ
520 5299 793 5372 Ἀϐραάμ.

1949 3286 2119 3333 tector
2144 3293 2335 3331 eorum
2371 3286 2475 3333 est.
2508 3296 2526 3329 ι
2558 3277 2641 3331 llli
2673 3277 2895 3347 quidem
2932 3291 3041 3330 non
3070 3276 3524 3343 emolumentum,

1946 3373 2039 3427 sed
2065 3372 2454 3427 detrimentum
2480 3388 2544 3425 ex
2569 3372 2765 3425 horum
2792 3370 3110 3424 adoratioue
3128 3375 3524 3441 perceperunt:

1946 3466 2037 3519 sed
2077 3465 2290 3521 Israelis
2325 3465 2521 3520 domus
2559 3479 2711 3533 spem
2743 3463 2796 3516 in
2830 3460 2941 3517 Deo
2972 3478 3102 3515 vero
3126 3476 3356 3530 ponens,
3388 3475 3526 3516 con-

1948 3557 2100 3612 tinue
2127 3573 2285 3628 opem
2318 3557 2389 3612 ab
2432 3546 2969 3626 ipso'consequitur.
3012 3553 3224 3626 15.15
3254 3552 3358 3610 Per
3385 3553 3528 3608 divi-
3578 3590 3581 3591 ν

1945 3652 2156 3706 sionem
2190 3654 2207 3672 '
2229 3659 2412 3706 autem
2447 3652 2514 3705 de
2542 3650 2853 3705 sacerdotio
2884 3649 3011 3703 fecit
3040 3648 3395 3711 mentionem,
3424 3647 3529 3701 hoc

1945 3742 2249 3808 honorans,
2273 3743 2555 3797 et‘tlocens
2587 3741 2841 3796 homines
2871 3740 3018 3794 illius
3045 3740 3324 3809 temporis.
3353 3754 3529 3807 quan-

1946 3843 2060 3888 tum
2114 3834 2187 3889 sit
2234 3834 2529 3890 discrimen
2590 3835 2730 3886 inter
2780 3831 3096 3887 sacerdotes
3142 3842 3195 3886 et
3241 3830 3380 3888 alios
3429 3830 3527 3887 lm-

1944 3926 2145 3980 mines.

2018 4017 2181 4074 Vsns.
2215 4018 2306 4074 20.
2343 4037 2362 4069 ι
2399 4018 2501 4085 Qui
2551 4020 2743 4074 timent
2794 4017 3111 4083 Dominum,
3168 4028 3527 4089 speravernnt

1946 4113 2000 4168 in
2032 4112 2267 4168 Domino
2306 4130 2318 4168 :
2357 4114 2578 4183 adiutor
2620 4128 2846 4180 eorum,
2897 4121 2952 4165 et
3006 4122 3283 4183 protector
3334 4128 3526 4167 eorum

1945 4210 2049 4261 est.
2082 4225 2101 4257 ι
2136 4206 2331 4281 Alium.
2350 4208 2602 4263 ordinem
2633 4217 2799 4277 Quam
2835 4206 2888 4260 in
2926 4207 3307 4276 superioribus
3329 4207 3522 4260 tenuit.

1947 4296 2118 4352 Docet
2147 4305 2330 4353 autem
2374 4314 2580 4363 sermo,
2631 4292 2759 4353 licet
2796 4298 2994 4367 aliquis
3025 4298 3315 4353 sacerdotii
3345 4298 3525 4367 digni-

1950 4397 2114 4443 tatem
2156 4404 2261 4444 non
2296 4389 2515 4456 habent,
2558 4406 2733 4461 neque
2770 4406 2835 4445 ex
2874 4390 3168 4447 Israelitica
3203 4391 3528 4460 cognatione

1950 4480 2043 4547 sit,
2078 4490 2256 4535 tamen
2291 4481 2339 4537 si
2373 4482 2559 4536 divino
2589 4484 2784 4538 timore
2816 4483 3076 4554 prmditus
3113 4483 3203 4547 sit,
3231 4492 3285 4537 et
3313 4482 3527 4538 \irtutis

1950 4587 2141 4628 curam
2179 4585 2352 4644 gerat,
2387 4575 2650 4644 aequalem
2685 4590 2841 4644 opem
2884 4573 3046 4628 etiam
3091 4573 3269 4642 ipsum
3302 4574 3371 4628 ab
3402 4574 3527 4628 uni-

1950 4680 2236 4720 versorum
2264 4665 2375 4720 Deo
2400 4675 2845 4721 consecuturum.
2871 4663 3039 4719 Erant
3069 4679 3201 4718 sane
3227 4665 3356 4718 olim
3384 4667 3526 4732 apud

1949 4752 2169 4810 Iudaeos
2194 4756 2506 4824 hujusmodi
2534 4756 2785 4811 homines
2817 4755 2992 4819 multi,
3021 4754 3114 4822 qui
3142 4769 3204 4808 ex
3231 4753 3525 4808 Abruhami

1953 4846 2139 4902 radice
2182 4847 2410 4902 minime
2471 4848 2573 4903 orti
2622 4856 2799 4912 erant,
2854 4848 2946 4901 sed
2998 4862 3061 4900 ex
3105 4846 3228 4901 aliis
3277 4846 3528 4916 gentibus

1950 4940 2318 5006 advenerant,
2359 4948 2414 4994 et
2460 4941 2721 5012 proselyti
2778 4941 3140 4997 vocabantur.
3194 4939 3399 5008 quique
3440 4950 3528 4990 res

1950 5030 2165 5087 divinas
2193 5032 2373 5103 magni
2402 5031 2694 5088 faciebant.
2725 5030 2885 5087 Nunc
2910 5040 3093 5086 autem
3117 5040 3307 5101 gentes
3328 5042 3532 5097 cogna-

1951 5121 2154 5176 tionem
2198 5122 2494 5178 Abrahami
2542 5123 2843 5179 secundum
2882 5136 3103 5177 carnem
3146 5134 3253 5173 non
3302 5116 3526 5182 habent,

1950 5216 2047 5267 sed
2092 5214 2389 5273 Abrahami
2436 5215 2595 5269 ﬁdem
2637 5215 2925 5281 habentes,
2972 5211 3065 5266 lilii
3104 5208 3402 5266 Abrahami
3433 5221 3530 5263 vo-

1947 5310 2164 5357 cantur.

1338 5438 1576 5496 VARIAS
1635 5436 2025 5494 LECTIONES
2082 5437 2171 5491 ET
2197 5436 2430 5493 ΝΟΤιΕ.

336 5547 925 5631 ’ξῖοφθίᾼ-επεριι
980 5554 1108 5631 Des.
1146 5555 1277 5631 ibid.
1355 5555 1708 5631 “_'0.1t'ywr.
1742 5558 1833 5631 ib.

1948 5555 2121 5631 έεξγειγτ
2195 5556 2240 5588 ⁸⁷
2263 5550 2464 5631 Οἷκςζν-
2484 5554 2751 5631 ἸσραὴλΔ
2771 5553 3059 5631 ῇλπιςγεν.
3106 5549 3270 5605 llebr.
3308 5544 3526 5630 φησει,

267 5621 505 5696 conﬁde.
569 5626 615 5657 ⁸⁸
643 5621 818 5692 Οἶκοὲ
851 5656 920 5668 -—
947 5625 1147 5681 αὐτῶν
1178 5626 1369 5681 ἐστιν.
1406 5628 1527 5683 Des.
1567 5621 1619 5681 in
1653 5629 1777 5683 cod.
1814 5629 1835 5681 l

1948 5621 2332 5680 "Wouwer.
2372 5621 2586 5695 Hebr,
2616 5621 2883 5696 conﬁdite.
2922 5625 2994 5678 lta
3044 5636 3274 5696 quoque
3308 5621 3362 5672 in
3391 5633 3526 5686 pro-

270 5691 421 5769 ximo
452 5711 592 5751 vers.
666 5697 712 5730 '°
759 5691 860 5761 Ἐξ
886 5696 1125 5765 ἐτέρων.
1166 5698 1288 5751 cod.
1329 5701 1348 5751 ι
1399 5698 1716 5769 ἐξαιρέτων.
1794 5697 1837 5729 ’ί

1948 5696 2004 5752 d.
2047 5695 2539 5768 προσεληλυθότες.

252 5761 392 5819 ’καίο

2640 5700 2686 5729 ⁹¹
2715 5692 3143 5767 ’Προσήλυτοα
3171 5692 3302 5747 ibid.
3334 5701 3523 5760 przem.
