3924 6488
403 284 535 350 1⁸195

1359 283 1850 348 THEODORETI
1894 285 2233 346 EPISCOPI
2286 288 2657 349 CYRENSIS
2695 364 2697 367 ι

3513 294 3655 361 1796

474 394 636 450 '-."sas.
670 394 764 459 21,
791 391 882 446 22.
918 410 937 444 1
970 391 1239 447 Dominus
1266 393 1586 447 recordatus
1616 397 1784 447 nostri
1812 395 1970 447 bene-

2146 403 2255 457 κα’,
2303 396 2406 466 κβ’.
2467 417 2486 450 1
2545 398 2753 470 Κύριος
2814 399 3078 471 μνησθεὶς
3135 400 3292 472 ἡμῶν
3354 404 3656 475 εὐλόγησεν

396 485 533 539 dixit
550 484 708 539 nobis
737 500 750 536 :
774 482 1049 537 benedixit
1068 482 1255 536 domui
1284 481 1473 548 Israel,
1492 484 1766 538 benedixit
1781 484 1964 537 domui

396 577 652 633 Aaronis.
674 576 960 631 Benedixit
979 576 1060 629 eis
1085 575 1179 645 qui
1209 575 1398 631 timent
1424 575 1737 630 Dominum.
1764 596 1781 628 1
1809 576 1970 630 Eam-

396 672 519 724 dem
555 669 882 723 divisionem
917 669 1081 722 etiam
1117 669 1223 723 hoc
1264 669 1319 723 in
1367 670 1489 723 loco
1520 669 1667 735 fecit,
1704 670 1966 724 fructum-

399 778 506 831 que
541 761 658 832 Spci
704 761 1122 817 demonstravit.
1166 760 1610 816 Benedictionem
1661 763 1805 816 enim
1856 763 1969 831 spei

398 852 709 923 conjunxit,
733 863 788 908 et
812 853 954 908 hanc
982 852 1059 907 ait
1080 852 1434 922 impertiisse,
1459 870 1568 908 non
1594 854 1759 909 modo
1780 854 1970 909 domui

400 942 639 1009 lsraelis,
665 957 718 998 et
742 944 975 999 Aaronis
1006 943 1215 1007 domui,
1237 959 1427 999 verum
1457 945 1621 999 etiam
1654 946 1972 1003 timentibus

400 1050 546 1091 eum.
606 1033 808 1090 Deinde
855 1050 1049 1090 rursus
1099 1044 1323 1090 aetatum
1357 1036 1798 1107 dignitatumque
1829 1038 1973 1094 divi-

403 1129 614 1183 sionem
646 1127 797 1182 lacit.
830 1146 849 1179 1
878 1127 1099 1183 Pusillis
1126 1143 1250 1182 cum
1274 1127 1598 1197 majoribus.
1631 1148 1650 1182 1
1684 1128 1803 1185 Non
1826 1130 1971 1185 enim

398 1220 692 1291 juvenibus
740 1220 903 1273 modo
948 1217 1260 1280 benedixit,
1310 1233 1500 1273 verum
1549 1220 1711 1273 etiam
1750 1220 1831 1276 eis
1876 1220 1973 1290 qui

401 1324 811 1373 consenuerunt
837 1333 850 1368 :
880 1328 982 1368 nec
1014 1314 1193 1369 solum
1229 1313 1434 1368 divitiis
1473 1314 1842 1379 amueutibus,
1879 1313 1974 1370 sed

401 1412 565 1466 etiam
603 1408 920 1463 hominibus
946 1407 999 1461 in
1036 1415 1354 1477 paupertate
1383 1407 1691 1462 viventibus
1722 1424 1734 1460 :
1761 1423 1861 1463 nec
1887 1422 1976 1463 so-

401 1504 512 1557 lum
567 1500 780 1573 1416
829 1500 910 1555 eis
956 1500 1050 1569 qui
1103 1499 1358 1554 libertate
1397 1511 1525 1556 sunt
1556 1500 1832 1568 honorati,
1883 1516 1975 1556 ve-

401 1610 523 1650 rum
570 1595 735 1648 etiam
781 1608 862 1648 eis
910 1592 1005 1662 qui
1065 1592 1343 1647 servitutis
1382 1592 1577 1663 jugum
1610 1591 1750 1648 ferre
1795 1593 1973 1648 coacti

403 1694 551 1741 811111.

477 1779 640 1835 Vens.
668 1781 759 1834 23.
804 1798 822 1831 ι
855 1778 1092 1847 Adjiciat
1135 1778 1399 1833 Dominus
1445 1792 1609 1848 super
1656 1795 1774 1845 vos,
1810 1795 1973 1850 super

402 1889 503 1928 vos
550 1882 606 1927 et
663 1887 826 1941 super
878 1872 1020 1925 lilios
1058 1884 1292 1925 vestros.
1345 1888 1364 1921 1
1440 1870 1508 1925 118
1572 1871 1667 1941 qui
1734 1874 1971 1927 divinam

403 1981 554 2035 spem
606 1964 907 2035 possident,
961 1963 1360 2018 incrementum
1400 1972 1454 2018 et
1496 1964 1971 2034 ampliﬁcationem

402 2058 754 2128 propheticus
782 2071 962 2117 sermo
993 2064 1267 2125 precatur.

474 2148 640 2203 Vsus.
673 2149 760 2203 24.
798 2148 1076 2203 Benedicti
1111 2164 1205 2204 vos
1239 2165 1269 2203 a
1299 2148 1554 2214 Domino,
1583 2150 1676 2219 qui
1707 2148 1835 2205 fecit
1860 2166 1973 2206 coe-

402 2241 514 2295 lum
544 2250 599 2295 et
635 2248 857 2295 terram.
892 2259 911 2291 ›
949 2240 1123 2295 Porro
1148 2241 1586 2310 consequemini,
1622 2242 1717 2306 ait,
1752 2243 1975 2298 omnino

403 2332 547 2387 hanc
590 2348 774 2402 opem,
822 2342 1008 2402 utpote
1053 2333 1143 2402 qui
1186 2333 1255 2388 ab
1300 2333 1677 2390 universorum
1733 2347 1977 2391 creatore

403 2425 837 2479 benedictionem
882 2425 1193 2495 accepistis.

474 2513 738 2570 Vens.23.
762 2514 998 2569 «leum
1014 2516 1135 2570 cceli
1153 2515 1400 2581 Domino,
1419 2525 1617 2572 terram
1636 2524 1816 2571 autem
1828 2516 1977 2572 dedit

403 2606 531 2661 ﬁliis
564 2607 869 2660 hominum.
910 2624 929 2658 1
971 2608 987 2626 ‘
1020 2606 1142 2675 lpse
1169 2607 1315 2660 enim
1350 2606 1548 2662 cmlum
1586 2607 1970 2662 habitationem

402 2699 603 2762 habet,
650 2713 758 2751 non
796 2697 897 2752 hoc
930 2699 1073 2763 quod
1121 2699 1477 2768 conspicitur,
1526 2700 1618 2755 sed
1662 2700 1793 2755 illud
1827 2699 1972 2771 quod

402 2790 656 2858 superius
688 2799 792 2853 est,
830 2791 975 2858 quod
1024 2790 1100 2843 illi
1133 2800 1334 2845 tectum
1367 2801 1469 2857 est,
1513 2795 1975 2863 quemadmodum

404 2882 509 2936 hoc
555 2882 736 2937 nobis.
782 2881 1004 2936 llabitat
1029 2898 1159 2937 vero
1192 2884 1244 2937 in
1275 2885 1415 2939 ctelo
1444 2885 1827 2941 universorum
1873 2888 1977 2943 Do-

401 2974 605 3036 minus.
654 2988 763 3027 non
805 2973 1283 3044 circumscriptam
1330 2975 1539 3032 habens
1565 2986 1838 3045 naturam,
1881 2979 1976 3035 sed

2072 486 2217 556 ἡμᾶς
2246 487 2311 551 ³³,
2350 488 2611 559 εὖλόγησε
2658 490 2751 544 τὸν
2794 486 2944 545 οἷκον
2987 490 3225 564 Ἰσραὴλ,
3260 494 3527 566 εύλόγησε
3555 500 3656 551 τὸν

2071 570 2221 628 οἷκον
2263 578 2493 647 Ἀαρών.
2526 580 2810 651 Εὑλόγησε
2843 582 2972 645 τοὺς
3004 584 3379 654 φοϐουμένους
3408 589 3501 640 τὸν
3536 589 3653 642 Κύ-

2073 685 2210 739 ριον.
2251 689 2269 721 1
2309 670 2422 738 Τὴν
2453 671 2622 743 αὐτὴν
2645 673 2741 727 καὶ
2780 674 3301 744 ἑνταῦθαδιαίρεσιν
3330 680 3654 749 ἐποιήσατο,

2071 761 2166 814 καὶ
2214 762 2313 830 τῆς
2364 763 2580 828 ἐλπίδος
2636 765 2883 831 ὑπέδειξε
2940 768 3031 821 τὸν
3075 772 3292 840 καρπόν
3323 787 3341 803 ·
3399 772 3656 841 εὐλογίαν

2072 853 2181 921 γὰρ
2220 855 2284 922 τῇ
2332 854 2508 908 ἐλπίδι
2547 857 2593 888 ⁸⁸
2621 858 2931 924 συνέζευξε,
2972 861 3066 914 καὶ
3111 862 3315 934 ταύτης
3345 863 3452 936 ἐφη
3485 882 3654 936 μεταο

2072 943 2261 999 δόσθαι
2284 946 2346 999 ού
2379 947 2542 1017 μόνον
2569 949 2649 1020 τῷ
2676 949 2812 1019 οἴκῳ
2843 952 3078 1025 Ἰσραὴλ,
3118 956 3214 1008 καὶ
3244 956 3325 1026 τῷ
3352 958 3488 1028 οἴκῳ
3523 960 3657 1013 ’Δα-

2076 1037 2206 1109 ρὼν,
2243 1038 2382 1093 ἀλλὰ
2412 1040 2508 1095 καὶ
2539 1044 2653 1106 τοῖς
2697 1044 3055 1116 φοϐουμένοις
3092 1048 3277 1104 αὐτόν.
3318 1046 3457 1104 Εἶτα
3490 1051 3659 1105 πάλιν

2072 1129 2304 1199 ἡλικιῶν
2352 1132 2447 1187 καὶ
2507 1134 2841 1207 ἀξιωμάτων
2893 1141 3129 1193 ποιεῖται
3195 1141 3296 1212 τὴν
3363 1141 3653 1214 διαίρεσιν.

2080 1242 2101 1275 1
2132 1224 2273 1288 Τοὺς
2305 1226 2537 1299 μικροὺς
2593 1228 2734 1298 μετὰ
2780 1230 2891 1283 τῶν
2938 1232 3208 1301 μεγάλων.
3257 1252 3277 1285 1
3314 1235 3389 1287 Οὐ
3433 1236 3481 1267 ⁸⁸
3542 1237 3659 1307 γὰρ

2078 1315 2240 1387 μόνον
2269 1318 2401 1382 τοὺς
2433 1319 2612 1383 νέους,
2646 1319 2782 1374 ἀλλὰ
2805 1321 2904 1375 καὶ⁸
2941 1324 3069 1388 τοὺς
3103 1327 3495 1397 γεγηρακότας
3515 1345 3531 1360 ο
3558 1330 3657 1382 οὖα

2073 1404 2130 1457 δὲ
2156 1406 2318 1475 μόνον
2359 1407 2489 1473 τοὺς
2521 1409 2739 1482 πλούτῳ
2769 1412 3079 1484 κομῶντας,
3112 1415 3250 1469 ἀλλὰ
3276 1416 3375 1470 καὶ
3403 1420 3532 1482 τοὺς
3550 1436 3656 1471 πε-

2075 1497 2164 1569 νίᾳ
2196 1498 2474 1565 συζῶντας
2498 1518 2512 1533 °
2544 1502 2666 1557 οὐδὲ
2701 1505 2863 1573 μόνον
2886 1508 2932 1539 ’⁵
2961 1508 3085 1571 τοὺς
3126 1512 3192 1581 τῇ
3224 1510 3514 1583 ἂλευθερία
3558 1528 3656 1564 κο-

2077 1592 2448 1662 σμουμένους,
2482 1593 2622 1648 ἀλλὰ
2649 1597 2749 1649 καὶ
2790 1599 2916 1661 τοὺς
2958 1600 3057 1670 τῆς
3083 1600 3330 1666 δουλείας
3366 1603 3460 1657 τὸν
3487 1603 3657 1673 ζυγὸν

2076 1682 2254 1739 ἕλκειν
2287 1686 2765 1758 ἠναγκασμένους.

2145 1783 2251 1846 κγ’.
2288 1796 2307 1829 1
2340 1779 2614 1853 Προσθείη
2664 1781 2873 1852 Κύριος
2914 1783 2999 1855 ἐφ’
3038 1785 3185 1856 ὑμᾶς
3207 1825 3223 1851 ,
3258 1786 3344 1857 ἐφ’
3378 1787 3525 1858 ὑμᾶς
3556 1790 3653 1844 καὶ

2074 1868 2168 1921 ἐπὶ
2194 1870 2320 1933 τοὺς
2378 1872 2527 1935 υἱοὺς
2573 1873 2751 1943 ὑμῶν.
2793 1893 2813 1926 1
2854 1876 2976 1939 Τοῖς
3004 1879 3103 1948 τὴν
3132 1878 3284 1932 θείαν
3329 1878 3523 1934 ἐλπίδα
3557 1898 3655 1935 κε-

2074 1960 2367 2031 κτημένοις
2398 1962 2497 2033 τὴν
2527 1962 2759 2035 αὔξησιν
2793 1968 2887 2021 καὶ
2924 1967 2984 2021 τδ
3020 1968 3227 2040 πλῆθος
3251 1971 3283 2023 6
3309 1973 3655 2043 προφητικδς

2074 2051 2365 2122 ἐπεύχεται
2390 2055 2573 2123 λόγος.

2145 2144 2243 2199 κδ’.
2282 2165 2301 2197 1
2343 2147 2718 2220 Εὐλογημένοι
2744 2151 2997 2224 ὑμεῖςτῷ
3020 2155 3231 2227 Κυρίῳ,
3257 2156 3335 2229 τῷ
3360 2160 3655 2231 ποιήσαντι

2073 2236 2166 2289 τὸν
2192 2237 2421 2310 οὐρανὸν
2447 2242 2541 2293 καὶ
2570 2240 2673 2313 τὴν
2700 2244 2827 2314 γῆν.
2864 2263 2883 2297 1
2918 2245 3184 2311 Τεύξεσθε
3209 2247 3266 2301 δέ
3292 2248 3485 2303 τούτου
3510 2251 3654 2305 πάν-

2076 2351 2204 2400 τως,
2255 2336 2443 2407 φησὶν,
2475 2338 2572 2392 ἅτε
2603 2340 2668 2411 δὴ
2700 2342 2853 2412 παρὰ
2875 2342 2971 2397 τοῦ
2995 2344 3223 2416 ποιητοῦ
3248 2345 3357 2400 τῶν
3388 2346 3527 2403 ὅλων
3552 2349 3655 2419 τὴν

2075 2427 2330 2499 εὐλογίαν
2376 2429 2683 2500 δεξάμενοι.

2145 2528 2246 2577 κε’.
2294 2541 2312 2575 1
2356 2523 2415 2578 '0
2441 2524 2673 2596 οὐρανὸς
2700 2525 2793 2581 τοῦ
2823 2528 3058 2599 ούρανοῦ
3104 2531 3184 2601 τῷ
3217 2533 3431 2605 Κυρίῳ,
3464 2535 3567 2607 τὴν
3596 2537 3657 2592 δὲ

2078 2611 2186 2683 γῆν
2243 2613 2413 2668 ῑδωκε
2479 2620 2593 2680 τοῖς
2638 2619 2775 2683 υἱοῖς
2832 2620 2944 2673 τῶν
3030 2621 3353 2694 ἀνθρώπων.
3399 2645 3419 2678 1
3479 2628 3659 2689 Αὐτὸς

2081 2706 2180 2776 μέν
2210 2706 2317 2776 γὰρ
2344 2708 2673 2781 ἐνδιαίτημα
2715 2710 2830 2783 ἔχει
2863 2713 2956 2767 τδν
2988 2714 3240 2786 οὐρανὸν,
3272 2718 3334 2771 οὐ
3367 2720 3462 2774 τὸν
3507 2721 3657 2792 ὀρώ-

2078 2815 2240 2869 μενον
2263 2799 2476 2866 τοῦτον,
2508 2802 2649 2856 ἀλλὰ
2674 2804 2764 2858 τὸν
2790 2805 2983 2861 τούτου
3031 2808 3353 2881 ὑπέρτερον,
3406 2812 3466 2865 δν
3495 2805 3659 2877 οὗτος

2073 2888 2272 2959 δροφον
2298 2890 2431 2960 ἔχει,
2465 2892 2721 2966 καθάπερ
2748 2895 2941 2951 τοῦτον
2966 2899 3154 2969 ἡμεῖς.
3200 2900 3571 2958 Ἐνδιαιτᾶται
3599 2905 3661 2959 δδ

2073 2981 2152 3053 τῷ
2185 2982 2400 3054 οὐρανῷ
2422 2984 2532 3037 τῶν
2579 2986 2718 3041 ὅλων
2749 2990 2778 3041 6
2809 2988 3036 3059 Κύριος,
3074 2992 3135 3044 οὗ
3190 2997 3661 3067 περιγεγραμμέ-

402 3066 588 3121 choris
632 3065 994 3134 augelomm,
1060 3066 1156 3135 qui
1208 3065 1283 3121 ibi
1338 3075 1656 3134 versantur,
1712 3069 1970 3137 gaudens.

2081 3090 2174 3143 νην
2204 3075 2345 3143 ἔχων
2369 3075 2468 3147 τὴν
2506 3077 2693 3146 φύσιν,
2733 3070 2875 3135 ἀλλὰ
2901 3083 3017 3145 τοῖς
3063 3084 3183 3137 ἐκεῖ
3213 3065 3661 3157 πολιτευομένοις

402 3158 627 3213 Terram
660 3174 827 3227 porro
870 3158 1153 3212 hominum
1196 3159 1382 3229 generi
1421 3159 1688 3215 attribuit.
1715 3157 1975 3230 Nouergo

397 3244 1303 3321 Judaeorumtantumcuramgerit,
1340 3251 1434 3306 sed
1466 3252 1713 3305 omnium
1758 3268 1977 3323 quoque

404 3338 732 3405 hominum,
798 3337 999 3408 quibus
1058 3348 1114 3395 et
1180 3349 1377 3396 terram
1444 3343 1512 3397 ad
1580 3344 1973 3401 habitationem

400 3433 569 3486 dedit.

481 3524 640 3580 Vsus.
673 3524 766 3589 26,
802 3525 893 3578 27.
936 3542 954 3575 t
991 3523 1110 3579 Non
1149 3525 1346 3579 mortui
1394 3527 1698 3584 laudabunt
1736 3538 1822 3594 te,
1871 3530 1973 3585 Do-

402 3618 570 3683 mine,
622 3632 799 3686 neque
824 3632 1015 3672 omnes
1056 3618 1150 3687 qui
1191 3618 1533 3674 descendunt
1577 3621 1630 3674 in
1677 3620 1970 3676 infernum.

402 3709 507 3765 Sed
547 3725 649 3764 nos
676 3710 770 3779 qui
796 3710 1054 3775 vivimus,
1088 3710 1475 3766 benedicemus
1500 3710 1753 3779 Domino,
1778 3715 1845 3769 ab
1870 3715 1971 3770 hoc

399 3802 524 3856 inde
552 3808 797 3871 tempore
825 3816 1001 3870 usque
1032 3803 1086 3854 in
1113 3800 1394 3855 szeculum.
1432 3821 1450 3853 1
1489 3803 1731 3858 Mortuo:
1759 3806 1973 3861 vocavit

397 3908 499 3947 eos.
525 3893 618 3962 qui
653 3893 969 3947 inanimatis
1012 3893 1172 3947 idolis
1211 3894 1497 3949 serviunt:
1527 3896 1659 3966 quid
1706 3899 1853 3953 enim
1886 3908 1970 3954 est

398 3985 509 4038 illis
537 3984 856 4053 stupidius?
891 3984 1126 4040 Viventes
1158 4000 1311 4051 vero,
1342 4002 1438 4042 eos
1470 3989 1562 4057 qui
1590 3989 1757 4044 Deum
1784 3992 1969 4047 viven-

398 4083 505 4127 tem
555 4075 804 4142 adorant,
852 4076 1053 4145 quibus
1099 4077 1343 4132 divinum
1391 4079 1641 4134 attribuit
1682 4081 1963 4152 hymnum.

397 4163 665 4219 Praeterea
695 4164 874 4229 docet,
928 4165 1123 4220 decere
1149 4181 1245 4221 eos
1272 4168 1365 4237 qui
1398 4168 1562 4222 Deum
1594 4171 1797 4235 colunt,
1842 4187 1966 4228 cum

396 4255 546 4309 omni
578 4255 860 4310 alacritate
896 4256 1071 4325 ipsum
1110 4258 1336 4313 laudare
1368 4260 1546 4316 adhuc
1580 4263 1841 4332 viventes,
1877 4273 1966 4321 ut-

398 4358 523 4419 pote
562 4364 702 4419 quos
746 4349 853 4405 hoc
898 4348 1076 4407 lacere
1114 4353 1401 4421 prohibeat
1432 4355 1641 4427 1517
1680 4374 1849 4414 mors.
1880 4359 1964 4413 ld-

396 4418 544 4493 circo
601 4438 655 4493 in
700 4441 811 4494 alio
854 4441 1034 4509 inquit
1078 4443 1339 4512 psalmo:
1381 4464 1400 4496 1
1432 4446 1677 4503 Cantabo
1734 4450 1965 4507 Domino

2081 4447 2155 4501 Ξιὰ
2177 4418 2332 4503 τοῦτο
2361 4418 2455 4505 καὶ
2486 4418 2546 4507 ἐν
2574 4455 2750 4527 ἑτέρῳ
2764 4455 2913 4525 λέγει
2944 4418 3407 4531 ψαλμῷηήῖᾼσω

396 4531 451 4584 111
496 4531 604 4586 vita
641 4548 781 4599 mea,
808 4532 1041 4603 psallam
1082 4532 1190 4590 Deo
1227 4550 1352 4591 meo
1393 4539 1631 4608 quandiu
1682 4539 1907 4597 1118101».
1938 4563 1957 4597 1

764 4731 1089 4788 INTERPR.
1128 4734 1377 4791 PSALMI
1414 4736 1595 4793 CXIV.

466 4843 719 4900 Alleluia.
763 4846 944 4903 Multis
992 4859 1046 4904 et
1088 4850 1270 4906 omnis
1308 4853 1523 4922 generis
1562 4854 1965 4914 calamitatibus

393 4935 607 4991 Seleuci
674 4938 820 4994 ﬁlius
872 4939 1212 5008 Antiochus,
1260 4955 1623 5015 cognomento
1686 4947 1954 5015 lllustris,

390 5025 607 5084 Judaeos
638 5029 826 5085 atllixit
857 5049 870 5086 :
900 5040 956 5088 et
992 5032 1097 5089 fuit
1141 5034 1195 5090 in
1238 5050 1423 5102 causa,
1466 5048 1525 5093 ut
1565 5040 1741 5105 multi,
1775 5046 1865 5113 qui
1901 5046 1955 5101 in

461 5169 488 5210 Ρ
529 5160 670 5219 Psal.
708 5180 867 5232 θην,
906 5168 964 5222 2.

2075 3164 2183 3217 τῶν
2217 3165 2389 3234 ἁγίων
2413 3167 2662 3236 ἀγγέλων
2696 3172 2908 3243 χαίρων
2939 3173 2983 3205 ’⁷
3031 3178 3238 3244 χοροῖς.
3298 3177 3412 3248 Τὴν
3469 3180 3661 3250 μέντοι

2075 3257 2177 3327 γῆν
2207 3257 2285 3327 τῷ
2308 3259 2458 3326 γένει
2483 3260 2594 3314 τῶν
2621 3261 2929 3332 ἀνθρώπων
2973 3266 3292 3337 ἀπένειμεν.
3349 3269 3428 3322 Οὐ
3467 3272 3661 3324 τοίνυν

2088 3350 2356 3405 Ἰουδαίων
2409 3352 2777 3425 προμηθεῖται
2828 3357 3013 3427 μόνον,
3068 3359 3206 3414 ἀλλὰ
3250 3361 3346 3415 καὶ
3434 3364 3660 3419 πάντων

2073 3440 2399 3511 ἀνθρώπων,
2426 3438 2510 3507 οἷς
2536 3446 2629 3499 καὶ
2660 3447 2761 3517 τὴν
2811 3449 2915 3519 γῆν
2941 3451 3262 3523 οἰκητήριον
3301 3453 3538 3508 δέδωκεν
3582 3457 3656 3510 ’⁸.

2144 3538 2260 3595 κςί,
2282 3531 2386 3595 κζ’.
2421 3552 2441 3585 ι
2480 3535 2593 3606 Οὐχ
2619 3537 2669 3589 οἱ
2705 3538 2895 3609 νεκροὶ
2923 3539 3203 3595 αἰνέσουσί
3251 3560 3330 3608 σε,
3382 3545 3556 3615 Κύριε
3583 3548 3657 3610 ’⁵,

2071 3621 2193 3674 οὺδέ
2250 3623 2450 3687 πάντες
2516 3627 2567 3678 οί
2622 3628 3051 3696 καταϐαίνοντες
3102 3635 3185 3699 είς
3224 3633 3352 3706 ᾅδου
3400 3636 3440 3691 ί.
3506 3638 3657 3691 Ἀλλ’

2071 3712 2234 3784 ἡμεῖς
2282 3715 2331 3767 οἱ
2354 3715 2556 3781 ζῶντες
2586 3720 2606 3751 ⁸
2631 3720 3006 3794 εύλογήσομεν
3031 3724 3126 3778 τὸν
3153 3725 3387 3797 Κύριον,
3420 3728 3532 3781 ἀπὸ
3552 3730 3656 3783 τοῦ

2071 3804 2166 3859 νῦν
2194 3806 2288 3859 καὶ
2318 3807 2424 3871 ἓως
2456 3808 2548 3862 τοῦ
2593 3812 2809 3876 αἰῶνος.
2852 3833 2872 3866 ι
2923 3816 3189 3887 Νεκροὺς
3245 3820 3475 3874 ἐκάλεσε
3525 3802 3657 3887 τοὺς

2073 3900 2183 3961 τοῖς
2231 3899 2462 3971 ἀψύχοις
2492 3903 2735 3969 εἰδώλοις
2768 3907 3122 3976 δουλεύοντας
3148 3928 3161 3941 ·
3200 3912 3252 3965 τί
3284 3911 3393 3983 γὰρ
3421 3914 3656 3968 ἐκείνων

2072 3991 2528 4065 ὰναισθητότερον
2554 4014 2567 4062 ;
2600 3996 2839 4065 Ζῶντας
2864 3999 2945 4067 δὲ,
2973 4001 3101 4066 τοὺς
3125 4002 3219 4056 τὸν
3267 4003 3447 4067 ζῶντα
3513 4006 3655 4060 Θεὸν

2069 4085 2531 4152 προσκυνοῦντας,
2557 4082 2639 4149 οἷς
2668 4090 2760 4142 τὸν
2783 4089 2927 4145 θεῖον
2984 4093 3382 4165 ἀπεκλήρωσεν
3449 4094 3650 4166 ὕμνον.

2067 4172 2212 4243 Πρὸς
2227 4172 2283 4227 δὲ
2307 4174 2482 4247 τούτῳ
2508 4178 2769 4245 διδάσκει,
2784 4182 2860 4243 ὡς
2884 4182 2981 4235 σὺν
3005 4182 3153 4253 πάσῃ
3176 4182 3458 4256 προθυμίᾳ⁸
3479 4201 3653 4255 προσ-

2066 4265 2189 4334 ήκει
2240 4267 2366 4330 τοὺς
2399 4270 2803 4339 θεραπεύοντας
2846 4273 2939 4327 τὸν
2983 4273 3117 4328 Θεὸν
3165 4276 3426 4347 ἀνυμνεῖν
3481 4278 3653 4332 αὐτὸν

2068 4355 2147 4407 ἐτι
2179 4355 2406 4423 ζῶντας,
2429 4358 2506 4423 ὼς
2530 4360 2624 4415 τοῦ
2648 4361 2885 4416 Θανάτου
2916 4362 3076 4417 τοῦτο
3096 4370 3272 4421 ποιεῖν
3302 4368 3612 4435 κωλύοντος
3630 4389 3648 4405 ο

3586 4483 3656 4517 υ-

2068 4465 2155 4501 οια
2177 4466 2332 4503 τουτο
2361 4465 2455 4505 και
2486 4465 2546 4507 εν
2574 4465 2750 4527 ετερῳ
2765 4465 2913 4525 λέγει
2944 4465 3164 4529 ψαλμιῖν
3196 4478 3215 4512 ι
3254 4465 3407 4531 ’ᾼσω
3426 4465 3507 4561 δῷ
3532 4465 3656 4517 Κυ-
3700 4482 3728 4532 ε

2068 4540 2167 4610 ρίῳ
2196 4541 2254 4594 ἐν
2284 4544 2347 4614 τῇ
2378 4542 2493 4616 ζωῇ
2528 4563 2654 4617 μου,
2696 4536 2854 4617 ψαλῶ
2900 4550 2978 4621 τῷ
3018 4550 3138 4621 Θεῷ
3192 4570 3294 4623 μου
3327 4553 3436 4619 ἕως
3468 4556 3653 4625 ὑπεὶρ⁴

2066 4650 2166 4702 χω.
2206 4653 2225 4686 1

2382 4771 2647 4828 ΕΡΜΗΝ.
2689 4774 2827 4829 ΤΟΥ
2852 4776 2976 4830 PIA'
2998 4779 3319 4835 ΨΑΛΜΟΥ.

2150 4860 2526 4929 Ἆλληλούῖα.
2588 4866 2817 4931 Πολλαῖς
2846 4870 2868 4901 ³
2907 4871 3003 4924 καὶ
3049 4873 3419 4938 παντοδαπαῖς
3461 4877 3491 4929 6
3547 4878 3650 4930 τοῦ

2065 4953 2328 5010 Σελεύκου
2347 4958 2374 5003 ⁸.
2400 4958 2688 5031 Ἀντίοχος,
2708 4964 2736 5015 6
2755 4964 2983 5037 ἐπίκλην
3006 4967 3328 5038 Ἐπιφανὴς,
3354 4968 3650 5037 Ἰουδαίους

2063 5049 2356 5119 περιέϐαλε
2393 5056 2740 5123 συμφοραῖς·
2777 5056 2873 5110 καὶ
2918 5059 3044 5122 τοὺς
3089 5059 3192 5131 μὲν
3239 5062 3497 5136 ῥᾳστώνῃ
3548 5081 3648 5117 συ-

1502 5311 1736 5373 ΥΑΗΙᾹΞ
1778 5319 2162 5383 LECTIONES
2200 5328 2287 5384 ET
2330 5327 2566 5388 NOTE.

460 5439 1355 5537 τέμῇᾆςλῌεῇινῇίιεηςιίξεει
1377 5494 1391 5516 ,
1418 5470 1476 5537 _s.
1506 5455 1809 5537 benedicat.
1833 5462 1918 5537 _Il:_t
1953 5481 2170 5537 quoque
2204 5471 2256 5523 in
2293 5488 2352 5527 se

384 5538 453 5605 ς-
480 5511 852 5605 ἠξςαξηξὲῌεξυ
873 5518 1158 5605 Theodoro
1189 5511 1501 5605 tribuuntur
1526 5511 1665 5605 apud

2081 5511 2256 5593 ἶ“δ”οὸ’.’
2293 5511 2385 5574 “ar
2397 5511 2586 5598 22.31";

384 5578 872 5667 1.".90Aé6mﬁer.
925 5583 1193 5667 Nonnulla
1225 5592 1375 5667 addit
1405 5578 1581 5667 (Iord.r
1601 5578 1959 5667 (cfp.

2355 5474 2703 5549 qucn_tib_us._
2747 5478 2794 5509 “
2826 5479 2946 5534 cod.
2976 5480 2998 5535 1
3030 5479 3130 5549 τῆς
3172 5481 3403 5549 ἐλπίδος.
3480 5489 3527 5521 ⁸³
3558 5491 3645 5544 οὐ

2635 5546 2850 5620 μόνους.
2926 5546 3237 5620 ⁹⁷Χα1ρων.
3264 5546 3428 5609 Abest
3463 5573 3490 5610 a
3510 5562 3639 5613 cod.

2056 5608 2102 5683 ’ξ
2136 5610 2289 5683 Alte.
2333 5628 2427 5678 σε,
2461 5608 2654 5683 Κύριε.
2709 5608 2873 5674 Hebr.
2915 5638 2929 5674 :
2989 5608 3305 5677 Lau'ilabunt
3332 5608 3638 5682 ⁷1111δυῖυῇ

386 5646 404 5746 ξ
437 5650 727 5756 ξῖςῖςξδςυ.
748 5654 932 5756 Hebr,
968 5661 1019 5756 in
1055 5646 1479 5756 lolcnntrfilentii,
1503 5646 1970 5756 s.lseptilcrrtim.w(

486 5738 517 5756 11
604 5740 698 5756 [ιιη
874 5743 969 5756 t|~m
997 5747 1029 5756 ..
1130 5746 1204 5756 ...ιιι
1284 5735 1447 5756 ..ε-...ηε
1487 5737 1550 5756 ιμῖ
1601 5753 1665 5756 Α...
1715 5750 1726 5756 -
1968 5747 1970 5752 ι

2081 5676 2088 5690 _
2136 5646 2261 5663 ιιι..
2333 5646 2427 5678 νο,
2461 5646 2654 5683 ιιυμιο.
2712 5646 2873 5697 ιιι-111.
2915 5646 2929 5674 ;
2989 5646 3304 5677 pauuuvum
3355 5646 3636 5682 Jenouam.

2089 5719 2101 5731 .
2133 5681 2359 5756 p.l_182,
2385 5702 2439 5739 11.
2472 5685 2566 5756 12.
2634 5687 2654 5716 ²
2676 5689 2742 5740 Οἱ
2767 5687 2996 5756 Qun-rec.
3025 5691 3192 5746 Abest
3223 5709 3253 5747 a
3284 5701 3432 5750 textu
3464 5696 3636 5751 Hebr.

381 5714 404 5746 ³
432 5714 698 5789 Πολζιαῖς
731 5756 796 5767 ——
826 5714 1046 5795 ροέτήν.
1083 5729 1205 5785 Hmc

2081 5714 2185 5804 ἱτῗίῖ
2209 5714 2260 5805 if
2272 5714 2439 5822 ἵζἰῗῖ
2472 5714 2594 5810 iis.

2710 5764 2729 5787 ⁸
2765 5757 2879 5814 Τοῦ
2923 5764 3061 5815 Σελ.
3109 5763 3274 5818 Abest
3303 5778 3335 5820 α
3388 5767 3503 5822 cod.
3576 5769 3633 5823 1.
