3924 6486
233 296 371 362 1797

1564 297 1645 357 ΙΝ
1681 296 1887 356 PSAL.
1973 296 2160 356 CXIV.

3357 298 3494 365 1798

225 414 445 477 ζῶντας
502 411 811 483 παραϐῆναι
866 410 957 464 τὸν
1014 410 1153 463 θεῖον
1219 411 1600 481 παρεσκεύασε
1633 410 1813 479 νόμον.

1932 408 2131 461 desidia
2174 408 2443 475 vivebant,
2489 411 2727 465 divinam
2763 415 3269 485 transgrederentur
3294 417 3493 488 legem.

226 504 292 557 Oi
321 502 378 554 δὲ
413 502 518 572 τῆς
547 502 827 564 εὐσεϐείας
857 502 1086 572 ἐρασταὶ
1114 502 1240 564 τοὺς
1273 502 1413 571 ὑπὲρ
1438 501 1641 568 ταύτης
1663 500 1812 566 ἀγῶ-

228 609 329 653 νας
363 593 667 662 προθύμως
696 592 1107 661 ἀναδεξάμενοι,
1153 592 1263 645 τῶν
1313 592 1634 645 καλλινίκων
1694 608 1815 645 στε-

227 684 422 753 φάνων
487 684 833 756 ἀπήλαυσαν.
895 684 1115 753 Ταύτην
1162 684 1343 737 αὐτῶν
1409 684 1509 754 τὴν
1558 684 1815 754 ἀνδρείαν

224 779 261 846 ἡ
316 775 577 847 παροῦσα
639 776 872 847 μελῳδία
926 777 1203 845 προλέγει.
1249 778 1529 847 Διηγεῖται
1577 776 1633 831 δὲ
1672 775 1816 830 κατὰ

222 869 431 922 ταυτὸν
468 868 692 932 καὶτὰς
737 868 846 922 τῶν
895 868 1161 938 ἀλγεινῶν
1198 870 1548 941 προσϐολὰς,
1591 871 1687 924 καὶ
1715 870 1815 941 τὴν

224 962 675 1033 παρασχεθεῖσαν
735 962 920 1026 αὐτοῖς
977 963 1131 1034 παρά
1191 962 1285 1017 τοῦ
1343 963 1478 1017 Θεοῦ
1519 964 1626 1017 τῶν
1677 963 1814 1018 ὅλων

232 1055 440 1124 ῥοπήν-

300 1150 373 1211 a',
413 1145 481 1216 β’.
512 1166 529 1198 ι
565 1145 880 1216 Ἠγάπησα,
931 1145 1013 1198 ὅτι
1052 1141 1435 1197 εἰσακούσεται
1476 1141 1681 1213 Κύριος
1713 1142 1814 1211 τῆς

228 1236 418 1307 φωνῆς
456 1238 556 1307 τῆς
578 1237 815 1308 δεήσεώς
840 1255 962 1308 μου.
996 1238 1122 1291 Ὅτι
1166 1238 1345 1292 ἔκλινε
1403 1238 1461 1291 τὸ
1500 1237 1593 1300 οὖς
1646 1238 1812 1293 αὑτοῦ

227 1327 380 1397 ἐμοι.
428 1348 449 1380 ›
486 1329 695 1394 Αὐτοὺς
726 1327 901 1382 ταῦτα
930 1328 1109 1395 λέγειν
1147 1331 1181 1400 ἡ
1220 1329 1524 1399 προφητεία
1551 1326 1813 1393 διδάσκει,

227 1422 312 1475 ὅτι
341 1422 577 1475 Πάντων
608 1437 700 1491 μοι
730 1420 799 1474 τὰ
843 1419 961 1474 Θεῖα
1005 1419 1411 1491 θυμηρέστερα,
1458 1419 1555 1472 καὶ
1590 1418 1813 1491 ἀξιεραο

229 1512 495 1583 στδτερόν
547 1529 638 1583 μοι
674 1511 785 1565 τῶν
819 1511 994 1566 ἄλλων
1038 1512 1099 1564 τὸ
1153 1511 1245 1564 τὸν
1285 1513 1416 1566 Θεὸν
1457 1510 1814 1581 θεραπεύειν

226 1606 456 1674 δέχεται
485 1607 593 1676 γάρ
626 1621 728 1674 μου
773 1604 870 1667 τὰς
922 1604 1152 1675 δεήσεις,
1195 1604 1289 1657 καὶ
1338 1605 1441 1675 τῆς
1492 1604 1698 1667 οίκείας
1724 1607 1817 1674 ῥο-

230 1704 344 1773 πῆς
382 1702 404 1732 ⁸
434 1700 595 1764 ἀξιοῖ.
629 1718 647 1750 ι
689 1700 801 1751 Καὶ
824 1699 883 1751 ὲν
919 1700 1040 1761 ταῖς
1072 1697 1307 1768 ἡμέραις
1344 1713 1446 1765 μου
1499 1695 1817 1749 ἐπικαλέσοο

232 1769 359 1866 μαι.
396 1816 415 1848 ι
450 1790 525 1846 υῦ
559 1794 578 1823 ⁸
610 1791 674 1863 δὴ
703 1790 889 1862 χάριν,
927 1792 1081 1860 παρά
1114 1790 1290 1842 πάντα
1322 1805 1426 1859 μου
1456 1789 1549 1842 τὸν
1582 1788 1696 1858 βίον
1727 1788 1820 1841 καὶ
1853 1769 1893 1823 Β

228 1887 428 1957 ὑμνῶν
453 1884 615 1940 αὑτὸν
640 1882 952 1949 διατελέσω,
981 1881 1077 1935 καὶ
1103 1881 1203 1952 τὴν
1233 1881 1363 1952 παρ’
1402 1880 1567 1934 αὑτοῦ
1604 1897 1821 1950 συμμα-

228 1980 362 2049 χίαν
395 1979 624 2049 αἰτήσω.
667 1973 800 2029 Εἶτα
848 1974 1120 2045 διηγεῖται
1161 1974 1222 2026 τὸ
1255 1972 1461 2043 πλῆθος
1508 1974 1615 2026 τῶν
1639 1973 1821 2042 ἀλγει-

232 2074 369 2127 νῶν.

308 2167 385 2225 γ’.
428 2180 446 2212 ι
486 2157 779 2229 Περιὲσχον
812 2173 889 2227 με
918 2157 1106 2218 ὠδῖνες
1138 2156 1395 2221 Θανάτου,
1443 2157 1675 2210 κίνδυνοι
1696 2156 1820 2228 ᾆδον

231 2253 477 2325 εὖροσάν
505 2269 594 2321 με.
638 2271 655 2302 ι
687 2249 907 2322 Κυρίως
931 2248 1139 2315 ὠδῖνες
1168 2250 1466 2304 καλοῦνται
1489 2253 1546 2303 αί
1590 2251 1698 2321 πρὸ
1731 2250 1821 2304 τοῦ

231 2347 404 2398 τόκου
430 2345 529 2415 τῆς
552 2341 844 2412 τικτούσης
869 2341 1074 2399 ὀδύναι.
1107 2342 1411 2412 Τοιγαροῦν
1444 2344 1508 2395 ἐκ
1536 2345 1633 2413 τῆς
1658 2360 1824 2412 μετα-

234 2437 415 2506 φορᾶς
440 2435 648 2505 ταύτης
678 2432 886 2499 ὠδῖνες
910 2432 1060 2501 ᾅδου
1091 2433 1613 2505 προσαγορεύονται,
1639 2436 1694 2488 αἱ
1723 2434 1821 2487 αύ-

229 2526 315 2598 τῷ
352 2526 610 2591 πελάζειν
642 2525 720 2597 τῷ
747 2524 962 2596 Θανάτῳ
978 2525 1498 2595 παρασκευάζουσαι
1521 2526 1818 2597 συμφοραί.

233 2622 408 2689 Λέγει
429 2618 631 2685 τοίνυν,
651 2619 733 2673 ὅτι
757 2617 972 2681 πολλοῖς
996 2616 1124 2670 καὶ⁷
1156 2617 1519 2682 παντοδαποῖς
1552 2634 1825 2688 περιστοι-

232 2711 463 2781 χηΘεῖσι
496 2710 517 2742 ⁸
548 2710 762 2773 δεινοῖς,
793 2707 871 2772 ὼς
930 2709 1063 2781 παρ’
1090 2707 1255 2762 αὐτὸν
1294 2708 1552 2777 γενέσθαι
1586 2707 1678 2760 τὸν
1729 2707 1825 2761 θά-

232 2820 404 2858 νατον
435 2796 580 2869 ,καὶ
641 2799 811 2864 αὑτὰς
866 2799 1198 2855 καταλαϐεῖν
1254 2799 1349 2853 τοῦ
1405 2800 1532 2871 ᾇδου
1592 2801 1691 2865 τὰς
1718 2800 1824 2854 πύ-

230 2900 360 2963 λας.
706 2938 713 2946 .

312 3010 333 3044 ι
372 2988 565 3061 Θλίψιν
603 2987 699 3042 καὶ
722 2985 915 3057 ὀδύνην
955 2977 1130 3054 εὖρον.
1152 2981 1239 3056 [δ’]
1267 2983 1376 3037 Καὶ
1414 2984 1474 3037 τδ
1513 2982 1682 3054 ὄνομα
1710 2986 1822 3038 Κυ-

1922 493 2147 550 Pietatis
2180 513 2308 552 vero
2339 500 2569 555 studiosi
2596 517 2694 569 pro
2733 503 2834 557 hac
2866 520 3133 574 propenso
3157 508 3342 562 animo
3375 524 3497 563 cer-

1923 588 2130 641 tamina
2171 591 2564 659 suscipientes,
2615 595 2972 665 triumphales
3026 614 3260 656 coronas
3312 602 3494 672 adepti

1921 690 2072 734 sunt.
2105 680 2255 737 Hane
2287 684 2501 739 illorum
2550 685 2925 743 fortitudinem
2961 691 3046 745 hic
3073 692 3314 761 psalmus
3362 710 3500 763 pra:-

1923 770 2077 827 cinit.
2127 773 2329 829 Narrat
2375 787 2555 831 autem
2609 778 2773 834 simul
2811 791 2867 834 et
2910 797 3277 849 renuntiarunt
3322 787 3495 840 insul-

1925 873 2056 930 tus,
2122 875 2176 921 et
2221 881 2378 936 opem
2438 868 2507 923 ab
2574 872 2954 929 universorum
3016 872 3126 929 Deo
3175 875 3310 945 ipsis
3357 892 3497 946 prae-

1922 958 2112 1013 bitam.

1993 1136 2160 1195 Vens.
2203 1142 2254 1207 l,
2286 1143 2342 1198 2.
2378 1162 2397 1195 ι
2434 1142 2626 1210 Dilexi,
2660 1145 2919 1213 quoniam
2946 1148 3204 1203 exaudiet
3236 1147 3498 1206 Dominus

1922 1244 2111 1284 vocem
2147 1233 2415 1287 orationis
2448 1249 2600 1288 mem.
2636 1235 2771 1299 Quia
2808 1235 3087 1291 inclinavit
3122 1253 3311 1294 aurem
3344 1257 3497 1296 suam

1922 1323 1989 1375 ad
2019 1338 2125 1377 me.
2164 1342 2183 1375 ι
2216 1323 2342 1379 Hazc
2385 1326 2565 1381 dicere
2611 1328 2893 1396 prophetia
2931 1330 3078 1398 ipsos
3119 1331 3277 1385 docet
3309 1348 3323 1386 :
3351 1330 3497 1387 Nihil

1923 1417 2057 1472 mihi
2089 1418 2293 1488 potius,
2327 1419 2573 1489 nihilque
2600 1420 3040 1486 desiderabilius,
3076 1438 3242 1490 quam
3293 1439 3380 1479 res
3413 1426 3500 1480 di-

1922 1510 2085 1572 vinae,
2132 1521 2187 1563 et
2222 1524 2383 1578 quam
2422 1510 2590 1564 Deum
2620 1511 2822 1575 colere,
2872 1512 3312 1581 quandoquidem
3348 1530 3499 1569 meas

1923 1616 2112 1670 preces
2159 1600 2418 1667 admittit,
2465 1616 2674 1672 suaque
2732 1617 2834 1672 ope
2895 1618 2983 1657 me
3046 1605 3319 1673 dignatur.
3381 1606 3494 1661 (1·

1923 1693 2119 1748 diebus
2149 1695 2286 1749 meis
2313 1694 2598 1750 invocabo.
2636 1713 2654 1746 ι
2682 1693 2975 1765 Propterea
3000 1712 3097 1767 per
3122 1705 3289 1750 totam
3321 1714 3495 1753 meam

1924 1785 2089 1840 vitam
2136 1786 2314 1855 ipsum
2364 1787 2616 1842 laudibus
2649 1787 2959 1852 celebrabo,
3006 1789 3381 1859 auxiliumque
3428 1792 3498 1846 ab

1922 1876 2042 1947 ipso
2074 1876 2401 1947 implorabo.
2437 1877 2642 1934 Deinde
2674 1889 2862 1935 narrat
2894 1880 3269 1936 calamitatum
3313 1882 3498 1938 multi.

1922 1969 2187 2023 tudinem.

1995 2158 2010 2177 ⁶
2047 2152 2208 2209 Vens.
2246 2153 2299 2207 5.
2337 2171 2356 2204 ι
2395 2152 2889 2208 Circumdederunt
2920 2169 3006 2208 me
3034 2154 3251 2212 dolores
3282 2157 3497 2222 mortis,

1921 2255 1974 2303 et
2000 2248 2244 2318 pericula
2278 2245 2475 2302 inferni
2510 2248 2834 2301 invenerunt
2860 2263 2967 2302 me.
2996 2267 3014 2300 ι
3045 2248 3268 2318 Proprie
3292 2248 3498 2302 dolores

1922 2350 2189 2395 vocantur
2227 2340 2304 2394 illi
2339 2341 2430 2410 qui
2482 2340 2811 2394 antecedunt
2860 2348 3076 2409 partum
3104 2342 3497 2409 ‘partttrientis.

1922 2435 2024 2489 Per
2050 2431 2428 2501 metaphoram
2463 2430 2628 2499 igitur
2656 2430 2722 2483 ab
2763 2429 2871 2485 illis
2916 2431 3141 2499 petitam
3179 2430 3385 2486 dolores
3412 2433 3499 2485 in-

1923 2528 2156 2596 ferorum
2208 2532 2473 2577 vocantur
2528 2522 2635 2576 illa:
2685 2522 3044 2584 calamitates,
3098 2538 3221 2593 quae
3267 2522 3379 2578 fere
3430 2525 3498 2578 ad

1915 2612 2156 2671 'mortem
2196 2616 2419 2671 ducunt.
2459 2613 2602 2668 Dicit
2637 2613 2800 2682 igitur
2832 2612 3048 2684 1418
3079 2613 3266 2668 multis
3296 2616 3502 2672 omnis-

1923 2725 2029 2778 que
2059 2709 2274 2778 generis
2312 2708 2594 2762 doloribus
2644 2706 3015 2762 circumdatos
3066 2722 3209 2770 esse,
3261 2707 3397 2762 adeo
3443 2718 3501 2762 ut

1924 2820 2089 2874 prope
2119 2806 2290 2874 ipsam
2327 2814 2559 2859 mortem
2599 2803 2733 2867 sint,
2774 2810 2829 2856 et
2876 2799 2943 2854 ad
2999 2799 3146 2870 ipsas
3200 2803 3499 2857 inferorum

1920 2896 2117 2967 januas
2147 2894 2513 2964 pervenerint.

2000 3006 2017 3038 ι
2055 2986 2489 3041 Ti-ibulationem
2533 2995 2587 3040 et
2627 2985 2873 3040 dolorem
2921 2984 3124 3040 inveni.
3163 2982 3370 3056 [Vens
3415 2983 3499 3056 4.]

235 3084 359 3155 ρίου
395 3080 836 3150 ὲπεκαλεσάμην.
873 3096 890 3130 ι
924 3076 1063 3131 Ἀλλ’
1090 3075 1191 3129 οὐκ
1214 3076 1293 3138 είς
1317 3074 1629 3129 ἀνάπαυλαν
1651 3076 1813 3146 ὲμαυ-

1932 3075 1996 3131 Ει
2032 3092 2230 3132 nomeu
2282 3074 2496 3130 Domini
2547 3075 2819 3131 invocavi.
2855 3093 2876 3128 ι
2912 3073 3117 3130 Verum
3152 3089 3500 3146 nequaquam

228 3171 328 3222 τὸν
372 3169 613 3235 ἐξέδωκα
639 3207 655 3231 ,
695 3167 791 3220 καὶ
836 3163 1151 3236 ῥαστώνην,
1198 3163 1413 3228 τούτοις
1472 3164 1821 3237 περιπεσὼν,

232 3261 363 3313 οὔτε
401 3263 482 3324 εἰς
511 3261 532 3292 ⁹
560 3258 656 3321 τὰς
681 3258 846 3320 ἄλλας
881 3255 976 3309 τοῦ
1018 3255 1136 3326 βίου
1180 3253 1542 3325 ψυχαγωγίας
1591 3257 1825 3326 ἐμαυτὸν

232 3355 578 3426 προενήνοχα
608 3352 673 3415 ιθ,
705 3349 841 3403 ἀλλά
868 3349 1083 3419 θρήνοις
1136 3349 1231 3400 καὶ
1275 3346 1506 3417 δάκρυσι
1550 3348 1826 3418 κεχρημέ-

232 3462 349 3509 νος,
375 3443 470 3497 καὶ
490 3442 752 3514 διηνεκῶς
774 3438 1141 3508 ποτνιώμενος
1163 3439 1260 3508 τὴν
1280 3437 1432 3492 Θείαν
1448 3436 1672 3508 ἐξῄτουν
1695 3439 1825 3510 βοή-

232 3537 411 3588 Θειαν.
442 3533 616 3587 Τοῦτο
656 3532 713 3585 δὲ
756 3528 1148 3599 ἀκριϐέστερον
1188 3529 1251 3579 ὲκ
1286 3527 1386 3597 τῆς
1445 3528 1554 3579 τῶν
1589 3528 1824 3579 Μακκα-

231 3628 412 3682 ϐαίων
473 3625 713 3695 ἱστορίας
776 3621 937 3692 μάθοι
994 3637 1077 3683 τις
1119 3621 1205 3674 ἄν.
1240 3620 1333 3683 Εἰς
1358 3619 1467 3690 γάρ
1493 3618 1594 3691 τὴν
1621 3619 1826 3690 ἔρημον

231 3717 652 3788 ἁποδράσαντες
681 3716 731 3767 οί
764 3714 1021 3783 τρόφιμοι
1048 3711 1152 3781 τῆς
1194 3710 1502 3776 εὐσεϐείας,
1541 3711 1632 3763 καὶ
1659 3709 1823 3783 λιμῷ,

233 3808 335 3860 καὶ
363 3805 493 3875 δίψῃ
517 3802 854 3873 πιεζόμενοι,
890 3801 982 3855 τὸν
1010 3801 1143 3853 Θεὸν
1167 3799 1527 3871 ὴντιϐόλησαν
1554 3840 1569 3865 ,
1604 3800 1699 3853 καὶ
1724 3801 1824 3870 τῆς

236 3902 371 3971 παρ’
397 3896 563 3952 αὐτοῦ
597 3895 849 3967 βοηθείας
879 3895 918 3925 ¹¹
957 3893 1301 3965 ἀπήλαυσαν.
1347 3911 1364 3943 ι
1404 3888 1474 3944 Ὦ
1499 3892 1692 3961 Κύριε,
1727 3892 1821 3963 ῥῦ-

232 4012 328 4047 σαι
346 3992 444 4063 τὴν
465 3990 643 4060 ψυχήν
664 4006 784 4059 μου.
802 3986 1033 4053 ιΤαῦτα,
1049 3986 1204 4056 φησὶ,
1223 3983 1589 4055 ποτνιώμενος
1615 3984 1819 4053 ἔλεγονο

243 4086 587 4155 Ἐπάμυνον,
612 4075 656 4135 ὧ
686 4081 959 4143 Δέσποτα,
981 4078 1075 4130 καὶ
1104 4076 1212 4129 τῶν
1247 4075 1614 4146 ἐπικειμένων
1634 4076 1823 4129 κακῶν

229 4185 334 4247 τὰς
383 4181 660 4252 ἡμετέρας
722 4176 903 4247 ψυχὰς
973 4172 1364 4243 ὲλευθέρωσον.
1402 4171 1589 4242 ᾝδειν
1642 4170 1823 4242 μέντοι

230 4275 695 4347 προσευχόμενος,
732 4271 813 4323 ὅτι
839 4267 1102 4336 τεύξομαι
1129 4264 1230 4334 τῆς
1252 4264 1545 4333 αἰτήσεως,
1574 4261 1673 4332 τὴν
1698 4260 1823 4313 πολ-

228 4370 331 4439 λὴν
383 4364 551 4419 αὑτοῦ
605 4358 1021 4432 φιλανθρωπίαν
1074 4358 1140 4427 τῇ
1192 4354 1359 4426 πείρᾳ
1384 4351 1721 4425 μεμαθηκώς
1755 4353 1818 4409 ³³,

228 4464 405 4518 Τοῦτο
434 4460 542 4531 γὰρ
575 4457 876 4527 ἐπήγαγενο

301 4555 365 4609 ε’.
407 4574 425 4606 ι
474 4552 755 4622 Ἑλεήμων
784 4551 811 4601 ὁ
856 4546 1077 4617 Κύριος,
1132 4542 1225 4596 καὶ
1254 4540 1477 4603 δίκαιος,
1516 4540 1609 4592 καὶ
1640 4538 1824 4603 sese;

226 4653 258 4720 ἡ
268 4649 389 4717 μῶν
421 4647 585 4700 ἐλεεῖ.
626 4661 645 4695 ι
682 4640 793 4703 Τὰς
820 4638 929 4710 γὰρ
953 4636 1047 4691 τοῦ
1071 4634 1254 4696 ἐλέους
1274 4631 1457 4703 πηγὰς
1474 4634 1585 4692 τοῖς
1606 4628 1820 4701 ἀνθρώ-

228 4758 355 4803 ποις
417 4734 680 4809 προσχέει
711 4733 754 4764 ¹³
778 4747 793 4761 ’
822 4730 935 4801 ἔχει
981 4728 1037 4781 δὲ
1070 4726 1167 4780 καὶ
1215 4722 1586 4792 δικαιοσύνην,
1618 4721 1739 4783 τοὺς
1774 4721 1820 4753 ιδ

226 4829 552 4889 ἀδικοῦντας
580 4822 803 4886 κολάζει
834 4816 1173 4891 μεταμελείᾳ
1215 4812 1528 4885 χρήσασθαι
1566 4811 1639 4884 μὴ
1695 4810 1820 4881 βου-

226 4923 514 4996 λομένους,
547 4919 639 4981 Δὶς
664 4915 850 4987 μέντοι
884 4909 981 4965 τοῦ
1014 4909 1198 4972 ἐλέους
1239 4906 1643 4979 μνημονεύσας,
1673 4903 1822 4996 ἅπαξ

228 4994 332 5086 τῆς
363 5008 713 5077 δικαιοσύνης
739 5004 1006 5075 ἐμνήσθη.
1031 5001 1178 5069 Νικᾷ
1205 4999 1315 5069 γὰρ
1346 5000 1379 5067 ἡ
1405 4996 1499 5050 τοῦ
1539 4996 1675 5050 Θεοῦ
1705 4994 1825 5064 φιλ-

230 5104 521 5175 ανθρωπία
547 5100 647 5166 τῆς
680 5093 1031 5163 δικαιοσύνης
1060 5091 1162 5159 τὴν
1189 5089 1393 5159 ψῆφον.
1744 5156 1749 5159 _

305 5201 381 5259 ς’.
427 5212 443 5243 r
478 5189 776 5244 Φυλάσσων
801 5184 871 5239 τὰ
893 5184 1064 5254 νήπια
1086 5180 1129 5212 ⁵⁵
1159 5182 1187 5234 ὁ
1214 5178 1437 5249 Κύριος.
1479 5196 1497 5229 ι
1531 5176 1815 5248 Τοσαύτην

1849 4454 1898 4511 D

1926 3170 2062 3232 otio,
2103 3183 2277 3238 neque
2319 3167 2539 3223 desidia:
2582 3183 2671 3221 me
2703 3167 2881 3237 ipsum
2909 3165 3115 3232 addixi,
3145 3182 3270 3221 cum
3300 3167 3357 3221 in
3397 3166 3500 3223 has

1926 3262 2265 3325 incidissem,
2303 3275 2481 3328 neque
2521 3260 2586 3313 ad
2618 3260 2754 3313 alias
2781 3259 2908 3314 vitae
2943 3259 3249 3329 voluptates
3278 3274 3367 3314 me
3402 3275 3502 3332 ap-

1926 3356 2089 3428 plicui
2121 3372 2134 3408 :
2165 3355 2258 3409 sed
2306 3352 2548 3408 luctibus
2576 3352 2942 3423 lacrymisque
2971 3367 3125 3417 usus,
3166 3359 3220 3407 et
3245 3354 3502 3411 continue

1926 3466 2177 3520 preeaus,
2213 3447 2452 3503 divinam
2487 3444 2854 3514 etilagitabam
2878 3459 3059 3515 opem.
3090 3444 3205 3501 Hoc
3229 3457 3413 3503 autem
3434 3464 3502 3504 ex

1924 3540 2361 3594 Machabazorum
2408 3536 2639 3591 historia
2678 3537 2988 3592 aecuratius
3014 3536 3153 3593 disci
3200 3547 3394 3607 potest.
3442 3538 3501 3593 lu

1928 3633 2278 3688 solitudinem
2303 3631 2449 3686 enim
2482 3628 2753 3699 fugientes
2779 3628 2999 3698 pietatis
3024 3628 3253 3694 alumni,
3284 3639 3338 3684 et
3361 3630 3509 3686 fame

1927 3741 1990 3780 ac
2014 3726 2101 3778 siti
2134 3723 2333 3792 pressi,
2372 3721 2544 3775 Deum
2587 3721 2973 3785 obsecrarunt,
3017 3721 3395 3791 auxiliumque
3434 3721 3502 3775 ab

1924 3817 2043 3887 ipso
2065 3815 2208 3869 nacti
2233 3822 2382 3868 sunt.
2408 3831 2426 3863 ι
2453 3811 2496 3867 0
2525 3811 2770 3877 Domine,
2801 3811 2971 3865 libera
2997 3810 3236 3865 animam
3262 3826 3497 3866 meam.»

1924 3909 2067 3974 llaec,
2090 3906 2282 3975 inquit,
2308 3918 2539 3974 preeaus
2567 3902 2815 3957 dicebam
2836 3902 3036 3972 :Opem
3059 3902 3160 3966 fer,
3188 3918 3220 3956 ο
3249 3901 3501 3965 Domine.

1922 4010 1975 4054 et
2002 4000 2069 4053 ab
2100 3994 2539 4065 impendentibus
2579 3992 2741 4047 malis
2790 3992 3004 4048 animas
3035 4003 3263 4049 nostras
3304 3993 3499 4049 libera.

1920 4090 2187 4146 Noveram
2217 4087 2380 4157 igitur
2405 4099 2597 4154 preces
2626 4083 2894 4148 fundens,
2936 4085 3209 4155 postulata
3245 4099 3332 4140 me
3358 4100 3494 4140 con-

1922 4192 2261 4247 secuturum,
2296 4178 2523 4234 multam
2568 4175 2689 4247 ejus
2712 4174 3108 4246 benignitatem
3160 4177 3498 4248 experientia

1921 4282 2254 4345 compertam
2287 4270 2519 4326 habens.
2552 4265 2669 4322 Hoc
2693 4266 2842 4322 enim
2873 4266 3143 4323 subdidit:

1999 4524 2165 4578 Vens.
2223 4519 2277 4573 5.
2330 4534 2348 4568 ι
2387 4514 2696 4570 Misericors
2738 4510 3037 4577 Dominus,
3088 4518 3142 4563 et
3178 4509 3395 4579 justus,
3444 4515 3499 4561 et

1926 4622 2069 4676 Deus
2104 4623 2289 4669 noster
2316 4611 2628 4665 miseretur.
2655 4623 2673 4656 ι
2704 4604 2906 4659 Fontes
2930 4602 3076 4657 enim
3109 4600 3500 4657 misericordiae

1925 4709 2241 4769 hominibus
2289 4701 2610 4774 profundit,
2660 4696 2824 4753 habet
2870 4705 3051 4751 autem
3100 4705 3155 4749 et
3194 4693 3498 4763 justitiam,

1922 4804 2156 4875 iujustos
2197 4794 2516 4869 pmnitentia
2545 4791 2623 4845 uti
2657 4790 2904 4844 nolentes
2948 4787 3153 4857 plectit.
3194 4786 3286 4839 Bis
3315 4784 3502 4853 utique

1923 4891 2317 4950 misericordiae
2370 4884 2706 4940 mentionem
2756 4879 2990 4943 faciens,
3042 4876 3210 4932 semel
3269 4875 3500 4944 justitiae

1929 4984 2200 5043 meminit.
2241 4981 2421 5035 Vincit
2457 4976 2603 5031 enim
2632 4973 2723 5028 Dei
2759 4972 3070 5043 benignitas
3108 4968 3337 5039 justitia:
3374 4982 3501 5019 sen-

1931 5079 2177 5133 tentiam.

1995 5170 2162 5225 Vsns.
2195 5167 2248 5222 6.
2291 5186 2309 5217 ι
2344 5163 2668 5221 Custodiens
2716 5157 2973 5229 parvulos
3029 5155 3312 5212 Dominus.
3342 5172 3360 5205 ι
3398 5150 3503 5204 Ta-

1328 5383 1566 5440 VARIIE
1601 5379 1989 5440 LECTIONES
2042 5378 2129 5433 ET
2165 5373 2405 5431 NOTIE.

301 5544 322 5576 ⁸
362 5538 609 5610 Ῥοπῆς.
645 5539 770 5596 cod.
807 5538 831 5593 ι
869 5532 1184 5610 ρτιειηημε.
1262 5530 1282 5560 ⁸
1318 5523 1399 5583 οὗ
1425 5524 1766 5610 -θαὶτῄσως
1810 5522 1813 5529 ⁴

1932 5520 2122 5577 :etiam
2146 5515 2395 5610 Origenis
2422 5525 2616 5610 ηρπὲιξη
2645 5526 2678 5579 p

306 5575 317 5576 ί
381 5575 609 5610 Γυάιιις.
645 5575 770 5596 υυυ.
810 5575 831 5593 ι
873 5575 1059 5604 plu..."
1096 5575 1184 5604 rw.
1323 5575 1392 5583 ν..
1522 5575 1680 5590 ---μμ

231 5634 280 5671 c.
318 5632 371 5686 p.
408 5614 538 5669 517.
614 5612 632 5643 ⁷
666 5607 949 5674 Πολλοῖς.
980 5604 1103 5661 cod.
1147 5605 1167 5655 l
1198 5616 1386 5669 praem.
1421 5596 1535 5651 καί.
1610 5594 1790 5681 ⁸⁸σοι1.

231 5684 455 5730 tamen?»
482 5680 880 5730 προσενήνογα.
959 5677 999 5706 ¹¹
1038 5675 1215 5730 Βοηθ.
1253 5670 1373 5723 eod.
1412 5668 1432 5720 l
1472 5681 1748 5730 προνοιας.

1932 5575 2378 5673 εριεστοιχίᾶθην.
2456 5585 2475 5614 ⁸
2513 5575 2659 5661 E_lc_.'
2683 5580 2804 5634 Des.
2836 5583 2887 5631 in
2964 5577 3088 5630 cod.
3130 5575 3181 5627 1.
3263 5575 3305 5603 ¹⁹
3361 5575 3491 5653 ibid.

1932 5663 2032 5719 old.
2073 5656 2391 5730 μεμάθηκα.
2473 5651 2683 5705 "ibid.
2748 5648 2997 5720 προχέει.
3079 5644 3123 5675 ⁸⁸
3183 5641 3356 5705 Τούς.
3413 5642 3491 5696 Ib.

230 5666 880 5757 {paintqi‘rtpocavﬁvolm
905 5666 919 5674 ’
959 5677 999 5757 ’ξ
1038 5666 1215 5757 Bona.
1248 5670 1373 5757 eod.

154 5796 159 5801 ι
232 5736 474 5827 {ditandi
502 5736 634 5823 γάρ.
711 5736 758 5782 ³³
791 5736 868 5802 Ϋὰ
926 5736 1663 5813 mimufllebr”simplices.

2682 5524 2753 5562 ne
2772 5522 2829 5563 se
2859 5506 3038 5561 ferunt
3068 5503 3207 5573 apud
3232 5500 3394 5573 (10rd.
3424 5572 3427 5573 ν
3457 5502 3496 5573 l.

3263 5572 3305 5603 ¹⁹
3361 5571 3494 5625 ibid.
