3924 6492
450 296 597 364 -1799

1448 293 1941 359 THEODORETI
1973 295 2319 358 EPISCOPI
2350 295 2723 357 CYRENSIS

3582 295 3734 362 1800

452 412 559 466 lem
588 411 733 466 enim
767 410 835 466 de
878 409 1137 467 omnibus
1181 410 1493 467 hominibus
1535 427 1727 467 curam
1774 412 1935 481 gerit,
1972 420 2031 464 ut

2139 406 2491 483 γὰρ’πάντων
2512 398 2818 480 ἀνθρώπων
2849 406 3085 466 ποιεῖται
3133 410 3483 483 κηδεμονίαν,
3515 411 3601 465 ὅτι
3630 414 3734 466 καὶ

450 504 616 557 etiam
658 502 809 557 omni
853 517 983 556 cura
1030 503 1268 559 infantes
1296 505 1572 575 dignetur.
1614 506 1678 559 Et
1723 523 1830 560 non
1868 507 2031 561 modo

452 609 548 647 eos
594 592 688 661 qui
738 591 953 664 1419
986 594 1098 662 jam
1144 593 1196 647 in
1255 595 1430 649 lucem
1490 596 1618 649 editi
1672 606 1801 650 sunt
1844 612 2028 661 curat,

448 685 546 739 sed
583 684 751 737 etiam
788 695 1101 749 conservat,
1152 694 1206 739 et
1251 687 1521 749 custodit,
1583 697 1636 740 et
1680 688 1887 758 perlicit
1936 703 2032 742 eos

450 775 545 843 qui
599 776 653 829 in
713 785 868 831 utero
914 779 1547 845 matrum'dclitescunt,
1581 780 1826 849 atquein
1870 781 2033 850 aquis

453 868 597 920 male
638 867 914 923 olentibus
948 876 1162 933 natant,
1200 880 1254 923 et
1293 868 1348 921 in
1382 870 1673 925 tenebroso
1702 880 1757 924 et
1799 883 2032 939 angusto
2062 888 2067 891 τ

453 959 576 1013 loco
609 968 961 1025 coercentur,
994 968 1048 1015 et
1075 961 1128 1015 in
1155 962 1333 1015 lucem
1361 962 1537 1026 ell'ert,
1562 962 1827 1031 lactisque
1854 962 2031 1016 fontes

454 1053 863 1118 subministrat,
902 1062 955 1107 et
996 1053 1064 1106 ab
1098 1054 1337 1108 inimicis
1376 1054 1715 1108 dzemonibus
1763 1054 2031 1108 insidian-

454 1143 603 1197 tibus
624 1144 880 1206 vindicat,
904 1155 977 1211 et,
1008 1154 1065 1199 ut
1084 1161 1193 1199 uno
1223 1147 1387 1200 verbo
1413 1148 1611 1210 dicam,
1633 1155 1912 1214 paternam
1932 1162 2031 1199 cu-

453 1249 571 1288 ram
618 1233 879 1303 impertit.
918 1235 1038 1289 Non
1075 1245 1277 1290 temere
1311 1248 1496 1290 autem
1552 1237 1746 1290 borum
1800 1238 2028 1306 prophe-

456 1325 598 1379 ticus
652 1340 833 1380 sermo
899 1327 1025 1381 lecit
1076 1329 1433 1395 mentionem,
1500 1330 1595 1385 sed
1650 1330 1874 1392 docens.
1925 1343 2032 1383 non

454 1416 616 1470 modo
669 1416 1053 1472 universorum
1088 1422 1107 1441 ί
1142 1420 1312 1474 Deum
1358 1421 1635 1489 justorum
1682 1420 1896 1474 frui-tus
1944 1437 2033 1474 re-

452 1511 755 1576 munerari,
790 1511 884 1565 sed
921 1512 1087 1565 etiam
1124 1513 1179 1566 in
1220 1513 1616 1568 benefaciendo
1666 1513 1844 1581 ipsum
1900 1527 2035 1582 pra:-

455 1601 663 1666 venire,
719 1610 773 1656 et
819 1618 916 1658 eos
966 1605 1061 1673 qui
1126 1622 1231 1659 non
1291 1617 1421 1661 sunt
1471 1606 1763 1669 fabricare,
1804 1614 1858 1660 et
1910 1622 2033 1660 cum

454 1691 727 1748 ellinxerit
790 1710 984 1750 curam
1040 1712 1226 1765 gerere
1262 1716 1274 1751 :
1308 1698 1641 1768 demumque
1695 1705 1816 1767 post
1858 1697 2034 1766 perfe-

453 1794 599 1839 ctam
646 1795 858 1841 aetatem
903 1788 1133 1857 justitize
1188 1780 1397 1845 fruetus
1428 1792 1701 1860 upperiri,
1736 1799 1790 1846 et
1840 1807 2034 1845 rursus

456 1886 590 1933 ttmc
633 1880 780 1935 viros
854 1882 1054 1950 probos
1117 1883 1366 1952 plurimis
1426 1883 1711 1938 beneﬂciis
1773 1882 2029 1938 allicere.

459 1984 479 2019 ι
519 1967 845 2023 llumiliatus
882 1987 1026 2038 sum,
1070 1983 1123 2027 et
1157 1974 1410 2028 liberavit
1461 1989 1566 2028 me.
1610 1993 1628 2026 ι
1670 1974 2032 2044 Symmachus

454 2068 634 2114 autem
678 2062 757 2117 sic
790 2080 803 2116 :
840 2064 1019 2132 Defeci
1063 2067 1283 2130 viribus,
1315 2082 1364 2127 et
1400 2068 1625 2122 salvavit
1662 2084 1762 2121 me.
1798 2068 1852 2122 Si
1886 2068 2030 2122 enim

454 2151 713 2218 infantes,
780 2157 872 2224 qui
915 2156 1154 2209 nondum
1208 2152 1331 2228 ejus
1381 2159 1753 2229 cognitionem
1807 2175 2031 2230 accepe-

455 2255 606 2309 runt,
647 2247 808 2301 talem
844 2248 913 2301 ab
949 2249 1067 2318 ipso
1106 2266 1293 2304 curam
1324 2260 1741 2320 consequuntur
1772 2270 1785 2305 :
1827 2259 2033 2321 quanto

454 2338 630 2404 magis
682 2340 749 2395 iis
811 2342 905 2410 qui
941 2343 1157 2423 sincere
1195 2345 1374 2413 ipsum
1406 2345 1614 2409 colunt,
1659 2346 1890 2401 salutem
1929 2346 2032 2399 im—

453 2428 660 2495 pertit?
708 2431 965 2488 Prminus
1015 2435 1200 2505 igitur,
1243 2451 1368 2491 cum
1415 2452 1519 2492 nos
1570 2437 1640 2493 ob
1693 2438 2032 2494 calamitates

452 2518 747 2589 depressos
780 2522 1024 2586 vidisset,
1063 2540 1160 2579 sua
1189 2542 1293 2596 ope
1327 2541 1428 2583 nos
1459 2526 1716 2598 dignatus
1748 2538 1852 2583 est.

529 2612 687 2667 Vsus.
704 2614 757 2667 7.
800 2634 817 2666 ι
855 2615 1204 2683 Convertere,
1246 2619 1432 2672 anima
1486 2636 1629 2684 mea,
1663 2621 1730 2675 ad
1784 2621 2030 2691 requiem

453 2711 624 2769 tuam,
659 2706 791 2775 quia
834 2706 1099 2764 Dominus
1133 2710 1402 2768 benefecit
1428 2714 1546 2767 tibi.
1590 2732 1608 2764 ι
1646 2714 2031 2769 Adbortautur

452 2811 514 2849 se
547 2796 719 2865 ipsos,
749 2808 803 2853 et.
831 2799 1069 2855 excitant
1092 2802 1158 2856 ad
1187 2801 1590 2868 fortitudinem,
1630 2804 2029 2861 beneﬁciorum

456 2889 863 2944 multitudinem
899 2898 1264 2962 prot'erentes,
1298 2905 1352 2951 et
1380 2911 1445 2951 se
1483 2896 1632 2967 ipsos
1661 2896 1882 2960 docent,
1914 2898 2033 2955 fore

456 2988 517 3033 ut
551 2981 805 3049 quamvis
838 2997 936 3051 pro
989 2985 1186 3053 pietate
1241 2995 1473 3041 mortem
1520 2989 1811 3054 subierint,
1862 2990 1912 3044 in
1940 2989 2033 3059 ju-

2132 505 2200 557 τὰ
2240 503 2418 575 βρέφη
2452 504 2636 574 πάσης
2690 503 2836 569 ἀξιοῖ
2884 505 3251 575 προμηθείας.
3282 505 3392 560 Καὶ
3450 506 3515 559 ού
3562 507 3735 577 μόνον

2131 594 2436 665 τεχθέντων
2469 596 2841 665 ἐπιμελεῖται,
2868 596 3009 650 ἀλλά
3044 596 3140 650 καὶ
3173 596 3370 659 αὐταῖς
3396 598 3519 659 ταῖς
3535 595 3733 666 νηδύσι

2131 686 2242 741 τῶν
2273 688 2527 760 μητέρων
2573 690 3025 760 ἐπικρυπτόμενα
3059 730 3072 751 ,
3101 690 3198 742 καὶ
3237 688 3393 743 ὕδασι
3431 690 3733 744 δυσωδέσιν

2133 778 2493 848 ἐννηχόμενα,
2523 779 2619 833 καὶ
2651 781 2709 832 ἐν
2739 779 3006 849 ζοφώδει,
3037 780 3132 832 καὶ
3160 781 3218 833 ἐν
3271 779 3443 849 στενῷ
3465 780 3736 851 καθειργ-

2138 869 2278 940 μένα
2300 869 2484 940 χωρίῳ
2513 869 2761 941 διατηρεῖ
2790 910 2805 934 ,
2836 872 2932 924 καὶ
2962 868 3157 936 σώζει,
3189 872 3285 924 καὶ
3335 870 3733 941 τελεσιουργεῖ,

2134 961 2232 1013 καὶ
2287 963 2369 1024 είς
2428 959 2545 1030 φῶς
2605 961 2814 1029 ἐξάγει,
2848 961 2944 1016 καὶ
2978 962 3079 1024 τὰς
3104 960 3201 1015 τοῦ
3230 961 3505 1030 γάλακτος
3539 961 3735 1031 ὀρέγει

2136 1050 2343 1121 πηγὰς,
2374 1052 2470 1106 καὶ
2498 1053 2604 1105 τῶν
2626 1052 3090 1107 ἐπιϐουλευόντων
3126 1053 3399 1123 δαιμόνων
3424 1052 3735 1125 ἐλευθεροῖ,

2136 1143 2233 1196 καὶ
2275 1142 2582 1215 συλλήϐδην
2613 1146 2810 1209 εἰπεῖν,
2844 1146 3124 1215 πατρικῆς
3149 1144 3468 1215 μεταδίδωσι
3504 1161 3743 1215 προμη-

2137 1233 2312 1295 θείας.
2349 1233 2461 1304 Ούχ
2494 1234 2679 1298 ἁπλῶς
2718 1234 2775 1288 δὲ
2820 1236 2921 1305 τὴν
2966 1234 3172 1288 τούτων
3195 1236 3224 1287 ὁ
3253 1234 3593 1306 προφητικδς
3640 1232 3741 1286 λδ-

2136 1344 2233 1396 γος
2262 1328 2558 1398 ἐποιήσατο
2596 1329 2839 1399 μνήμην,
2868 1328 3004 1383 ἀλλὰ
3028 1327 3315 1394 διδάσκων,
3339 1328 3413 1391 ὡς
3436 1327 3539 1381 οὐκ
3563 1327 3742 1397 ἀμεί-

2138 1420 2292 1473 ϐεται
2325 1419 2488 1489 μόνον
2518 1422 2547 1472 ὁ
2574 1418 2683 1473 τῶν
2712 1418 2851 1473 ὅλων
2873 1418 3007 1482 Θεὸς
3037 1419 3163 1483 τοὺς
3184 1417 3295 1472 τῶν
3322 1417 3548 1471 δικαίων
3587 1433 3743 1488 καρ-

2138 1513 2295 1578 ποὺς,
2327 1510 2466 1564 ἀλλά
2496 1510 2592 1563 καὶ
2613 1510 2774 1582 ἄρχει
2796 1511 2897 1581 τῆς
2928 1510 3270 1582 εὐεργεσίας,
3309 1511 3403 1565 καὶ
3457 1511 3741 1581 δημιουρο

2137 1604 2226 1671 γεῖ
2252 1606 2378 1666 τοὺς
2410 1601 2511 1654 ούκ
2538 1600 2720 1663 ὄντας,
2751 1600 2848 1654 καὶ
2886 1599 3192 1663 διαπλάσας
3237 1599 3604 1668 ἐπιμελεῖται,
3637 1597 3745 1649 καὶ

2143 1694 2280 1765 μετά
2307 1694 2406 1764 τὴν
2432 1694 2643 1747 τελείαν
2668 1693 2888 1763 ἡλικίαν
2918 1692 3182 1763 ἀναμένει
3223 1693 3349 1755 τοὺς
3388 1690 3493 1760 τῆς
3518 1690 3743 1743 δικαιο-

2142 1784 2308 1856 σύνης
2333 1788 2604 1856 καρποὺς,
2636 1787 2736 1838 καὶ
2771 1785 2935 1839 πάλιν
2960 1784 3085 1837 τότε
3102 1784 3222 1848 ταῖς
3246 1782 3586 1853 εὐεργεσίαις
3602 1781 3745 1844 τοὺς

2139 1876 2381 1945 ἀγαθοὺς
2422 1876 2738 1940 ἐπικλύζει.
2780 1894 2800 1928 ι
2849 1874 3256 1945 Ἑταπεινώθην
3289 1876 3380 1939 ⁸⁸⁸,
3417 1876 3514 1927 καὶ
3556 1871 3743 1926 ἔσωσέ

2143 1986 2234 2039 με.
2273 1987 2293 2023 ι
2342 1962 2400 2023 Ὀ
2426 1969 2469 2000 ¹⁶
2497 1967 2554 2022 δὲ
2578 1970 2876 2039 Σύμμαχος
2905 1967 3100 2031 οὕτως·
3132 1967 3430 2034 Ὴτόνησα
3453 1966 3552 2019 καὶ
3579 1965 3744 2019 ἔσω-

2139 2058 2215 2111 σέ
2244 2074 2341 2127 με.
2367 2057 2431 2110 Εί
2461 2056 2570 2128 γὰρ
2595 2059 2664 2110 τά
2695 2058 2867 2128 νήπια
2893 2057 2962 2109 τὰ
2999 2056 3228 2127 μηδέπω
3257 2054 3356 2125 τὴν
3390 2056 3558 2108 αὑτοῦ
3583 2054 3741 2123 γνῶ-

2140 2167 2225 2202 σιν
2249 2149 2520 2219 δεξάμενα
2542 2148 2814 2220 τοσαύτης
2867 2148 2999 2219 παρ’
3031 2146 3198 2201 αὑτοῦ
3256 2148 3514 2217 τυγχάνει
3567 2148 3740 2219 κηδε-

2132 2242 2353 2312 μονίας,
2383 2240 2564 2311 πολλῷ
2597 2241 2799 2311 μᾶλλον
2828 2243 2945 2304 τοῖς
2992 2238 3301 2310 εἰλικρινῶς
3333 2240 3498 2293 αὐτὸν
3530 2241 3737 2293 ἐπικα-

2138 2333 2421 2406 λουμένοις
2447 2334 2770 2406 μεταδίδωσι
2801 2332 3099 2406 σωτηρίας.
3128 2332 3341 2386 Αὐτίκα
3368 2333 3552 2386 τοίνυν
3580 2333 3739 2403 ἡμᾶς

2137 2426 2257 2486 ταῖς
2295 2426 2601 2494 συμφοραῖς
2627 2423 3069 2487 ταπεινωθέντας
3097 2422 3223 2478 ἰδὼν
3243 2424 3342 2495 τῆς
3368 2424 3577 2488 οἰκείας
3606 2426 3739 2476 επι-

2138 2514 2368 2582 κουρίας
2400 2512 2656 2581 ἠξίωσεν.

2210 2604 2277 2668 ζ’.
2316 2622 2335 2658 ι
2391 2604 2770 2676 Ἐπίστρεψον,
2806 2603 2954 2677 ψυχή
2987 2623 3114 2677 μου,
3144 2608 3227 2669 είς
3271 2606 3372 2677 τὴν
3422 2604 3740 2661 ἀνάπαυσίν

2139 2714 2257 2764 σου,
2280 2697 2367 2750 ὅτι
2396 2696 2598 2769 Κύριος
2626 2698 2967 2769 εὐηργέτησέ
3011 2716 3094 2757 σε.
3136 2718 3156 2750 ι
3209 2698 3739 2770 Παραθαρῤύνουσιν

2137 2788 2387 2853 ἐαυτοὺς,
2416 2789 2511 2841 καὶ
2538 2788 2953 2860 παραθήγουσιν
2987 2792 3067 2854 είς
3094 2790 3366 2861 ἀνδρείαν,
3400 2792 3510 2845 τῶν
3568 2790 3740 2845 θείων

2138 2877 2470 2951 εὐεργεσιῶν
2513 2880 2929 2946 ύποδεικνύντες
2973 2882 3036 2935 τὸ
3087 2881 3289 2951 πλῆθος
3327 2883 3390 2950 ⁸⁷,
3441 2883 3538 2936 καὶ
3581 2883 3738 2937 δι.δὰ-

2141 2989 2333 3026 σκουσι
2366 2972 2410 3003 “
2446 2974 2589 3042 σφᾶς
2623 2974 2845 3038 αὐτοὺς,
2871 2975 2953 3028 ὅτι
2996 2975 3101 3028 κᾶν
3146 2975 3237 3027 τὸν
3273 2976 3414 3046 ὑπὲρ
3441 2977 3736 3040 εὐσεϐείας

450 3075 689 3128 cunilam
735 3082 914 3129 tamen
951 3084 1007 3130 et
1037 3086 1245 3147 gratam
1276 3078 1446 3133 vitam
1479 3078 1900 3136 transferantur.
1932 3081 2032 3135 Re-

2141 3063 2542 3129 καταδέξωνται
2571 3065 2823 3134 θάνατον,
2851 3068 2932 3130 είς
2970 3065 3063 3119 τὸν
3116 3066 3337 3139 θυμήρη
3388 3070 3483 3122 καὶ
3522 3070 3739 3123 ἄλυπον

2146 3150 2603 3177 ..-_..--n.r._._.__.
2640 3151 2754 3177 οι--.
2823 3152 3201 3177 ς.--,ι..-------
3233 3155 3338 3177 -.~_-
3369 3153 3575 3177 z---~.--.--.
3604 3156 3711 3177 an;

450 3166 625 3235 quiem
682 3167 828 3221 enim
886 3167 1032 3222 illam
1087 3172 1326 3227 vocavit.
1377 3170 1629 3229 Indicant
1682 3186 1864 3229 autem
1928 3174 2032 3230 hoc

2143 3150 2607 3224 μετατεθήσονται
2640 3151 2776 3223 βίον.
2823 3152 3202 3207 Ἀνάπαυσιν
3233 3155 3342 3225 γὰρ
3367 3153 3577 3208 ἐκεῖνον
3601 3156 3741 3209 ὲκάο

450 3260 615 3313 etiam
649 3274 713 3313 ea
747 3275 868 3329 quae
900 3272 1225 3331 sequuntur.

526 3349 693 3405 Vsas.
727 3351 781 3417 8,
812 3351 865 3405 9.
914 3371 933 3404 ι
976 3351 1250 3419 Quoniam
1289 3356 1492 3428 eripuit
1523 3358 1762 3413 animam
1797 3373 1970 3414 meam
2001 3375 2031 3415 a

452 3451 651 3505 morte,
701 3442 891 3497 oculos
917 3458 1071 3499 meos
1121 3461 1150 3499 ιι
1193 3447 1476 3520 lacrymis,
1517 3450 1733 3523 1420
1770 3464 1823 3506 et
1869 3455 2033 3521 pedes

454 3549 607 3589 meos
630 3550 659 3589 a
685 3535 858 3603 lapsu.
883 3534 1119 3590 Placebo
1144 3536 1375 3593 Domino
1396 3541 1448 3594 in
1470 3543 1693 3611 regione
1710 3544 1981 3597 vivorum.
2009 3563 2027 3595 ι

451 3626 735 3699 Regiorum
773 3639 953 3682 autem
990 3630 1249 3695 vivorum,
1297 3647 1403 3687 non
1451 3646 1772 3703 praesentem
1818 3652 2033 3690 nuncu-

450 3730 546 3789 pat
581 3722 769 3784 vitam,
808 3722 861 3772 in
889 3735 996 3789 qua
1024 3731 1152 3776 sunt
1174 3722 1357 3789 ﬂetus,
1390 3734 1441 3780 et
1461 3727 1715 3797 gemitus,
1750 3736 1805 3781 et
1830 3728 2027 3793 morbi,

451 3820 507 3866 et
537 3821 765 3874 mortes,
801 3820 856 3865 et
885 3820 1128 3880 peccata,
1163 3823 1218 3868 et
1246 3817 1609 3885 calamitates,
1644 3819 1737 3874 sed
1762 3820 1929 3873 vitam
1962 3820 2035 3875 ab

414 3974 418 3978 _
453 3905 542 3967 his
575 3904 835 3963 omnibus
862 3904 1113 3973 liberam,
1149 3908 1203 3963 in
1235 3925 1343 3979 qua
1369 3910 1489 3966 sine
1515 3913 1777 3968 aerumnis
1811 3924 1896 3967 est
1926 3916 2033 3967 vir-

452 3999 588 4064 tutis
642 3998 940 4069 possessio.
991 4010 1045 4057 et
1082 4003 1201 4058 sine
1241 4003 1520 4061 laboribus
1559 4005 1765 4061 divitia:
1803 4006 2032 4077 iustitia:

452 4089 675 4151 adsunt.
741 4088 843 4155 Qui
872 4090 1018 4147 enim
1053 4092 1153 4151 bas
1205 4109 1330 4150 eum
1367 4094 1653 4155 laboribus
1689 4096 1774 4151 bis
1806 4111 2031 4166 compa.

454 4196 580 4245 rare
604 4181 897 4244 voluerint,
945 4182 1019 4236 ibi
1060 4185 1479 4253 ampliﬁcabunt
1523 4188 1671 4256 ipsas
1692 4189 1810 4243 sine
1836 4188 2033 4243 labori-

453 4276 581 4333 bus.
611 4274 884 4347 llymnum
908 4278 1077 4349 igitur
1103 4279 1404 4348 gratiarum
1430 4280 1664 4334 actionis
1684 4280 1942 4344 offerunt,
1965 4297 2032 4336 eo

452 4367 595 4438 quod
630 4368 769 4422 oculi
809 4369 1032 4438 quidem
1066 4384 1096 4423 a
1129 4369 1386 4440 lacrymis
1436 4370 1546 4425 sint
1574 4371 1808 4436 liberati,
1837 4380 1891 4425 cl
1938 4388 2031 4442 pe-

452 4460 551 4514 des
601 4459 868 4515 lubricam
908 4459 1071 4513 vitatn
1118 4457 1446 4529 effugerint,
1493 4469 1548 4515 et
1597 4461 1780 4514 anima
1826 4463 2030 4529 peccati
2066 4475 2109 4531 ι)

456 4562 690 4608 mortem
726 4551 1002 4607 declinare
1030 4552 1306 4620 potuerit;
1347 4560 1400 4605 et
1442 4551 1639 4607 docent
1683 4567 1741 4606 se
1772 4553 1941 4622 ipsos,
1975 4563 2034 4607 ut

453 4659 640 4699 rerum
674 4643 913 4699 tristium
972 4644 1208 4713 impetus
1260 4642 1490 4697 viriliter
1526 4640 1837 4712 perferant,
1884 4659 2033 4697 mor-

452 4740 676 4804 temque
711 4734 1035 4812 despiciant,
1074 4751 1140 4792 eo
1193 4735 1336 4806 quod
1373 4735 1483 4789 vita
1531 4735 1822 4807 tranquilla
1872 4737 2031 4792 morti

453 4828 731 4891 succedat.

2138 3241 2286 3297 λεσε.
2317 3242 2479 3315 Δηλοῖ
2500 3243 2559 3296 δὲ
2590 3242 2750 3296 τοῦτο
2793 3244 2888 3297 καὶ
2918 3247 2985 3297 τὰ
3022 3244 3415 3314 ἐπιφερόμενα.

2207 3329 2280 3401 η’,
2310 3331 2375 3385 θ’.
2412 3350 2430 3383 ι
2469 3332 2592 3385 Ὀτι
2617 3332 2856 3397 ἐξείλετο
2881 3334 2925 3365 ¹⁹
2946 3334 3044 3405 τὴν
3076 3333 3254 3406 ψυχήν
3299 3350 3401 3406 μου
3456 3336 3522 3388 ἐκ
3564 3335 3737 3390 θανά-

2137 3439 2254 3487 του,
2290 3422 2416 3485 τοὺς
2440 3421 2755 3492 ὀφθαλμούς
2785 3440 2889 3493 μου
2913 3423 3023 3477 ἀπὸ
3046 3423 3315 3495 δακρύων,
3341 3425 3439 3479 καὶ
3466 3427 3593 3489 τοὺς
3634 3426 3739 3479 πόα

2136 3511 2234 3574 δας
2284 3529 2386 3582 μου
2444 3513 2554 3566 ἀπὸ
2592 3513 2976 3585 ὀλισθήματος.
3008 3516 3378 3587 Εὐαρεστήσω
3417 3518 3463 3548 “
3492 3517 3733 3571 ἐνώπιον

2138 3602 2346 3674 Κυρίου
2380 3605 2440 3657 ἐν
2486 3605 2640 3677 χώρα
2692 3605 2932 3670 ζώντων.
2971 3625 2988 3657 ι
3021 3606 3230 3675 Χώραν
3277 3609 3335 3662 δὲ
3385 3609 3640 3675 ζώντων,
3670 3611 3732 3663 οὐ

2138 3690 2231 3744 τὸν
2268 3694 2516 3761 παρόντα
2571 3694 2687 3764 βίον
2734 3695 2915 3762 καλεῖ,
2944 3699 3001 3750 ἐν
3025 3689 3070 3764 ᾧ
3102 3682 3309 3769 θρῆνοι,
3340 3699 3434 3753 καὶ
3479 3698 3729 3771 ὀδυρμοὶ,

2139 3783 2232 3838 καὶ
2254 3786 2421 3850 νόσοι,
2461 3786 2555 3841 καὶ
2582 3787 2826 3855 θάνατοι,
2857 3790 2951 3842 καὶ
2982 3790 3273 3860 ἁμαρτίαι,
3297 3792 3391 3845 καὶ
3410 3796 3693 3862 συμφοραὶ
3711 3832 3727 3855 ,

2136 3875 2277 3931 ἀλλὰ
2300 3877 2393 3931 τὸν
2416 3878 2631 3933 τούτων
2654 3880 2913 3934 ἁπάντων
2957 3881 3379 3951 ἀπηλλαγμένον
3419 3883 3558 3954 βίον,
3592 3886 3649 3938 ἐν
3685 3878 3730 3951 ᾧ

2136 3970 2525 4043 ἀταλαίπωρος
2548 3973 2648 4041 τῆς
2666 3974 2924 4046 ἀρετῆςὴ
2958 3974 3174 4043 κτῆσις,
3227 3974 3323 4028 καὶ
3371 3975 3495 4045 δίχα
3549 3978 3730 4030 πόνων

2138 4062 2167 4116 ὁ
2201 4062 2300 4133 τῆς
2330 4062 2679 4136 δικαιοσύνης
2709 4064 3066 4136 προσγίνεται
3087 4066 3335 4129 πλοῦτος.
3369 4069 3432 4120 Ol
3453 4067 3563 4138 γὰρ
3588 4070 3729 4138 μετά

2137 4154 2317 4209 πὸνων
2348 4156 2584 4211 ἐνταῦθα
2617 4156 2805 4211 τοῦτον
2842 4156 3121 4228 θελόμενοι
3145 4161 3186 4190 ²¹
3214 4162 3561 4230 συναγεῖραι,
3596 4160 3728 4213 πολι

2136 4243 2604 4300 λαπλασιάσουσιν
2634 4248 2800 4301 αὐτὸν
2829 4250 2874 4280 ¹²
2906 4249 3087 4302 πόνων
3109 4249 3275 4321 χωρίς
3295 4265 3308 4278 ⁸
3346 4250 3439 4303 τὸν
3460 4254 3729 4322 χαριστή-

2142 4352 2256 4405 ριον
2284 4336 2465 4389 τοίνυν
2497 4338 2543 4369 ³³
2572 4336 2740 4409 ὕμνον
2772 4339 3197 4410 προσφέρουσιν,
3222 4340 3299 4405 ὡς
3340 4340 3452 4394 τῶν
3495 4344 3597 4411 μὲν
3625 4343 3725 4411 δᾳ-

2140 4426 2363 4496 θαλμῶν
2392 4427 2486 4482 τοῦ
2519 4428 2778 4500 δακρύειν
2807 4430 3253 4499 ἀπαλλαγέντων,
3295 4432 3407 4483 τῶν
3441 4432 3498 4486 δέ
3544 4434 3724 4487 ποδῶν

2137 4515 2229 4568 τὸν
2257 4517 2546 4589 ὀλισθηρὸν
2586 4519 2700 4590 βίον
2757 4520 3248 4591 διαφευγὸντωνἪ
3284 4523 3387 4594 τῆς
3437 4525 3495 4578 δὲ
3545 4525 3725 4596 ψυχῆς

2139 4598 2422 4679 διαδράναι
2470 4609 2794 4682 δυνηθείσης
2839 4612 2938 4681 τῆς
2969 4604 3247 4683 ἁμαρτίας
3301 4617 3395 4668 τὸν
3450 4615 3718 4669 θάνατον·

2139 4700 2235 4753 καὶ
2277 4700 2587 4755 διδάσκουσι
2633 4705 2773 4771 σφᾶς
2806 4703 3006 4766 αὐτοὺς
3042 4704 3289 4774 ἐνεγκεῖν
3327 4708 3589 4774 γενναίως
3616 4712 3719 4771 τὰς

2138 4793 2249 4846 τῶν
2270 4794 2536 4862 ἀλγεινῶν
2561 4795 2891 4866 προσϐολὰς,
2924 4796 3019 4851 καὶ
3048 4797 3143 4850 τοῦ
3171 4798 3407 4853 θανάτου
3441 4818 3719 4873 καταφροο

2137 4888 2323 4958 νῆσαι,
2386 4889 2463 4952 ὡς
2517 4887 2663 4961 ζωῆς
2706 4888 2915 4949 ἀλύπου
2981 4889 3371 4966 διαδεχομένης
3410 4893 3503 4948 τὸν
3556 4893 3719 4975 θάνα-

2137 4993 2247 5034 τον.

1562 5268 1799 5324 ΫΑιὶΙΑῐ
1846 5269 2234 5325 LECTIONES
2270 5269 2353 5323 ΕΤ
2374 5269 2609 5328 NOTAE.

521 5498 821 5552 η’Ὲταπ.
891 5495 1053 5552 Hebr.
1121 5496 1439 5567 Attenuatus
1501 5513 1640 5550 sum.
1719 5496 1935 5567 “7'0—
1966 5494 2032 5548 ἕο

2139 5493 2165 5567 ἐ
2201 5513 2297 5565 με.
2350 5495 2475 5550 Des.
2544 5498 2597 5551 in
2654 5498 2777 5552 cod.
2810 5497 2862 5552 l.
2941 5499 2983 5529 "
3019 5498 3087 5553 Τὸ
3122 5497 3379 5567 πλῆθος.
3424 5498 3543 5554 Des.
3579 5499 3711 5556 ibid.

454 5571 498 5604 “
522 5570 644 5623 cod.
668 5571 689 5623 l
713 5570 1075 5630 διδάσκοντες.
1155 5566 1529 5630 ’θἘξείλετο.
1558 5568 1720 5622 Hebr.
1752 5566 2028 5635 Eripuisti.

459 5639 529 5697 Ut
558 5650 738 5710 gratus
773 5643 871 5692 sim
898 5636 1315 5710 coramAJeltova.
1392 5639 1441 5710 fl
1464 5638 1946 5710 Θελόμενριηεοιι.
1979 5637 2032 5710 li

2139 5654 2293 5710 ιενοι.

2107 5566 2151 5640 _’°
2168 5567 2601 5640 Εὺαρεσςτήσω.
2625 5568 2789 5623 Hebr.
2808 5568 3099 5621 Ambulaba
3128 5566 3307 5622 coram
3333 5569 3547 5624 Jehara.
3566 5570 3711 5640 Syr.:

2370 5638 2415 5668 υ
2444 5640 2664 5692 Αὐτόν.
2696 5641 2819 5693 cod.
2850 5640 2871 5692 l
2913 5640 3035 5694 add.
3070 5640 3205 5703 ἐκεῖ,
3234 5656 3397 5708 quam
3435 5638 3710 5696 lectionem

454 5706 654 5769 Cat-ala
679 5710 966 5779 expressit.
1041 5708 1087 5741 ³³
1116 5708 1347 5763 Τοίνυν.
1381 5707 1547 5763 Abest
1579 5726 1608 5763 ιι
1641 5706 1763 5763 cod.
1801 5708 1851 5772 l,
1881 5710 1969 5777 qui
2010 5709 2032 5760 lt

2139 5717 2169 5762 τι
2189 5707 2244 5761 δὲ
2275 5717 2399 5763 ante
2424 5713 2800 5781 χαριστήριον.
2878 5709 2923 5741 ’⁸⁵
2947 5708 3068 5765 cod.
3108 5712 3127 5764 l
3164 5706 3554 5780 διαφυγόντων.
