3924 6476
458 311 602 377 1803

1457 316 1950 377 THEODORETI
1990 315 2330 380 EPISCOPI
2360 314 2728 376 CYRENSIS

3577 304 3729 378 18ῦῖ

459 427 746 499 passiones
774 424 978 481 Christi
1011 425 1064 480 in
1097 426 1280 492 nobis,
1328 426 1401 481 ita
1432 426 1673 482 abundat
1724 443 1818 496 per
1870 426 2032 482 Chri-

2145 426 2380 497 ρισσεύει
2407 425 2477 479 τὰ
2512 425 2813 496 παθήματα
2837 422 2932 478 τοῦ
2981 422 3218 494 Χριστοῦ
3257 424 3339 487 είς
3366 424 3533 493 ἡμᾶς,
3569 425 3731 478 οὕτω

457 528 603 575 stum
631 515 939 572 consolatio
964 526 1150 574 nostra
1179 530 1224 573 ³.
1257 537 1275 569 ι
1313 518 1427 573 Hoc
1458 519 1621 574 etiam
1646 519 1838 573 beatus
1868 517 2035 573 David

457 605 596 667 dixit
628 630 641 665 :
684 630 702 663 ι
734 609 1044 666 Secundum
1071 611 1477 665 multitudinem
1501 611 1749 666 dolorum
1787 625 2033 665 meorum

456 704 859 761 consolationes
884 711 988 758 tute
1020 703 1432 759 laetificaverunt
1456 705 1695 759 animam
1726 719 1902 758 meam
1940 704 1982 757 ⁸.
2010 720 2029 754 ι

526 912 695 967 Vsus.
742 914 797 968 4.
837 931 855 965 ι
908 913 1147 969 Calicem
1204 915 1397 970 salutis
1427 913 1710 984 accipiam,
1749 923 1803 969 et
1836 930 2032 970 nomen

456 998 676 1055 Domini
705 1001 992 1058 invocabo.
1042 1022 1061 1054 ι
1098 1002 1259 1058 Decet
1290 1005 1457 1075 igitur
1492 1004 1754 1059 audacter
1787 1020 1886 1073 pro
1916 1005 2035 1073 ipso

457 1102 689 1149 mortem
723 1094 929 1158 subire,
970 1106 1023 1150 et
1053 1095 1193 1150 hanc
1220 1095 1715 1152 remuneratio’nem
1749 1113 1847 1167 pro
1870 1097 2036 1151 variis

455 1185 734 1242 beneﬁciis
782 1187 931 1243 dare.
989 1188 1223 1243 Calicem
1269 1190 1415 1243 enim
1483 1190 1680 1243 salutis
1745 1191 2036 1260 appellavit

456 1285 690 1330 mortem
724 1292 823 1346 pro
853 1277 1117 1347 religione
1147 1279 1373 1333 obitam.
1409 1278 1501 1334 Sic
1523 1279 1667 1333 enim
1693 1290 1746 1335 et
1772 1281 2036 1335 Dominus

456 1367 725 1422 nominat.
758 1386 776 1419 ι
810 1368 973 1424 Pater
992 1368 1160 1432 enim,
1182 1371 1281 1435 ait,
1298 1371 1353 1426 si
1378 1371 1635 1440 possibile
1659 1380 1759 1435 est,
1796 1380 2037 1427 transeat

457 1477 487 1515 a
530 1476 617 1516 me.
658 1462 798 1516 calix
846 1461 949 1516 iste
983 1471 1032 1515 ιι.
1073 1481 1092 1514 ι
1150 1461 1216 1515 Ει
1266 1464 1653 1532 Apostolorum
1692 1464 1830 1533 biga:
1883 1478 2036 1518 com-

455 1554 883 1609 municationem
912 1554 1063 1626 regni
1086 1556 1382 1625 postulanti
1401 1556 1481 1610 sic
1510 1557 1798 1625 respondet
1826 1576 1837 1610 :
1875 1573 1894 1607 ι
1931 1554 2035 1608 Ρο-

386 1686 389 1687 ν
455 1644 614 1700 testis
642 1644 833 1701 bibere
858 1646 1108 1712 calicem,
1137 1662 1297 1717 quem
1328 1664 1428 1718 ego
1460 1647 1734 1703 bibiturus
1763 1664 1883 1702 sum
1914 1657 1942 1686 ν
1966 1647 1989 1699 ?
2009 1666 2028 1699 ι

456 1736 514 1791 ld
568 1738 760 1807 igitur,
799 1738 999 1809 inquit,
1034 1748 1090 1794 et
1132 1740 1237 1795 hoc
1281 1742 1404 1795 loco
1459 1741 1705 1811 praeclari
1739 1749 1793 1795 et
1840 1739 2031 1810 optimi

456 1829 680 1899 pietatis
706 1831 926 1886 athletae
959 1841 1018 1885 ut
1044 1831 1246 1885 iaciant
1276 1848 1337 1887 se
1367 1833 1517 1901 ipsos
1546 1831 1909 1886 adhortantur
1941 1850 1954 1886 :
1986 1840 2039 1886 et

457 1921 603 1976 hanc
646 1922 1075 1991 promissionem
1132 1922 1343 1994 1423
1396 1924 1706 1993 perticiunt,
1744 1925 2039 1981 tribulibus

454 2027 656 2069 eorum.
686 2015 1057 2078 cernentibus,
1097 2023 1158 2066 nt
1204 2023 1257 2066 et
1299 2015 1446 2083 ipsos
1498 2015 1551 2069 in
1601 2015 1852 2070 eumdem
1884 2030 2039 2069 amo-

458 2119 572 2160 rem
601 2107 923 2162 accendant.
974 2106 1180 2163 Deinde
1217 2108 1415 2164 mortis
1466 2108 1635 2179 hujus
1672 2108 1911 2165 fructum
1940 2108 2037 2163 de-

456 2206 793 2254 monstrant.

527 2456 697 2515 Vens.
758 2460 811 2524 ὅ,
875 2460 928 2514 6.
978 2478 996 2511 ι
1060 2457 1199 2515 Vota
1252 2475 1374 2517 mea
1426 2460 1659 2517 Domino
1714 2463 1940 2518 reddam
1981 2464 2035 2517 in

458 2562 761 2622 conspectu
794 2554 977 2608 omnis
1007 2554 1195 2624 populi
1245 2554 1386 2624 ejus.
1418 2553 1662 2610 Pretiosa
1701 2566 1786 2611 est
1819 2557 1874 2610 in
1908 2571 2039 2611 con-

458 2656 647 2717 spectu
691 2645 913 2702 Domini
948 2662 1100 2701 mors
1138 2658 1457 2701 sanctorum
1489 2649 1631 2717 ejus.
1681 2669 1700 2702 ›
1761 2648 1817 2703 Si
1853 2659 2035 2704 autem

462 2739 572 2793 Deo
621 2748 705 2795 est
756 2739 1020 2809 pretiosa,
1063 2739 1284 2794 cuinam
1338 2748 1659 2795 sanctorum
1715 2757 1823 2796 non
1874 2757 2038 2797 vene-

458 2832 662 2887 randa?

527 2945 696 3001 Vens.
726 2945 782 3000 7.
823 2965 840 2998 ι
874 2944 924 3001 ⁷0
956 2944 1208 3013 Domine,
1240 2962 1341 3017 ego
1370 2963 1563 3004 servus
1601 2956 1728 3005 tuus
1758 2965 1903 3013 sum,
1937 2964 2038 3019 ego

459 3051 654 3093 servus
689 3045 817 3092 tuus
847 3048 1085 3099 sum,‘et
1115 3037 1261 3093 filius
1289 3038 1501 3093 ancillae
1547 3047 1675 3093 tuae.
1716 3057 1734 3090 ι
1772 3037 1827 3093 Si
1875 3039 2040 3109 igitur

2135 517 2224 571 διὰ
2250 516 2490 589 Χριστοῦ
2534 516 2852 587 περισσεύει
2892 515 2988 569 καλ⁵
3017 516 3051 585 ἡ
3087 514 3435 585 παράκλησις
3472 516 3657 587 ἡμῶν.
3700 536 3725 567 ι

2135 608 2307 664 Τοῦτο
2336 611 2429 662 καὶ
2457 611 2485 663 ὁ
2530 609 2799 678 μακάριος
2836 607 2942 676 ἔφη
2985 606 3149 660 Δαὸίδ
3173 623 3187 639 ·
3225 626 3246 658 c
3283 609 3441 661 Κατὰ
3485 609 3549 661 τὸ
3578 609 3731 677 πλῆμ

2135 700 2226 765 Θος
2255 702 2365 754 τῶν
2398 700 2599 754 ὀδυνῶν
2647 718 2750 769 μου
2786 699 2831 729 ⁸⁸
2862 700 2920 752 al.
2957 698 3337 768 παρακλήσεις
3372 716 3469 751 σου
3511 698 3732 769 strepa-

2135 812 2232 848 ναν
2258 792 2356 865 τὴν
2386 793 2564 863 ψυχήν
2598 809 2723 861 μου.
2764 810 2783 842 ι

2205 908 2269 963 δ’.
2305 928 2324 960 ι
2367 909 2635 979 Ποτήριον
2701 903 2973 977 σωτηρίου
3018 905 3282 978 λήψομαι,
3316 908 3411 959 καὶ
3451 905 3513 958 τὺ
3547 905 3733 968 ὄνομα

2135 1001 2344 1073 Κυρίου
2390 1000 2811 1071 ἑπικαλέσομαι.
2845 1020 2861 1051 ι
2901 998 3176 1071 Προσήκει
3208 1001 3251 1031 ⁸⁹
3284 999 3463 1052 τοίνυν
3507 997 3732 1068 θαρῤαο

2134 1094 2273 1157 λέως
2322 1093 2413 1147 τὸν
2463 1094 2603 1165 ὑπὲρ
2652 1092 2817 1148 αὐτοῦ
2880 1093 3277 1159 καταδέξασθαι
3326 1091 3585 1155 θάνατον,
3630 1091 3737 1143 καὶ

2134 1185 2341 1256 ταύτην
2366 1185 2550 1239 δοῦναι
2587 1185 2687 1255 τῆς
2734 1185 3083 1255 παντοδαπῆς
3142 1182 3467 1252 εὐεργεσίας
3508 1181 3737 1236 ἀντιδε)⁴

2138 1294 2244 1331 σιν.
2279 1277 2577 1346 Ποτήριον
2620 1277 2730 1348 γὰρ
2765 1277 3065 1345 σωτηρίου
3102 1276 3193 1329 τὸν
3240 1276 3380 1348 ὑπὲρ
3421 1277 3523 1346 τῆς
3567 1276 3736 1328 εὐσεο

2138 1371 2296 1433 ϐείας
2324 1369 2742 1441 προσηγόρευσε
2783 1370 3038 1423 Θάνατον.
3080 1368 3239 1422 Οὕτω
3278 1371 3389 1439 γάρ
3418 1370 3586 1423 αὑτὸν
3611 1368 3736 1421 K6-

2139 1481 2255 1535 ριος
2285 1463 2615 1535 ὁνομὰζει.ζ‹
2652 1464 2835 1534 Πάτερ
2864 1463 2995 1534 γὰρ,
3039 1462 3224 1532 φησὶν,
3252 1464 3300 1515 εί
3323 1463 3559 1519 δυνατὸν
3590 1485 3744 1538 παρ-

2136 1557 2340 1610 ελθέτω
2373 1556 2435 1609 τὺ
2469 1557 2731 1627 ποτήριον
2770 1554 2932 1608 τοῦτο
2968 1554 3062 1607 ἀπ’
3086 1555 3243 1625 ἐμοῦ.
3281 1573 3300 1606 ι
3336 1556 3451 1611 Καὶ
3500 1562 3565 1629 τῇ
3609 1558 3743 1623 ξυν-

2138 1649 2294 1720 ωρίδι
2332 1649 2443 1701 τῶν
2491 1648 2809 1701 ἀποστόλων
2853 1646 2951 1718 τὴν
2988 1646 3275 1701 κοινωνίαν
3313 1648 3599 1720 αίτησάσῃ
3632 1652 3742 1719 τῆς

2141 1740 2421 1810 βασιλείας
2455 1740 2523 1802 “,
2550 1738 2725 1802 οὕτως
2748 1738 2851 1808 ἔφη
2878 1754 2892 1767 ·
2932 1756 2952 1790 t
2987 1737 3228 1791 Δύνασθε
3272 1742 3419 1793 πιεῖν
3462 1741 3524 1793 τὸ
3552 1743 3741 1813 ποτήο

2142 1849 2279 1901 ριον,
2308 1832 2337 1883 ὃ
2368 1830 2480 1900 ἐγὼ
2507 1829 2689 1901 μέλλω
2718 1832 2899 1894 πιείν;
2940 1848 2958 1881 ι
2994 1828 3166 1882 Τοῦτο
3197 1829 3378 1885 τοίνυν
3404 1834 3501 1884 καὶ
3535 1834 3741 1887 ἐνταῦ-

2140 1922 2207 1975 θα
2237 1924 2287 1975 οἱ
2311 1924 2551 1991 γενναῖοι
2579 1921 2674 1973 καὶ
2700 1920 2916 1992 ἄριστοι
2944 1920 3043 1989 τῆς
3079 1920 3363 1985 εὐσεϐείας
3393 1923 3736 1990 ἀγωνισταὶ,

2140 2014 2331 2084 φησιν,
2385 2014 2571 2077 αὐτοῖς
2608 2012 2806 2083 δρᾶσαι
2865 2012 3367 2083 παρακελεύονται’
3407 2015 3622 2085 ταύτην
3671 2016 3737 2070 δὲ

2140 2106 2412 2179 πληροῦσι
2469 2104 2567 2173 τὴν
2604 2106 2902 2175 ὑπόσχεσιν
2951 2109 3063 2159 τῶν
3109 2104 3396 2175 ὁμοφύλων
3442 2105 3729 2177 ὁρώντων,

2138 2197 2288 2259 ὅπως
2321 2196 2385 2249 ἂν
2413 2196 2506 2249 καὶ
2534 2195 2733 2257 αὐτοὺς
2763 2196 2844 2257 είς
2903 2193 2995 2246 τὸν
3026 2193 3213 2263 ὅμοιον
3239 2194 3600 2266 παραθήξωσι
3630 2197 3734 2267 ζῆ.

2140 2288 2250 2341 λον.
2287 2282 2419 2340 Εἶτα
2486 2285 2796 2339 δεικνύουσι
2844 2285 2935 2338 τὸν
2994 2285 3188 2338 τούτου
3220 2287 3261 2318 ⁸³
3291 2287 3523 2341 Θανάτου
3581 2305 3727 2361 καρ-

2140 2380 2264 2433 πόν.

2210 2469 2275 2535 ε’,
2296 2477 2371 2536 ς’.
2406 2490 2423 2522 ι
2444 2471 2554 2535 Τὰς
2572 2471 2617 2502 δ’
2642 2471 2808 2541 εύχάς
2834 2487 2935 2541 μου
2958 2469 3036 2541 τῷ
3060 2471 3249 2540 Κυρίῳ
3279 2470 3546 2523 ἀποδώσω
3570 2470 3731 2525 έναν.

2138 2565 2253 2617 τίον
2278 2564 2476 2627 παντὸς
2508 2563 2602 2616 τοῦ
2636 2562 2769 2616 λαοῦ
2795 2562 2983 2616 αὐτοῦ.
3011 2563 3205 2631 Τίμιος
3240 2563 3484 2615 ἐναντίον
3510 2562 3729 2633 Κυρίου

2138 2659 2166 2711 ὁ
2196 2655 2428 2719 θάνατος
2452 2655 2561 2709 τῶν
2582 2656 2744 2709 ὁσίων
2776 2654 2965 2709 αὐτοῦ.
3004 2674 3021 2705 ι
3060 2655 3120 2706 Εἰ
3147 2655 3203 2706 δὲ
3225 2652 3341 2722 Θεῷ
3379 2655 3585 2722 τίμιος,
3616 2653 3730 2706 τίνι

2137 2751 2247 2804 τῶν
2277 2750 2441 2804 ὁσίων
2461 2749 2523 2803 οὐ
2565 2749 2866 2819 σεδάσμιος
2891 2765 2907 2813 ;

2215 2949 2283 3014 ζ’.
2327 2970 2345 3002 t
2394 2946 2465 3002 Ὦ
2499 2948 2695 3013 Κύριε,
2737 2946 2848 3017 ἐγὼ
2873 2944 3060 3010 δοῦλος
3091 2947 3184 3009 σός
3209 2961 3224 2977 ·
3252 2944 3363 3013 ἐγὼ
3387 2944 3577 3009 δοῦλος
3606 2945 3728 3010 σὸς,

2140 3044 2236 3097 καὶ
2269 3044 2381 3107 υἱὸς
2410 3044 2509 3111 τῆς
2558 3040 2856 3110 παιδίσκης
2903 3056 3020 3093 σου.
3076 3057 3094 3090 ι
3154 3037 3280 3091 Ἐἀν
3335 3038 3435 3108 μὲν
3470 3034 3564 3091 οῦν
3608 3036 3732 3101 ἀξι-

456 3138 693 3185 mortem
742 3129 890 3183 illam
941 3130 1308 3185 admiratione
1365 3131 1588 3202 dignam
1641 3132 2035 3199 subivcrimus,

2145 3136 2380 3203 ἀγαστον
2414 3135 2619 3187 ἐκεῖνον
2649 3131 3033 3201 ὑπομείνωμεν
3060 3129 3308 3195 θάνατον,
3330 3131 3428 3199 τῆς
3457 3130 3613 3199 παρά
3629 3128 3728 3182 τοῦ

458 3223 691 3293 gloriam
713 3231 768 3277 et
794 3223 1064 3278 honorem
1089 3239 1120 3278 a
1146 3221 1257 3277 Deo
1283 3238 1711 3294 consequemur,
1742 3234 1796 3278 et
1824 3235 2042 3280 aeternae

458 3314 741 3370 memoriae
786 3313 990 3369 famam
1039 3316 1437 3386 relinquemus.
1493 3315 1550 3370 Si
1610 3331 1742 3371 vero
1792 3315 2042 3373 hostibus

459 3406 779 3476 superiores
836 3405 988 3470 facti,
1047 3406 1267 3461 illorum
1315 3407 1489 3462 aciem
1537 3407 2039 3478 proﬂigaverimus,

461 3498 731 3567 hymnum
780 3498 1086 3569 gratiarum
1140 3499 1379 3553 actionis
1417 3496 1651 3553 Domino
1705 3498 2038 3566 olferemus,

456 3590 777 3646 servitutem
828 3589 1175 3653 conﬁtentes,
1230 3598 1287 3644 et
1338 3589 1483 3643 hanc
1521 3604 1586 3643 ex
1620 3588 1920 3656 majoribus
1944 3604 2042 3643 nos

458 3679 664 3735 habere
716 3679 1040 3751 gloriantes.
1090 3677 1356 3735 Homines
1407 3680 1552 3734 enim
1600 3679 1805 3734 servire
1840 3680 2036 3746 coacti,

459 3771 759 3841 aliquando
788 3772 1028 3842 majores
1079 3786 1138 3827 se
1176 3770 1439 3827 habuisse
1474 3770 1679 3826 liberos
1719 3770 2037 3839 gloriantur.

396 3880 399 3881 '
455 3862 715 3919 Benevoli
747 3879 880 3918 vero
917 3862 1018 3918 Dei
1072 3863 1218 3918 servi
1259 3862 1579 3918 servitutem
1626 3878 1693 3917 ex
1736 3862 2041 3933 majoribus

455 3969 519 4012 se
554 3955 760 4011 habere
790 3954 1148 4021 conﬁtentur,
1185 3955 1479 4010 maximam
1508 3954 1736 4025 gloriam
1769 3952 2039 4024 ejusmodi

456 4046 779 4103 servitutem
813 4047 1013 4102 merito
1030 4061 1163 4102 .esse
1191 4048 1500 4103 credentes.
1555 4067 1573 4098 ι
1615 4046 1878 4116 Dirupisti
1920 4047 2042 4101 vin-

456 4138 582 4194 cula
614 4153 761 4195 mea.
809 4156 827 4190 ι
858 4137 903 4193 A
928 4140 1124 4197 multis
1151 4141 1499 4211 diversisque
1527 4139 1935 4195 calamitatibus
1956 4154 2041 4199 tne

453 4228 721 4285 liberasti.

527 4424 697 4483 Vens.
736 4424 889 4482 8-10.
936 4442 955 4477 ι
1014 4417 1137 4481 Tibi
1182 4424 1512 4483 sacriﬁcabo
1561 4427 1795 4482 hostiam
1838 4427 2036 4491 laudis,

2143 3224 2276 3279 Θεοῦ
2295 3225 2462 3295 τιμῆς
2490 3223 2586 3276 καὶ
2605 3221 2763 3293 δόξης
2792 3220 3237 3291 ἀπολαυσόμεθα,
3264 3222 3359 3273 καὶ
3390 3221 3731 3292 ἀείμνηστον

2143 3317 2548 3388 καταλείψομεν
2583 3315 2761 3379 κλέος.
2797 3315 2860 3367 El
2890 3314 2947 3367 δὲ
2976 3314 3265 3384 κρείττους
3302 3313 3413 3367 τῶν
3444 3313 3729 3385 πολεμίων

2142 3410 2441 3481 γινόμενοι,
2494 3407 2593 3479 τὴν
2647 3406 2872 3460 ἐκείνων
2933 3404 3285 3474 σκεδάσωμεν
3318 3405 3600 3474 φάλαγγα,
3632 3406 3729 3459 τὸν

2143 3501 2503 3572 χαριστήριον
2532 3497 2701 3569 ὕμνον
2757 3497 2832 3566 τῷ
2877 3496 3126 3566 Δεσπότῃ
3176 3497 3566 3566 προσοίσομεν.
3626 3498 3732 3569 τὴν

2140 3589 2384 3644 δουλείαν
2413 3585 2823 3659 ὁμολογοῦντες,
2854 3587 2950 3639 καὶ
2995 3586 3201 3657 ταύτην
3238 3585 3382 3656 ἔχειν
3419 3589 3483 3640 ἐκ
3519 3590 3727 3659 προγό-

2142 3697 2251 3733 νων
2283 3677 2598 3750 αὐχοῦντες.
2648 3679 2711 3730 Οἱ
2776 3678 2872 3747 μὲν
2918 3676 3027 3751 γάρ
3085 3676 3397 3747 ἀνθρώποις
3448 3678 3728 3732 δουλεύειν

2141 3771 2555 3841 ἠναγκασμένοι
2575 3769 2893 3837 ἐλευθέρους
2914 3768 3213 3838 ἐσχηκέναι
3246 3770 3551 3839 προγόνους
3574 3770 3726 3824 ἐστιν

2143 3862 2230 3915 ὅτε
2258 3860 2616 3931 σεμνύνονται
2646 3878 2657 3890 ·
2685 3859 2734 3911 oi
2756 3859 2813 3911 δὲ
2843 3858 2988 3912 εὖνοι
3015 3857 3452 3929 θεραπεύσαντες
3466 3861 3565 3911 τοῦ
3586 3859 3726 3912 Θεοῦ

2140 3954 2240 4023 τὴν
2270 3956 2334 4006 ὲκ
2367 3953 2651 4023 προγόνων
2684 3951 2828 4022 ἔχειν
2871 3950 3194 4020 ὁμολογοῦσι
3250 3950 3517 4014 δουλείαν,
3563 3952 3728 4022 μεγί-

2144 4064 2279 4117 στην
2315 4047 2417 4115 τὴν
2452 4043 2712 4113 τοιαύτην
2740 4042 2989 4096 δουλείαν
3017 4041 3272 4095 εὔκλειαν
3303 4042 3349 4074 ⁸³
3381 4043 3617 4106 εἰκότως
3648 4040 3727 4096 εἷ-

2141 4152 2231 4189 ναι
2258 4133 2627 4196 πιστεύοντες.
2667 4153 2684 4184 ι
2740 4132 3045 4204 Διέρῤηξας
3078 4133 3205 4196 τοὺς
3247 4131 3479 4202 δεσμούς
3533 4151 3665 4203 μου.
3701 4155 3722 4187 ι

2141 4226 2263 4279 Τῶν
2293 4224 2507 4278 πολλῶν
2534 4242 2639 4295 μου
2684 4225 2779 4277 καὶ
2824 4223 3099 4293 διαφόρων
3152 4222 3451 4293 συμφορῶν
3493 4224 3726 4292 ἠλευθέ-

2142 4333 2345 4388 ρωσας.

2208 4436 2349 4500 η’-ι’.
2386 4447 2403 4480 ι
2442 4428 2534 4482 Σοὶ
2558 4426 2706 4481 Θύσω
2732 4426 2922 4481 θυσίαν
2944 4425 3229 4491 αἰνέσεως,
3268 4425 3364 4479 καὶ
3400 4427 3459 4478 ἐν
3494 4428 3728 4496 ονόματι

456 4528 512 4573 et
542 4532 742 4574 nomen
770 4516 992 4573 Domini
1018 4514 1309 4574 invocabo.
1334 4512 1474 4573 Vota
1499 4534 1619 4573 mea
1650 4518 1883 4573 Domino
1912 4520 2036 4573 red—

2145 4522 2346 4592 Κυρίου
2408 4520 2830 4590 ἐπικαλέσομαι.
2884 4518 2996 4582 Τάς
3048 4518 3216 4588 εὐχάς
3266 4534 3370 4589 μου
3412 4517 3491 4587 τῷ
3528 4520 3729 4590 Κυρίῳ

455 4622 582 4666 dam
616 4611 670 4665 in
699 4621 995 4682 conspectu
1035 4613 1205 4666 totius
1234 4608 1416 4682 populi
1446 4612 1585 4682 ejus.
1614 4616 1631 4635 ‘
1666 4612 1721 4666 In
1748 4614 1905 4668 atriis
1939 4614 2035 4667 do-

454 4719 581 4759 mus
616 4702 858 4771 Domini,
888 4704 947 4759 in
973 4705 1152 4760 medio
1191 4705 1292 4772 tui,
1323 4719 1358 4759 o
1388 4703 1788 4776 Hierosolyma.
1816 4724 1835 4755 ι
1871 4705 1917 4757 Α
1946 4720 2036 4760 ca-

455 4793 808 4878 lamitatibus
850 4804 1032 4851 autem
1072 4795 1357 4861 liberatus,
1399 4810 1529 4867 erga
1568 4794 1830 4851 beneficia
1870 4788 2033 4851 ιιίἱηί-

453 4902 543 4943 me
574 4888 823 4959 ingratus
848 4902 944 4943 ero
976 4906 990 4942 ι
1025 4887 1121 4943 sed
1152 4885 1331 4942 laudis
1361 4887 1691 4943 sacriﬁcium
1712 4888 1807 4942 tibi
1840 4903 2029 4958 repen-

459 4977 586 5032 dam
616 5018 631 5043 ,
678 4978 1052 5049 hymnumque
1108 4978 1410 5049 gratiarum
1441 4979 1695 5043 actionis,
1739 4980 2034 5038 tribulibus

454 5070 712 5126 omnibus
736 5071 874 5126 meis
905 5069 1283 5138 cernentibus,
1320 5079 1376 5126 et
1425 5073 1552 5127 hinc
1584 5072 1872 5128 utilitatem
1906 5089 2031 5144 μοις

527 5277 552 5307 ι
606 5268 649 5323 ιι
681 5266 813 5326 Cor.
842 5283 883 5335 ι,
925 5268 1044 5325 5-5.
1164 5269 1186 5307 ί
1233 5267 1378 5326 Psal.
1433 5285 1589 5335 xcm,
1646 5272 1733 5326 l9.

2141 4613 2409 4669 ἀποδώσω
2430 4612 2672 4667 ἐναντίον
2695 4610 2894 4673 παντὸς
2910 4609 3006 4663 τοῦ
3026 4610 3159 4664 λαοῦ
3186 4609 3374 4664 αὐτοῦ.
3415 4610 3505 4664 Ἐν
3532 4613 3729 4677 αὐλαῖς

2141 4707 2289 4760 οἴκου
2324 4704 2551 4776 Κυρίου,
2581 4707 2639 4757 ὲν
2667 4704 2818 4775 μέσῳ
2856 4720 2973 4769 σου,
3017 4702 3395 4775 Ἰερουσαλήμ.
3446 4723 3465 4756 ι
3518 4706 3726 4758 ’Δπαλ-

2139 4797 2327 4867 λαγεὶς
2356 4796 2412 4850 δὲ
2438 4795 2551 4851 τῶν
2584 4795 2901 4868 συμφορῶν,
2924 4797 3023 4850 οὐκ
3048 4796 3246 4868 ἔσομαι
3278 4798 3404 4867 περὶ
3431 4796 3533 4859 τὰς
3561 4799 3725 4867 εὐερ-

2140 4890 2329 4959 γεσίας
2358 4888 2650 4959 ἀγνώμων,
2680 4886 2819 4942 ἀλλά
2863 4887 2963 4959 τὴν
3016 4889 3117 4959 τῆς
3162 4889 3423 4951 αἰνέσεως
3451 4888 3725 4941 ἀποδώσω

2140 5000 2222 5035 σοι
2253 4982 2298 5014 ⁸⁸
2326 4981 2538 5045 θυσίαν,
2592 4981 2812 5034 καὶτὸν
2863 4983 3219 5052 χαριστήριον
3268 4979 3437 5050 ὕμνον
3489 4981 3721 5044 ὲκτίσω,

2139 5076 2359 5128 πάντων
2384 5072 2636 5142 ὁρώντων
2690 5072 2800 5126 τῶν
2849 5072 3157 5144 ὁμοφύλων,
3184 5074 3278 5126 καὶ
3331 5072 3432 5142 τὴν
3463 5072 3725 5135 ἐντεῦθεν

1847 5280 1874 5307 ιι
1936 5271 2125 5325 Matth.
2185 5284 2335 5334 xxVI,
2388 5268 2476 5323 59.
2548 5278 2574 5308 ν
2618 5268 2812 5324 Matth.
2852 5284 2949 5333 xx,
2980 5266 3071 5320 22.

1548 5446 1784 5503 νΑιιιΑς
1812 5445 2198 5503 LECTIONES
2250 5445 2339 5499 ET
2376 5443 2612 5501 NOTAE.

524 5583 901 5666 ’ἒηὲίουερεάο
930 5585 955 5640 ¹
982 5584 1110 5666 ξιιμ·
1140 5584 1199 5639 έν
1230 5586 1296 5666 τῇ
1321 5583 1519 5666 te“???
1553 5602 1679 5666 μιν·
1749 5584 2036 5666 ῗ⁹¹⁷ρ9σ⁷⁶²

2145 5585 2460 5666 -θᾴνᾳτον,
2485 5584 2618 5666 llaec
2640 5584 2859 5666 origep‘i
2886 5586 3197 5666 tribuuntur
3227 5584 3371 5666 apud
3401 5583 3567 5666 Qord.
3590 5585 3638 5666 _|.
3667 5603 3715 5666 ς.

451 5671 505 5760 Ε.
536 5655 696 5760 ΞΞἹ.²
737 5654 783 5687 ⁵ο
806 5656 1152 5760 Βσςζὶιτξειας.
1176 5654 1365 5760 somni
1393 5654 1521 5760 add.
1552 5654 1665 5760 τιξιν
1709 5654 1982 5760 οιῐιρανξύιςζ

2145 5657 2257 5760 ξ)ὶὲέέ
2290 5660 2319 5760 ἒ
2343 5657 2623 5760 ξρέούξου.
2701 5654 2760 5690 ⁶¹”
2778 5655 2892 5725 Τὰς
2913 5689 2983 5704 -
3010 5656 3221 5714 αὐτοῦ.

3308 5671 3392 5712 es.
3425 5655 3479 5710 in
3502 5656 3627 5712 cod.
3662 5658 3716 5712 1.

478 5728 496 5756 ³
533 5725 850 5781 Εὔκλειαν.
898 5726 1031 5783 ibid.
1062 5726 1284 5798 ponitur
1318 5732 1446 5781 ante
1491 5725 1790 5797 μεγίστην.
1859 5726 1906 5758 ⁸⁸
1936 5728 2035 5782 Σοι

2145 5727 2258 5785 best
2289 5741 2320 5782 a
2342 5726 2465 5784 cod.
2500 5728 2553 5781 t.
