3924 6486
220 358 374 425 1805

1588 357 1671 420 ΙΝ
1705 354 1912 416 PSAL.
1954 354 2153 417 CXVI.

3356 358 3493 426 1806
3544 413 3548 417 .

218 478 424 551 ενησιν
453 460 879 551 καρπουμένων.
908 479 1193 553 Προσοίσω
1222 478 1280 532 δὲ
1306 476 1405 550 τὴν
1434 474 1663 546 λογικὴν
1679 471 1812 526 ταύ-

1936 470 2270 540 :ipientibus,
2325 472 2571 530 olle-ram.
2630 474 2845 547 1524
2897 473 3009 531 [loc
3057 482 3239 531 autem
3276 476 3493 533 sacrifi-

217 588 330 643 την
367 574 647 645 ίερουγίαν
670 574 729 627 ὲν
779 571 857 644 τῷ
915 572 1315 645 καθιερωμένῳ
1339 571 1417 642 τῷ
1469 567 1693 640 ὀνόματί
1719 582 1813 619 σου

220 663 366 733 νεῷ.
401 665 559 718 Ἐστι
583 663 762 718 τοίνυν
791 664 887 718 καὶ
937 662 1188 717 ἐντεῦθεν
1227 660 1591 731 καταμαθεῖν,
1615 659 1691 723 ὡς
1722 659 1818 713 καὶ

221 755 329 810 τοῦ
374 758 543 829 νόμου
574 758 926 829 κρατοῦντος,
966 760 1016 811 oi
1054 754 1572 828 πνευματικώτερον
1610 752 1688 824 τῷ
1730 753 1819 806 νό-

227 865 323 919 μῳ
355 849 801 921 προσεσχηκότες
840 848 942 912 τὰς
976 848 1206 917 λογικὰς
1250 847 1443 910 θυσίας
1469 847 1576 899 τῶν
1607 845 1820 913 ἀλόγων

224 943 558 1014 προετίμων
577 942 857 1014 θυμάτων,
892 942 991 1013 τὴν
1035 942 1229 1012 καινὴν
1262 940 1523 1013 διαθήκην
1559 956 1821 1009 σκιογρα-

224 1038 491 1108 φοῦντες.
528 1037 743 1091 Εἰδέναι
782 1036 847 1107 δὴ
880 1037 925 1067 ⁵⁵
956 1036 1249 1107 προσήκει,
1289 1036 1365 1098 ὡς
1408 1036 1504 1089 καὶ
1537 1035 1672 1087 πᾶσι
1702 1034 1815 1095 τοῖς

226 1132 582 1194 καλλινίκοις
616 1130 885 1202 μάρτυσιν
916 1130 1180 1200 ἑκάτερος
1211 1129 1475 1199 ἁρμόττει
1506 1126 1534 1179 6
1559 1125 1775 1197 ψαλμός
1804 1142 1816 1155 ·

227 1222 260 1275 6
294 1223 415 1293 γὰρ
442 1222 603 1287 αὐτὸς
633 1222 727 1275 καὶ
758 1220 962 1276 τούτων
1005 1220 1274 1275 κάκείνων
1310 1218 1513 1280 σκοπός
1532 1235 1547 1251 ·
1579 1218 1823 1271 κάκεῖνοι

230 1313 357 1382 γὰρ
394 1314 537 1383 ὑπὲρ
563 1311 660 1365 τοῦ
688 1314 877 1383 νόμου,
926 1312 1020 1366 καὶ
1060 1310 1156 1365 τοῦ
1195 1310 1510 1382 νομοθέτου,
1567 1307 1661 1361 τὸν
1711 1308 1825 1374 ἀξι-

232 1406 488 1474 άγαστον
518 1404 816 1476 ὑπέμειναν
845 1404 1095 1468 θάνατον,
1131 1407 1226 1459 καὶ
1245 1399 1392 1459 οὗτοι
1421 1403 1521 1473 τῆς
1543 1401 1825 1471 παρούσης

236 1496 394 1567 ζωῆς
426 1496 526 1566 τὴν
551 1496 692 1568 ὑπὲρ
731 1495 825 1549 τοῦ
855 1496 1157 1559 σεσωκότος
1201 1495 1296 1550 καὶ
1332 1495 1425 1550 τὸν
1464 1494 1693 1550 θάνατον
1718 1484 1825 1547 Βια-

245 1590 585 1656 ταλύσαντος
616 1591 927 1664 προείλοντο
952 1590 1228 1659 τελευτήν.

530 1705 797 1760 EMHPN.
844 1705 983 1760 ΤΟΥ
1030 1706 1173 1772 PIG"
1220 1704 1542 1759 ΨΑΛΜΟΥ.

1916 562 2061 615 cium
2098 563 2367 620 rationale
2394 567 2448 620 in
2480 566 2681 636 templo
2712 568 2915 620 nomini
2949 576 3044 621 tuo
3075 578 3398 624 consecrato
3426 570 3495 624 ti-

1919 654 1974 709 bi
2005 654 2252 711 aﬂ'eram.
2281 657 2419 714 llinc
2452 659 2621 730 igitur
2646 660 2808 715 etiam
2855 659 2991 716 disci
3033 666 3229 731 potest,
3262 677 3329 717 eo
3359 677 3498 732 quo-

1920 763 2026 817 que
2056 758 2297 819 tempore
2324 767 2448 806 cum
2488 752 2568 806 lex
2602 752 3003 817 dominaretur,
3053 769 3150 809 eos
3184 754 3278 823 qui
3317 757 3492 826 magis

1922 842 2225 897 secundum
2260 844 2512 913 spiritum
2548 846 2718 916 legem
2754 848 3130 911 attendebant,
3165 847 3376 903 hostias
3413 864 3501 903 ra-

1926 934 2153 991 tionales
2189 936 2428 992 victimis
2461 939 2672 994 ratione
2705 938 3019 996 carentibus
3048 941 3373 1011 praetulisse,
3403 956 3502 995 no-

1924 1042 2051 1081 vum
2084 1037 2468 1085 testamentum
2497 1032 2907 1090 adumbrantcs.
2952 1034 3123 1091 Decet
3169 1052 3300 1091 sane
3332 1037 3498 1100 scire,

1923 1121 2181 1177 omnibus
2209 1122 2375 1177 etiam
2406 1124 2897 1195 triumphatoribus
2929 1129 3264 1199 martyribus
3286 1140 3502 1184 utrum-

1924 1229 2033 1283 que
2079 1216 2348 1284 psalmum
2403 1232 2727 1290 congruere.
2781 1221 2925 1275 ldcm
2966 1224 3109 1277 enim
3156 1224 3501 1293 propositum

1926 1315 2012 1360 est
2045 1307 2241 1363 horum
2292 1319 2347 1365 et
2380 1311 2623 1366 illorum.
2671 1311 2751 1367 Illi
2793 1314 2935 1367 enim
2990 1331 3086 1384 pro
3137 1317 3273 1386 lege,
3317 1326 3370 1372 et
3406 1333 3505 1387 pro

1927 1396 2240 1467 legislatore
2308 1411 2540 1458 mortem
2598 1403 2931 1460 laudabilem
2980 1408 3302 1475 subierunt;
3351 1420 3404 1463 et
3450 1410 3504 1463 hi

1930 1503 2027 1558 pro
2085 1489 2178 1545 illo
2252 1492 2347 1562 qui
2397 1494 2630 1548 salutem
2697 1494 2847 1549 dedit
2896 1506 3240 1567 mortemque
3285 1497 3501 1561 evertit,

1928 1588 2160 1636 mortem
2195 1581 2348 1637 obire
2382 1584 2697 1639 maluerunt
2735 1599 2899 1655 quam
2945 1587 3151 1642 vivere.

2319 1699 2598 1759 INTERP.
2630 1702 2886 1760 PSALMI
2927 1702 3112 1758 CXVI.

330 1821 725 1891 Ἀλληλούῖα.
755 1820 966 1891 ’Ύμνος
991 1821 1088 1874 καὶ
1116 1813 1272 1884 οὗτος
1320 1821 1488 1874 πᾶσιν
1517 1818 1825 1889 ἀνθρώποις

1998 1814 2250 1871 Alleluia.
2285 1815 2385 1873 Hic
2416 1819 2580 1872 etiam
2612 1819 2851 1890 hymnus
2879 1820 3137 1875 omnibus
3189 1820 3509 1878 hominibus

245 1914 554 1986 ἁρμόττων.
615 1910 1058 1982 Παρακελεύεται
1103 1910 1213 1981 γὰρ
1251 1912 1284 1981 ἡ
1318 1910 1478 1982 χάρις
1531 1908 1626 1963 τοῦ
1663 1909 1827 1963 Πνεύ-

247 2024 421 2078 ματος
449 2006 578 2069 τοὺς
602 2006 702 2076 τῆς
736 2003 1011 2076 σωτηρίας
1050 2002 1421 2074 τετυχηκότας
1467 2002 1704 2073 ὑμνῆσαι
1735 2001 1826 2054 τὸν

245 2100 573 2171 εὐεργέτην.

317 2191 391 2246 α’.
421 2210 441 2244 t
474 2191 687 2244 Αἰνεῖτε
723 2188 815 2243 τὸν
846 2188 1073 2261 Κύριον,
1115 2188 1295 2243 πάντα
1327 2188 1395 2242 τὰ
1429 2187 1580 2243 ἔθνη.
1613 2206 1632 2240 ι
1669 2189 1827 2243 Κατα

246 2287 447 2342 ταυτὸν
485 2287 736 2349 ἅπαντας
787 2286 868 2348 εἰς
918 2283 1136 2355 χορείαν
1165 2284 1212 2323 ⁸⁸
1242 2283 1400 2338 καλεῖ
1428 2298 1459 2347 ο,
1503 2280 1677 2336 ἅπασι
1728 2281 1828 2351 γὰρ

247 2382 364 2444 τοῖς
428 2379 659 2443 ἔθνεσιν,
720 2379 818 2448 οὐχ
850 2376 1081 2448 Ἕλλησι
1124 2376 1329 2447 μόνοις,
1384 2375 1479 2427 καὶ
1514 2372 1828 2444 Ῥωμαίοις,

248 2472 390 2526 ἀλλὰ
420 2473 516 2526 καὶ
538 2473 675 2524 πᾶσι
714 2470 1033 2541 βαρϐάροις,
1062 2468 1163 2533 τὰς
1198 2472 1297 2540 τῆς
1330 2465 1606 2538 σωτηρίας
1630 2465 1830 2536 ἐχορή-

248 2581 423 2635 γησεν
448 2564 728 2637 ἀφορμὰς,
754 2565 868 2626 τοῖς
893 2564 1061 2633 ἱεροῖς
1097 2560 1419 2623 ἀποστόλοις
1442 2560 1715 2622 διακόνοις
1733 2560 1832 2629 τῆς

249 2656 577 2728 εὐεργεσίας
593 2656 960 2728 χρησάμενος.
983 2675 1001 2707 ‹
1031 2654 1394 2726 Πορευθέντες
1416 2654 1545 2725 γὰρ,
1566 2653 1692 2722 ἔφη,
1724 2669 1830 2722 μα-

252 2749 558 2820 θητεύσατε
588 2750 769 2803 πάντα
814 2749 882 2802 τὰ
927 2748 1079 2819 ἔθνη,
1112 2748 1469 2818 βαπτίζοντες
1518 2748 1721 2809 αὐτοὺς
1749 2747 1832 2809 εἰς

251 2842 314 2897 τὺ
355 2842 526 2911 ὄνομα
565 2840 662 2895 τοῦ
711 2841 944 2912 Πατρὸς,
967 2839 1182 2894 καὶτοῦ
1212 2839 1367 2905 Υἰοῦ,
1399 2841 1490 2893 καὶ
1532 2838 1627 2892 τοῦ
1675 2838 1832 2906 ἁγίου

252 2933 597 3004 Πνεύματος,
631 2932 981 2996 διδάσκοντες
1009 2934 1207 2996 αὐτοὺς
1268 2935 1454 3002 τηρεῖν
1516 2933 1693 2985 πάντα
1733 2932 1833 2985 ὅσα

254 3026 616 3097 ἐνετειλάμην
661 3026 809 3095 ὑμῖν.
849 3044 868 3078 ο
917 3025 1106 3095 Τούτῳ
1158 3024 1476 3094 πειθόμενοι
1528 3023 1605 3094 τῷ
1658 3023 1829 3094 νόμῳ,

255 3121 442 3174 πᾶσαν
467 3120 571 3189 γῆν
599 3119 697 3172 καὶ
725 3118 1001 3171 θάλασσαν
1034 3117 1294 3187 ἔδραμον,
1323 3116 1420 3170 καὶ
1451 3116 1480 3168 6
1511 3116 1553 3149 δ’*
1589 3115 1689 3186 μὲν
1730 3115 1797 3168 Ἰν
1817 3143 1830 3154 ~

1932 1922 2242 1979 congruens
2279 1919 2386 1966 est.
2406 1911 2742 1966 Adhortatur
2764 1914 2907 1967 enim
2932 1914 3169 1982 Spiritus
3202 1916 3379 1984 gratia
3413 1930 3510 1971 eos

1931 2000 2025 2070 qui
2061 2000 2293 2056 salutem
2318 2001 2501 2072 adepti
2527 2011 2672 2070 sunt,
2708 2011 2767 2057 ut
2794 2003 3042 2059 beneﬁcii
3076 2015 3355 2060 auctorem
3383 2007 3506 2061 lau-

1930 2092 2079 2149 dent.

2006 2188 2167 2243 Vens.
2210 2189 2263 2244 1.
2303 2209 2322 2242 ι
2364 2189 2608 2246 Laudate
2648 2191 2963 2258 Dominum,
3010 2208 3202 2249 omnes
3233 2204 3441 2265 gentes.
3482 2214 3502 2248 ι

1933 2278 2051 2335 Una
2098 2295 2290 2335 omnes
2341 2281 2393 2334 in
2443 2282 2699 2337 choream
2749 2293 2910 2337 vocat
2951 2302 2962 2337 :
3001 2285 3255 2339 omnibus
3310 2287 3510 2356 quippe

1934 2372 2206 2441 gentibus,
2255 2389 2363 2427 non
2424 2375 2586 2429 modo
2627 2374 2831 2431 Graecis
2878 2386 2933 2430 et
2975 2376 3267 2449 Romanis,
3315 2393 3509 2434 verum

1934 2465 2098 2519 etiam
2132 2466 2391 2522 omnibus
2422 2466 2693 2533 barbaris,
2734 2469 2928 2524 salutis
2972 2471 3318 2524 occasionem
3368 2486 3509 2540 prae-

1934 2557 2072 2623 buit,
2130 2558 2303 2613 sacris
2369 2560 2639 2629 apostolis
2709 2570 2868 2616 utens
2916 2562 3162 2616 bemﬁrii
3219 2563 3509 2619 ministris.

1946 2672 1966 2703 ι
1999 2651 2202 2709 Euntes
2232 2655 2401 2720 enim,
2438 2657 2633 2726 inquit,
2662 2657 2851 2713 docete
2880 2675 3069 2715 omnes
3094 2668 3304 2730 gentes,
3335 2660 3513 2730 bapti-

1937 2756 2124 2803 zantes
2151 2764 2245 2803 eos
2274 2749 2328 2803 in
2366 2750 2590 2805 nomine
2633 2752 2835 2816 Patris,
2880 2760 2935 2805 et
2971 2752 3118 2819 Filii,
3161 2764 3215 2808 et
3267 2752 3508 2824 Spiritus

1936 2839 2140 2903 sancti,
2204 2840 2468 2896 docentes
2502 2857 2603 2896 eos
2652 2859 2871 2897 servare
2922 2846 3105 2899 omnia
3171 2861 3513 2915 quaecunque

1937 2931 2189 2987 mandavi
2221 2933 2373 2988 vobis
2404 2943 2450 2988 ι.
2494 2952 2511 2985 ι
2548 2933 2688 2988 lluic
2720 2934 2820 3005 legi
2848 2935 3307 3005 obtemperantes,
3340 2947 3513 2992 totam

1935 3034 2136 3078 terram
2166 3034 2220 3080 et
2252 3042 2401 3081 mare
2440 3038 2849 3096 percurrerunt,
2881 3038 2933 3083 et
2978 3030 3066 3084 hic
3099 3030 3317 3100 quidem
3350 3029 3515 3088 Indos

1938 3118 2002 3170 ad
2034 3118 2316 3173 Christum
2349 3119 2595 3185 adduxit,
2632 3121 2720 3175 hic
2746 3137 2873 3175 vero
2907 3118 3209 3193 Aﬂgyptios,
3245 3124 3385 3179 alius
3410 3139 3513 3179 au-

254 3212 403 3275 δοὺς,
433 3178 544 3285 δι’δέ
574 3209 931 3278 Δίγυπτίους,
961 3210 990 3261 6
1038 3178 1111 3263 6i:-
1142 3178 1407 3273 Ᾰίθίοπας
1455 3178 1773 3280 προσήῇγε
1787 3209 1830 3242 ⁴⁸

1939 3220 2044 3264 tem
2077 3209 2380 3280 Ethiopes.
2427 3211 2488 3265 Et
2518 3212 2712 3267 beatus
2761 3178 3225 3284 1525WPaulus
3276 3217 3516 3271 breviter

255 3304 337 3375 τῷ
368 3304 612 3376 Χριστῷ.
658 3303 718 3357 ⁸0
744 3303 801 3355 δὲ
863 3303 1134 3374 μακάριος
1163 3302 1375 3367 Παῦλος
1423 3304 1665 3356 διδάσκει
1712 3320 1837 3356 συν-

255 3395 465 3467 τόμως,
504 3396 649 3459 ὅσοις
680 3394 859 3447 ἔθνεσι
882 3395 1353 3466 προσενήνοχε-τὰ
1394 3394 1513 3449 θεῖα
1546 3396 1838 3467 κηρύγμα-

256 3505 349 3550 τα,
383 3506 403 3540 ι
442 3486 583 3541 ὥστε
627 3487 736 3541 ἀπὸ
777 3486 1135 3558 Ἰερουσαλὴμ
1177 3486 1364 3559 κύκλῳ
1406 3486 1567 3557 μέχρι
1598 3487 1692 3540 τοῦ
1735 3488 1836 3540 Ἰλ-

258 3580 485 3653 λυρικοῦ
509 3581 936 3651 πεπληρωκέναι
954 3580 1013 3634 τδ
1030 3580 1363 3649 Εύαγγέλιον
1388 3580 1483 3634 τοῦ
1512 3581 1776 3654 Χριστοῦ.
1812 3602 1830 3634 ι

260 3675 337 3728 Οὐ
368 3674 478 3744 γὰρ
507 3674 722 3727 εὐθεῖαν
749 3674 863 3727 ὁδὸν
899 3672 1117 3737 ὁδεύων,
1154 3673 1288 3727 ἀλλὰ
1316 3674 1384 3727 τὰ
1434 3675 1492 3727 ἐν
1525 3675 1676 3746 μέσῳ
1704 3674 1830 3746 ἔθνη

260 3766 583 3837 διακείμενα
615 3766 974 3838 περινοστῶν,
1007 3766 1075 3819 τὰ
1102 3765 1350 3836 σωτήρια.
1377 3764 1682 3836 προσέφερε
1713 3765 1839 3833 δόγ-

265 3874 435 3927 ματα.
486 3877 503 3909 ι
548 3857 705 3911 Οὕτω
755 3859 812 3912 δὲ
845 3857 1302 3929 φιλοτιμούμενον
1359 3857 1833 3927 εὐαγγελίζεσθαι,

259 3950 363 4020 οὐχ
384 3949 520 4003 ὅπου
551 3947 845 4017 ὠνομάσθη
881 3947 1132 4016 Χριστὸς,
1174 3947 1262 4002 ἵνα
1303 3948 1378 4019 μὴ
1418 3948 1513 4002 ἐπὶ
1557 3947 1837 4018 ἀλλότριον

262 4040 516 4111 θεμέλιον
539 4040 808 4110 οἰκοδομῶ
832 4056 845 4070 ο
879 4040 1018 4093 ἀλλὰ
1050 4040 1234 4104 καθὼς
1263 4042 1595 4110 γέγραπται,
1625 4035 1707 4104 οἷς
1736 4042 1838 4094 οὐκ

261 4133 541 4205 ἀνηγγέλη
576 4134 704 4204 περὶ
734 4132 921 4199 αὐτοῦ,
952 4133 1194 4202 ὄψονται,
1218 4136 1312 4187 καὶ
1337 4133 1385 4187 οἳ
1407 4134 1507 4187 οὐκ
1541 4133 1834 4204 ἀκηκόασι,

266 4226 608 4294 συνήσουσιν.
656 4245 673 4276 ι
704 4225 971 4295 ’Ὕστερον
1045 4225 1226 4294 μέντοι
1295 4228 1391 4277 καὶ
1469 4226 1570 4296 τῆς
1609 4225 1838 4289 Ἰταλίας

264 4313 464 4385 ἐπέϐη,
493 4315 590 4366 καὶ
622 4315 701 4377 είς
728 4314 829 4377 τὰς
876 4314 1120 4376 Σπανίας
1146 4314 1191 4347 ⁸⁸
1222 4315 1469 4383 ἀφίκετο,
1507 4314 1602 4368 καὶ
1634 4317 1751 4378 ταῖς
1781 4315 1838 4367 ὲν

262 4405 341 4477 τῷ
376 4405 606 4473 πελάγει
630 4405 1004 4475 διακειμέναις
1032 4408 1217 4477 νήσοις
1252 4408 1351 4477 τὴν
1377 4406 1649 4474 ὠφέλειαν
1666 4424 1838 4477 προσ-

1938 3299 2118 3364 docet,
2146 3311 2281 3369 quot
2308 3302 2561 3369 gentibus
2598 3303 2781 3356 divina
2828 3305 3095 3372 praeconia
3139 3306 3343 3373 attulit,
3384 3326 3402 3360 t
3440 3308 3514 3364 Ut

1937 3396 2007 3448 ab
2039 3391 2417 3462 Hierosolyma
2451 3409 2548 3463 per
2582 3394 2871 3448 circuitum
2908 3411 3081 3465 usque
3121 3399 3185 3452 ad
3233 3399 3515 3471 Illyricum

1938 3475 2265 3554 repleverim'
2292 3484 2639 3554 Evangelium
2672 3486 2874 3542 Christi
2902 3497 2953 3542 γ.
2994 3508 3013 3541 ι
3048 3487 3165 3544 Non
3195 3493 3338 3546 enim
3365 3503 3518 3549 recta

1940 3577 2197 3632 incedens
2224 3575 2334 3641 via,
2368 3577 2461 3631 sed
2496 3588 2683 3646 gentes
2733 3593 2854 3647 quae
2890 3579 2942 3631 in
2982 3581 3160 3633 medio
3205 3591 3361 3636 erant
3407 3584 3517 3638 cir-

1940 3670 2210 3733 cumiens,
2240 3670 2501 3724 salutaria
2537 3671 2790 3738 dogmata
2824 3670 3104 3725 oﬂerebat.
3144 3690 3162 3723 ι
3215 3672 3304 3728 Sic
3330 3685 3511 3731 autem

1912 3764 2219 3837 ‘contendi,
2249 3762 2426 3832 inquit
2456 3771 2500 3824 ι,
2537 3763 2839 3833 praedicare
2871 3763 3224 3833 Evangelium
3254 3765 3381 3830 hoc,
3404 3782 3514 3822 non

1939 3857 1959 3877 ⁴
1989 3855 2081 3910 ubi
2123 3856 2435 3909 nominatus
2479 3866 2560 3909 est
2604 3853 2879 3918 Christus,
2937 3871 3006 3909 ne
3058 3871 3223 3925 super
3269 3858 3513 3913 alienum

1940 3950 2356 4005 fundamentum
2384 3948 2734 4014 mdilicarem,
2757 3949 2873 4014 sed,
2900 3950 3041 4003 sicut
3070 3950 3335 4019 scriptum
3360 3961 3443 4007 est
3463 3962 3511 4015 ιι,

1938 4040 2142 4110 quibus
2163 4054 2270 4093 non
2310 4047 2391 4092 est
2421 4037 2802 4093 annuntiatum
2828 4037 2894 4093 de
2919 4053 2984 4092 eo
3018 4038 3299 4106 videbunt,
3333 4048 3388 4095 et
3420 4043 3515 4111 qui

1940 4149 2046 4188 non
2089 4131 2383 4186 audierunt
2422 4131 2489 4183 de
2530 4145 2623 4194 eo,
2662 4129 2978 4199 intelligent.
3046 4149 3064 4182 ι
3106 4129 3303 4186 Postea
3350 4133 3518 4203 igitur

1939 4226 1992 4279 in
2026 4223 2234 4277 Italiam
2276 4220 2443 4286 venit,
2473 4229 2523 4274 et
2573 4221 2625 4274 in
2659 4219 2945 4289 llispanins
2976 4225 3243 4290 pervenit,
3279 4234 3332 4277 et
3358 4224 3517 4281 insu-

1939 4317 2028 4379 lis,
2059 4331 2180 4386 quae
2207 4315 2260 4368 in
2312 4313 2447 4367 mari
2478 4314 2683 4379 jacent,
2724 4313 3016 4366 utilitatem
3063 4316 3266 4371 attulit.
3312 4315 3517 4371 Roma-

1940 4408 2028 4463 nis
2077 4407 2295 4475 quidem
2347 4405 2593 4459 scribens
2631 4404 2750 4457 ait:
2794 4424 2812 4456 ‹
2863 4404 3033 4473 Spero
3084 4407 3253 4473 enim,
3302 4423 3426 4462 cum
3460 4409 3516 4463 in

263 4499 487 4569 ήνεγκε.
504 4497 798 4568 Ῥωμαίοις
821 4498 919 4568 μὲν
934 4497 1042 4569 γὰρ
1065 4498 1393 4552 ἐπιστέλλων
1417 4497 1545 4569 ἔφη’
1569 4498 1830 4563 «Ἐλπίζω

1942 4500 2230 4570 Hispanias
2260 4498 2530 4568 prolicisci
2578 4511 2819 4565 erepere,
2857 4496 2973 4551 fore
3007 4506 3062 4552 ut
3094 4500 3410 4567 praeteriens
3436 4503 3519 4555 vi-

267 4590 378 4658 γὰρ
403 4588 866 4659 διαπορευόμενος
885 4589 963 4651 είς
983 4588 1080 4651 τὰς
1101 4584 1337 4651 Σπανίας
1357 4590 1400 4622 ⁸ο
1421 4588 1487 4641 δι’
1512 4588 1669 4657 ὑμῶν
1697 4588 1835 4641 διελ-

267 4679 401 4741 θεῖν,
432 4678 526 4732 καὶ
552 4678 641 4746 ὑφ’
675 4678 831 4746 ὑμῶν
875 4679 1299 4750 προπεμφθῆναι
1363 4681 1499 4748 ἐκεῖ,
1541 4680 1635 4734 ἐὰν
1682 4681 1835 4750 ὑμῶν

265 4770 486 4841 πρῶτον
516 4769 623 4823 ἀπὸ
655 4769 851 4841 μέρους
896 4770 1214 4843 ἐμπλησθῶ.
1253 4790 1270 4824 ι
1312 4770 1402 4841 Τῷ
1457 4772 1746 4844 θαυμασίῳ
1781 4773 1839 4827 δὲ

267 4863 415 4933 Τίτῳ
445 4864 674 4933 γράφων
706 4863 871 4932 φησίν
901 4880 916 4896 ο
954 4883 973 4915 ι
1012 4862 1111 4916 Διὰ
1144 4865 1304 4925 τοῦτο
1340 4866 1632 4920 κατέλιπόν
1666 4886 1725 4921 σε
1779 4868 1839 4921 ὲν

267 4954 487 5024 Κρήτῃ,
521 4952 608 5006 ἵνα
634 4954 986 5027 καταστήσῃς
1014 4955 1153 5008 κατὰ
1201 4956 1355 5011 πόλιν
1409 4958 1837 5030 πρεσϐυτέρους,

269 5044 345 5107 ὡς
377 5044 489 5111 ἐγώ
534 5060 617 5096 σοι
641 5043 994 5115 διεταξάμην.
1025 5065 1043 5096 ι
1084 5044 1269 5111 Οὕτως
1299 5049 1328 5101 6
1361 5050 1617 5120 Ἰωάννης
1638 5053 1664 5104 ό
1696 5051 1837 5104 πάνυ

269 5135 367 5205 τὴν
424 5136 611 5190 Ἀσίαν
657 5138 754 5207 τῆς
805 5137 1079 5209 προτέρας
1124 5139 1498 5211 ἠλευθέρωσεν
1543 5144 1795 5206 ἀσεϐείας
1823 5160 1836 5173 ⁸

268 5226 445 5292 οὓτως
480 5230 510 5282 6
546 5228 831 5294 θεσπέσιος
865 5231 1119 5302 ’Δνδρέας
1160 5232 1257 5303 τὴν
1295 5234 1519 5288 Ἐλλάδα
1567 5239 1684 5300 ταῖς
1742 5238 1841 5307 τῆς

354 5440 378 5468 ι
406 5425 598 5485 Matth.
666 5445 862 5495 xxvm,
896 5430 985 5496 19,
1015 5430 1107 5487 20.
1186 5439 1215 5479 γ
1254 5430 1408 5487 Rom.
1440 5449 1530 5499 xv,
1564 5434 1653 5488 19.
1686 5444 1707 5471 ²
1742 5434 1874 5491 ibid.
1901 5435 1993 5501 20,
2026 5435 2116 5489 2L

1943 4593 2100 4647 deam
2136 4606 2256 4654 vos,
2295 4598 2350 4643 et
2378 4604 2408 4643 a
2455 4590 2609 4643 vobis
2652 4589 2891 4642 deducar
2917 4590 3067 4651 illuc,
3125 4591 3169 4644 si
3207 4592 3361 4646 vobis
3409 4595 3519 4662 pri-

1943 4697 2091 4736 mum
2122 4696 2186 4735 ex
2242 4687 2395 4749 parte
2442 4677 2740 4747 perfruitus
2792 4676 2944 4732 fuero
2970 4678 3018 4732 ι).
3061 4699 3077 4726 ι
3117 4679 3180 4733 Et
3209 4682 3519 4737 admirabili

1945 4775 2070 4830 Tito
2117 4772 2367 4828 scribens
2405 4772 2479 4824 ait
2512 4790 2524 4824 :
2563 4790 2581 4821 ι
2619 4769 2792 4839 Hujus
2846 4772 2920 4824 rei
2962 4772 3135 4842 gratia
3165 4774 3429 4843 tlereliqui
3468 4785 3519 4830 te

1944 4864 2141 4924 Cretae.
2167 4873 2226 4918 ut
2253 4862 2558 4918 constituas
2587 4877 2683 4931 per
2713 4861 2955 4916 civitates
2982 4864 3349 4933 presbyteros.
3374 4867 3521 4921 sicut

1946 4976 2048 5029 ego
2107 4956 2335 5029 praecepi
2371 4955 2469 5010 tibi
2504 4965 2550 5009 ο.
2592 4974 2611 5006 ι
2659 4952 2751 5009 Sic
2781 4969 3014 5023 magnus
3045 4955 3134 5008 ille
3168 4953 3402 5011 Joannes
3449 4959 3519 5011 A-

1955 5054 2092 5108 siam
2123 5068 2153 5105 a
2182 5050 2415 5120 pristino
2465 5063 2650 5102 errore
2695 5047 2943 5102 liberavit
2979 5065 2991 5100 :
3022 5047 3101 5101 sic
3142 5048 3362 5104 divinus
3409 5052 3522 5103 An-

1948 5148 2125 5201 drzeas
2164 5145 2425 5199 Graeciam
2468 5142 2665 5197 divinae
2699 5141 3032 5210 cognitionis
3067 5141 3234 5196 radiis
3280 5142 3521 5197 illustra-

1950 5239 2027 5292 vit
2059 5254 2073 5291 :
2100 5237 2179 5293 sic
2225 5236 2603 5291 divinissimus
2631 5235 2915 5305 Philippus
2946 5243 3306 5304 utrorumque
3349 5233 3517 5307 Phry-

2195 5447 2222 5475 ι
2252 5431 2358 5491 lsa.
2386 5448 2482 5497 ιη,
2512 5432 2601 5486 15.
2644 5433 2673 5472 δ
2705 5429 2868 5486 Rom.
2897 5446 2987 5497 xv,
3021 5431 3117 5487 24.
3193 5442 3214 5471 ο
3252 5431 3358 5486 Tit.
3394 5448 3431 5499 t,
3462 5433 3517 5486 5.

1338 5609 1578 5666 VARUE
1621 5611 2008 5669 LECTIONES
2047 5612 2135 5668 ΕΤ
2165 5610 2400 5668 NOTAE}.

344 5726 390 5757 ⁸³
418 5723 544 5779 cod.
584 5725 607 5779 1
646 5725 722 5780 δέ.
800 5726 847 5759 ⁸⁸
882 5728 1021 5795 Χορ.
1072 5725 1194 5781 Des.
1248 5726 1381 5783 ibid.

276 5795 320 5829 ’δ’
341 5796 442 5861 Εἰς
467 5796 576 5861 τὰς
602 5798 792 5854 Σπαν.
810 5799 931 5855 cod.
968 5798 993 5851 1
1038 5797 1333 5864 Ἱσπανίας.

1478 5727 1523 5805 ξῖ
1541 5727 1812 5805 ᾖρπρυίιι.

1968 5729 2056 5788 Sic
2101 5748 2320 5805 quoque
2368 5732 2422 5788 in
2458 5730 2832 5804 sequentibus.
2909 5728 2953 5761 “
2983 5726 3113 5786 ibid.
3148 5726 3524 5800 προσήγαγον.

1408 5798 1453 5832 ⁸⁸
1480 5798 1607 5855 ibid.
1650 5798 1947 5858 Ἱσπανίας.
