3924 6486
452 311 583 373 1807

1397 305 1884 368 THEODORETI
1933 305 2273 368 EPISCOPI
2328 303 2695 366 CYRENSIS

3558 306 3704 370 1808

443 438 569 491 gum
623 434 862 477 errorem
916 406 1196 490 redarguit
1232 436 1246 472 ε
1279 418 1358 473 sic
1408 432 1638 489 magnus
1695 415 1889 471 Petrus
1948 416 2003 470 al

2117 414 2447 485 θεογνωσίας
2508 414 2692 466 ἀκτῖσι
2743 411 3123 482 κατηύγασεν·
3161 412 3332 476 οὕτως
3359 415 3387 467 6
3421 413 3706 477 θειότατος

444 513 815 585 Hierosolyma
844 528 1014 584 usque
1046 513 1111 567 ad
1154 513 1525 567 Romanorum
1562 511 1751 564 urbem
1793 524 2015 579 percur-

444 608 534 670 rit,
591 605 849 660 omnibus
879 605 1127 658 veritatis
1159 604 1344 658 radios
1376 602 1611 657 oﬂ‘crens
1649 619 1662 655 :
1693 601 1773 655 sic
1823 614 2015 653 omnes

442 706 617 750 totum
656 705 925 749 terrarum
958 695 1142 748 orbem
1179 694 1463 756 obeuntes,
1487 700 1541 745 et
1569 690 1891 761 ignorantia:
1912 706 2014 742 nu-

442 789 565 841 bem
603 786 1002 851 discusserunt,
1021 794 1074 839 et
1096 784 1323 854 justiti:e
1349 784 1518 838 solem
1546 784 2012 836 demonstrarunt.

443 878 635 934 Merito
672 878 835 949 igitur
864 892 1048 931 sermo
1084 878 1457 947 propheticus,
1503 884 1560 928 ut
1605 889 1798 929 omnes
1829 881 2014 939 gentes

443 969 550 1024 Deo
589 967 819 1023 offerant
868 968 1129 1039 hymnum
1182 976 1406 1029 monet,
1465 964 1679 1037 1426
1727 976 2014 1035 postquam

441 1063 671 1117 salutem
701 1061 885 1132 adepti
916 1070 1063 1116 sunt.
1089 1078 1107 1111 ι
1130 1057 1372 1113 Laudate
1394 1074 1542 1125 eum,
1563 1074 1753 1115 omnes
1771 1057 1973 1127 populi.
1990 1076 2008 1108 ι

439 1152 543 1208 Per
575 1162 750 1205 totum
787 1160 1058 1203 terrarum
1115 1152 1302 1201 urbem
1359 1147 1529 1200 Judaei
1579 1150 1708 1200 olim
1766 1148 2014 1217 dissipati

440 1245 680 1302 fuerunt.
710 1257 881 1297 unum
908 1241 1074 1295 Deum
1109 1241 1289 1294 colere
1316 1239 1515 1293 edocti.
1552 1239 1818 1305 Quoniam
1854 1240 2015 1311 igitur

438 1352 544 1390 non
578 1334 815 1404 amplius
853 1334 1071 1387 unicam
1098 1333 1413 1386 incolebant
1445 1333 1812 1397 Palmstinam,
1841 1348 2016 1402 neque

434 1445 604 1483 unum
636 1427 910 1482 faciebant
945 1426 1203 1496 populum
1254 1426 1357 1479 sub
1404 1440 1512 1479 uno
1543 1440 1668 1495 rege
1712 1427 2013 1489 constituti,

435 1525 529 1577 sed
562 1522 704 1575 inter
751 1529 941 1591 gentes
981 1519 1238 1588 dispersi,
1282 1518 1500 1571 illorum
1545 1518 1764 1587 quidem
1810 1519 2014 1587 princi-

433 1615 598 1684 pibus
630 1613 978 1675 obediebant,
1016 1610 1157 1679 apud
1192 1625 1249 1663 se
1278 1611 1426 1678 ipsos
1471 1626 1601 1664 vero
1638 1610 1890 1665 vivebant
1936 1611 2013 1664 le-

434 1708 516 1777 gis
560 1712 835 1776 praecepto
886 1705 1336 1772 obtemperantes
1373 1702 1534 1771 :jure
1589 1716 1697 1755 non
1747 1703 2011 1772 populum

435 1801 607 1870 ipsos,
662 1800 755 1854 sed
796 1796 1027 1867 populos
1074 1796 1319 1848 nominat
1356 1812 1368 1847 :
1400 1793 1847 1864 quandoquidem
1892 1795 2015 1863 plu-

432 1893 557 1946 rimi
592 1893 755 1946 etiam
787 1907 852 1945 ex
882 1892 965 1945 his
993 1891 1241 1945 divinum
1275 1896 1631 1958 susceperant
1654 1888 2008 1957 praeconium.

432 1984 490 2038 In
530 1986 665 2039 urbe
690 1985 847 2049 enim
902 1983 1280 2055 Hierosolyma
1332 1982 1434 2036 tria
1472 1981 1640 2035 millia
1679 1990 1733 2034 et
1767 1980 2009 2047 quinque

431 2075 604 2129 millia
644 2076 836 2130 eodem
882 2083 1125 2143 tempore
1172 2074 1476 2143 piscatores
1527 2071 1716 2140 piscati
1755 2078 1903 2123 sunt.
1943 2069 2008 2121 Et

431 2176 623 2235 postea
663 2166 849 2220 multae
888 2166 1160 2236 myriades
1193 2164 1437 2225 fuerunt,
1479 2172 1538 2216 ut
1561 2164 1634 2216 ait
1664 2162 1882 2216 divinus
1913 2160 2005 2214 Ja-

430 2259 598 2312 cobus
629 2256 677 2310 ἀ.
705 2256 771 2310 Ει
796 2257 849 2310 in
881 2255 1036 2326 Syria
1066 2271 1281 2317 rursus,
1309 2265 1360 2307 et
1387 2254 1599 2318 Cilicia,
1630 2263 1683 2307 et
1716 2254 2006 2323 Lycaonia,

432 2360 485 2405 et
511 2349 736 2414 Pisidia,
761 2358 816 2403 et
844 2349 995 2413 Asia,
1028 2356 1083 2402 et
1105 2346 1445 2417 Pamphylia,
1468 2356 1521 2401 et
1553 2348 1606 2400 in
1644 2347 1856 2402 caeteris
1884 2363 2005 2401 om-

432 2445 594 2499 nibus
624 2442 893 2514 gentibus,
939 2441 1216 2512 prioribus
1256 2438 1462 2495 .Iudazis
1502 2439 1685 2494 divina
1730 2441 2005 2510 prtecouia

433 2535 669 2605 apostoli
701 2534 1037 2588 obtulerunt.
1068 2531 1134 2585 Et
1157 2531 1251 2585 alii
1286 2532 1508 2601 quidem
1553 2531 1919 2594 crediderunt,
1951 2541 2006 2585 et

429 2628 711 2681 veritatem
751 2625 920 2681 secuti
948 2632 1097 2689 sunt,
1130 2624 1221 2677 alii
1256 2638 1383 2676 vero
1417 2622 1712 2678 fructuosis
1741 2623 2005 2678 doctrinis

428 2713 895 2767 contradicebant.
965 2712 1159 2767 Merito
1209 2711 1372 2780 igitur
1420 2727 1602 2781 sermo
1654 2712 2005 2781 prapheticus

429 2805 564 2868 hos,
616 2814 675 2858 ut
722 2804 971 2860 benelicii
1030 2812 1308 2857 auctorem
1355 2803 1593 2869 laudent,
1640 2804 2001 2858 adhortatur:

428 2896 529 2952 hos
560 2898 703 2953 enim
736 2897 969 2968 populos
1004 2895 1259 2965 appellat.

2116 508 2385 569 Φίλιππος
2402 504 2630 576 Φρυγῶν
2654 505 2932 573 ἑκατέρων
2948 505 3045 575 τὴν
3068 504 3278 577 πλάνην
3298 506 3584 577 διήλεγξεν
3614 509 3658 538 ⁵¹
3690 522 3702 535 ’

2116 598 2288 661 οὕτως
2314 600 2342 649 6
2380 598 2553 667 μέγας
2575 596 2791 667 ’Πέτρος
2824 597 2932 651 ἀπὸ
2978 596 3078 666 τῆς
3125 598 3485 669 Ἰερουσαλὴμ
3536 600 3706 670 μέχρι

2116 691 2213 759 τῆς
2251 688 2533 759 Ῥωμαίας
2598 689 2804 761 ἔδραμε
2858 689 3090 755 πόλεως,
3148 692 3321 745 ἅπασι
3371 693 3710 761 προσφέρων

2116 783 2214 845 τὰς
2271 781 2370 851 τῆς
2420 780 2678 851 ἀληθείας
2733 783 2977 845 ἀκτῖνας.
3042 782 3228 846 Οὕτως
3297 784 3537 846 ἅπαντες
3598 786 3709 835 πᾶ-

2121 892 2221 927 σαν
2266 874 2366 946 τὴν
2396 876 2726 944 οἰκουμένην
2786 877 3311 948 περινοστήσαντες,
3339 878 3432 929 καὶ
3475 876 3569 928 τὸν
3605 879 3709 944 τῆς

2116 964 2334 1035 ἀγνοίας
2368 966 2743 1017 άπεσκέδασαν
2802 966 3022 1035 γνόφον,
3058 969 3150 1020 καὶ
3209 969 3300 1020 τὸν
3357 968 3455 1038 τῆς
3489 968 3708 1020 δικαιο-

2119 1056 2284 1127 σύνης
2313 1056 2597 1121 ὑπέδειξαν
2651 1059 2821 1129 ἥλιον.
2856 1060 3097 1123 Είκὸτως
3148 1062 3326 1113 τοίνυν
3365 1062 3392 1113 6
3425 1078 3707 1132 προφητι-

2117 1148 2211 1211 κὸς
2238 1148 2392 1217 λόγος
2434 1152 2611 1203 πάντα
2642 1152 2711 1203 τὰ
2755 1151 2880 1222 ἔθνη
2924 1152 3001 1222 τῷ
3048 1152 3166 1222 Θεῷ
3192 1154 3283 1206 τὸν
3328 1153 3497 1223 ῦμνον
3528 1172 3705 1225 προσο

2118 1239 2309 1310 φέρειν
2339 1244 2647 1313 παρεγγυᾷ,
2678 1244 2865 1314 ἐπειδὴ
2895 1244 3075 1297 πάντα
3132 1245 3235 1313 τῆς
3266 1245 3539 1314 σωτηρίας
3597 1248 3708 1297 ἀπο

2120 1331 2381 1400 ήλαυσαν.
2413 1351 2430 1381 ι
2456 1332 2812 1387 Ἐπαινέσατε
2846 1335 3010 1388 αὐτὸν
3047 1336 3247 1399 πάντες
3285 1337 3335 1389 oi
3364 1337 3507 1390 λαοί.
3543 1356 3560 1388 ι
3610 1338 3705 1399 Εἰς

2118 1424 2335 1476 ἃπασαν
2358 1425 2526 1479 πάλαι
2548 1427 3035 1499 προδιεσπάρησαν
3062 1430 3307 1482 Ἰουδαῖοι
3329 1431 3375 1460 ⁵³
3403 1431 3501 1501 τὴν
3519 1433 3705 1482 οἰκου-

2120 1516 2311 1589 μένην,
2342 1518 2433 1571 τὸν
2480 1520 2576 1573 ἕνα
2621 1520 2801 1573 σέϐειν
2846 1521 3222 1591 δεδιδαγμένοι
3278 1522 3430 1575 Θεόν.
3474 1523 3704 1593 Ἐπειδὴ

2116 1610 2297 1661 τοίνυν
2327 1611 2427 1663 ούκ
2474 1611 2552 1664 ἔτι
2612 1613 2779 1681 μόνην
2822 1612 3000 1682 ᾤκουν
3033 1613 3128 1682 τὴν
3161 1614 3549 1684 Παλαιστίνην,
3578 1615 3701 1667 οῦδὲ

2118 1701 2198 1762 είς
2222 1701 2318 1752 ἕνα
2338 1701 2465 1754 λαὸν
2497 1701 2712 1756 ἐτέλουν
2735 1704 2826 1772 ὑφ’
2849 1704 2932 1756 ἐνὶ
2951 1703 3165 1771 βασιλεῖ
3184 1705 3536 1773 τεταγμένοι,
3560 1706 3701 1759 ἀλλὰ

2119 1793 2176 1845 ὲν
2203 1795 2317 1856 τοῖς
2346 1793 2524 1848 ἔθνεσι
2558 1795 2973 1867 διεσπαρμένοι,
2998 1802 3110 1860 τοῖς
3148 1798 3247 1868 μὲν
3297 1800 3529 1853 ἐκείνων
3598 1802 3702 1853 ὐπ-

2119 1885 2314 1954 ήκουον
2340 1885 2591 1956 ἄρχουσι,
2612 1887 2734 1941 καθ’
2760 1889 2989 1949 ἑαυτοὺς
3010 1889 3067 1941 δὲ
3092 1890 3487 1955 ἐπολιτεύοντο,
3514 1896 3583 1963 τῇ
3604 1893 3699 1945 τοῦ

2118 1974 2283 2043 νόμου
2315 1976 2658 2047 διαγορεύσει
2708 1979 3043 2048 πειθόμενοι,
3085 1982 3311 2044 είκότως
3337 1982 3399 2035 οὐ
3433 1982 3567 2034 λαὸν
3598 1984 3697 2035 αύ-

2112 2069 2259 2132 τοὺς,
2292 2070 2426 2123 ἀλλά
2476 2070 2639 2132 λαοὺς
2684 2071 2961 2142 ὀνομάζει.
3026 2073 3273 2126 Πλεῖστοι
3323 2075 3432 2145 γὰρ
3472 2075 3573 2129 καὶ
3632 2076 3697 2127 ἐκ

2108 2162 2313 2215 τούτων
2335 2163 2394 2215 τὸ
2424 2163 2563 2215 θεῖον
2591 2163 2839 2229 ἐδέξαντο
2859 2165 3143 2234 κήρυγμα.
3167 2166 3253 2217 Ἐν
3275 2167 3371 2234 μὲν
3405 2166 3515 2236 γὰρ
3532 2166 3694 2235 Ἰερο-

2117 2253 2374 2325 σολύμοις
2394 2256 2683 2325 τρισχίλιοι
2728 2255 2825 2308 καὶ
2863 2258 3299 2325 πεντακισχίλιοι
3323 2258 3464 2311 κατά
3495 2259 3692 2311 ταύτὸν

2114 2345 2221 2397 ὑπὸ
2240 2345 2349 2398 τῶν
2370 2346 2565 2399 ἀλιέων
2589 2345 3056 2416 ἐσαγηνεύθησαν.
3094 2349 3203 2400 Kal.
3234 2347 3431 2400 πολλαὶ
3456 2348 3515 2399 δὲ
3555 2348 3691 2416 μετά

2112 2436 2284 2490 ταῦτα
2321 2438 2581 2507 μυριάδες
2611 2439 2878 2506 ἐγένοντο,
2899 2437 3099 2506 ἔφησεν
3121 2441 3167 2477 ³³
3193 2438 3375 2501 ὁθείος
3410 2438 3685 2500 Ἰάκωϐος.

2111 2531 2223 2584 Καὶ
2254 2532 2311 2581 ἐν
2351 2531 2520 2601 Συρίᾳ
2555 2530 2630 2594 δὲ,
2668 2530 2761 2584 καὶ
2812 2530 3062 2600 Κιλικίᾳ,
3102 2530 3197 2584 καὶ
3244 2532 3546 2601 Λυκαονία,
3600 2532 3689 2582 καὶ

2111 2620 2352 2690 Πισιδία,
2392 2620 2485 2672 καὶ
2530 2621 2701 2689 Ἀσίᾳ,
2736 2621 2829 2672 καὶ
2878 2619 3191 2689 Παμφυλίᾳ,
3222 2620 3314 2673 καὶ
3354 2622 3411 2672 ἑν
3440 2622 3556 2681 τοῖς
3579 2620 3687 2672 λοι-

2112 2714 2231 2773 ποῖς
2257 2712 2303 2741 ⁸⁵
2338 2710 2540 2763 ἅπασιν
2570 2710 2799 2773 ἔθνεσιν,
2855 2710 3142 2779 προτέροις
3180 2709 3455 2771 Ἰουδαίοις
3519 2726 3690 2779 προσ-

2110 2803 2304 2872 έφερον
2326 2804 2375 2855 oi
2401 2802 2693 2855 ἀπόστολοι
2722 2803 2791 2855 τά
2821 2802 2935 2855 θεῖα
2973 2802 3328 2873 κηρύγματα.
3361 2802 3474 2854 Kal.
3502 2804 3559 2854 οί
3593 2803 3690 2870 μὲν

2112 2896 2420 2956 ἐπίστευον,
2454 2895 2549 2947 καὶ
2581 2895 2681 2963 τῆς
2732 2895 2995 2965 ἀληθείας
3033 2896 3336 2967 ἀπήλαυον,
3370 2896 3420 2947 οἱ
3484 2895 3546 2947 δὲ
3569 2897 3689 2957 ταῖς

427 2990 770 3062 ὀνησιφόροις
795 2988 1163 3051 διδασκαλίαις
1213 2986 1517 3055 ἀντέλεγον.
1553 2987 1790 3051 Εἰκότως
1820 2987 1997 3041 τοίνυν
2024 2988 2053 3041 ὁ
2080 2988 2416 3059 προφητικὸς
2474 2988 2628 3057 λόγος
2684 2988 2777 3041 καὶ
2823 2986 3045 3051 τούτους
3103 2989 3292 3059 ὑμνεῖν
3344 2988 3435 3040 τὸν
3462 2987 3683 3059 εὐεργέο

428 3100 526 3152 την
555 3080 985 3152 παρακελεύεται
1014 3096 1029 3112 ⁸
1056 3079 1275 3143 τούτους
1303 3079 1410 3148 γὰρ
1459 3081 1709 3151 ὀνομάζει
1748 3081 1927 3144 λαούς.

498 3177 685 3234 ‘Vsns.
736 3178 787 3231 2.
830 3197 848 3229 ι
896 3176 1169 3245 Quoniam
1205 3177 1527 3232 confirmata
1560 3186 1644 3231 est
1693 3192 1856 3247 super
1907 3194 2003 3232 nos

2184 3175 2246 3245 β’.
2274 3191 2295 3224 ι
2319 3174 2443 3226 ’Ὁτι
2472 3170 2948 3241 ἐκραταιώθηδδτὸ
2971 3170 3121 3232 ἔλεος
3147 3168 3313 3222 αὑτοῦ
3344 3170 3426 3236 ἐφ’
3457 3170 3631 3237 ἡμᾶς.
3660 3188 3680 3222 ι

428 3270 803 3326 misericordia
836 3271 976 3339 ejus.
1003 3289 1021 3322 ι
1068 3269 1251 3323 Solam
1306 3270 1451 3323 enim
1503 3270 1765 3324 adhibens
1795 3271 2008 3325 miseri—

429 3362 698 3425 cordiam,
750 3370 997 3415 nostram
1048 3359 1275 3429 perfecit
1314 3361 1569 3415 salutem.
1622 3360 1713 3417 Sic
1733 3373 1787 3416 et
1816 3362 2008 3416 beatus

428 3455 503 3509 ait
538 3453 741 3509 Paulus
771 3470 784 3505 :
818 3471 835 3503 ι
870 3452 1005 3506 Cum
1040 3461 1219 3505 autem
1254 3451 1561 3519 benignitas
1600 3461 1653 3506 et
1696 3454 2006 3507 humanitas

428 3545 740 3615 apparuerit
781 3542 1080 3598 Salvatoris
1114 3542 1286 3595 nostri
1326 3541 1419 3595 Dei
1450 3580 1465 3605 ,
1503 3558 1608 3596 non
1652 3559 1717 3596 ex
1749 3544 2006 3612 operibus

424 3635 669 3705 jnstitiae,
711 3649 832 3703 qua:
870 3633 1100 3687 fecimus
1143 3648 1264 3697 nos,
1308 3633 1402 3686 sed
1438 3634 1741 3688 secundum
1777 3636 1999 3689 multam

427 3741 582 3783 suam
615 3725 1066 3790 miscricordiam,
1096 3725 1273 3779 salvos
1308 3740 1407 3779 nos
1433 3724 1563 3779 fecit
1593 3741 1687 3794 per
1718 3726 1997 3781 lavacrum

426 3819 855 3889 regenerationis
888 3829 940 3873 et
972 3812 1339 3874 renov'ationis
1370 3819 1604 3887 Spiritus
1632 3820 1842 3892 142⁵7
1873 3838 2001 3877 san-

427 3912 535 3976 cti,
566 3926 727 3980 quem
770 3910 959 3965 elfudit
1004 3912 1055 3964 in
1098 3925 1200 3965 nos
1234 3910 1449 3964 abunde
1494 3921 1539 3963 θ.
1576 3930 1593 3963 ι
1644 3912 1708 3965 Et
1765 3929 1996 3969 rursus:

432 4023 452 4057 ι
488 4003 673 4059 Gratia
707 4004 899 4059 salvati
921 4005 1056 4059 estis
1084 4020 1178 4073 per
1213 4006 1395 4068 (idem,
1434 4014 1486 4059 et
1517 4005 1620 4058 hoc
1651 4021 1757 4059 non
1801 4022 1867 4060 ex
1900 4023 1996 4059 vo-

426 4093 531 4157 bis,
567 4092 658 4147 Dei
690 4093 835 4147 enim
863 4094 1065 4147 donum
1085 4103 1169 4149 est
1200 4094 1245 4148 ΐ.
1284 4113 1301 4145 ι
1332 4093 1397 4148 Ει
1427 4095 1589 4148 alibi:
1620 4114 1637 4145 ι
1682 4094 1853 4151 Verus
1884 4113 1999 4152 ser—

2124 3268 2288 3336 Ἐλέῳ
2319 3265 2428 3335 γὰρ
2454 3266 2600 3335 μόνῳ
2632 3264 3001 3334 χρησάμενος,
3038 3262 3137 3331 τὴν
3170 3261 3445 3329 ἡμετέραν
3475 3261 3689 3329 ἐπραγ-

2111 3358 2420 3429 ματεύσατο
2469 3356 2765 3426 σωτηρίαν.
2828 3354 2982 3407 Οῦτω
3041 3354 3133 3407 καὶ
3178 3356 3205 3405 6
3256 3354 3527 3422 μακάριος
3579 3353 3681 3421 εφη

2106 3451 2316 3509 Παῦλος
2339 3467 2351 3479 ·
2391 3469 2408 3501 ι
2446 3450 2577 3502 Ὅτε
2610 3449 2667 3502 δὲ
2702 3451 2733 3515 ἡ
2768 3447 3075 3517 χρηστότης
3108 3446 3200 3498 xal.
3232 3447 3263 3514 ὴ
3298 3445 3682 3513 φιλανθρωπία

2102 3542 2197 3596 τοῦ
2234 3543 2483 3613 Σωτῆρος
2534 3541 2690 3612 ἡμῶν
2743 3541 2991 3609 ἐπεφάνη
3025 3538 3183 3602 Θεοῦ,
3221 3540 3281 3591 οὐ
3327 3538 3413 3590 διὰ
3461 3539 3563 3600 τὰς
3603 3538 3682 3589 δι-

2104 3635 2394 3698 καιοσύνας
2425 3634 2580 3703 ἡμῶν
2611 3633 2676 3696 ἃς
2722 3634 3081 3704 ἐποιήσαμεν,
3112 3631 3249 3684 ἀλλά
3277 3631 3417 3683 κατὰ
3444 3631 3505 3682 τὸ
3549 3632 3678 3683 πολὺ

2102 3728 2250 3790 ἔλεος
2293 3727 2481 3789 αὑτοῦ,
2519 3725 2721 3777 ἔσωσεν
2754 3726 2900 3795 ἡμᾶς
2933 3725 3022 3777 διὰ
3070 3722 3295 3793 λουτροῦ
3353 3724 3679 3787 παλιγγενεσ-

2102 3819 2241 3883 σίας,
2278 3821 2370 3872 καὶ
2417 3817 2837 3881 ἀνακαινώσεως
2889 3816 3207 3885 Πνεύματος
3254 3816 3433 3882 ἁγίου,
3473 3810 3535 3867 οῦ
3598 3817 3677 3879 ἐξ·

2099 3912 2250 3983 έχεεν
2280 3911 2363 3979 ἐφ’
2394 3913 2541 3981 ἡμᾶς
2570 3910 2858 3970 πλουσίως.
2882 3928 2899 3959 ›
2930 3908 3040 3961 Kal.
3070 3908 3253 3961 πάλινο
3286 3927 3301 3957 ι
3331 3907 3531 3975 Χάριτί
3561 3908 3677 3957 ἐστε

2101 4004 2438 4073 σεσωσμένοι
2488 4003 2577 4056 διὰ
2636 4004 2735 4073 τῆς
2789 4002 3054 4062 πίστεωςο
3112 3999 3205 4053 καὶ
3261 3997 3420 4077 τοῦτο
3471 4000 3574 4050 οὐκ
3621 3997 3678 4059 ἐξ

2100 4096 2277 4167 ὑμῶν,
2308 4095 2442 4148 Θεοῦ
2476 4096 2536 4148 τὸ
2583 4095 2775 4163 δῶρον.
2828 4092 2845 4145 ε
2890 4094 2995 4147 Καὶ
3031 4092 3283 4163 ἐτέρωθι’
3330 4112 3349 4143 ι
3410 4093 3608 4154 Πιστὸς
3649 4096 3675 4144 ὁ

426 4199 539 4249 m0,
574 4192 628 4239 et
657 4184 806 4237 omni
838 4185 1212 4253 acceptatione
1241 4186 1460 4254 dignus,
1503 4186 1780 4240 Christum
1811 4186 1993 4242 Jesum

2110 4188 2275 4255 λόγος,
2308 4188 2403 4240 καὶ
2446 4188 2625 4257 πάσης
2657 4184 2929 4253 ἀποδοχῆς
2967 4183 3137 4247 ἄξιος,
3173 4184 3255 4235 ὅτι
3290 4183 3525 4253 Χριστὸς
3570 4183 3673 4249 ’1η-

428 4272 643 4327 venisse
672 4272 726 4325 in
768 4272 914 4326 hunc
940 4275 1201 4327 mundum
1238 4285 1550 4342 peccatores
1582 4276 1762 4329 salvos
1796 4275 1994 4339 facere,

428 4379 662 4433 quorum
696 4363 907 4433 primus
936 4380 1036 4434 ego
1076 4381 1218 4427 sum.
1256 4367 1350 4421 sed
1388 4368 1816 4421 misericordiam
1861 4383 1993 4421 con-

2098 4280 2225 4344 σοῦς
2270 4276 2431 4350 ἦλθεν
2483 4281 2563 4340 είς
2609 4279 2699 4331 τὸν
2745 4278 2948 4347 κόσμον
2986 4276 3345 4346 ἀμαρτωλοθλς
3380 4275 3577 4338 σῶσαι,
3603 4270 3671 4328 ὧν

2097 4371 2310 4440 πρῶτός
2342 4374 2460 4439 εἰμι
2508 4370 2639 4438 ἐγὼ,
2691 4369 2806 4423 ἀλλ’
2853 4368 3082 4439 ἐλεήθην
3114 4370 3176 4422 ⁵⁸.
3224 4386 3243 4419 ι
3284 4368 3576 4437 Συνίστησι
3618 4369 3671 4421 δὲ

427 4463 648 4510 secutus
692 4470 816 4510 sum
854 4456 900 4507 ε.
938 4474 956 4505 ι
994 4454 1556 4511 Commendatautem
1599 4458 1738 4512 Deus
1764 4460 1791 4497 ιι
1835 4474 1988 4513 suam

2110 4462 2192 4533 τὴν
2249 4463 2442 4516 ἐαυτοῦ
2491 4464 2536 4495 ⁵⁷
2582 4463 2803 4532 ἀγάπην
2851 4462 2879 4513 6
2929 4462 3060 4523 Θεὸς
3110 4461 3192 4523 εἰς
3247 4461 3416 4529 ἡμᾶς,
3469 4462 3552 4512 ὅτι
3600 4461 3669 4511 ἔτι

426 4547 750 4601 charitatem
789 4546 841 4600 in
866 4547 1044 4612 nobis,
1067 4548 1351 4617 quoniam,
1386 4564 1511 4603 cum
1547 4564 1792 4604 essemus
1819 4551 1996 4605 adhuc

2110 4556 2443 4626 ἀμαρτωλῶν
2469 4554 2625 4625 ἡμῶν
2653 4555 2821 4607 ὄντων
2849 4554 3082 4623 Χριστὸς
3112 4552 3253 4622 ὑπὲρ
3279 4554 3309 4621 ἡ
3319 4552 3436 4622 μῶν
3471 4553 3671 4605 ἀπέθαο

426 4648 765 4709 peccatores,
810 4638 1057 4695 Christus
1087 4655 1187 4709 pro
1236 4640 1395 4695 nobis
1442 4649 1691 4695 mortuus
1720 4649 1823 4695 est.
1873 4640 2003 4696 .Iure

428 4731 595 4801 igitur
620 4746 800 4786 sermo
822 4732 897 4785 ait
925 4732 1310 4801 propheticus:
1337 4751 1354 4783 ι
1380 4731 1650 4798 Quoniam
1680 4733 1998 4788 confirmata

426 4831 513 4877 est
560 4839 723 4893 super
772 4839 873 4878 nos
927 4825 1303 4881 misericordia
1342 4826 1482 4895 ejus.
1538 4828 1603 4881 Et
1654 4828 1855 4882 veritas
1898 4829 1999 4881 Do-

430 4912 561 4965 mini
621 4921 806 4967 manet
849 4914 905 4967 in
951 4923 1238 4969 aeternum.
1286 4934 1304 4967 ι
1352 4915 1524 4980 Quam
1577 4918 1721 4971 enim
1764 4920 1994 4973 salutem

429 5019 523 5072 per
556 5004 935 5059 sanctissimos
969 5007 1261 5073 praphetas
1300 5008 1571 5076 promisit,
1623 5010 1851 5078 largitus
1891 5020 1994 5067 est.

426 5095 539 5152 Hoc
569 5097 733 5152 etiam
767 5080 952 5153 beatus
985 5101 1061 5153 ait
1088 5101 1311 5166 Paulus,
1359 5102 1651 5157 exordiens
1696 5103 1990 5173 Epistolam

429 5191 495 5243 ad
526 5192 806 5245 Romanos
836 5210 850 5245 :
890 5209 908 5243 ι
934 5190 1135 5248 Paulus
1163 5209 1355 5249 servus
1382 5194 1510 5252 Jesu
1532 5194 1737 5252 Christi
1770 5207 1996 5253 vocatus

495 5388 521 5428 ἀ
554 5391 677 5446 Act.
709 5408 823 5457 xu,
853 5392 943 5447 20.
1023 5404 1045 5432 ο
1084 5391 1193 5449 Tit.
1229 5410 1312 5461 ιιι,
1346 5395 1456 5451 4-6.

2102 4664 2211 4700 νεν.
2248 4648 2488 4710 Εἰκότως
2518 4648 2695 4700 τοίνυν
2734 4649 2761 4700 6
2790 4648 2833 4679 ⁵⁸
2869 4645 3204 4716 προφητικὸ;
3237 4645 3342 4713 ἔφη
3374 4644 3555 4711 λόγος,
3594 4647 3671 4697 ὅτι

2101 4739 2446 4809 ἐκραταιώθη
2478 4739 2537 4793 τὸ
2570 4739 2717 4801 ἔλεος
2747 4740 2911 4791 αὑτοῦ
2946 4738 3031 4805 ἐφ’
3060 4738 3228 4807 ἡμᾶς.
3270 4756 3289 4787 ι
3334 4738 3443 4789 Καὶ
3473 4739 3506 4805 ὴ
3549 4736 3671 4807 ἀλὴο

2100 4829 2220 4883 θεια
2251 4830 2345 4883 τοῦ
2377 4832 2581 4900 Κυρίου
2622 4831 2770 4901 μένει
2803 4831 2883 4892 είς
2909 4829 3001 4882 τὸν
3034 4830 3227 4883 αἰῶνα.
3267 4849 3284 4879 ι
3324 4830 3427 4881 Ἦν
3454 4830 3563 4899 γὰρ
3589 4827 3674 4880 διὰ

2099 4927 2207 4979 τῶν
2256 4927 2425 4995 ἁγίων
2471 4928 2767 4997 προφητῶν
2800 4926 3090 4996 ὑπέσχετο,
3126 4927 3326 4978 δέδωκε
3374 4928 3667 4995 σωτηρίαν.

2105 5019 2274 5073 Τοῦτο
2303 5022 2394 5072 καὶ
2427 5021 2454 5072 6
2505 5021 2775 5090 μακάριος
2806 5018 2907 5089 ἔφη
2942 5018 3151 5081 Παῦλος
3194 5020 3303 5070 τῶν
3350 5018 3489 5089 πρὸς
3545 5020 3669 5071 Ῥω-

2104 5111 2297 5181 μαίους
2328 5112 2670 5181 γραμμάτων
2694 5111 3021 5181 ἀρξάμενος,
3054 5130 3073 5161 ι
3109 5111 3319 5176 Παῦλος
3349 5112 3534 5173 δοῦλος
3571 5112 3668 5179 ’1η-

2104 5203 2198 5255 σοῦ
2250 5204 2486 5275 Χριστοῦ
2535 5205 2729 5273 κλητὸς
2771 5204 3102 5270 ἀπόστολος,
3159 5206 3545 5276 ἀφωρισμένος
3595 5205 3669 5264 είς

1566 5397 1584 5435 ι
1612 5397 1807 5468 Ephes.
1842 5414 1900 5463 ιι,
1930 5398 1984 5453 8.
2064 5401 2089 5439 ε
2118 5399 2137 5453 Ι
2167 5400 2306 5456 Tim.
2334 5418 2375 5467 ι,
2412 5401 2500 5456 15.
2577 5402 2605 5441 h
2640 5401 2797 5457 Rom.
2825 5418 2879 5465 ν.
2910 5404 2962 5459 8.

1513 5552 1750 5611 VARUS
1784 5554 2175 5613 LECTIONES
2203 5557 2290 5612 ET
2320 5558 2551 5614 NOTAS.

496 5660 541 5734 ξι
563 5657 1127 5734 ϐοὰ-ξηέξήλεγξεν.
1190 5660 1431 5734 ⁸²Ὶουόκ
1456 5663 1580 5719 Des.
1618 5664 1750 5719 ibid.
1827 5666 1873 5698 ⁵³
1895 5667 2005 5734 Ἕφ

2008 5684 2180 5741 post.
2222 5669 2295 5741 ib.
2338 5661 2628 5741 ﬁoqatv._
2672 5669 2985 5737 ⁸⁸Λοιποῖς.
3011 5672 3084 5727 ib.
3113 5671 3317 5738 ἄλλοις.
3391 5674 3439 5707 ⁸³
3468 5674 3657 5741 Ἐκραο

426 5728 666 5796 mltum.
710 5725 1175 5789 Hebrft'n‘valu-it.
1249 5732 1295 5765 '°
1313 5734 1505 5790 codJ.
1548 5734 1807 5807 ἠλεήθην.
1882 5737 1927 5770 ⁵⁷
1956 5725 2003 5792 ib

2110 5739 2286 5795 αὑτοῦ.
2345 5725 2427 5774 "5"
2452 5725 2528 5796 "0.
2557 5739 2691 5797 ibid.
2724 5756 2912 5812 prazm.
2941 5725 3065 5799 καί.
