3924 6492
222 349 367 413 1509

1556 346 1639 408 IN
1694 344 1901 405 PSAL.
1958 343 2189 406 CXVII.

3370 339 3505 406 λειω
3545 421 3549 424 ,

223 455 568 526 Εὐαγγέλιον
613 456 772 522 Θεοῦ,
808 458 837 511 ὃ
868 459 1349 530 προεπηγγείλατο
1394 458 1482 512 διὰ
1528 458 1639 511 τῶν
1683 474 1821 529 προ-

1942 457 2228 527 ψοειοιυε,
2259 464 2574 525 segregatus
2597 455 2648 509 in
2676 452 3024 523 Evangelium
3060 451 3173 515 Dei,
3203 454 3344 522 quod
3377 463 3504 507 ante

224 550 424 621 φητῶν
454 550 621 604 αὐτοῦ
650 552 708 604 ἐν
734 551 978 622 Γραφαῖς
1001 552 1205 620 ἁγίαις.
1239 572 1258 604 ι
1285 554 1397 606 Καὶ
1417 552 1637 608 πάλιν·‹
1659 553 1820 622 Λέγω

224 642 284 695 δὲ
318 642 562 713 Χριστὸν
604 643 813 714 Ἰησοῦν
863 644 1111 699 διάκονον
1144 646 1477 717 γεγενῆσθαι
1515 649 1820 719 περιτομῆς

224 735 377 806 ὑπὲρ
406 734 666 806 ἀληθείας
697 736 854 802 Θεοῦ,
895 740 976 801 εἰς
1018 738 1078 791 τὸ
1110 738 1411 810 βεϐαιῶσαι
1439 740 1541 804 τὰς
1583 745 1822 809 ἐπαγγε-

223 827 352 891 λίας
389 829 501 881 τῶν
533 830 808 902 πατέρων,
839 830 909 884 τὰ
941 830 999 883 δὲ
1027 831 1156 904 ἔθνη
1202 832 1345 903 ὑπὲρ
1375 833 1560 898 ἐλέους
1598 835 1820 901 δοξάσαι

226 920 323 971 τὸν
361 921 517 975 Θεόν.
566 941 585 973 ι
632 924 851 995 Ἐπειδὴ
881 925 1061 978 τοίνυν
1100 926 1433 997 πεπλήρωκε
1456 928 1556 992 τὰς
1588 929 1823 1000 ὑποσχέ-

231 1027 352 1074 σεις
385 1014 413 1065 ὁ
439 1013 547 1066 τῶν
578 1014 716 1067 ὅλων
749 1016 903 1082 Θεὸς,
938 1018 1030 1070 καὶ
1060 1017 1128 1087 ἣν
1158 1018 1446 1089 ὑπέσχετο,
1486 1019 1685 1073 δέδωκε
1720 1038 1823 1074 σω-

229 1101 459 1172 τηρίαν,
494 1106 588 1158 καὶ
629 1106 868 1177 ἠνέῳξέν
898 1106 1068 1162 ἅπασι
1113 1109 1212 1172 τὰς
1250 1109 1345 1162 τού
1379 1110 1560 1175 ἐλέους
1617 1111 1820 1182 πηγὰς,

231 1195 332 1245 καὶ
372 1196 535 1266 ἡμεῖς
565 1198 613 1250 οἰ
641 1198 702 1262 ἐξ
737 1199 996 1263 Ἰουδαίας
1031 1201 1424 1271 προσελθόντες
1446 1204 1513 1267 ⁸³,
1550 1204 1644 1256 καί
1664 1206 1825 1273 ὑμεῖς

231 1286 283 1337 οἰ
317 1286 380 1351 ἐξ
412 1288 584 1344 ἐθνῶν
612 1291 1064 1355 πεπιστευκότες,
1099 1293 1390 1364 σύμφωνον
1426 1297 1698 1367 ὑμνῳδίαν
1728 1316 1823 1351 κε-

237 1379 512 1447 ράσαντες
544 1382 634 1435 τὸν
668 1384 966 1454 εὐεργέτην
998 1385 1327 1455 ἀμείψασθε.

548 1581 813 1637 ΕΡΜΗΝ.
857 1584 996 1637 ΤΟΥ
1030 1585 1151 1637 PlZ'
1190 1588 1515 1641 ΨΑΛΜυΥ.

324 1693 706 1760 manuum.
758 1697 969 1769 ’Υμνος
1000 1701 1046 1731 ⁶⁰
1084 1702 1177 1754 καὶ
1204 1696 1358 1767 οὗτος
1389 1705 1538 1758 ἐστιν
1582 1705 1687 1758 ὐπὸ
1720 1705 1827 1759 τῶν

1923 550 2253 619 promiserat
2288 564 2385 619 per
2414 549 2709 619 prephetas
2745 562 2877 602 suos
2927 547 2979 600 in
3033 545 3330 616 Scripturis
3375 560 3501 600 san-

1924 640 2027 695 etis
2063 642 2105 693 ί.
2138 659 2155 692 ι
2192 640 2256 694 Et
2298 656 2492 694 rursus
2522 659 2535 694 :
2591 658 2609 691 ι
2652 638 2781 694 Dico
2826 638 2970 692 enim
3006 636 3190 693 Jesum
3224 636 3502 691 Christum

1924 731 2237 786 ministrum
2266 731 2437 787 fuisse
2470 730 2911 786 cireumeisionis
2943 738 3168 801 propter
3217 731 3501 784 veritatem

1926 821 2042 885 Dei,
2072 822 2137 876 ad
2176 822 2581 877 eonﬁrmandas
2612 821 3008 891 promissiones
3036 830 3273 890 patrum,
3314 831 3505 891 gentes

1926 922 2108 967 autem
2143 930 2243 984 pro
2288 915 2671 970 misericordia
2723 913 3004 969 celebrare
3046 912 3270 967 Deumi.
3307 933 3324 963 ι
3358 912 3505 978 Quo-

1925 1004 2076 1058 niam
2112 1006 2282 1075 igitur
2310 1006 2452 1062 Deus
2500 1006 2885 1062 universorum
2936 1005 3207 1073 promissa
3238 1005 3501 1075 implevit,

1926 1108 1980 1152 et
2012 1090 2435 1169 saiutem'quam
2470 1100 2750 1170 pollicitus
2782 1110 2886 1163 est,
2939 1100 3188 1167 donavit,
3221 1098 3507 1153 omnibus--

1927 1206 2034 1261 que
2077 1193 2473 1248 misericordia
2520 1192 2699 1248 fontes
2748 1193 3033 1257 reseravit,
3072 1201 3126 1248 et
3147 1207 3267 1257 nos,
3304 1191 3395 1262 qui
3438 1207 3505 1245 er

1927 1283 2128 1339 Judaais
2167 1286 2525 1349 accessimus,
2575 1294 2629 1341 et
2670 1301 2784 1349 vos,
2817 1285 2910 1355 qui
2950 1300 3015 1338 ex
3052 1284 3305 1355 gentibus
3332 1284 3507 1338 credi-

1927 1374 2107 1436 distis,
2141 1389 2443 1430 consonam
2477 1377 2692 1431 laudem
2734 1375 3101 1430 communiter
3134 1374 3381 1430 beneﬁcii
3413 1389 3508 1427 au-

1928 1468 2064 1521 ctori
2095 1468 2391 1536 rependite.

2313 1579 2589 1637 INTERP.
2632 1580 2881 1635 PSALMI
2921 1578 3127 1635 CXVII.

2001 1696 2250 1752 Alleluia.
2290 1697 2389 1751 Hie
2419 1698 2579 1751 etiam
2623 1697 2862 1768 hymnus
2893 1706 2977 1752 est
3007 1696 3077 1751 ab
3114 1696 3199 1750 his
3231 1696 3323 1764 qui
3358 1696 3507 1749 salu-

237 1782 343 1850 τῆς
374 1787 651 1857 σωτηρίας
681 1791 1136 1847 ἀπολελαυκότων
1169 1794 1245 1865 τῷ
1288 1796 1407 1867 Θεῷ
1438 1798 1825 1869 προσφερόμε-

1942 1803 2033 1843 .cm
2065 1804 2094 1841 a
2125 1790 2234 1843 Deo
2277 1789 2560 1845 consecuti
2608 1799 2757 1855 sunt,
2786 1789 3025 1843 oblatus.
3075 1787 3247 1843 Judaei
3296 1787 3512 1858 1428

238 1891 353 1936 νος.
394 1876 637 1931 Ἰουδαῖοι
666 1880 766 1950 μὲν
794 1882 904 1952 γὰρ
942 1884 1080 1953 μετὰ
1112 1886 1210 1956 τὴν
1245 1887 1523 1952 ἐπάνοδον,
1554 1888 1662 1942 τῶν
1692 1890 1825 1962 πλη-

241 1967 527 2038 σιοχώρων
579 1972 834 2026 ἁπάντων
894 1977 1037 2029 κατὰ
1091 1978 1285 2031 ταυτὸν
1312 1980 1354 2009 ⁶¹
1406 1981 1825 2051 ἀθροισθέντων,

242 2058 585 2127 φθονούντων
623 2064 667 2095 ⁸⁸
699 2066 885 2130 αὐτοῖς
917 2069 1015 2136 τῆς
1062 2069 1337 2139 προτέρας
1365 2071 1689 2144 εὐημερίας,
1734 2074 1830 2128 καὶ

245 2152 434 2219 μέντοι
466 2156 559 2207 καὶ
590 2154 716 2227 ἔθνη
746 2158 910 2229 ἕτερα
946 2161 1042 2214 καὶ
1077 2161 1329 2233 βάρϐαρα
1361 2167 1825 2236 συναγειράντων,

243 2238 363 2296 εἶτα
429 2245 711 2316 θεηλάτοις
777 2250 1167 2307 ἀναλωθέντων
1232 2255 1468 2325 πληγαῖς
1528 2260 1670 2313 κατὰ
1732 2259 1828 2329 τὴν

257 2333 432 2405 Ἰωὴλ,
486 2339 577 2389 καὶ
637 2339 920 2412 Ἰεζεκιὴλ,
969 2343 1063 2395 καὶ¹
1112 2345 1373 2415 Μιχαίου,
1410 2348 1503 2400 καὶ
1556 2349 1827 2419 Ζαχαρίου

246 2428 608 2496 προφητείαν,
640 2430 832 2485 τοῦτον
856 2433 949 2487 τὸν
994 2434 1164 2505 ὕμνον
1198 2440 1555 2511 χαριστήριον
1590 2441 1832 2511 προσφέ-

247 2534 404 2587 ρουσι
439 2520 515 2590 τῷ
544 2522 683 2592 Θεῷ.
731 2525 951 2598 Ἐπειδὴ
998 2528 1056 2580 δὲ
1085 2530 1145 2581 ἐν
1192 2531 1423 2595 ἐκείνοις
1452 2534 1832 2603 προεγράφετο

243 2613 316 2664 τὰ
348 2613 613 2686 ἡμέτερα,
648 2618 848 2687 μᾶλλον
894 2622 1154 2692 ἁρμόττει
1186 2627 1299 2688 τοῖς
1340 2626 1399 2692 ἐξ
1449 2626 1618 2680 ἐθνῶν
1669 2645 1832 2680 πεπι-

250 2707 534 2760 στευκόσιν
566 2710 597 2778 ἡ
630 2711 903 2781 ὑμνῳδίαο
932 2713 979 2766 οἳ
1012 2716 1165 2787 παρὰ
1198 2716 1409 2771 πολλῶν
1438 2720 1529 2772 καὶ
1557 2720 1831 2790 ἀρχόντων

249 2798 345 2849 καὶ
376 2799 719 2870 ἀρχομένων,
750 2803 938 2875 δήμων
985 2806 1081 2860 καὶ
1123 2808 1491 2880 δημαγωγῶν,
1542 2813 1636 2865 καὶ
1684 2812 1832 2883 βασι·

249 2888 387 2943 λέων
436 2892 530 2944 καὶ
590 2896 951 2968 στρατηγῶν,
1011 2898 1363 2971 διωχθέντες,
1421 2904 1513 2957 καὶ
1569 2904 1834 2973 στρεϐλω-

252 2978 460 3046 θέντες,
515 2985 607 3037 καὶ
653 2988 1011 3056 αἰκισθέντες,
1071 2993 1165 3045 καὶ
1220 2994 1391 3064 μυρία
1438 2994 1667 3049 θανάτου
1711 2996 1835 3049 ὐπο-

253 3072 537 3143 μείναντες
583 3078 720 3147 εἴδη,
764 3082 1049 3151 κρείττους
1106 3085 1215 3139 τῶν
1262 3085 1646 3156 πολεμούντων
1705 3088 1835 3140 ἐδεί-

1930 1882 2074 1935 enim
2139 1890 2260 1951 post
2315 1882 2708 1946 reversionem,
2768 1896 2893 1935 cum
2955 1896 3147 1935 omnes
3194 1880 3409 1934 ﬁnitimi
3457 1882 3511 1934 in

1932 1990 2100 2028 unum
2133 1975 2308 2029 coacti
2344 1984 2549 2039 essent,
2604 1975 2895 2044 pristinam
2947 1975 3053 2029 illis
3090 1974 3512 2043 prosperitatcm

1931 2066 2255 2132 invidentes,
2311 2076 2476 2137 atque
2517 2067 2679 2121 etiam
2725 2076 2912 2137 gentes
2956 2067 3091 2121 alias
3155 2074 3209 2121 et
3255 2067 3511 2121 barbaras

1931 2169 2348 2225 convocassent,
2384 2175 2448 2216 ac
2476 2161 2668 2215 deinde
2698 2161 2870 2230 plagis
2911 2177 2940 2215 a
2987 2160 3098 2214 Deo
3130 2160 3291 2215 illatis
3328 2160 3513 2230 proni-

1932 2255 2041 2325 gati
2081 2263 2284 2319 essent,
2318 2253 2621 2309 secundum
2650 2251 2838 2318 Joelis,
2874 2262 2927 2306 et
2967 2251 3288 2317 Ezechielis,
3326 2263 3379 2306 et
3410 2251 3511 2306 Mi-

1932 2348 2115 2409 chaem,
2152 2356 2206 2401 et
2243 2345 2523 2401 Zachariae
2555 2346 3023 2410 vaticinationem,
3067 2345 3213 2400 hunc
3248 2347 3508 2416 hymnum

1930 2442 2233 2511 gratiarum
2268 2443 2283 2461 ⁶
2316 2441 2547 2495 actionis
2579 2438 2689 2493 Deo
2731 2439 2987 2493 olferunt.
3025 2438 3292 2505 Quoniam
3329 2448 3510 2493 autem

1933 2536 1987 2590 in
2040 2535 2149 2589 illis
2190 2534 2370 2605 potius
2423 2548 2511 2588 res
2553 2543 2755 2587 nostrae
2806 2532 3294 2594 adumbrabantur,
3342 2532 3514 2603 magis

1934 2628 2186 2697 congruit
2216 2627 2331 2681 haec
2359 2624 2544 2681 suavis
2567 2624 2889 2695 symphonia
2919 2624 2988 2677 iis
3041 2624 3133 2693 qui
3160 2640 3227 2679 ex
3259 2624 3514 2695 gentibus

1934 2718 2283 2773 crediderunt
2320 2732 2333 2769 :
2365 2716 2473 2785 [qui
2515 2731 2636 2770 eum
2685 2731 2715 2768 a
2756 2715 2943 2770 multis
2980 2722 3034 2769 et
3077 2714 3414 2784 principibus
3462 2724 3518 2769 et

1935 2808 2192 2871 subditis,
2227 2808 2444 2878 populis
2482 2817 2535 2862 et
2566 2807 2749 2877 populi
2789 2806 3045 2871 ducibus,
3087 2815 3143 2860 et
3182 2805 3420 2873 regibus,
3462 2815 3517 2861 et

1933 2899 2206 2971 praefectis
2246 2900 2704 2970 persequentibus
2748 2901 3001 2963 cruciati,
3044 2908 3098 2953 et
3132 2899 3418 2954 tormentis
3454 2914 3519 2954 ac

1935 2993 2218 3063 suppliciis
2252 2993 2456 3058 allecti,
2498 2994 2739 3048 inﬁnitas
2783 2992 2977 3047 mortis
3019 2992 3230 3061 species
3274 2992 3517 3061 perpessi

1939 3096 2143 3149 essent,
2177 3087 2428 3141 hostibus
2458 3087 2775 3156 superiores
2805 3096 3116 3140 evaserunt.
3148 3084 3245 3140 His
3275 3086 3437 3156 igitur
3464 3094 3519 3140 et

252 3164 482 3236 χθησαν.
543 3170 654 3223 Καὶ
695 3172 905 3235 τούτοις
936 3174 1119 3242 μέντοι
1158 3177 1434 3241 κάκείνοις
1468 3180 1500 3248 ή
1541 3177 1635 3231 τοῦ
1676 3178 1831 3231 πνεύ-

1944 3177 2052 3232 illis
2083 3146 2308 3247 spiritus
2340 3179 2511 3247 gratia
2532 3146 2851 3248 .hymnodiae
2876 3177 3181 3231 doctrinam
3209 3146 3515 3247 provposuit.

257 3276 426 3328 ματος
484 3263 645 3333 χάρις
683 3264 782 3337 τὴν
822 3268 922 3336 τῆς
976 3268 1250 3337 ύμνωδίας
1306 3270 1652 3324 διδασκαλίαν
1708 3289 1840 3341 προ.

254 3353 521 3408 τέθεικεν.

325 3454 397 3499 α’.
439 3466 459 3498 ι
508 3447 951 3518 Ἐξομολογεῖσθε
1001 3452 1078 3522 τῷ
1128 3454 1341 3524 Κυρίῳ,
1389 3455 1469 3507 ὃτι
1502 3455 1725 3523 ἀγαθὸς,
1758 3459 1839 3511 ὅτι

258 3541 335 3602 εἰς
365 3541 458 3591 τὸν
490 3540 662 3595 αἰῶνα
690 3542 750 3595 τὸ
771 3544 918 3607 ἔλεος
947 3544 1136 3598 αὐτοῦ.
1180 3564 1198 3595 ι
1242 3546 1553 3616 ’Υμνήσατε
1577 3548 1670 3601 τὸν
1708 3550 1843 3617 ἀγα-

259 3629 370 3693 θὸν,
404 3631 498 3682 καὶ
529 3631 636 3684 τῶν
674 3633 894 3699 ἀγαθῶν
925 3634 1014 3687 τὸν
1047 3636 1300 3704 χορηγόν.
1338 3638 1548 3708 Διαρκῆ
1580 3640 1687 3709 γάρ
1730 3640 1842 3709 ἔχει

257 3719 350 3773 τὸν
374 3720 545 3787 ἔλεον,
579 3723 674 3775 καὶ
705 3725 898 3779 τοῦτον
928 3727 1015 3779 ἀεὶ
1042 3731 1270 3798 χορηγεῖ
1300 3732 1413 3793 τοῖς
1438 3731 1733 3802 δεομένοις.

330 3898 398 3969 β’»,
433 3901 502 3968 γ’.
545 3921 565 3952 ί
601 3904 823 3959 Είπάτω
871 3907 929 3960 δὲ
964 3907 1013 3938 ⁸⁸
1057 3906 1202 3973 οἶκος
1230 3911 1275 3943 ⁸⁵
1312 3912 1545 3984 Ἰσραὴλ,
1578 3916 1658 3968 ὅτι
1703 3918 1842 3986 ἀγα..

261 3991 370 4056 θὸς,
405 3994 487 4046 ὅτι
523 3996 604 4058 εἰς
630 3997 720 4049 τὸν
768 3997 937 4051 αἰῶνα
975 4001 1036 4052 τὸ
1081 4000 1228 4066 ἔλεος
1282 4005 1470 4058 αὐτοῦ.
1524 4008 1745 4061 Εὶπάτω
1797 4010 1841 4041 ⁸⁸

260 4084 315 4136 δὲ
351 4086 396 4116 ⁸⁸
425 4083 575 4151 οἶκος
628 4090 857 4162 Ἀαρὼν,
895 4093 976 4145 ὅτι
999 4094 1204 4163 ἀγαθὸς
1238 4097 1302 4158 ⁸⁷,
1331 4098 1412 4151 ὃτι
1444 4102 1524 4163 εἰς
1553 4100 1643 4154 τὸν
1672 4102 1843 4155 αἰῶνα

260 4177 320 4229 τὸ
354 4178 506 4243 ἕλεος
532 4182 718 4236 αὐτοῦ.
759 4203 776 4235 ι
823 4184 1042 4240 Τούτων
1076 4189 1217 4241 κατὰ
1249 4190 1513 4263 διαίρεσιν
1543 4194 1845 4264 μνημονεύ-

265 4288 384 4337 σας,
419 4273 528 4325 τῶν
570 4274 630 4339 ἐξ
676 4277 847 4330 ἐθνῶν
881 4282 1328 4336 πεπιστευκότων
1379 4285 1563 4354 κοινὴν
1608 4288 1844 4339 ποιεῖται

260 4366 361 4436 τὴν
391 4369 496 4437 μνή
508 4387 633 4437 μην.

2013 3442 2179 3498 Vens.
2218 3446 2269 3499 1.
2312 3462 2330 3495 ι
2364 3442 2714 3499 Conﬁtemini
2742 3444 2993 3511 Domino,
3026 3447 3286 3517 quoniam
3321 3446 3518 3514 bonus,

1943 3536 2199 3606 quoniam
2234 3536 2289 3590 in
2319 3537 2577 3591 saeculum
2606 3537 2983 3591 misericordia
3012 3538 3150 3607 ejus.
3198 3557 3216 3589 ι
3250 3537 3522 3596 Laudibus

1946 3626 2351 3696 prosequamini
2412 3643 2535 3682 eum
2599 3629 2693 3698 qui
2746 3629 2926 3684 bonus
2979 3641 3062 3683 est
3134 3638 3187 3684 et
3250 3630 3521 3684 bonorum

1946 3717 2170 3789 largitor
2215 3738 2228 3773 :
2281 3734 2573 3789 perennem
2629 3720 2773 3774 enim
2830 3720 2993 3774 habet
3050 3721 3520 3785 misericordiam,

1944 3820 1997 3865 et
2048 3812 2189 3865 hanc
2232 3827 2445 3882 semper
2490 3811 2838 3881 precantibus
2874 3813 3137 3882 suggerit.

2015 3904 2181 3959 Vens.
2222 3905 2277 3969 2,
2319 3905 2371 3959 5.
2437 3924 2454 3956 ι
2490 3903 2643 3957 Dicat
2700 3919 2846 3957 nunc
2896 3905 3092 3958 domus
3152 3903 3315 3958 Israel
3375 3904 3524 3974 quod

1944 4000 2123 4054 bonus
2150 3999 2238 4065 sit,
2276 3999 2534 4070 quoniam
2577 3999 2632 4053 in
2668 3998 2927 4053 smeulum
2967 3998 3344 4053 misericordia
3381 3998 3519 4067 ejus.

1944 4092 2097 4146 Dicat
2138 4106 2283 4145 nunc
2311 4090 2509 4145 domus
2556 4090 2792 4146 Aaronis
2850 4091 2995 4161 quod
3037 4090 3216 4145 bonus
3247 4092 3340 4155 sit,
3386 4106 3527 4160 quo-

1945 4185 2093 4238 niam
2130 4183 2183 4237 iu
2223 4184 2484 4238 saeculum
2514 4181 2891 4239 misericordia
2915 4183 3055 4253 ejus.
3096 4203 3115 4235 ι
3149 4181 3284 4237 Cum
3329 4184 3524 4239 horum

1944 4293 2041 4348 per
2067 4276 2393 4331 divisionem
2435 4275 2799 4338 meminisset,
2828 4290 3023 4331 eorum
3053 4277 3145 4346 qui
3178 4291 3244 4330 ex
3269 4276 3523 4347 gentibus

1946 4368 2293 4424 crediderunt
2320 4383 2669 4422 communem
2698 4368 3030 4423 mentionem
3065 4366 3217 4422 facit.

331 4458 395 4511 δ’.
433 4478 451 4510 ι
491 4460 815 4514 Είπάτωσαν
862 4462 926 4533 δὴ
973 4464 1173 4528 πάντες
1218 4467 1261 4497 ⁸⁸
1308 4469 1356 4520 oi
1399 4468 1723 4539 φοϐούμενοι
1756 4474 1831 4525 tbi

2024 4462 2185 4517 Vens.
2218 4462 2271 4517 4.
2311 4481 2329 4513 ι
2370 4460 2563 4517 Dieant
2596 4477 2743 4517 nunc
2772 4476 2963 4516 omnes
2992 4463 3083 4530 qui
3121 4462 3313 4516 timent
3350 4460 3525 4514 Domi-

265 4547 492 4618 Κύριον,
522 4551 603 4604 ὅτι
638 4552 842 4619 ἀγαθὸς
873 4554 937 4616 ⁸³,
969 4554 1050 4607 ὅτι
1081 4556 1127 4587 ⁷⁸
1163 4557 1243 4619 είς
1273 4558 1364 4610 τὸν
1396 4559 1569 4611 αἰῶνα
1608 4561 1669 4613 τὸ
1698 4561 1845 4626 ἔλεος

266 4642 455 4697 αὐτοῦ.
512 4662 530 4695 ι
578 4645 873 4709 Ἅπαντες.
926 4650 1078 4716 φησὶ,
1120 4648 1213 4701 τοῦ
1261 4649 1394 4702 Θεοῦ
1431 4650 1845 4722 φιλανθρωπίαν

267 4736 572 4805 ύμνήσατε,
609 4738 701 4790 καὶ
733 4739 782 4791 οἰ
817 4739 873 4804 ἐξ
931 4740 1145 4809 Ἰσραὴλ
1190 4740 1250 4793 τὸ
1292 4741 1460 4808 γένος’
1493 4744 1843 4813 κατάγοντες,

267 4826 362 4878 καὶ
390 4826 489 4896 τὴν
523 4829 853 4899 προγονικὴν
887 4830 1181 4900 αὐχοῦντες
1214 4832 1516 4897 εὐσέϐειαν,
1571 4837 1665 4888 καὶ
1713 4839 1759 4889 οί
1790 4839 1847 4891 ἐν

269 4918 458 4978 αὐτοῖς
487 4921 584 4989 τῆς
634 4920 933 4991 ἱερωσύνης
974 4919 1289 4990 ἠξιωμένοι,
1324 4925 1418 4977 καὶ
1463 4925 1511 4978 οἰ
1563 4926 1628 4979 ἐκ
1660 4926 1848 4994 διαφό-

272 5025 384 5078 ρων
420 5009 521 5079 μὲν
544 5010 695 5075 ὄντες
717 5012 907 5078 ἐθνῶν,
934 5012 1034 5082 τῆς
1068 5012 1125 5065 δέ
1155 5013 1262 5067 τῶν
1286 5017 1563 5085 προγόνων
1594 5017 1849 5080 ἀσεϐείας

325 5190 345 5231 i.
390 5188 547 5245 Rom,
589 5208 629 5255 ι,
668 5192 718 5259 1,
760 5193 814 5247 2,
926 5191 939 5242 i
988 5195 1149 5250 Rom.
1187 5211 1276 5261 xv,
1313 5194 1367 5260 8,
1411 5195 1463 5251 9.

1953 4568 2103 4617 num,
2139 4552 2283 4621 quod
2318 4552 2491 4606 bonus
2527 4551 2618 4617 sit,
2642 4551 2900 4622 quoniam
2930 4550 2983 4603 in
3010 4550 3268 4604 szeculum
3310 4550 3526 4605 miseri-

1953 4645 2141 4700 cordia
2164 4644 2301 4713 ejus.
2340 4663 2359 4694 ι
2387 4643 2609 4707 Omnes,
2638 4644 2833 4711 inquit,
2868 4642 2963 4697 Dei
2990 4641 3377 4712 benignitatem
3410 4642 3526 4697 lau-

1953 4737 2097 4802 date,
2126 4746 2180 4791 et
2202 4752 2316 4800 vos,
2342 4736 2435 4804 qui
2461 4750 2525 4789 ex
2552 4734 2771 4789 lsraelis
2797 4732 3011 4804 1429
3034 4747 3231 4802 genere
3259 4732 3523 4802 originem

1954 4829 2177 4895 ducitis,
2220 4828 2604 4897 tnajorumque
2638 4825 2842 4895 pietate
2873 4824 3199 4894 gloriamini,
3237 4833 3289 4877 et
3322 4825 3413 4892 qui
3451 4823 3528 4878 in-

1960 4931 2037 4976 ter
2070 4922 2217 4992 ipsos
2249 4919 2553 4977 sacerdotio
2576 4917 2784 4988 praediti
2814 4918 2968 4982 estis,
2996 4926 3049 4971 et
3078 4918 3172 4987 qui
3198 4931 3264 4970 ex
3294 4915 3527 4971 diversis

1957 5014 2210 5086 gentibus
2253 5012 2360 5069 orti
2404 5011 2536 5067 estis
2584 5026 2615 5065 a
2655 5009 2924 5080 majorum
2963 5009 3242 5081 impietate
3287 5006 3553 5069 liberati-

1339 5370 1572 5424 VAllliE
1605 5366 1989 5425 LECTIONES
2038 5364 2125 5417 ΕΤ
2182 5362 2415 5423 NOTAE.

352 5486 397 5516 ⁸9
429 5486 553 5539 cod.
584 5486 607 5537 1
645 5486 1129 5556 προσεληλυθότες.

280 5626 325 5657 ’⁸
347 5622 544 5691 Οἶκος,
579 5635 632 5678 et
661 5628 855 5681 deinde
882 5626 969 5680 ὅτι
998 5628 1238 5696 ἀγαθὸς,
1273 5628 1388 5682 des.
1421 5627 1473 5680 in
1505 5622 1848 5684 textuwllébr.

278 5704 362 5777 est
542 5768 553 5777 _
591 5696 633 5727 ⁸⁷
658 5697 804 5777 -Ῐοςι
827 5698 1069 5777 ἀγαθός.
1118 5699 1282 5777 A_be§t
1311 5714 1339 5752 a
1364 5707 1508 5777 textu
1543 5698 1701 5777 Ijebr.

283 5766 404 5822 Des.
444 5766 576 5823 ibid.
658 5768 700 5799 ⁷ο
738 5766 959 5822 Ὅτι-
982 5770 1191 5825 αὑτοῦ.
1233 5768 1354 5825 Des.
1392 5771 1444 5823 in
1474 5768 1593 5824 cod.
1629 5769 1675 5822 1.

1209 5488 1254 5519 ⁶⁰
1277 5488 1298 5506 ”
1316 5487 1831 5554 Υιινος-προτέθει

1942 5504 1977 5539 ν.
2007 5486 2133 5539 Ha3c
2164 5483 2382 5552 Origeni
2415 5478 2933 5554 tribuunturapud.
2962 5476 3126 5532 Cord.
3162 5476 3198 5529 l.
3223 5491 3285 5554 _c.
3320 5490 3373 5554 p.

281 5555 323 5586 “
358 5557 479 5626 cod.
520 5558 539 5609 ι
577 5554 698 5607 κατἱ
722 5554 921 5611 αὐτῶν.
999 5558 1043 5587 θ’
1075 5559 1537 5612 Φθονούντων-
1563 5559 1831 5626 εὑημερίσ

1942 5557 2051 5609 Des.
2082 5554 2285 5626 in_cod.
2316 5555 2363 5605 i‘.

2442 5553 2487 5582 ”
2518 5550 2638 5605 cod.
2670 5546 2956 5618 1δὴ,(ιυτε
2978 5556 3060 5601 est
3084 5562 3193 5618 ree.
3212 5546 3384 5618 lectio
3410 5547 3462 5598 h.
3482 5546 3529 5618 Δ1.

1940 5628 1982 5658 εδ
2007 5619 2547 5677 Elatiae—amor}.
2587 5620 2706 5675 Des.
2745 5614 2798 5673 in
2840 5614 2961 5674 eod.
3004 5618 3055 5672 1.
3133 5617 3177 5647 ⁸⁸
3208 5615 3339 5671 Rec.
3373 5614 3532 5668 lectio

1808 5697 2123 5762 “Udrteq.
2152 5693 2318 5750 Abest
2347 5694 2505 5747 ctiam
2544 5706 2573 5745 a
2602 5699 2752 5747 textu
2793 5688 2954 5745 Hebr.
3034 5689 3078 5721 ⁸⁸
3126 5687 3254 5740 "0n
3291 5685 3531 5755 dratlr’c~
