3996 6498
470 300 603 365 1811

1461 316 1955 378 THEODORETI
1994 319 2339 381 EPISCOPI
2371 321 2742 384 CYRENSIS

3601 323 3754 389 18l2

464 416 618 473 Unus
653 419 799 475 enim
841 430 922 476 est
968 423 1220 480 omnium
1271 425 1434 492 Deus,
1479 430 1740 501 variaque
1785 431 2046 488 beneﬁcia

2159 433 2584 504 ἀπαλλαγέντες.
2640 431 2734 501 Εἷς
2777 435 2886 508 γάρ
2920 437 2946 490 ὁ
2979 435 3198 489 πάντων
3239 435 3396 496 Θεὸς.
3429 436 3523 488 καὶ
3552 436 3597 467 ’⁸
3629 437 3757 491 oms

461 513 718 568 omnibus
743 512 922 580 affert,
955 525 1010 570 et
1043 520 1354 588 petentibus
1389 520 1824 578 misericordiam
1869 526 2049 594 porri-

460 604 557 672 git.
585 603 793 675 Deinde
823 607 1168 666 manifestius
1203 611 1298 668 Dei
1329 616 1724 683 providentiam
1754 618 1934 672 docet.

532 783 698 842 Vens.
731 787 782 844 5.
834 807 852 840 ι
899 790 936 844 Ε
967 791 1321 850 tribulatione
1353 796 1600 852 invocavi
1644 797 1960 865 Dominum,
1993 805 2050 853 et

460 880 738 934 exaudivit
762 882 848 952 (ae
871 883 1078 955 eduxiq‘
1109 901 1193 940 me
1219 887 1273 941 in
1301 888 1666 945 latitudinem.
1699 910 1719 944 ι
1747 889 1867 946 Νοιι
1897 889 2045 946 enim

460 971 727 1026 malorum
762 974 1024 1044 impetum
1058 977 1360 1048 impedivit,
1400 981 1493 1036 sed
1521 982 1758 1036 ostendit
1779 982 2043 1052 pericula,

459 1072 514 1116 et
543 1063 691 1120 illico
727 1067 840 1122 haec
886 1068 1199 1140 dissipavit.
1231 1071 1347 1127 l-loc
1389 1073 1549 1128 etiam
1585 1075 1638 1128 in
1669 1083 1870 1145 quarto
1910 1075 2048 1129 dixit

461 1156 676 1224 psalmo
704 1177 717 1213 ι
742 1158 807 1213 In
841 1161 1182 1217 tribulatione
1213 1164 1459 1219 dilatasti
1490 1167 1637 1232 mihi,
1672 1167 1775 1222 hoc
1798 1178 1902 1233 est,
1938 1181 2045 1220 ma-

378 1260 386 1270 '
454 1247 632 1316 jorem
669 1249 858 1307 dolore
887 1254 1319 1310 consolationem
1350 1257 1482 1312 mihi
1508 1259 1759 1314 attulisti.

531 1339 698 1396 Vens.
733 1342 788 1408 6,
823 1344 873 1399 7.
925 1363 943 1396 ι
985 1346 1251 1403 Dominus
1299 1349 1429 1404 mihi
1473 1351 1710 1421 adjutor,
1741 1362 1795 1407 et
1837 1367 1945 1407 non
1980 1353 2044 1407 ti-

459 1433 620 1489 mebo
650 1437 780 1506 quid
819 1436 981 1493 faciet
1014 1441 1146 1494 mihi
1175 1442 1382 1496 homo?
1416 1442 1679 1500 Dominus
1725 1445 1857 1499 mihi
1885 1445 2044 1516 adju~

460 1533 546 1579 tor
566 1536 671 1590 est,
700 1537 755 1582 et
786 1544 884 1601 ego
930 1531 1227 1601 despiciam
1257 1535 1516 1590 inimicos
1555 1550 1727 1590 meos.
1761 1554 1779 1586 ι
1821 1536 2047 1593 Univer-

459 1609 648 1671 soruni
678 1618 828 1673 enim
860 1619 1150 1676 Dominum
1184 1623 1488 1692 adjutorem
1533 1624 1760 1691 habens,
1801 1624 2042 1680 hostium

458 1707 701 1777 impetus
733 1712 960 1767 minime
993 1715 1373 1784 perhorresco.
1409 1714 1580 1786 Spero
1605 1717 1776 1781 enim,
1824 1716 1894 1772 ab
1924 1717 2042 1792 ipso

460 1799 479 1819 ⁶
507 1815 670 1870 opem
710 1817 927 1872 nactus,
961 1816 1198 1879 stragem
1245 1809 1461 1863 illorum
1509 1809 1916 1878 quamprimum
1957 1823 2045 1864 me

457 1890 728 1947 visurum.
753 1893 958 1950 Deinde
984 1896 1143 1952 bonis
1177 1896 1689 1954 ratiocinationibus
1712 1898 1856 1968 piam
1892 1913 2046 1954 meu-

458 1991 565 2038 tem
601 1986 914 2042 conﬁrmat.

533 2082 696 2138 Vens.
731 2082 785 2148 8,
820 2085 872 2140 9.
933 2105 950 2135 ι
984 2083 1173 2141 Melius
1221 2094 1304 2140 est
1349 2084 1626 2140 conlidere
1675 2085 1731 2139 in
1786 2083 2042 2151 Domino,

457 2191 623 2246 quam
657 2177 934 2233 conﬁdere
973 2179 1024 2232 iu
1070 2179 1311 2234 Immine.
1355 2177 1546 2234 Melius
1603 2187 1687 2233 est
1722 2192 1948 2247 sperare
1989 2179 2044 2232 in

456 2269 711 2337 Domino,
745 2286 910 2341 quam
931 2287 1155 2344 sperare
1177 2272 1229 2326 in
1260 2272 1623 2343 principibus.
1659 2291 1677 2322 ι
1702 2270 1839 2327 Nam
1866 2273 2045 2326 bonus

457 2373 511 2417 et
555 2363 825 2436 benignus
859 2375 964 2429 est,
1000 2373 1055 2419 et
1092 2365 1234 2420 bona
1269 2365 1404 2427 vult,
1448 2373 1503 2418 et
1541 2380 1887 2434 qumounquc
1934 2366 2046 2418 vult

457 2457 638 2512 facere
694 2465 896 2527 potest,
947 2459 1425 2528 inmortalemque
1481 2466 1804 2527 potestatem
1862 2457 2041 2511 habet.

458 2549 720 2605 Homines
765 2565 912 2614 vero,
943 2563 998 2604 et
1033 2560 1228 2608 natura
1273 2552 1518 2606 interitui
1551 2551 1776 2606 obnoxii
1814 2559 1965 2615 sunt,
1991 2559 2045 2604 et

459 2648 642 2694 mente
671 2639 961 2706 volubiles,
993 2649 1048 2694 et
1077 2641 1280 2712 saepius
1319 2641 1464 2696 bona
1506 2640 1716 2705 uolunt,
1749 2638 2045 2708 aliquando

457 2747 589 2787 vero
640 2733 884 2789 volentes
937 2734 1140 2804 injuria
1195 2733 1408 2788 affectis
1458 2749 1618 2804 opem
1670 2731 1885 2796 afferre,
1931 2746 2041 2785 non

459 2833 692 2896 possunt
727 2843 749 2880 ιι
787 2835 842 2883 et
877 2827 1098 2896 quando
1143 2825 1358 2897 1430
1398 2825 1690 2895 imperant,
1723 2825 1789 2880 ad
1832 2834 2044 2895 tempus

459 2919 664 2974 habent
695 2918 1010 2988 imperium,
1039 2927 1092 2974 et
1123 2934 1350 2990 regnum
1374 2919 1517 2988 apud
1555 2919 1806 2974 homines
1835 2918 2040 2973 ﬁuxum

460 3018 564 3072 est,
606 3024 913 3080 parumque
959 3011 1224 3081 temporis
1273 3011 1457 3064 durat.
1505 3009 1699 3064 Melius
1743 3020 1828 3064 est
1876 3009 2044 3078 igitur

2151 525 2353 597 φόρους
2396 527 2568 582 πᾶσιν
2614 528 2938 598 εὐεργεσίας
2991 527 3294 600 προσφέρει
3346 529 3430 592 τ’,
3481 528 3578 584 καὶ
3627 532 3750 592 τοῖς

2150 617 2398 673 αἰτοῦσιν
2444 619 2632 690 ὀρέγει
2671 620 2718 652 ⁷³
2756 621 2848 674 τὸν
2887 621 3060 675 ἔλεον.
3105 614 3241 676 Εῐτα
3279 620 3618 692 σαφέστερον
3645 618 3746 672 τοῦ

2149 711 2286 766 Θεοῦ
2314 713 2562 768 διδάσκει
2586 716 2687 786 τὴν
2713 717 2992 788 πρόνοιαν.

2220 803 2282 858 ε’.
2329 823 2348 857 ι
2405 805 2501 859 Ἐκ
2542 805 2777 877 θλίψεως
2806 806 3232 877 ἐπεκαλεσάμην
3255 803 3350 857 τὸν
3380 802 3610 875 Κύριον,
3646 802 3748 856 καὶ

2149 896 2428 968 ἐπήκουσέ
2461 915 2565 968 μου
2582 901 2665 961 εἰς
2686 899 3026 969 πλατυσμόν.
3068 917 3088 950 ι
3118 898 3193 951 Οὐ
3227 897 3338 967 γὰρ
3379 895 3623 949 ἐκώλυσε
3641 895 3746 964 τὴν

2147 987 2257 1040 τῶν
2288 987 2471 1042 κακῶν
2521 988 2851 1061 προσϐολὴν,
2883 990 2999 1043 ἀλλ’
3050 988 3218 1054 ἔδειξε
3259 990 3389 1054 τοὺς
3430 987 3742 1052 κινδύνους,

2147 1077 2245 1131 καὶ
2263 1078 2582 1149 παραυτίκα
2605 1079 2829 1144 τούτους
2859 1079 3146 1133 ἐσκέδασε.
3165 1078 3338 1133 Τοῦτο
3360 1078 3457 1132 καὶ
3476 1080 3535 1131 ὲν
3553 1077 3634 1148 τῷ
3651 1094 3744 1131 τε·

2145 1169 2330 1240 τάρτῳ
2362 1169 2468 1240 ἔφη
2500 1169 2722 1242 ψαλμῷ,
2746 1171 2844 1224 Ἐν
2863 1173 3064 1240 θλίψει
3091 1170 3439 1236 ἑπλάτυνάς
3467 1188 3590 1240 μοι,
3621 1169 3746 1222 ἀντὶ

2146 1257 2263 1324 τοῦ,
2277 1257 2518 1324 Μείζονά
2537 1277 2627 1330 μοι
2643 1261 2740 1331 τῆς
2757 1260 2949 1333 ὀδύνης
2965 1260 3299 1332 παραψυχὴν
3313 1261 3742 1332 προσενήνοχας.

2219 1352 2294 1418 ς’,
2327 1352 2393 1418 ζ’.
2442 1371 2462 1405 ι
2501 1353 2707 1424 Κύριος
2753 1353 2878 1424 ἐμοὶ
2909 1353 3106 1425 βοηθὸς
3137 1355 3206 1418 ⁷⁸,
3251 1355 3346 1407 καὶ
3385 1354 3447 1406 οὔ
3494 1352 3746 1424 φοϐηθήο

2148 1461 2314 1515 σομαι
2342 1445 2395 1497 τί
2428 1446 2647 1517 ποιήσει
2676 1463 2766 1516 μοι
2793 1445 3101 1515 ἄνθρωπος.
3132 1445 3335 1518 Κύριος
3365 1447 3490 1516 ἐμοὶ
3521 1445 3741 1516 βοηθὸς,

2146 1535 2304 1605 κάγὼ
2347 1537 2622 1608 ἐπόψομαι
2673 1541 2800 1601 τοὺς
2835 1537 3064 1609 ἐχθρούς
3114 1556 3238 1608 μου.
3279 1558 3297 1590 ›
3345 1539 3450 1590 Τὸν
3483 1538 3593 1608 γὰρ
3631 1536 3744 1589 τῶν

2147 1628 2283 1682 ὅλων
2313 1629 2594 1701 Δεσπότην
2628 1630 2927 1702 ἐπίκουρον
2958 1629 3118 1701 ἔχων,
3161 1632 3219 1683 οὐ
3250 1631 3399 1683 δέδια
3432 1629 3542 1681 τῶν
3580 1627 3746 1681 πολεο

2153 1720 2291 1790 μίων
2328 1721 2425 1783 τὰς
2471 1722 2798 1793 προσόολάς.
2839 1723 3078 1788 Ἐλπίζω
3105 1723 3235 1794 γὰρ,
3267 1722 3369 1791 τῆς
3405 1721 3540 1792 παρ’
3570 1720 3746 1775 αὑτοῦ

2150 1813 2325 1883 ῥοπῆς
2375 1814 2690 1879 ἀπολαύων,
2744 1814 2837 1868 τὸν
2872 1815 3098 1888 ὄλεθρον
3146 1815 3351 1869 τούτων
3399 1815 3528 1868 ἰδεῖν
3573 1815 3662 1866 ὅτι
3693 1810 3745 1842 ⁷⁸

2145 1903 2399 1974 τάχιστα.
2447 1902 2580 1958 Εἶτα
2614 1908 2726 1969 τοῖς
2776 1906 3004 1976 ἀγαθοῖς
3045 1907 3329 1978 λογισμοῖς
3375 1905 3591 1977 βεϐαιοῖ
3639 1903 3744 1974 τὴν

2146 1996 2374 2067 γνώμην
2403 1997 2504 2068 τὴν
2529 1998 2754 2069 εύσεΰῆ.

2215 2090 2290 2162 η’,
2322 2088 2388 2144 θ’.
2431 2109 2449 2141 ι
2500 2090 2726 2160 Ἀγαθὸν
2760 2089 3087 2144 πεποιθέναι
3136 2091 3228 2142 ἐπὶ
3270 2088 3497 2160 Κύριον,
3548 2087 3583 2159 ἦ
3638 2104 3742 2139 πε-

2145 2182 2392 2237 ποιθέναι
2425 2184 2510 2238 ἐπ’
2543 2183 2852 2255 ἄνθρωπον.
2909 2182 3140 2251 Ἀγαθὸν
3184 2181 3426 2245 ἐλπίζειν
3471 2181 3568 2233 ἐπὶ
3619 2180 3739 2233 Κύ-

2147 2290 2281 2346 ριον,
2313 2273 2345 2344 ἤ
2375 2273 2614 2338 ἐλπίζειν
2645 2271 2732 2325 ἐπ’
2762 2272 3012 2343 ἄρχουσι.
3047 2292 3064 2323 ι
3099 2273 3158 2324 '0
3189 2272 3288 2341 μὲν
3311 2270 3422 2341 γὰρ
3450 2269 3652 2338 ἀγαθὸς
3667 2271 3736 2331 ⁷⁸,

2145 2365 2242 2418 καὶ
2271 2363 2675 2435 φιλάνθρωπος,
2723 2363 2816 2416 καὶ
2868 2361 3196 2432 βουλόμενος
3230 2359 3430 2430 ἀγαθὰ,
3464 2359 3561 2412 καὶ
3601 2358 3740 2429 δρᾷν

2144 2457 2441 2526 δυνάμενος
2492 2457 2629 2526 ὅπερ
2687 2455 2970 2526 βούλεται,
3018 2455 3114 2508 καὶ
3160 2455 3261 2522 τὴν
3306 2452 3553 2517 ἐξουσίαν
3595 2451 3741 2521 ἔχων

2145 2549 2476 2621 ἀνώλεθρον.
2509 2550 2573 2602 Οἱ
2600 2549 2657 2601 δὲ
2684 2547 2985 2619 ἄνθρωποι,
3021 2546 3118 2612 καὶ
3157 2545 3316 2616 φύσει
3358 2544 3610 2615 φθαρτοὶ,
3643 2545 3741 2596 καὶ

2145 2640 2339 2713 γνώμῃ
2373 2641 2621 2711 τρεπτοὶ,
2672 2641 2769 2693 καὶ
2806 2639 3072 2701 πολλάκις
3107 2637 3207 2707 μὲν
3250 2637 3310 2688 ού
3354 2633 3639 2705 βούλονται
3668 2633 3740 2686 τὰ

2148 2733 2330 2802 ἀγαθά
2352 2748 2366 2763 ⁶
2398 2732 2516 2786 ἐστι
2539 2731 2596 2784 δὲ
2622 2730 2712 2784 ὅτε
2736 2731 2832 2784 καὶ
2867 2729 3186 2800 βουλόμενοι
3214 2730 3327 2788 τοῖς
3353 2724 3740 2796 ἀδικουμένοις

2147 2825 2450 2896 ἐπαμύνειν
2475 2825 2537 2878 ού
2563 2823 2821 2878 δύνανται
2841 2840 2853 2854 ο
2888 2822 2989 2876 κᾶν
3019 2825 3246 2893 ἄρχουσι
3265 2819 3312 2851 ⁷⁷
3339 2819 3416 2884 δὲ,
3443 2818 3581 2890 πρὸς
3612 2833 3744 2870 και-

2147 2920 2240 2992 ρὸν
2273 2920 2456 2989 έχουσι
2483 2917 2580 2988 τὴν
2622 2918 2827 2989 ἀρχὴν·
2863 2915 2960 2969 καὶ
3007 2904 3065 2984 η’
3091 2912 3341 2984 βασιλεία
3371 2911 3428 2964 δέ
3470 2911 3602 2979 παρ’
3636 2910 3740 2963 ἀν-

2146 3011 2387 3084 θρώποις
2434 3010 2726 3080 ἐπίκηρος,
2778 3008 2872 3068 καὶ
2906 3008 2951 3038 ⁷⁸
3001 3005 3140 3077 πρὸς
3173 3005 3354 3073 ὀλίγον
3403 3003 3595 3074 χρόνον
3629 3001 3739 3070 ἄρα

461 3101 744 3158 hominum
773 3119 934 3175 opem
967 3104 1368 3174 derelinquere,
1398 3112 1454 3160 et.
1481 3103 1729 3159 divinum
1774 3103 2040 3157 auxilium

2159 3121 2321 3176 χουσα
2345 3104 2411 3156 ⁷⁸.
2446 3104 2701 3172 Ἄμεινον
2731 3101 2777 3132 ⁸ο
2809 3101 2988 3153 τοίνυν
3022 3097 3344 3152 καταλιπεῖν
3369 3096 3469 3166 μὲν
3494 3095 3595 3164 τὴν
3624 3091 3741 3144 τῶν

462 3193 779 3263 implorare.

537 3399 702 3453 Vens.
741 3400 828 3454 10.
886 3420 903 3449 ι
949 3398 1152 3454 Omnes
1191 3411 1380 3469 gentes
1414 3401 1902 3456 circumdederunt
1941 3416 2046 3468 me,

463 3501 518 3546 et
548 3493 601 3545 in
659 3491 884 3546 nomine
931 3491 1148 3546 Domini
1205 3493 1353 3548 ultus
1395 3509 1518 3549 sum
1564 3510 1680 3550 eos.
1736 3514 1754 3547 ι
1803 3494 2047 3551 Ecclesia

461 3584 683 3650 quidem
735 3583 982 3644 omnium
1031 3585 1274 3653 gentium
1324 3601 1584 3656 perpessa
1637 3594 1724 3641 est
1771 3587 2046 3657 impetus,

462 3677 838 3748 Hierosolyma
870 3691 1003 3732 vero
1027 3693 1133 3732 non
1167 3679 1438 3745 omnium,
1465 3678 1563 3735 sed
1601 3679 1935 3750 aliquarum.
1975 3679 2050 3734 De

462 3770 570 3827 i!lis
603 3770 768 3840 igitur
793 3769 1142 3842 hyperbolice
1171 3771 1286 3826 haec
1314 3772 1496 3826 oratio
1525 3770 1825 3841 profertur,
1852 3771 1948 3828 sed
1980 3772 2049 3829 ab

464 3862 704 3918 Ecclesia
737 3875 885 3917 vere.
907 3859 1011 3926 Qui
1047 3861 1190 3916 enim
1225 3877 1322 3932 per
1356 3862 1604 3932 singulas
1638 3872 1829 3935 gentes
1866 3864 2047 3919 credi-

461 3958 680 4020 derunt,
725 3956 794 4008 ab
834 3953 1147 4009 inﬁdelibus
1183 3953 1453 4010 tumultus
1508 3965 1562 4008 et
1607 3956 1848 4025 pericula
1903 3957 2050 4025 passi

463 4058 593 4103 sunt
626 4065 640 4102 :
673 4056 1052 4102 verumtamen
1081 4057 1134 4102 et
1172 4047 1222 4101 hi
1260 4056 1315 4102 et
1357 4047 1430 4100 illi
1468 4048 1575 4102 Deo
1602 4049 1749 4117 freti,
1786 4049 2050 4108 adversa-

464 4141 580 4195 rios
608 4149 1014 4210 expugnarunt.

537 4340 703 4399 Vens.
735 4343 820 4396 11.
854 4362 873 4395 ι
901 4343 1319 4400 Circumdantes
1345 4345 1831 4401 circumdederunt
1855 4361 1963 4413 me,
1995 4354 2051 4402 et

2149 3196 2455 3270 ἀνθρώπων
2504 3193 2850 3264 ἐπικουρίαν,
2878 3194 2978 3262 τὴν
3027 3191 3084 3244 δὲ
3134 3189 3285 3243 Θείαν
3329 3187 3552 3258 αἰτῆσαι
3601 3183 3741 3254 βοή-

2151 3290 2326 3344 θειαν.

2223 3403 2279 3459 ι’.
2324 3421 2342 3455 ι
2387 3404 2573 3457 Πάντα
2605 3400 2673 3455 τά
2715 3399 2845 3468 ἔθνη
2879 3395 3199 3451 ἐκύκλωσαν
3239 3413 3327 3465 με,
3374 3395 3468 3447 καὶ
3500 3391 3580 3462 τῷ
3611 3392 3739 3446 ὀνό⁹

2153 3513 2285 3568 ματι
2316 3495 2522 3567 Κυρίου
2549 3493 2846 3565 ἠμυνάμην
2875 3489 3095 3551 αὐτούς.
3133 3508 3151 3538 ι
3197 3487 3262 3540 Ἢ
3302 3487 3400 3557 μὲν
3435 3483 3740 3554 Ἐκκλησία

2149 3591 2250 3653 τὰς
2295 3589 2553 3646 ἁπάντων
2589 3585 2699 3639 τῶν
2745 3583 2915 3638 ἐθνῶν
2957 3582 3176 3647 ἐδέξατο
3209 3577 3541 3648 προσϐολὰς,
3594 3578 3628 3648 ἡ
3681 3576 3741 3628 δὲ

2161 3679 2543 3752 Ἰερουσαλὴμ,
2571 3676 2632 3730 ού
2683 3675 2922 3732 πάντων,
2976 3673 3091 3727 ἀλλ’
3122 3671 3312 3724 ,ἐνίων⁸
3379 3668 3467 3722 ἐπ’
3509 3668 3741 3720 ἐκείνων

2148 3772 2326 3826 τοίνυν
2361 3768 2736 3840 ὑπερϐολικῶς
2782 3770 2809 3819 ὁ
2842 3765 2998 3834 λόγος
3031 3763 3428 3836 προσφέρεται,
3472 3761 3566 3812 ἐπὶ
3604 3759 3648 3790 ⁸³
3683 3757 3743 3809 δὲ

2149 3865 2250 3935 τῆς
2304 3861 2633 3935 Ἐκκλησίας
2678 3859 2914 3930 ἀληθῶς.
2962 3861 3023 3912 Oi
3059 3859 3166 3928 γὰρ
3219 3859 3276 3910 ἐν
3328 3853 3548 3922 ἐκάστῳ
3592 3851 3746 3903 ἐθνει

2153 3953 2582 4018 πεπιστευκότες
2614 3953 2740 4016 τοὺς
2771 3951 2923 4022 παρὰ
2968 3949 3076 4004 τῶν
3108 3949 3354 4002 ἀπίστων
3385 3946 3430 3976 ⁸³
3472 3943 3746 4015 θορύϐους

2150 4047 2248 4101 καὶ
2285 4044 2561 4109 κινδύνους
2589 4044 2861 4114 ὑπέμενον
2884 4058 2898 4071 ·
2949 4041 3064 4094 ἀλλ’
3092 4043 3261 4111 ὅμως,
3296 4038 3390 4091 καὶ
3427 4038 3603 4099 αὐτοὶ,
3635 4038 3747 4087 καφ

2150 4141 2341 4204 κεῖνοι,
2375 4137 2453 4210 τῷ
2494 4137 2612 4208 Θεῷ
2659 4135 3064 4208 τεθαρρηκότες
3092 4135 3218 4196 τοὺς
3255 4129 3586 4190 ἀντιπάλους
3632 4129 3748 4180 ἐνί-

2151 4248 2348 4302 κησαν.

2225 4342 2314 4398 ια’.
2355 4362 2373 4395 ι
2409 4341 2808 4402 Κυκλώσαντες
2851 4336 3172 4392 ἐκύκλωσαν
3210 4354 3298 4407 με,
3355 4337 3450 4389 καὶ
3492 4334 3572 4405 τῷ
3617 4334 3737 4385 ὀνό-

464 4435 521 4497 in
574 4436 795 4490 nomine
849 4435 1063 4491 Domini
1108 4437 1251 4491 ultus
1287 4453 1406 4492 sum
1442 4452 1558 4492 eos.
1612 4457 1630 4489 ι
1686 4437 2046 4509 Symmachus

2159 4453 2286 4507 ματι
2329 4435 2531 4504 Κυρίου
2563 4434 2864 4503 ἠμυνάμην
2900 4429 3120 4490 αύτούς.
3177 4449 3195 4480 ι
3242 4429 3310 4482 Ὀ
3335 4427 3393 4480 δέ
3436 4428 3746 4496 Σύμμαχος

465 4535 648 4588 autem
690 4528 776 4583 sic
816 4547 828 4582 :
865 4528 1336 4584 Circumdederunt
1378 4545 1478 4594 me,
1521 4539 1570 4585 et
1607 4545 1789 4583 rursus
1818 4532 2046 4600 undique

2159 4528 2360 4591 οὕτως·
2405 4522 2801 4580 Ἑκύκλωσάν
2827 4539 2924 4590 με,
2959 4520 3059 4573 καὶ
3106 4519 3295 4573 πάλιν
3335 4519 3746 4586 περιεκύκλω-

466 4618 928 4673 circumdederunt
961 4637 1062 4684 me,
1108 4621 1210 4675 hoc
1229 4629 1333 4686 est,
1368 4622 1744 4690 frequentibus
1781 4623 2046 4693 irruptio-

465 4707 649 4774 nibus,
681 4708 960 4776 variisque
983 4709 1366 4765 obsidionibus
1400 4711 1483 4764 usi
1519 4720 1680 4766 sunt:
1705 4727 1805 4782 ego
1839 4723 2020 4766 autem

466 4799 561 4862 Dei
592 4800 972 4870 imploratione
999 4803 1265 4868 munitus,
1289 4802 1508 4858 illorum
1539 4804 1711 4859 aciem
1739 4803 2044 4876 proﬁigavi.

539 4997 704 5056 Vens.
741 4999 825 5054 12.
862 5019 882 5056 ι
925 4998 1420 5068 Circumdederunt
1457 5019 1543 5060 me
1589 5005 1733 5060 sicut
1783 5018 1914 5074 apes
1969 5002 2051 5059 fa-

465 5109 617 5150 vum.
656 5112 675 5146 ι
734 5091 1229 5159 Quemadmodum,
1263 5094 1461 5165 inquit,
1513 5111 1642 5167 apes
1682 5095 1862 5151 favum
1896 5096 2049 5151 inve-

468 5187 682 5241 nientes
728 5185 905 5239 mellis
949 5186 1234 5247 humorem
1277 5197 1523 5258 sugunt:
1571 5189 1651 5244 sic
1699 5189 1788 5244 isti
1830 5189 2048 5259 pietatis

2154 4620 2276 4675 σάν
2307 4635 2404 4688 με,
2439 4617 2558 4670 ἀντὶ
2611 4617 2728 4677 τοῦ,
2773 4613 3128 4683 Ἐπαλλήλοις
3162 4612 3466 4682 ἐχρήσαντο
3503 4609 3748 4679 προσϐο-

2154 4715 2298 4777 λαῖς,
2345 4712 2439 4764 καὶ
2472 4708 2812 4780 πολιορκίαις
2858 4705 3225 4765 παντοδαπαῖς
3247 4719 3260 4732 ο
3308 4701 3418 4770 ἐγὼ
3458 4702 3516 4754 δὲ
3541 4703 3610 4770 τῇ
3643 4701 3744 4752 τοῦ

2156 4803 2290 4856 Θεοῦ
2334 4798 2620 4870 ἐπικλήσει
2656 4795 3024 4866 φραξάμενος,
3053 4797 3151 4863 τὴν
3197 4792 3423 4844 ἐκείνων
3464 4790 3746 4844 ἐσκέδασα

2158 4894 2434 4964 φάλαγγα.

2231 5002 2319 5073 ιβ’.
2361 5021 2380 5052 ι
2435 4983 2787 5055 Ἑκύκλωσάν
2820 5012 2886 5066 με
2915 4993 3048 5047 ὡσεὶ
3094 4992 3347 5064 μέλισσαι
3385 4994 3580 5064 κηρίον
3608 4993 3676 5048 ⁸³.
3716 5011 3738 5046 ι

2156 5094 2447 5164 Καθάπερ,
2492 5094 2644 5164 φησι,
2693 5090 2937 5161 μέλιτται
2971 5086 3166 5157 κηρίον
3199 5085 3459 5158 εὑροῦσαι
3505 5086 3605 5156 τὴν
3645 5087 3740 5140 τοῦ

2160 5189 2377 5258 μέλιτος
2412 5185 2724 5257 ἐκμυζῶσιν
2765 5182 2988 5255 ἰκμάδα,
3012 5179 3185 5245 οὕτως
3210 5173 3356 5234 οὗτοι
3378 5180 3479 5251 τὴν
3510 5180 3742 5235 ἐνοῦσάν

1572 5411 1802 5469 νΑΒιιλΕ
1836 5411 2224 5469 LECTIONES
2253 5411 2340 5466 ET
2371 5410 2607 5472 ΝΟΤιΕ.

538 5587 585 5662 ἶί
627 5588 757 5644 Καί.
794 5590 915 5645 eod.
965 5589 990 5644 1
1039 5589 1162 5648 κάν.
1261 5592 1304 5622 ⁷³
1339 5594 1566 5660 Προσφ.
1619 5591 1742 5648 cod.
1792 5594 1815 5646 1
1860 5589 2046 5660 παρέσ]

2243 5591 2288 5623 τ’
2321 5591 2453 5662 iud-
2499 5589 2686 5662 ὀρέγοι
2797 5586 2845 5620 ⁷⁸
2874 5591 3066 5662 Bone-
3098 5586 3266 5662 Apes:
3303 5599 3334 5639 ε
3375 5590 3540 5662 ιειιιη.
3570 5582 3735 5662 μευτ-

467 5657 514 5690 ’⁸
549 5658 698 5718 Ὅτι.
744 5662 909 5716 Abest
942 5677 972 5714 a
1012 5664 1131 5715 eod.
1172 5664 1223 5715 1.
1300 5663 1346 5692 ⁷⁶
1385 5657 1652 5730 Ἄγὰθός.
1693 5663 1814 5717 cod.
1848 5663 1872 5715 1
1916 5657 2163 5724 δυνατός.

1513 5734 1833 5801 Ἀρχουσα.
1909 5733 1982 5786 ib.
2046 5732 2310 5802 ἀρκοῦσα.

473 5798 516 5834 ⁸³
549 5803 621 5854 tb.
667 5801 1056 5856 ἀπιστούντων.
1134 5803 1178 5833 ⁸³
1210 5805 1450 5870 Κηρῖον.
1486 5798 1650 5862 Abeat
1675 5819 1704 5859 a
1739 5813 1886 5858 textu
1922 5802 2083 5859 Hebr.

471 5745 657 5795 κηρος
697 5732 817 5785 καί.
861 5731 983 5786 Des.
1024 5735 1074 5785 in
1117 5733 1238 5784 ('nd.
1280 5732 1324 5784 Ι.
1429 5734 1472 5764 ⁷*

2239 5662 2282 5692 ττ
2324 5660 2450 5716 Κᾶν
2487 5654 2767 5728 timebat.
2823 5658 2917 5712 καὶ
2959 5657 3090 5713 ibid.
3117 5657 3418 5728 apxowscs
3496 5654 3542 5728 Τῗ
3572 5654 3735 5728 Ἐπί·-

2419 5732 2464 5763 ⁸⁰
2522 5721 2826 5801 ἶ’Ᾰμειικ-ον.
2874 5730 2947 5783 ib.
3002 5728 3100 5782 δεῖ.
3156 5721 3251 5758 ’Ἦ
3284 5727 3439 5780 Ἐπί.
3498 5725 3569 5779 ib.
3609 5721 3730 5776 ὑπό.
