3996 6498
466 271 602 332 1815

1481 262 1972 322 THEODORETI
2023 260 2364 322 EPISCOPI
2396 261 2766 323 CYRENSIS

3595 255 3747 321 1816

461 395 627 435 utam
649 382 935 434 ducentem
960 379 1172 432 discere
1191 373 1417 439 volenti,
1438 372 1700 426 Dominus
1717 373 1795 425 ait
1818 390 1831 425 :
1853 392 1871 423 ι
1894 371 2038 426 Man-

2150 375 2370 427 αίωνίου
2424 373 2567 442 ζωῆς
2616 374 2716 443 τὴν
2749 372 2867 425 όδδν
2917 371 3151 442 ῂτηδότι
3201 371 3413 440 μαθεῖν,
3448 370 3478 421 ό
3533 370 3746 441 Κύριος

463 474 587 527 data
626 472 764 526 nosti
793 491 805 526 :
839 471 957 525 Non
993 467 1382 523 mmchabcris:
1406 472 1420 484 '
1452 462 1569 518 Non
1604 467 1809 517 furtum
1844 462 2043 529 facies;

464 562 687 618 llonora
730 572 935 632 patrem
993 573 1145 614 tuum
1188 568 1243 612 ct
1288 567 1517 611 matrem
1567 564 1737 619 tuam,
1770 564 1846 620 et,
1879 554 2048 625 Dilige

464 655 775 723 proximum
803 662 956 707 tuum
988 652 1131 705 sicut
1160 661 1211 703 te
1238 651 1415 718 ipsum
1442 649 1488 701 κ.
1525 666 1545 699 ι
1576 645 1781 700 Eodem
1807 645 1968 699 modo
1996 654 2048 699 et

463 753 672 813 portam
720 758 779 798 se
814 744 991 813 ipsum
1042 740 1307 793 Dominus
1359 736 1682 799 nominavit,
1734 743 1921 804 utpote
1952 733 2046 803 qui

461 838 680 892 virtutis
708 846 793 892 cst
814 837 921 891 dux
950 844 1004 890 et
1031 840 1333 904 praeceptor
1365 848 1378 884 :
1412 848 1430 881 ι
1463 827 1575 897 Ego
1597 827 1764 892 enim,
1795 826 1889 891 ait,
1924 841 2046 879 sunt

461 931 664 987 ostium
700 930 885 985 ovium
920 946 933 984 :
980 943 1075 998 per
1120 941 1207 980 me
1241 925 1285 979 si
1320 923 1444 994 quis
1478 920 1770 983 introierit,
1806 920 2046 975 salvabi-

460 1036 570 1087 tur,
606 1031 659 1077 et
708 1022 1063 1091 ingredietur,
1096 1033 1149 1074 et
1184 1017 1514 1088 egredietur,
1560 1025 1610 1069 et
1643 1029 1847 1084 pascua
1898 1014 2047 1067 inve-

459 1113 575 1167 niet
608 1112 652 1165 ι.
695 1133 713 1164 ι
757 1111 869 1166 lloc
919 1112 1083 1165 etiam
1127 1110 1213 1163 hic
1254 1123 1435 1163 sermo
1474 1108 1607 1162 dicit
1648 1106 2042 1177 propheticus:

466 1224 485 1256 ι
521 1204 646 1260 Haec
680 1204 893 1259 Domini
924 1212 1103 1273 porta,
1129 1202 1266 1273 justi
1301 1201 1588 1255 intrabunt
1611 1201 1662 1254 in
1692 1215 1833 1254 eam.
1876 1218 1895 1249 ι

527 1386 693 1441 Vens.
735 1386 823 1438 21.
885 1405 901 1435 ι
943 1384 1256 1439 Conﬁtebor
1297 1382 1419 1446 tibi;
1471 1380 1732 1451 quoniam
1771 1379 2045 1435 exaudisti

457 1496 563 1543 me,
602 1489 655 1533 et
694 1478 871 1533 factus
902 1494 961 1532 es
991 1478 1122 1530 mihi
1159 1476 1348 1530 saluti.
1383 1495 1401 1526 ι
1447 1474 1631 1529 Laudo
1662 1484 1714 1527 t‘e
1743 1473 1926 1543 igitur,
1952 1473 2043 1542 qui

456 1589 607 1630 meas
636 1588 830 1643 preces
872 1569 1169 1633 admisisti,
1198 1568 1541 1637 salutemque
1581 1567 1812 1637 largitus
1834 1581 1914 1621 es.

2148 464 2272 534 ἔφη·
2308 484 2325 515 ι
2365 466 2476 528 Τὰς
2510 464 2732 526 ἐντολὰς
2756 460 2924 525 οἶδας·
2956 464 3029 516 Οὐ
3072 462 3379 532 μοιχεύσεις
3411 463 3482 526 ’⁵,
3516 462 3577 513 ού
3610 459 3744 512 κλέα

2147 557 2293 626 ψεις,
2318 557 2454 627 τίμα
2482 557 2576 609 τὸν
2602 557 2818 625 πατέρα
2866 573 2961 608 σου
3023 554 3119 609 καὶ
3153 556 3250 625 τὴν
3292 554 3511 625 μητέρα
3544 569 3637 604 σου
3671 553 3742 611 ’⁸,

2148 651 2458 720 ἀγαπήσεις
2502 650 2594 703 τὸν
2643 649 2871 719 πλησίον
2928 664 3022 701 σου
3072 646 3147 712 ὡς
3191 648 3452 712 σεαυτόν;
3490 665 3510 697 ι
3550 644 3742 713 Ταύτῃ

2146 759 2230 796 τοι
2264 745 2359 796 καὶ
2384 746 2412 796 ὁ
2444 742 2725 811 Δεσπότης
2757 740 2953 794 ἑαυτὸν
2992 740 3243 810 ὠνόμασε
3293 739 3487 808 θύραν,
3520 738 3595 800 ὡς
3639 740 3742 807 τῆς

2148 836 2351 905 ἀρετῆς
2381 835 2616 902 ποδηγὸν
2648 834 2742 886 καὶ
2787 832 3111 886 διδάσκαλον
3136 848 3152 863 ο
3190 850 3207 881 ι
3259 829 3400 898 Ἐγὼ
3435 831 3550 900 γάρ
3597 830 3742 897 εἰμι,

2150 927 2337 997 φησὶν,
2370 929 2402 997 ἠ
2436 926 2577 996 θύρα
2612 925 2721 979 τῶν
2750 925 3043 996 προϐάτων
3064 942 3076 954 ·
3112 924 3206 977 ὲάν
3236 941 3317 985 τις
3344 924 3425 975 δι’
3457 920 3594 991 ἐμοῦ
3621 924 3742 972 εἰσ-

2148 1020 2300 1093 έλθῃ,
2340 1018 2730 1082 εἰσελεύσεται,
2766 1019 2862 1071 καὶ
2896 1017 3259 1082 ἐξελεύσεται,
3298 1016 3393 1069 καὶ
3426 1015 3601 1084 νομὴν
3650 1013 3745 1063 εύ-

2153 1115 2327 1183 ρήσει.
2372 1131 2390 1163 ι
2431 1111 2597 1164 Τοῦτο
2634 1111 2730 1164 καὶ
2775 1110 3011 1163 ἐνταῦθα
3059 1112 3088 1162 ό
3120 1108 3458 1180 προφητικὺς
3505 1107 3613 1174 ἔφη
3647 1106 3744 1156 λό-

2147 1222 2275 1275 γος’
2318 1225 2337 1256 ι
2375 1203 2525 1274 Αὕτη
2578 1205 2611 1275 ἠ
2666 1204 2808 1274 πύλη
2842 1202 2938 1256 τοῦ
2992 1202 3220 1273 Κυρίου,
3254 1202 3456 1253 δίκαιοι
3490 1199 3739 1251 είσελεύ·

2150 1314 2335 1351 σονται
2364 1298 2423 1348 ὲν
2464 1298 2623 1367 αὐτῇ.
2659 1315 2676 1345 ι

2218 1397 2326 1445 κα’.
2365 1409 2383 1441 ι
2432 1388 2931 1458 Ἐξομολογήσομαί
2959 1403 3061 1452 σοι,
3087 1387 3167 1440 ὅτι
3200 1384 3513 1452 ὲπήκουσάς
3536 1385 3580 1413 ’⁷
3607 1401 3735 1452 μου,

2150 1483 2240 1534 καὶ
2261 1481 2449 1549 ὲγένου
2484 1497 2575 1549 μοι
2608 1481 2687 1542 εἰς
2720 1479 3018 1547 σωτηρίαν.
3056 1499 3075 1529 ι
3128 1476 3312 1545 ’Υμνῶ
3343 1492 3401 1527 σε
3437 1472 3737 1543 τοιγαροῦν

2145 1571 2440 1640 δεξάμενόν
2474 1588 2575 1640 μου
2606 1571 2702 1641 τὴν
2739 1570 2944 1638 δέησιν,
2996 1570 3089 1621 καὶ
3117 1569 3163 1601 ’⁸
3194 1566 3465 1620 δεδωκότα
3501 1566 3601 1633 τὴν
3630 1582 3739 1615 σω-

2146 1680 2361 1734 τηριαν.

524 1755 689 1809 Vsas.
715 1752 806 1805 22.
849 1772 867 1803 ι
911 1750 1168 1819 Lapidem
1204 1766 1366 1820 quem
1409 1750 1839 1818 reprobaverunt
1869 1748 2038 1802 aediﬁ-

2214 1756 2320 1826 xﬁ'.
2362 1775 2379 1807 ι
2424 1756 2608 1820 Λίθον,
2655 1753 2715 1807 ὃν
2747 1752 3163 1822 ἀπεδοκίμασαν
3199 1752 3250 1803 οί
3292 1748 3734 1819 οἰκοδομοῦντες,

455 1855 663 1908 cantes,
694 1843 780 1897 hic
812 1840 989 1895 iactus
1020 1850 1105 1895 est
1141 1852 1302 1910 caput
1331 1841 1532 1911 anguli.
1573 1859 1592 1890 ι
1619 1840 1730 1894 lloc
1768 1840 1891 1893 licet
1918 1841 2039 1893 mil-

454 1938 555 1992 lies
592 1936 936 2005 impudenter
961 1934 1300 1989 asseruerint
1325 1932 1521 1996 Judaei,
1559 1943 1740 1986 tamen
1779 1935 1844 1987 ad
1871 1934 2040 1987 alium

454 2030 663 2084 referre
694 2042 799 2082 non
838 2038 1084 2096 possunt.
1123 2025 1238 2079 Etsi
1277 2027 1422 2079 enim
1456 2026 1753 2079 divisarum
1797 2026 2037 2080 tribuum

453 2125 563 2178 dux
615 2122 715 2176 fuit
768 2121 1094 2183 Zorobabel,
1134 2129 1314 2173 tamen
1366 2119 1577 2173 diutius
1617 2135 1725 2173 non
1781 2121 2036 2189 perstitit.

453 2216 718 2269 Dominus
755 2222 937 2268 autem
977 2212 1231 2267 Christus
1266 2212 1407 2267 duos
1445 2212 1705 2282 parietes,
1740 2227 1771 2265 a
1812 2228 1870 2266 se
1898 2212 2040 2265 invi-

452 2324 568 2362 cem
605 2306 815 2378 1433
845 2321 874 2359 e
900 2305 1170 2359 diametro
1202 2305 1496 2370 distantes,
1523 2320 1639 2369 eos,
1673 2305 1920 2374 inquam,
1946 2305 2037 2374 qui

454 2417 519 2454 ex
548 2398 774 2464 Judaeis,
811 2406 865 2453 et
896 2412 989 2451 eos
1019 2398 1111 2467 qui
1145 2412 1212 2452 ex
1254 2398 1509 2467 gentibus
1536 2399 1907 2462 crediderunt,
1941 2399 2040 2454 hos

452 2492 674 2562 quidem
703 2490 975 2560 impietati
1011 2493 1335 2556 servientes,
1372 2489 1495 2543 illos
1523 2505 1650 2543 vero
1688 2490 1823 2560 legis
1846 2491 2037 2561 jugum

453 2586 715 2650 ferentes,
758 2594 811 2639 et
852 2585 907 2638 in
958 2600 1128 2641 unum
1167 2599 1371 2653 cogens
1420 2598 1542 2653 quae
1587 2592 1833 2651 separata
1883 2592 2040 2638 erant

453 2675 760 2744 conjunxit,
790 2688 843 2729 et
872 2691 1037 2730 unam
1059 2692 1125 2731 ex
1148 2676 1399 2744 utrisque
1427 2673 1687 2729 conﬂavit
1716 2674 2036 2739 Ecclesiam,

454 2769 714 2836 angulum
748 2770 1043 2837 qucmdam
1081 2769 1350 2833 imitatus,
1384 2768 1526 2821 duos
1557 2784 1746 2822 muros
1778 2768 2042 2837 colligan-

453 2870 583 2925 tem,
609 2871 662 2915 et
698 2862 839 2916 inter
885 2878 943 2917 se
986 2861 1354 2931 copulantcm.
1395 2859 1552 2915 Hunc
1587 2860 1752 2930 igitur
1781 2862 2038 2931 lapidem,

453 2951 545 3021 qui
577 2950 705 3004 olim
745 2952 1108 3018 aediﬁcabant,
1152 2951 1414 3006 Pharisa-i
1448 2963 1504 3006 et
1539 2952 1844 3015 Sadducwi,
1875 2962 1928 3007 et
1957 2944 2044 3008 sa;

2142 1844 2295 1913 οὗτος
2352 1847 2581 1918 ἐγενήθη
2627 1848 2707 1909 είς
2754 1845 2996 1915 κεφαλὴν
3034 1845 3255 1913 γωνίας.
3308 1863 3325 1894 ι
3384 1843 3580 1904 Τοῦτο,
3632 1841 3736 1893 κᾶν

2145 1942 2405 2013 μυριάκις
2437 1938 2874 2009 ἀναισχυντῶσιν
2931 1938 3195 1999 Ἰουδαῖοι,
3223 1935 3367 2003 ἄλλῳ
3407 1933 3732 2003 προσαρμό-

2143 2051 2233 2086 σαι
2266 2034 2325 2085 οὺ
2364 2033 2639 2086 δύνανται.
2694 2031 2754 2083 Εἰ
2801 2030 2912 2101 γὰρ
2959 2029 3067 2081 τῶν
3120 2026 3502 2095 διαιρεθεισῶν
3564 2025 3732 2076 πάλαι

2142 2127 2324 2197 φυλῶν
2350 2126 2691 2196 ἡγεμόνευσε
2725 2122 3055 2194 Ζοροϐάϐελ,
3086 2121 3202 2175 ἀλλ’
3223 2120 3322 2172 οὐκ
3352 2120 3445 2170 ἐπὶ
3478 2117 3729 2169 πλεῖστον

2139 2221 2447 2292 διήρκεσεν.
2492 2219 2551 2271 ὐ
2594 2218 2652 2271 δὲ
2702 2218 2983 2285 Δεσπότης
3032 2214 3272 2285 Χριστὸς
3320 2214 3446 2275 τοὺς
3496 2211 3595 2264 δύο
3625 2212 3732 2262 τοί-

2140 2330 2291 2383 χους,
2321 2313 2447 2375 τοὺς
2478 2311 2574 2364 ἀπ’
2609 2310 2853 2380 ἀλλήλων
2886 2308 3127 2370 ἑστῶτας
3158 2308 3221 2358 ὲκ
3250 2306 3572 2375 διαμέτρου,
3609 2304 3732 2364 τοὺς

2140 2404 2201 2469 ἐξ
2244 2403 2511 2456 Ἰουδαίων
2545 2404 2711 2472 φημὶ,
2743 2399 2997 2461 καὶτοὺς
3042 2399 3101 2463 ἐξ
3147 2398 3317 2450 ἐθνῶν
3367 2396 3732 2448 πεπιστευκόο

2139 2514 2260 2563 τας,
2295 2497 2420 2560 τοὺς
2472 2496 2570 2565 μὲν
2616 2491 2907 2563 δυσσεϐείᾳ
2950 2490 3323 2553 δουλεύοντας,
3370 2489 3499 2551 τοὺς
3528 2488 3589 2541 δὲ
3640 2486 3729 2539 τοῦ

2141 2588 2307 2659 νόμου
2335 2587 2425 2640 τὸν
2461 2586 2626 2654 ζυγὸν
2657 2584 2937 2646 ἕλκοντας,
2974 2584 3067 2635 καὶ
3100 2583 3179 2644 είς
3209 2582 3266 2633 ἒν
3302 2579 3635 2647 συναγαγὼν
3665 2579 3733 2630 τὰ

2140 2679 2407 2732 διεστῶτα
2444 2675 2749 2743 συνέζευξε,
2782 2678 2877 2728 καὶ
2912 2674 3042 2746 μίαν
3075 2673 3133 2739 ἐξ
3164 2672 3496 2744 ἀμφοτέρων
3532 2671 3731 2741 συνήρ-

2145 2786 2313 2840 μοσεν
2374 2767 2722 2837 Ἐκκλησίαν,
2771 2766 2977 2834 γωνίαν
3024 2766 3145 2817 τινὰ
3200 2765 3592 2834 μιμησάμενος
3641 2762 3733 2814 δύο

2140 2861 2356 2931 τοίχους
2393 2858 2740 2923 συνδέουσαν,
2783 2859 2878 2911 καὶ
2928 2859 3065 2927 πρὸς
3113 2857 3379 2928 ἀλλήλους
3425 2856 3730 2910 συνάπτου-

2145 2970 2265 3005 σαν.
2298 2951 2499 3005 Teii-cev
2532 2951 2715 3021 μέντοι
2742 2950 2835 3002 τὸν
2860 2949 3008 3002 λίθον
3039 2950 3312 3019 οἰκοδόμοι
3348 2948 3518 3001 πάλαι
3550 2948 3727 3011 ὄντες,

454 3042 706 3097 cerdotes
743 3051 796 3096 et
833 3042 1057 3109 Sci-ibas,
1091 3044 1546 3114 reprohaverunt,
1588 3054 1641 3097 et
1670 3044 1821 3099 cruci
1850 3045 2038 3100 aﬂixew

2146 3042 2428 3114 Φαρισαῖοί
2462 3058 2522 3093 τε
2552 3040 2645 3093 καὶ
2679 3039 3051 3099 Σαδδουκαῖοι,
3100 3041 3266 3109 ἱερεῖς
3292 3055 3351 3091 τε
3397 3038 3494 3090 καὶ
3544 3038 3732 3107 Γραμ-

453 3145 624 3190 runt:
678 3136 772 3190 sed
828 3156 846 3186 ι
888 3135 1068 3191 factus
1105 3146 1188 3191 est
1220 3145 1383 3206 caput
1422 3136 1629 3205 anguli,
1670 3156 1688 3188 ι
1726 3138 1808 3191 vel
1842 3152 2041 3193 secun—

452 3229 585 3282 dum
638 3228 1054 3300 Symmachum,
1101 3230 1399 3299 angularis.
1447 3228 1522 3284 De
1570 3229 1675 3284 hoc
1724 3231 1899 3298 lapide
1944 3246 2041 3300 per

455 3321 774 3390 prophetam
807 3321 1004 3377 Isaiam
1032 3322 1177 3377 Deus
1202 3322 1533 3376 vaticinatus
1558 3330 1641 3376 est
1672 3339 1685 3374 :
1725 3342 1743 3374 ‹
1782 3323 1917 3377 Ecce
1939 3340 2040 3394 ego

454 3426 600 3482 pono
628 3412 683 3467 in
715 3413 879 3467 Sione
904 3413 1136 3480 lapidem
1170 3414 1491 3483 pretiosum,
1521 3412 1779 3477 electum,
1808 3415 2039 3483 angula-

454 3518 594 3567 rem,
630 3503 958 3557 honoratum
993 3504 1046 3557 in
1081 3503 1454 3558 fundamentis
1483 3504 1627 3573 ejus,
1654 3513 1710 3558 et
1738 3506 1919 3560 omnis
1944 3507 2037 3575 qui

454 3595 748 3649 crediderit
798 3597 851 3649 in
907 3596 1023 3657 illo,
1088 3611 1197 3649 non
1245 3596 1614 3651 confundetur
1641 3608 1704 3650 ω.
1746 3616 1765 3649 ι
1824 3597 1938 3652 Hoc
1985 3607 2039 3652 et

453 3687 646 3741 beatus
666 3688 743 3741 ait
775 3685 980 3743 Paulus
1011 3705 1021 3741 :
1054 3706 1073 3738 ι
1111 3686 1387 3745 ,λΕιΙὶίίοιιιί
1419 3704 1586 3758 supra
1620 3688 2034 3743 fundamentum

453 3779 829 3847 apostolorum
859 3790 913 3834 ct
943 3781 1350 3849 prophetarum,
1377 3796 1500 3834 cum
1530 3782 1601 3836 sit
1624 3797 1874 3836 summus
1899 3782 2035 3851 lapis

453 3871 735 3940 angularis
775 3870 895 3940 ejus
938 3872 1189 3927 Christus
1233 3871 1393 3927 Jesns
1422 3882 1473 3925 η.
1519 3890 1536 3922 ι
1593 3870 1752 3926 Hunc
1799 3873 2034 3944 lapidem

454 3963 647 4017 beatus
671 3962 857 4017 Daniel
881 3964 1015 4018 vidit
1033 3972 1057 3999 ο
1084 3966 1327 4019 excisum
1359 3964 1479 4019 sine
1508 3965 1784 4030 manibus,
1811 3966 2036 4020 edoctus

454 4051 698 4124 Virginis
752 4065 967 4124 partum
1025 4055 1234 4124 absque
1268 4056 1431 4109 ullius
1471 4056 1721 4109 subsidio
1764 4056 2033 4113 futurum.

455 4144 610 4201 Hunc
641 4147 771 4202 vidit
805 4148 1035 4211 idolum,
1077 4147 1179 4203 hoc
1210 4159 1292 4202 est
1326 4149 1451 4202 vitae
1495 4149 1813 4209 vanitatem.
1855 4157 2036 4204 teren-

453 4247 585 4301 tem,
619 4249 675 4293 et
717 4251 953 4294 montem
988 4256 1247 4311 magnum
1283 4239 1509 4307 factum,
1545 4250 1599 4295 et
1629 4241 1818 4297 orbem
1857 4253 2035 4297 terra-

453 4344 572 4387 rum
607 4332 964 4402 operientem.

524 4505 689 4562 Vsus.
713 4507 803 4562 25.
841 4527 857 4559 ι
885 4508 931 4562 Α
951 4508 1184 4564 Domino
1208 4510 1410 4565 factum
1433 4519 1516 4565 est
1546 4509 1715 4578 istud,
1746 4520 1799 4565 et
1832 4522 1915 4566 est
1936 4512 2031 4565 mi.

452 4598 624 4653 rabile
649 4616 701 4653 ιιι
733 4601 907 4657 oculis
932 4603 1154 4656 nostris.
1184 4622 1201 4651 ι
1241 4603 1479 4672 Hujusce
1498 4611 1679 4656 autem
1711 4603 1896 4673 gratiae
1926 4603 2035 4657 lar-

454 4697 600 4759 gitor
627 4700 710 4745 est
746 4692 886 4747 Deus
919 4712 931 4747 :
964 4710 1063 4749 nos
1104 4710 1234 4750 vero
1267 4695 1704 4765 inexplicabilem
1735 4696 1855 4765 ejus
1879 4695 2033 4751 beni-

453 4782 713 4852 gnitatem
747 4786 1108 4846 admirantur.

524 4873 690 4930 Vens.
718 4870 862 4931 24H
904 4879 1001 4934 Hic
1040 4893 1123 4935 est
1178 4882 1296 4936 dies
1336 4897 1496 4950 quem
1545 4879 1673 4935 fecit
1720 4881 1981 4937 Dominus
2011 4922 2027 4936 .

452 4967 788 5023 exsultemus
839 4979 893 5024 et
923 4970 1166 5028 laetemur
1197 4974 1250 5028 in
1277 4990 1365 5029 eo.
1400 4993 1419 5025 ι
1459 4974 1609 5029 Dicm
1637 4991 1665 5029 a
1698 4974 1806 5029 Deo
1829 4973 2031 5029 factum

524 5191 711 5267 igLuc.
748 5213 902 5267 xmt,
930 5199 1036 5262 28;
1078 5200 1249 5255 Exod.
1304 5218 1396 5266 xx,
1431 5201 1520 5262 ιε,
1560 5202 1639 5255 15.

453 5280 517 5330 ιι,
544 5265 613 5319 54
636 5281 789 5337 scqq.

1759 5201 1772 5240 ι
1837 5200 2001 5257 Joan.
2055 5219 2110 5266 χ,
2144 5202 2196 5255 9.

2148 3138 2357 3206 ματεῖς,
2385 3134 2818 3202 ἀπεδοκίμασαν,
2846 3133 2941 3185 καὶ
2964 3132 3317 3204 ἐσταύρωσαν
3338 3146 3351 3160 ⁸
3379 3131 3496 3184 ἀλλ’
3523 3148 3542 3181 ι
3582 3131 3730 3199 Ἑγέ-

2142 3244 2263 3281 νετο
2294 3229 2373 3291 είς
2421 3227 2661 3297 κεφαλὴν
2695 3226 2921 3293 γωνίας,
2961 3245 2981 3278 ι
3019 3225 3052 3297 ἢ
3085 3227 3152 3289 ⁹⁹,
3190 3226 3329 3278 κατὰ
3359 3226 3450 3279 τὸν
3495 3225 3729 3295 Σύμμαο

2143 3338 2257 3393 χον,
2294 3319 2746 3390 ἀκρογωνιαῖος.
2774 3320 2910 3390 Περὶ
2926 3319 3121 3370 τούτου
3146 3318 3210 3394 ,δὲ
3233 3317 3324 3371 τοῦ
3342 3317 3492 3369 λίθου
3521 3321 3618 3371 καὶ
3641 3318 3729 3370 διὰ

2153 3413 2377 3466 Ἦσαῖου
2411 3411 2506 3464 τοῦ
2530 3413 2813 3482 προφήτου
2856 3409 3256 3481 προεθέσπισεν
3288 3412 3315 3462 ό
3343 3409 3473 3471 θεός
3497 3424 3510 3437 ι
3535 3427 3555 3459 ι
3597 3410 3725 3461 Ἰδοὺ

2139 3504 2333 3574 τίθημι
2365 3505 2422 3555 ἐν
2453 3502 2588 3555 Σιὼν
2639 3501 2784 3555 λίθον
2819 3501 3108 3571 πολυτελῆ,
3146 3501 3423 3564 ἐκλεκτὸν,
3474 3502 3725 3569 ἀκρογω⁴

2142 3597 2331 3655 νιαῖον,
2383 3595 2598 3665 ἔντιμον
2645 3595 2725 3657 εἰς
2762 3595 2831 3648 τὰ
2880 3593 3106 3665 θεμέλια
3149 3594 3341 3663 αὐτῆς,
3392 3594 3489 3646 καὶ
3539 3595 3652 3656 πᾶς
3699 3597 3725 3646 ὁ

2142 3687 2410 3741 πιστεύων
2444 3685 2530 3739 ἐπ’
2569 3686 2717 3756 αὐτῷ
2740 3687 2800 3739 οὐ
2837 3686 2910 3757 μὴ
2940 3685 3335 3756 καταισχυνθῇ.
3374 3704 3393 3737 ι
3432 3684 3608 3737 Τοῦτο
3632 3686 3724 3738 καὶ

2139 3781 2167 3833 ό
2198 3778 2467 3848 μακάριος
2501 3777 2605 3846 ἔφη
2639 3776 2870 3839 Παῦλοςο
2909 3795 2927 3827 ι
2978 3776 3534 3854 Ἐποικοδοομηθέντες
3579 3776 3670 3827 snt
3706 3776 3720 3805 ι

2137 3870 2217 3942 τῷ
2256 3870 2487 3941 θεμελίῳ
2539 3870 2646 3923 τῶν
2697 3870 3010 3924 ἀποστόλων
3061 3871 3155 3923 καὶ
3206 3869 3527 3940 προφητῶν,
3573 3870 3720 3933 ὄντος

2138 3964 2539 4035 ἀκρογωνιαίου
2592 3963 2757 4016 αὐτοῦ
2837 3962 3013 4033 Ἰησοῦ
3064 3962 3325 4033 Χριστοῦ.
3389 3982 3407 4012 ι
3470 3961 3719 4014 Τοῦτον²

2137 4052 2243 4109 εἶδε
2272 4057 2361 4109 τὸν
2394 4054 2540 4108 λίθον
2574 4057 2669 4107 καὶ
2700 4057 2729 4108 ό
2760 4055 3029 4126 μακάριος
3059 4054 3257 4122 Δανιὴλ
3289 4052 3568 4121 τμηθέντα
3594 4052 3717 4106 ἀνευ

2137 4147 2355 4219 χειρῶν,
2390 4146 2483 4200 τὸν
2514 4146 2878 4218 ἀκοινώνητον
2900 4146 3001 4215 τῆς
3031 4146 3313 4216 Παρθένου
3333 4144 3717 4213 διδασκόμενος

2134 4241 2312 4293 τόκον.
2351 4239 2552 4292 Τοῦτον
2595 4233 2703 4291 εἶδε
2750 4238 2848 4309 τὴν
2881 4240 3067 4292 εἰκόνα
3118 4238 3514 4308 συντρίψαντα,
3562 4255 3716 4289 τουτ-

2136 4330 2250 4382 έστι
2286 4328 2381 4381 τοῦ
2417 4329 2531 4399 βίου
2559 4328 2660 4399 τὴν
2693 4329 3053 4400 ματαιότητα,
3104 4332 3198 4381 καὶ
3225 4329 3349 4400 ὅρος
3387 4329 3532 4399 μέγα
3563 4330 3712 4397 γενόο

2066 4410 2112 4465 Ῑ)
2143 4439 2324 4491 μενον,
2356 4422 2451 4474 καὶ
2479 4419 2577 4492 τὴν
2610 4422 2936 4492 οἰκουμένην
2967 4420 3309 4491 καλύψαντα.

2212 4520 2317 4582 κγ’.
2365 4533 2383 4565 ‹
2422 4514 2579 4583 Παρά
2605 4513 2810 4584 Κυρίου
2842 4513 3059 4581 ἐγένετο
3110 4513 3272 4583 αὕτη,
3302 4515 3396 4565 καὶ
3431 4511 3549 4564 ἐστι
3588 4514 3682 4563 θαυ

2140 4607 2316 4677 μαστὴ
2346 4608 2403 4659 ὲν
2433 4607 2735 4676 ὀφθαλμοῖς
2757 4607 2933 4677 ἡμῶν.
2971 4626 2989 4659 ι
3036 4607 3253 4676 Ταύτης
3282 4607 3338 4659 δὲ
3372 4606 3476 4675 τῆς
3497 4606 3712 4677 χάριτος

2136 4697 2371 4775 χορηγὸς
2404 4699 2432 4750 ὁ
2468 4698 2619 4763 Θεὸς,
2654 4699 2813 4769 ἡμεῖς
2845 4701 2901 4752 δὲ
2929 4700 3028 4770 τὴν
3062 4700 3302 4770 ἄρρητον
3328 4698 3495 4752 αὑτοῦ
3524 4698 3709 4767 φιλαν-

2142 4790 2391 4861 θρωπίαν
2412 4790 2785 4861 θαυμάζομεν.

2209 4883 2305 4940 κδ’.
2351 4904 2369 4934 ‹
2407 4881 2554 4955 Αὕτη
2590 4884 2623 4953 ἡ
2651 4882 2832 4954 ἡμέρα
2850 4884 2917 4953 ἢν
2947 4884 3201 4953 ἐποιήσεν
3230 4886 3257 4936 ό
3279 4882 3481 4953 Κύριος
3508 4899 3522 4913 °
3557 4883 3709 4947 ἀγαλ-

2137 4976 2455 5047 λιασώμεθα
2511 4977 2607 5030 καὶ
2649 4976 3041 5047 εὐφρανθῶμεν
3089 4978 3146 5029 ὲν
3196 4978 3357 5046 αὐτῇ.
3396 4996 3414 5027 ι
3470 4975 3706 5045 Ἠμὲραν

3518 5208 3543 5235 °
3572 5198 3698 5252 Dan.

2277 5211 2314 5233 ιη
2378 5198 2484 5253 lsa.
2552 5216 2744 5267 xxmt,
2784 5199 2868 5255 16.
2950 5210 2978 5239 ιι
3007 5200 3209 5271 Ephes.
3245 5216 3306 5263 ιι,
3342 5199 3433 5254 20.

1552 5440 1788 5498 νΑῐιιΑῑ
1815 5441 2201 5499 LECTIONES
2258 5442 2347 5498 ET
2380 5442 2617 5500 ΝΟΤᾹΣ.

520 5584 567 5616 ’³
598 5587 770 5655 Μοιχ.
806 5585 929 5639 cod.
967 5585 991 5637 1
1027 5584 1150 5639 add.
1179 5584 1239 5638 ού
1270 5583 1573 5653 φονεύσεις.
1652 5582 1700 5655 θέ
1731 5585 1870 5655 Eoo.
1902 5581 2038 5655 Abes

2146 5582 2269 5655 cod.
2298 5582 2348 5635 i.
2386 5654 2391 5655 ί
2420 5580 2694 5655 ’ἶξΕπήκι
2716 5581 2885 5655 ᾉΡΙΪῘΟΓ
2906 5582 3332 5655 editio‘habcbat
3364 5581 3698 5655 ὑπήκουσας.

452 5652 498 5685 θ’
528 5652 979 5724 Ιὶιιὶ--Ῐσωτημ
1037 5656 1163 5710 Des.
1212 5652 1433 5709 in’cod.
1475 5655 1528 5709 l.

1605 5654 1649 5685 θ’
1680 5653 1766 5706 Ἦ.
1808 5654 1929 5707 Des.
1992 5651 2046 5704 in
2089 5652 2212 5705 cod.
2251 5653 2300 5704 ‘l.

2380 5654 2394 5683 ¹
2436 5653 2581 5704 Ἐπί.
2618 5653 2753 5706 ibid.
2787 5654 2864 5717 ὲν.
2943 5656 2961 5684 ²
3000 5652 3221 5707 Τοῦτον
3250 5683 3319 5692 -
3354 5649 3553 5707 τόκον.
3587 5649 3703 5703 lianc

452 5726 520 5781 ad
544 5727 738 5781 versic.
793 5726 863 5780 23
909 5720 1159 5795 apposuit
1211 5724 1372 5780 Cord.
1403 5725 1437 5779 l.
1472 5740 1521 5780 c.
1551 5740 1603 5796 p.
1640 5723 1766 5791 359,
1804 5723 1922 5779 sine
1944 5723 2186 5777 auctoris
2242 5722 2480 5777 nomine.
2510 5720 2639 5778 Post
2685 5722 2872 5777 τοῦτον
2902 5723 3072 5779 codex
3108 5724 3129 5778 1
3165 5722 3289 5778 add.
3314 5724 3391 5776 δέ.
