3996 6488
283 321 418 390 131⁵1

1601 325 1683 386 ΙΝ
1732 327 1939 388 PSAL.
1979 328 2209 391 CXVII.

3411 331 3545 398 1818
3583 395 3587 400 .

277 437 383 491 ὐπὸ
421 433 516 489 τοῦ
569 434 704 488 Θεοῦ
759 433 1138 506 πεποιημένην
1191 433 1366 501 καλεῖ,
1396 434 1518 488 καθ’
1549 435 1616 506 ἢν
1648 437 1678 488 ὁ
1712 435 1847 500 λίθος

1961 448 2121 493 vocat
2146 439 2320 504 illum,
2344 455 2457 510 quo
2484 441 2573 496 hic
2607 441 2744 522 lapis
2769 450 2892 512 post
2918 443 3222 513 passionem
3255 461 3286 500 a
3311 451 3542 500 mortuis

279 523 436 592 οὗτος
488 528 688 598 ἀνέστη
738 527 879 598 μετὰ
908 528 968 581 τὸ
1012 527 1203 590 πάθος.
1242 527 1417 590 Εὐθὺς
1442 529 1552 598 γὰρ
1585 528 1724 598 μετὰ
1759 528 1858 598 τὴν

283 620 602 683 ἀνάστασιν,
633 622 744 680 τοῖς
777 621 939 690 ἱεροῖς
973 619 1255 672 ἐκέλευσεν
1289 621 1629 683 ἀποστόλοις,
1660 637 1859 692 πορευ-

283 711 446 782 θῆναι
494 713 589 765 καὶ
630 711 967 782 μαθητεῦσαι
995 712 1173 765 πάντα
1201 713 1269 764 τά
1296 711 1448 781 ἔθνη.
1483 711 1860 782 Διαφερόντως

285 801 341 854 δὲ
379 801 585 872 ταύτην
611 801 717 854 ὑπὸ
740 801 833 854 τοῦ
856 800 989 854 Θεοῦ
1018 799 1348 870 γεγενῆσθαι.
1375 799 1472 870 τὴν
1494 800 1708 871 ἡμέραν
1730 799 1857 868 ἔφη.

300 893 524 964 Ἐπειδὴ
555 893 666 963 γὰρ
705 894 725 925 ³
765 893 824 957 ἐξ
861 892 1039 963 ἀρχῆς
1064 892 1126 946 τὸ
1153 891 1267 962 φῶς
1290 893 1347 945 ὲν
1370 892 1506 962 αὐτῇ
1557 892 1859 962 πεποίηκεν

287 988 315 1038 ὁ
339 984 494 1048 Θεὸς,
527 985 622 1037 καὶ
653 985 753 1052 τὴν
778 984 874 1038 τοῦ
912 984 1164 1052 Σωτῆρος
1194 982 1351 1054 ἡμῶν
1383 985 1679 1038 ἀνάστασιν
1705 983 1862 1048 δεξα-

285 1077 443 1148 μένη,
471 1075 566 1129 τοῦ
592 1076 689 1144 τῆς
717 1074 1064 1145 δικαιοσύνης
1091 1074 1243 1144 ἡλίου
1271 1075 1370 1137 τὰς
1395 1074 1620 1140 ἀκτῖνας
1648 1077 1727 1137 εἰς
1755 1075 1861 1128 πᾶ-

281 1186 379 1222 σαν
407 1168 508 1239 τὴν
555 1169 883 1238 οἰκουμένην
921 1167 1264 1237 κατέπεμψε.
1311 1167 1420 1219 Καὶ
1448 1167 1508 1220 τὸ
1537 1165 1650 1234 φῶς
1677 1167 1733 1220 δὲ
1765 1167 1859 1236 δη-

285 1261 646 1330 μιουργὴσας,
690 1259 806 1327 φῶς
832 1259 932 1328 τὴν
963 1259 1175 1330 ἡμέραν
1202 1257 1477 1321 ἐκάλεσεν,
1508 1256 1637 1310 ἄλλο
1669 1256 1727 1308 δὲ
1761 1257 1856 1310 οὐ·

280 1352 367 1404 δὲν
386 1351 508 1404 κατ’
525 1351 741 1422 ἐκείνην
761 1350 860 1420 τὴν
885 1351 1097 1421 ἡμέραν
1121 1349 1438 1420 πεποίηκεν.
1463 1347 1612 1419 Δῦτη
1637 1349 1816 1401 τοίνυν
1837 1349 1859 1379 ⁸

282 1443 313 1510 ἡ
357 1441 542 1512 ἡμέρα
594 1441 749 1512 μόνη,
789 1443 930 1494 κατά
969 1439 1066 1512 τὴν
1121 1442 1344 1511 πρώτην
1375 1439 1606 1510 ἡμέραν,
1638 1440 1734 1509 τὴν
1763 1440 1857 1510 δη-

283 1534 574 1603 μιουργίαν
606 1532 826 1597 ἐδέξατο
855 1531 949 1586 τοῦ
999 1532 1194 1602 φωτός.
1241 1533 1328 1584 Ἐν
1379 1531 1477 1601 μὲν
1504 1533 1614 1601 γὰρ
1641 1535 1707 1601 τῇ
1732 1531 1855 1584 δευ-

278 1628 412 1698 τέρᾳ
432 1627 452 1658 ⁵
480 1627 751 1697 πεποίηκε
775 1626 834 1680 τὸ
867 1625 1176 1696 στερέωμα,
1201 1627 1257 1677 ὲν
1281 1625 1338 1676 δὲ
1355 1627 1420 1694 τῇ
1443 1623 1604 1694 τρίτῃ
1623 1623 1690 1676 τά
1715 1624 1856 1692 φυτὰ

279 1721 372 1775 καὶ
391 1721 460 1773 τά
480 1721 789 1792 σπέρματα,
821 1721 915 1773 καὶ
935 1721 993 1772 ὲν
1016 1721 1136 1781 ταῖς
1157 1718 1342 1779 ἄλλαις
1367 1717 1568 1787 ὁμοίως
1588 1715 1658 1768 τὰ
1677 1716 1812 1769 ἄλλα
1836 1731 1852 1745 ’

1961 531 2279 587 resurrexit.
2304 533 2498 589 Statim
2522 534 2666 588 enim
2688 544 2810 604 post
2828 538 3302 601 resurrectionem,
3331 536 3546 608 1434

1960 625 2133 679 sacris
2165 627 2436 694 apostolis
2471 627 2750 696 prazcepit,
2784 637 2843 682 ut
2867 627 3030 693 irent,
3061 639 3114 684 et
3137 629 3395 684 docerent
3422 643 3544 684 om-

1959 732 2058 771 nes
2080 718 2588 788 gentcs.Praecipue
2606 727 2790 774 autem
2815 719 2960 774 hunc
2983 721 3126 774 diem
3150 736 3178 775 ει
3207 721 3316 776 Deo
3337 720 3541 776 factum

1961 823 2081 864 esse
2101 808 2252 864 dicit.
2281 809 2554 876 Quoniam
2579 813 2729 866 enim
2761 827 2790 866 a
2826 813 3102 883 principio
3129 815 3305 868 lucem
3334 814 3430 868 illo
3455 816 3544 869 die

1962 899 2088 956 fecit
2112 902 2273 967 Deus,
2303 919 2426 957 cum
2449 905 2614 958 etiam
2643 904 2950 960 Salvatoris
2978 907 3148 960 nostri
3181 906 3543 961 resurrectio-

1961 1008 2084 1046 nem
2115 993 2434 1062 accepisset,
2461 994 2646 1049 radios
2671 994 2816 1048 Solis
2830 996 3059 1065 justitia:
3084 997 3138 1051 in
3169 1006 3341 1051 totum
3371 1008 3545 1052 terra-

1961 1099 2081 1137 rum
2103 1083 2288 1138 orbem
2319 1085 2521 1139 emisit.
2553 1084 2620 1139 Et
2646 1102 2770 1140 eum
2799 1087 2976 1140 lucem
3002 1103 3168 1157 porro
3193 1088 3540 1152 fabricasset,

1961 1177 2135 1231 lucem
2171 1177 2390 1232 vocavit
2419 1177 2586 1242 diem,
2621 1179 2756 1232 nihil
2792 1187 2974 1233 autem
3015 1179 3170 1232 aliud
3208 1179 3303 1232 illo
3341 1179 3429 1232 die
3465 1178 3544 1232 fe-

1960 1269 2054 1322 cit.
2091 1266 2188 1322 llic
2214 1268 2382 1338 igitur
2415 1268 2532 1324 dies
2559 1269 2733 1333 solus,
2768 1270 2916 1324 sicut
2951 1270 3167 1340 primus
3201 1271 3340 1334 dies,
3381 1270 3544 1322 lumi-

1960 1356 2047 1410 nis
2079 1357 2481 1412 institutionem
2523 1359 2754 1428 accepit.
2784 1359 3038 1415 Secundo
3063 1361 3210 1414 enim
3243 1360 3330 1414 die
3359 1362 3544 1413 tit-ma-

1959 1456 2204 1502 mentum
2255 1449 2405 1513 fecit,
2439 1451 2603 1504 tertio
2639 1453 2858 1520 plantas
2884 1463 2938 1505 et
2968 1453 3200 1512 semina.
3237 1465 3291 1507 et
3322 1452 3376 1506 in
3416 1452 3540 1506 aliis

1959 1538 2210 1592 similiter
2239 1539 2366 1604 alia,
2399 1541 2578 1610 primo
2609 1558 2739 1595 vero
2754 1544 2841 1597 die
2875 1544 3046 1598 lucem
3077 1560 3090 1597 :
3127 1546 3538 1598 voeavitautem

1960 1629 2136 1682 lucem
2185 1629 2343 1684 diem.
2388 1629 2520 1686 Jure
2559 1633 2724 1703 igitur
2757 1633 2931 1687 dixit:
2968 1652 2986 1684 ‹
3017 1632 3116 1688 ilic
3137 1642 3220 1687 est
3241 1633 3355 1687 dies
3377 1647 3540 1702 quem

1957 1717 2089 1772 fecit
2119 1718 2386 1774 Dominus
2412 1739 2426 1774 :
2457 1722 2820 1785 exsultemus,
2850 1731 2904 1775 et
2925 1722 3173 1776 laetemur
3203 1722 3367 1784 ineo,
3406 1740 3424 1772 ι
3457 1729 3543 1774 ut-

263 1815 333 1876 ,ὲν
359 1813 417 1865 δὲ
453 1815 519 1883 τῇ
552 1811 743 1883 πρώτη
786 1811 972 1882 ἡμέρα
1004 1811 1066 1864 τὸ
1101 1809 1215 1879 φῶς
1248 1825 1260 1836 ·
1297 1808 1524 1860 ἐκάλεσε
1559 1806 1616 1858 δὲ
1645 1807 1706 1859 τὸ
1743 1806 1847 1876 φῶς

1962 1817 2088 1876 pote
2123 1809 2299 1878 quiin
2342 1810 2462 1879 ipso
2499 1811 2768 1865 bonorum
2808 1811 2985 1865 fontes
3025 1810 3362 1880 accepimus.

276 1902 529 1971 ἡμέραν.
559 1904 804 1966 Εἰκότως
832 1903 1012 1956 τοίνυν
1040 1903 1060 1933 ⁸
1087 1902 1213 1971 ἔφη,
1263 1919 1282 1952 t
1314 1899 1462 1970 Αὕτη
1499 1902 1532 1972 ἡ
1591 1899 1795 1971 ἡμέρα,
1857 1899 1925 1968 ἣν
1962 1901 2217 1970 ἐποίησεν
2247 1903 2274 1954 ό
2325 1901 2551 1973 Κύριος,
2584 1901 3066 1973 άγαλλιασώμεθα,
3099 1904 3192 1956 καὶ
3224 1901 3543 1973 εὐφρανθῶ-

278 2017 378 2071 μεν
423 2001 481 2053 ἐν
506 2001 668 2070 αὐτῇ,
714 2018 731 2051 ι
779 1999 874 2052 ἆτε
925 1999 990 2068 δὴ
1021 2000 1079 2051 ἐν
1108 1999 1244 2068 αὐτῇ
1279 1997 1392 2050 τῶν
1415 1996 1640 2065 ἀγαθῶν
1666 1997 1952 2067 δεξάμενοι
1985 1997 2085 2058 τὰς
2113 1997 2323 2067 πηγάς.

345 2101 449 2148 κε’.
479 2113 498 2144 ι
527 2090 598 2146 Ὦ
625 2092 820 2163 Κύριε,
843 2093 1017 2146 σῶσον
1032 2093 1118 2164 δὴ,
1140 2087 1185 2147 ὦ
1213 2093 1406 2162 Κύριε,
1430 2093 1693 2146 εὐόδωσον
1711 2092 1797 2164 δή.
1830 2112 1847 2143 ι

274 2184 384 2238 Καὶ
416 2187 496 2248 είς
540 2186 632 2238 τὸν
679 2184 871 2238 ἔπειτα
915 2185 1129 2256 χρόνον,
1169 2179 1215 2238 ὧ
1256 2184 1521 2247 Δέσποτα,
1571 2185 1853 2256 παράσχου

273 2277 369 2346 τὴν
423 2278 720 2348 σωτηρίαν,
762 2278 856 2330 καὶ
884 2279 982 2346 τὴν
1010 2278 1145 2349 πρὸς
1181 2278 1240 2331 σὲ
1273 2277 1544 2349 φέρουσαν
1573 2279 1707 2348 ἡμῖν
1735 2277 1855 2331 ὁδὸν

273 2366 501 2438 ποίησον
537 2369 730 2439 ῥᾳδίαν
768 2369 862 2423 καὶ
899 2368 1154 2440 εὔπορον.

344 2467 461 2524 κς¹.
504 2477 523 2510 t
571 2459 954 2531 Εὐλογημένος
995 2462 1024 2513 ό
1053 2462 1346 2532 ἐρχόμενος
1378 2461 1436 2515 ὲν
1469 2461 1695 2531 ὀνόματι
1737 2463 1850 2515 Κυ-

275 2552 414 2620 ρίου.
443 2571 460 2602 ι
487 2551 740 2624 Ταύτην⁷
768 2552 845 2623 τῷ
873 2555 1117 2624 Δεσπότῃ
1146 2554 1243 2624 τὴν
1274 2555 1456 2624 φωνὴν
1475 2554 1570 2606 καὶ
1591 2555 1638 2606 οἱ
1663 2553 1852 2617 παῖδες

271 2643 660 2712 προσήνεγκαν
709 2645 789 2707 είς
833 2645 1058 2714 ἔλεγχον
1103 2644 1212 2696 τῶν
1259 2644 1329 2696 τά
1367 2644 1485 2697 θεῖα
1520 2645 1676 2713 λόγια
1704 2645 1850 2698 διδά-

271 2751 424 2786 σκειν
463 2735 937 2805 ὑπισχνουμένων,
974 2739 1067 2789 καὶ
1119 2740 1220 2806 τὴν
1251 2737 1428 2808 ἀληθῆ
1454 2738 1694 2791 διάνοιαν
1725 2757 1848 2792 συν-

271 2825 402 2878 ιδεῖν
428 2828 489 2878 οὐ
533 2827 895 2896 βουλομένων.
940 2828 1060 2880 Τῶν
1088 2830 1196 2899 γάρ
1226 2832 1599 2900 γραμματέων
1631 2833 1722 2884 καὶ
1743 2833 1851 2886 Φα-

268 2918 500 2986 ρισαίων
550 2919 898 2991 Σαμαρείτην
945 2920 1037 2971 τὸν
1085 2922 1364 2993 Δεσπότην
1403 2921 1845 2986 ἀποκαλούντων,

263 3009 310 3060 οἱ
344 3010 541 3072 παῖδες
569 3011 732 3063 αὐτὸν
762 3007 900 3064 εἶναι
939 3011 1030 3065 τὸν
1071 3015 1364 3083 ἐρχόμενον
1389 3016 1410 3046 ⁸
1436 3018 1530 3069 καὶ
1559 3016 1850 3086 εὐλογημέ-

263 3115 357 3150 νον
414 3098 725 3153 ἀπεκάλουν
752 3102 794 3164 θ,
830 3102 927 3154 καὶ
961 3102 1022 3154 τὸ
1070 3103 1296 3156 Ὡσαννά
1323 3105 1380 3158 δὲ
1406 3106 1606 3174 ὁμοίως
1638 3111 1693 3160 ἐν
1720 3108 1848 3178 τῇδε

262 3193 448 3243 κεῖται
477 3195 545 3262 τῇ
583 3193 891 3263 προφητείᾳ
922 3209 934 3222 ⁸
969 3194 1029 3246 τὸ
1064 3195 1172 3265 γὰρ
1222 3195 1433 3250 σῶσον
1462 3197 1539 3266 δὴ
1585 3200 1850 3254 Ὡσαννὰ

260 3282 422 3351 παρὰ
457 3281 536 3350 τῷ
583 3283 822 3353 Ἑϐραίῳ
873 3284 1124 3352 κείμενον
1168 3286 1422 3357 εὕρομεν.
1467 3289 1746 3343 Ἐντεῦθεν
1791 3291 1847 3344 δὲ

2033 2094 2199 2147 Vens.
2227 2093 2318 2147 25.
2355 2113 2374 2145 t
2411 2093 2454 2148 Ο
2483 2093 2731 2158 Domine,
2769 2094 2979 2149 salvum
3010 2109 3096 2147 me
3112 2092 3217 2158 fac,
3241 2090 3538 2156 oDomine,

1953 2185 2090 2239 bene
2130 2201 2475 2254 prosperare.
2521 2205 2539 2237 ι
2575 2185 2641 2240 Ει
2672 2187 2724 2240 in
2758 2195 3039 2256 posterum
3083 2195 3316 2254 tempus,
3359 2199 3391 2235 ο
3430 2181 3538 2237 Do-

1954 2275 2123 2338 mine,
2172 2275 2406 2329 salutem
2462 2275 2686 2346 largire,
2734 2286 2786 2330 et
2839 2277 2982 2330 viam
3019 2275 3086 2330 ad
3141 2286 3193 2328 te
3245 2275 3536 2328 ducentem

1954 2368 2165 2421 lacilem
2206 2377 2259 2422 et
2286 2369 2592 2437 expeditam
2628 2369 2786 2423 nobis
2810 2367 2915 2422 fac.

2027 2457 2191 2514 Vsus.
2219 2459 2309 2513 26.
2353 2478 2372 2510 t
2409 2460 2737 2514 Benedictus
2777 2461 2872 2527 qui
2905 2461 3050 2513 venit
3089 2460 3142 2512 in
3176 2460 3400 2515 nomine
3431 2459 3538 2513 Do-

1952 2551 2111 2606 mini.
2153 2570 2172 2602 ι
2211 2552 2352 2607 Idem
2389 2554 2554 2608 etiam
2589 2553 2742 2622 pueri
2788 2552 3019 2605 Domino
3046 2553 3326 2618 dixerunt,
3361 2553 3412 2606 in
3453 2568 3537 2605 re-

1950 2644 2370 2714 prehensionem
2411 2661 2601 2699 eorum
2645 2646 2761 2716 qui,
2821 2645 3006 2698 divina
3066 2645 3288 2699 oracula
3337 2645 3536 2701 docere

1951 2737 2288 2806 proﬁtentes,
2344 2739 2626 2792 veritatem
2688 2753 3016 2809 cognoscere
3059 2739 3334 2792 nolebant.
3393 2737 3531 2793 Cum

1949 2835 2094 2888 enim
2143 2833 2351 2889 Scriba:
2385 2844 2442 2888 et
2489 2833 2746 2889 Phariszei
2782 2834 3188 2889 Samaritanuin
3235 2834 3532 2888 Dominum

1949 2931 2307 2999 appellarent,
2349 2931 2502 3000 pueri
2530 2931 2708 3000 ipsum
2739 2945 2862 2985 esse
2889 2931 3193 2985 venientem
3225 2938 3280 2984 et
3309 2930 3535 2985 benedi-

1949 3030 2096 3077 ctum
2129 3024 2386 3077 dicebant
2417 3032 2464 3078 Ρ,
2496 3022 2563 3077 Ει
2590 3039 2694 3077 vox
2747 3023 3007 3078 "osanna
3051 3022 3302 3078 similiter
3342 3024 3398 3078 in
3433 3025 3532 3079 hac

1947 3119 2110 3174 etiam
2129 3120 2520 3175 vaticinatione
2551 3120 2712 3174 inest.
2745 3118 2957 3190 1435
2990 3117 3209 3174 Salvum
3240 3120 3388 3174 enim
3423 3119 3522 3190 fac,
3583 3188 3593 3197 _

1949 3214 2003 3266 in
2036 3212 2264 3269 Hebraeo
2302 3224 2556 3269 contextu
2605 3213 2865 3267 Ilosanna
2908 3214 3143 3282 positum
3196 3213 3528 3268 invenimus.

1954 3307 2090 3362 llinc
2111 3309 2273 3361 etiam
2302 3307 2493 3361 beatus
2515 3305 2754 3361 Joannes
2779 3305 3040 3374 Baptista,
3071 3319 3203 3360 suos
3229 3306 3532 3376 discipulos

259 3371 357 3426 καὶ
395 3375 423 3426 ὁ
456 3375 729 3445 μακάριος
773 3376 1026 3448 Ἰωάννης
1048 3379 1076 3430 ὁ
1108 3377 1418 3451 Βαπτιστὴς
1446 3382 1573 3444 τοὺς
1612 3382 1844 3446 οίκείους

1955 3399 2014 3451 ad
2051 3398 2331 3452 veritatem
2369 3399 2597 3458 ducens,
2630 3411 2724 3465 per
2778 3395 2899 3450 illos
2966 3396 3256 3450 Dotninum
3300 3397 3533 3450 interru-

254 3466 403 3537 πρὸς
433 3466 531 3538 τὴν
559 3468 819 3538 ἀλήθειαν
850 3470 1100 3540 ποδηγῶν
1127 3471 1396 3540 μαθητάς,
1423 3473 1588 3544 ἡρετο
1612 3475 1678 3527 δι’
1704 3475 1846 3529 ἐκεί.

255 3577 368 3612 νων
399 3560 494 3613 τὸν
525 3561 726 3630 Κύριον
748 3578 764 3592 ο
801 3581 820 3614 t
851 3563 922 3616 Σὺ
945 3561 995 3616 ei
1017 3564 1044 3615 ό
1072 3564 1388 3633 ἐρχόμενος,
1406 3565 1644 3637 ἡὲτερον
1675 3585 1846 3637 προσ-

253 3653 548 3724 δοκῶμεν;
589 3673 606 3705 ι
652 3654 857 3726 Κύριος
917 3657 972 3709 δὲ
1003 3641 1100 3722 ὢν»,
1139 3660 1196 3710 ὲν
1224 3658 1450 3728 ὀνόματι
1481 3661 1684 3730 Κυρίου
1717 3662 1843 3732 ἐλή-

254 3745 440 3799 λυθεν.
465 3745 651 3809 Οὕτως
675 3747 733 3800 δὲ
763 3747 866 3818 ἔφη
897 3748 1034 3819 πρὸς
1053 3749 1364 3814 Ἰουδαίους·
1391 3770 1408 3802 ‹
1435 3750 1576 3819 Ἐγὼ
1605 3752 1844 3823 ἐλήλυθα

252 3838 310 3890 ἐν
337 3837 420 3908 τῷ
445 3838 669 3908 ὀνόματι
716 3839 808 3892 τοῦ
857 3841 1071 3912 Πατρός
1129 3860 1228 3912 μου
1256 3842 1334 3914 [η
1363 3844 1455 3896 καὶ
1484 3845 1585 3897 οὐκ
1616 3845 1841 3901 exesus

253 3930 378 4003 με]’
425 3931 650 4003 ἔρχεται
684 3932 844 3996 ἄλλος
887 3937 943 3986 ἐν
973 3935 1052 4005 τῷ
1085 3935 1201 4006 ἰδίῳ
1229 3936 1476 4006 ὀνόματι,
1511 3941 1765 3992 κάκεῖνον
1796 3942 1838 3973 ¹¹

250 4024 524 4094 λήψεσθε.
570 4043 588 4076 ι
613 4027 723 4078 Καὶ
755 4026 1124 4097 εὐλογημένος
1155 4026 1252 4095 ὢν,
1287 4031 1656 4101 εὐλογημένου
1691 4035 1839 4086 ἐστὶν

249 4114 580 4178 υἱός-,ἰοῦτω
608 4117 650 4148 ³³
677 4117 770 4169 καὶ
819 4119 847 4170 ό
885 4119 1179 4187 ἀρχιερεὺς
1208 4120 1390 4191 ἡρετο’
1435 4139 1452 4171 t
1486 4124 1558 4176 Σὺ
1587 4118 1638 4180 εἷ
1663 4125 1690 4176 ὁ
1725 4125 1840 4188 υίὸς

245 4208 347 4261 τοῦ
369 4208 667 4279 εὐλογητοῦ
687 4226 701 4273 ;
722 4229 740 4259 ι
765 4228 860 4260 —t
891 4210 1286 4280 Εὐλογήκαμεν
1307 4213 1449 4282 ὑμᾶς
1476 4215 1535 4280 ἐξ
1555 4216 1704 4270 οἴκου
1723 4218 1839 4270 Κυ-

250 4298 395 4368 ρίου.
439 4318 458 4346 ι
503 4299 690 4352 Ταῦτα
733 4300 984 4368 λέγουσιν
1015 4302 1066 4354 οἱ
1103 4305 1451 4374 νενικηκότες
1482 4309 1594 4370 τοῖς
1625 4308 1838 4361 ἑαυτῶν

247 4387 536 4461 ἐρασταῖς,
589 4393 673 4445 ὅτι
724 4392 816 4445 τοῦ
850 4392 999 4446 λίθου
1048 4394 1238 4448 τούτου
1284 4398 1381 4468 τὴν
1414 4399 1663 4467 εὐλογίαν
1708 4403 1837 4470 ὑμῖν

246 4483 666 4554 προσφέρομεν,
701 4484 760 4548 ὃς
814 4480 963 4548 οἶκος
1019 4489 1240 4556 ἐγένετο
1274 4489 1366 4542 τοῦ
1408 4491 1468 4543 ἐν
1510 4491 1659 4562 αὐτῷ
1698 4493 1833 4546 Θεοῦ

244 4576 429 4644 Λόγου
459 4593 474 4607 ο
520 4596 538 4628 t
591 4578 648 4630 '0
679 4579 788 4649 γάρ
829 4580 1022 4649 Λόγος,
1056 4583 1209 4652 φησὶ,
1265 4581 1401 4654 σάρξ
1455 4585 1691 4653 ἐγένετο,
1742 4587 1836 4638 καὶ

1947 3488 2096 3557 gavit
2131 3508 2143 3542 :
2187 3507 2204 3539 ι
2246 3487 2399 3541 Tune
2436 3503 2517 3551 es,
2546 3488 2638 3556 qui
2670 3496 2935 3541 venturus
2956 3501 3038 3549 es,
3072 3501 3140 3540 an
3165 3487 3332 3540 alium
3367 3502 3532 3557 expe-

1947 3580 2251 3632 ctemustI?
2291 3598 2307 3630 ι
2358 3575 2492 3632 Cum
2531 3583 2710 3630 autem
2748 3576 2820 3630 sit
2871 3574 3158 3640 Dominus,
3209 3576 3263 3629 in
3309 3577 3532 3630 nomine

1946 3671 2164 3726 Domini
2189 3673 2355 3725 venit.
2391 3671 2483 3725 Sic
2514 3685 2680 3740 porro
2713 3667 2922 3724 Iudaeis
2943 3669 3082 3724 dixit
3109 3689 3122 3724 :
3159 3688 3176 3720 ι
3198 3668 3310 3737 Ego
3329 3670 3448 3722 veni
3474 3671 3527 3722 in

1944 3763 2166 3817 nomine
2187 3761 2366 3817 Patris
2409 3763 2537 3827 mei,
2573 3761 2690 3832 [sed
2727 3777 2834 3814 non
2873 3761 3159 3830 recepistis
3198 3759 3356 3831 me;]
3385 3759 3530 3814 venit

1943 3856 2086 3909 alius
2107 3857 2160 3908 in
2199 3870 2300 3908 suo
2332 3855 2575 3916 nomine,
2604 3865 2657 3907 et
2691 3852 2840 3905 illum
2870 3851 3148 3922 accipietis
3178 3862 3222 3906 τ.
3267 3870 3286 3903 ι
3315 3853 3380 3905 Ισὶι
3400 3867 3524 3906 cum

1943 3948 2015 4001 sit
2037 3947 2373 4007 benedictus.
2401 3945 2671 4001 benedicti
2697 3954 2782 4000 est
2806 3944 2973 3998 tilius.
3005 3944 3270 3998 Similiter
3300 3954 3355 3998 et
3386 3961 3526 4012 pou-

1943 4037 2072 4093 tifex
2115 4038 2470 4108 interrogavit
2503 4057 2516 4093 :
2552 4056 2570 4088 ι
2617 4036 2776 4091 Tune
2809 4052 2869 4092 es
2901 4036 3046 4090 filius
3087 4037 3356 4090 benedicti
3391 4038 3460 4090 οἳ
3498 4056 3518 4088 ι

1940 4159 2008 4170 -
2037 4149 2056 4182 ι
2082 4130 2474 4185 Benediximus
2505 4130 2662 4185 vobis
2694 4130 2762 4186 de
2787 4130 2948 4184 domo
2981 4128 3219 4182 Domini.
3252 4148 3269 4180 ι
3299 4129 3522 4182 Ha:ch-

1940 4234 2074 4277 cuut
2103 4223 2297 4278 amicis
2327 4222 2442 4278 suis
2467 4225 2561 4292 qui
2595 4223 2881 4278 victoriam
2928 4222 3112 4291 adepti
3153 4229 3302 4282 sunt,
3346 4221 3523 4290 llujus

1939 4316 2136 4385 lapidis
2177 4315 2612 4371 benedictionem
2647 4314 2806 4369 vobis
2854 4312 3156 4379 aﬂerimus,
3199 4314 3290 4379 qui
3324 4312 3522 4366 domus

1939 4407 2117 4463 factus
2144 4417 2229 4463 est
2259 4407 2350 4463 Dei
2385 4406 2569 4474 Verbi,
2593 4408 2737 4477 quod
2772 4410 2787 4429 ‘
2821 4408 2875 4460 in
2910 4422 2972 4460 ea
3008 4406 3291 4466 habitavit,
3325 4423 3344 4455 ι
3383 4403 3516 4456 Ver-

1939 4502 2067 4556 bum
2100 4503 2268 4566 enim,
2311 4502 2510 4572 inquit,
2542 4516 2671 4555 caro
2711 4500 2915 4554 factum
2945 4508 3048 4565 est,
3083 4509 3136 4552 ct
3165 4497 3430 4551 habitavit
3463 4498 3516 4549 in

1938 4592 2096 4646 nobis
2128 4593 2166 4646 ί.
2191 4611 2208 4642 ι
2248 4591 2312 4644 Ει
2343 4591 2606 4644 Dominus
2640 4589 2842 4643 ιιιὸιιεὶε
2871 4589 3007 4642 dixit
3037 4607 3048 4640 :
3086 4606 3102 4638 t
3142 4587 3345 4641 Solvite
3381 4595 3517 4639 tem-

242 4669 571 4738 ἐσκήνωσεν
604 4671 662 4722 ὲν
691 4672 842 4741 ἡμῖν.
877 4691 895 4724 ι
934 4674 1042 4726 Καὶ
1071 4676 1098 4724 ό
1129 4675 1331 4745 Κύριος
1370 4676 1508 4746 πρὸς
1542 4675 1832 4741 Ἰουδαίους

1955 4684 2082 4739 ilum
2120 4683 2246 4751 hoc,
2273 4695 2328 4738 et
2357 4684 2411 4738 in
2452 4684 2624 4738 tribus
2659 4681 2852 4736 diebus
2883 4680 3136 4736 excitabo
3166 4679 3298 4733 illud
3322 4686 3371 4732 ιι.
3411 4697 3432 4730 ι

243 4756 354 4825 ἔφη
386 4771 400 4784 ’
466 4775 485 4805 t
524 4756 734 4810 Λύσατε
763 4760 854 4813 τὸν
886 4761 1009 4813 ναὸν
1030 4761 1240 4828 τοῦτον,
1275 4763 1367 4817 καὶ
1397 4765 1454 4819 ἐν
1482 4765 1662 4836 τρισὶν
1693 4766 1831 4835 ἡμέ-

245 4863 376 4918 ραις
401 4847 580 4917 ἐγερῶ
603 4850 784 4904 αὐτόν.
827 4870 844 4902 ι

313 4936 426 5000 κζ’.
476 4958 492 4988 t
529 4939 661 5002 Θεὸς
688 4941 913 5012 Κύριος,
949 4945 1043 4997 καὶ
1071 4947 1344 5016 ὲπέφανεν
1375 4950 1528 5019 ἡμῖν.
1568 4969 1587 5001 ι
1632 4949 1828 5019 Σαφῶς

2007 4945 2174 4999 Vsus.
2213 4947 2303 4998 '27.
2342 4962 2361 4996 ι
2397 4944 2538 5000 Deus
2562 4943 2826 4998 Dominus
2854 4951 2959 5009 est,
2988 4951 3042 4998 et
3069 4941 3248 4997 illuxit
3279 4941 3461 4996 nobis.
3486 4958 3506 4990 ι

241 5028 606 5100 ἐθεο).όγησεν
629 5031 860 5087 ἐνταῦθα
889 5035 979 5090 τὸν
1007 5039 1288 5110 Δεσπότην
1310 5040 1566 5108 Χριστόν.
1598 5042 1694 5093 “Ov
1717 5040 1825 5110 γάρ

1955 5037 2222 5093 manifesto
2264 5039 2370 5094 hoc
2409 5039 2461 5092 in
2505 5038 2629 5092 loco
2671 5037 2964 5092 Dominum
3003 5035 3283 5090 Christum
3338 5033 3506 5088 Deum

241 5122 512 5177 ἐκάλεσεν
537 5124 856 5188 ἀνωλίθον,
889 5129 984 5181 καὶ
1017 5129 1154 5199 μετὰ
1184 5131 1358 5184 ταῦτα
1390 5133 1820 5202 εὐλογημένον,

314 5311 348 5351 Ρ
379 5299 575 5357 Matth.
611 5319 722 5367 xxi,
756 5307 809 5361 9.
882 5318 912 5358 (ι
942 5307 1131 5363 Matth.
1169 5324 1248 5374 ιι,
1279 5309 1333 5364 5.
1409 5319 1433 5348 ι’
1465 5307 1625 5366 Joan.
1660 5328 1716 5376 v.
1749 5312 1840 5368 45.

1977 5309 2142 5368 Marc.
2179 5328 2290 5375 xw,
2321 5311 2410 5367 6|.

1931 5147 2058 5189 esse
2091 5132 2411 5187 declaravit.
2460 5129 2634 5197 Quem
2669 5131 2814 5186 enim
2851 5127 3107 5200 superius
3146 5127 3378 5195 lapidem
3409 5141 3506 5178 vo-

2496 5315 2511 5345 ι
2551 5309 2712 5366 Joan.
2747 5327 2786 5377 ι,
2825 5309 2915 5367 14.
2995 5315 3023 5344 υ
3051 5305 3216 5365 Joau.
3249 5322 3308 5373 ιι,
3343 5304 3429 5360 19.

1261 5449 1291 5478 ⁸
1331 5467 1567 5524 γΑιιιίΕ
1605 5469 1991 5526 LEC'l'lONES
2040 5470 2128 5525 ET
2168 5471 2402 5528 ΝοΤιΕ.

301 5597 332 5672 ξ
549 5597 672 5653 cod.
709 5599 733 5672 1
767 5600 880 5656 καί.
958 5600 1193 5672 {Aemi
1239 5604 1468 5660 τοίνυν.
1508 5605 1582 5661 ib.
1615 5605 1731 5660 νῦν.

1835 5608 1856 5640 ⁵
1887 5610 2052 5662 Δευτ.
2086 5608 2160 5663 ib.
2231 5607 2482 5678 sequitur
2512 5608 2591 5676 ἡμ

237 5667 936 5749 ξγαύτηνρτεῦρομεν.
990 5671 1120 5749 Haec
1147 5667 1445 5749 heo_do_ro
1491 5677 1809 5749 tribuuntur

1958 5680 1988 5732 d
2029 5678 2193 5749 Cord.
2240 5679 2276 5732 Ι.
2311 5667 2376 5733 ὀ.

2825 5608 2846 5638 ⁸
2885 5606 3118 5661 Τοίνυν.
3146 5605 3265 5660 eod.
3300 5603 3348 5656 1.
3379 5602 3498 5659 νῦν.

2595 5607 2718 5679 ἐρα.
2825 5608 2846 5638 ⁸
2885 5607 3118 5661 Τοίνυν.
3146 5607 3265 5660 eod.
3300 5607 3348 5656 Ι.
3379 5607 3498 5659 νῦν.

2595 5678 2641 5733 1.
2687 5747 2692 5748 ν
2722 5678 2752 5748 7⁸
2790 5679 2952 5748 Ἐρχ.
2979 5677 3101 5733 cod.
3133 5679 3154 5731 1
3190 5674 3314 5729 add.
3353 5673 3502 5743 ὠμο-

2429 5694 2484 5747 p.
2517 5678 2641 5747 561.

249 5735 491 5807 ὶόγουνζ
547 5741 568 5772 ⁹
593 5735 1000 5797 ἱῢὶιιίὲκάλουν.
1081 5744 1123 5774 ¹⁰
1145 5741 1186 5796 Ε
1209 5743 1331 5800 cod.
1367 5746 1415 5798 1.
1499 5747 1537 5778 ¹¹
1566 5746 1640 5800 ib.
1670 5749 1843 5801 ἐκεῖνο

1976 5750 2017 5783 ¹²
2050 5748 2216 5803 Οὕτω
2241 5735 2478 5815 -υίόξκ
2510 5746 2632 5804 Des.
2663 5747 2788 5803 ibid.
