3996 6488
253 315 394 384 ιεει

1572 335 1656 396 ΙΝ
1707 337 1913 397 PSAL.
1964 337 2237 402 CXVIII.

3406 341 3542 417 .3829

249 444 363 534 τὴν
408 443 722 534 πρακτικὴν
753 443 1131 534 ἀρετήιθέάούκ
1153 450 1347 519 ἀμελεῖ
1378 451 1433 504 δὲ
1458 451 1578 505 οὐδὲ
1611 453 1714 521 τῆς
1741 453 1838 507 τῶι

1954 456 2108 527 gligit
2146 465 2328 512 tamen
2379 457 2696 528 dogmatum
2746 457 3142 525 sinceritatem,
3194 458 3288 514 sed
3341 461 3538 515 horum

248 528 550 602 δογμάτων
589 535 879 605 ἀκριϐείας
911 553 926 568 °
964 528 1102 593 ἀλλὰ
1143 543 1266 604 ταῖς
1289 541 1510 612 ⁴ἠθικαῖς
1541 543 1850 620 ὑποθήκαις

1953 563 2174 618 quoque
2211 549 2516 605 doctrinam
2559 551 2805 621 adjuugit
2842 553 3126 621 praeceptis
3165 552 3232 606 de
3261 551 3537 608 moribus.

248 625 359 679 καὶ
410 625 510 696 τὴν
563 629 694 700 περὶ
739 628 946 684 τούτων
980 631 1332 688 διδασκαλίαν
1364 627 1737 717 προστίθησι
1763 637 1838 701 Ὠς

1955 638 2134 697 Pote5t
2161 641 2348 713 itaque
2382 644 2468 698 hic
2497 644 2742 713 psalmus
2768 654 2820 698 et
2851 644 3140 715 exquisitae
3163 644 3387 699 virtutis
3418 651 3538 698 stu-

247 715 453 786 ἀρκεῖν
483 718 674 773 τοῦτον
708 720 800 774 τὸν
819 722 1057 792 ψαλμὸν,
1085 727 1180 779 καλ⁵
1202 728 1329 802 τρὺς
1354 730 1453 799 τῆς
1484 715 1703 794 τελείας
1712 715 1850 801 ἀρε-ἶ

246 809 361 878 τῆς
390 810 713 881 ἐφιεμένους
735 814 794 868 ὲν
817 815 954 887 αὐτῇ
980 817 1289 886 τελειῶσαι,
1317 819 1411 872 καὶ
1438 819 1566 884 τοὺς
1593 822 1848 895 ῥᾳστώνῃ

249 902 537 968 συζῶντας
594 907 731 977 πρὸς
783 910 1024 977 σπουδὴν
1056 911 1342 983 διεγεῖραι,
1377 913 1473 965 καὶ
1505 912 1848 984 ψυχαγωγῆ-

250 1007 354 1046 σαι
405 995 536 1056 τοὺς
582 995 951 1067 ἀθυμοῦντας,
986 999 1080 1055 καὶ
1132 999 1395 1071 ῥυθμῖσαι
1445 1002 1492 1033 ³⁸
1525 1002 1652 1065 τοὺς
1679 1004 1848 1074 ῥᾳθυ-

250 1082 516 1152 μοῦντας,
550 1086 644 1140 καὶ
669 1087 1010 1154 ἁπαξαπλῶς
1047 1092 1397 1164 παντοδαπὴν
1423 1093 1723 1162 θεραπείαν
1757 1096 1844 1146 ὲν-

246 1173 432 1230 θεῖναι
465 1179 580 1240 τοῖς
631 1180 902 1244 ποικίλοις
934 1181 1044 1234 τῶν
1077 1181 1381 1254 ἀνθρώπων
1426 1185 1745 1254 παθήμασιν
1773 1185 1838 1240 ’⁸.

328 1264 398 1321 α’.
446 1285 464 1317 ι
511 1267 788 1339 Μακάριοι
839 1272 888 1324 oi
921 1271 1152 1342 ἄμωμοι
1202 1275 1260 1326 ὲν
1291 1273 1413 1345 ὁδῷ.
1471 1294 1490 1327 ι
1531 1275 1840 1348 Μακαρίζει

245 1357 383 1420 τοὺς
414 1357 518 1430 τὴν
539 1357 827 1433 βασιλικὴν
851 1363 970 1416 ὁδὸν
997 1363 1279 1428 ὁδεύοντας
1310 1367 1354 1397 ²⁷
1383 1367 1644 1431 ἀκλινῶς,
1678 1369 1772 1421 καὶ
1795 1369 1842 1401 ³⁸

250 1448 397 1522 μήτε
425 1449 598 1522 δεξιᾷ,
630 1457 766 1525 μήτε
817 1455 1083 1528 ἀριστερᾷ
1112 1457 1255 1510 κατὰ
1295 1457 1397 1522 τὰς
1429 1460 1714 1530 ὑποθήκας
1741 1461 1837 1515 τοῦ

244 1539 421 1608 νόμου
455 1544 932 1613 παρατραπέντας.
969 1547 1125 1608 Τίνες
1159 1549 1216 1602 δὲ
1241 1543 1384 1603 οῦτοι
1409 1549 1676 1604 διδάσκειο
1720 1569 1738 1601 ι
1772 1552 1836 1604 Ol

245 1632 614 1702 πορευόμενοι
648 1636 708 1686 ὲν
756 1637 908 1708 νόμῳ
953 1640 1182 1710 Κυρίου.
1221 1661 1240 1693 ι
1295 1642 1359 1695 Ol
1391 1642 1500 1715 γὰρ
1535 1643 1676 1696 κατά
1708 1644 1834 1698 τού-

244 1745 380 1792 τους
432 1728 840 1814 πολιτευόμενοι
872 1734 933 1787 τὺ
962 1734 1195 1805 ἄμωμον
1234 1736 1469 1807 ἔχουσιν.
1513 1738 1688 1792 Ὀδὸν
1726 1739 1832 1810 γὰρ

1949 732 2137 789 diosos
2179 734 2232 789 in
2279 735 2395 805 ipsa
2443 737 2723 806 perlicere,
2769 746 2824 792 et
2872 738 3108 807 segniter
3171 737 3414 791 viventes
3467 735 3536 789 ad

1949 825 2190 880 studium
2232 829 2551 892 accendere,
2586 839 2640 883 et
2668 841 2965 885 mterentes
3007 843 3274 894 recreare,
3324 837 3376 882 et
3409 843 3534 883 cor-

1949 915 2124 986 rigere
2156 916 2359 986 pigros,
2393 928 2463 984 et,
2501 927 2559 974 ut
2591 935 2699 974 uno
2732 921 2898 974 verbo
2940 918 3145 984 dicam,
3170 918 3409 973 universi
3441 934 3536 987 ge-

1949 1002 2096 1058 neris
2147 1003 2473 1059 medicinam
2525 1007 2694 1062 variis
2755 1007 3040 1062 hominum
3112 1005 3324 1062 morbis
3376 1006 3534 1061 adhi-

1947 1093 2096 1149 bere.

2018 1260 2182 1318 Vens.
2227 1264 2280 1318 l.
2326 1283 2345 1317 ι
2383 1264 2534 1320 Beati
2573 1267 2909 1324 immaculati
2949 1267 3003 1322 in
3049 1269 3157 1323 via.
3198 1287 3216 1319 ι
3271 1269 3380 1322 Eos
3407 1267 3531 1321 bea-

1945 1367 2024 1408 tos
2059 1371 2180 1411 esse
2211 1357 2309 1424 ait,
2345 1357 2442 1428 qui
2491 1358 2547 1413 in
2590 1361 2736 1428 regia
2784 1361 3047 1416 incedunt
3080 1362 3185 1422 via,
3223 1375 3331 1415 non
3361 1359 3528 1414 delle-

1942 1455 2172 1510 ctentes,
2217 1463 2320 1504 nec
2349 1450 2700 1506 dextrorsum
2734 1469 2908 1521 neque
2933 1455 3338 1514 sinistrorsum,
3387 1453 3524 1521 legis

1942 1547 2212 1608 przecepta
2251 1543 2740 1611 transgredientes.
2789 1545 3026 1610 Quinam
3064 1553 3246 1600 autem
3281 1544 3391 1599 sint
3445 1545 3524 1609 hi,

1940 1630 2126 1685 docet:
2161 1649 2180 1682 ι
2217 1631 2321 1697 Qui
2352 1634 2634 1690 ambulant
2673 1635 2725 1689 in
2759 1636 2874 1705 lege
2907 1637 3144 1693 Domini.
3189 1657 3206 1689 ι
3243 1637 3344 1703 Qui
3377 1636 3524 1690 enim

1939 1723 2242 1776 secundum
2298 1723 2440 1778 hanc
2487 1725 2696 1790 vivunt,
2746 1727 3073 1796 reprehendi
3121 1727 3343 1781 minime
3393 1741 3526 1796 pos-

245 1819 346 1874 τὸν
393 1819 508 1890 βίον
559 1821 734 1877 καλεῖ.
767 1823 966 1881 Τοῦτον
999 1827 1106 1899 γὰρ
1131 1829 1191 1896 ἐξ
1223 1827 1433 1883 ὠδίνων
1467 1831 1511 1862 ’⁸
1545 1830 1709 1902 μέχρι
1737 1848 1833 1884 ta.-

1948 1823 2081 1868 sunt.
2107 1813 2261 1868 Viam
2295 1816 2438 1870 enim
2476 1816 2636 1872 vitam
2669 1827 2830 1872 vocat
2860 1835 2874 1885 ;
2912 1819 2964 1872 in
2999 1819 3100 1874 hac
3130 1820 3275 1874 enim
3306 1835 3335 1873 a
3367 1826 3524 1890 partu

246 1914 363 1986 φῆς
390 1917 437 1949 ³⁰
463 1915 776 1988 διοδεύομεν
806 1918 1064 1986 ἅπαντες.

326 2009 392 2080 β’.
441 2029 460 2064 ι
507 2011 787 2082 Μακάριοι
841 2015 890 2066 οί
935 1994 1329 2086 ἐξερευνῶντες
1364 2016 1406 2048 ³¹
1439 2015 1510 2070 τὰ
1557 2015 1836 2088 μαρτύρια

245 2100 441 2168 αὐτοῦ,
483 2103 544 2157 ὲν
591 2103 689 2176 ὅλῃ
744 2104 945 2178 καρδίᾳ
996 2107 1394 2177 ἐκζητήσουσιν
1438 2107 1621 2163 αὐτόν.
1660 2126 1678 2159 ι
1723 2109 1838 2162 Καὶ

245 2193 341 2247 τὸν
377 2194 568 2264 ὃγδοον
611 2195 657 2228 ³⁸
701 2199 795 2250 καὶ
817 2198 1043 2252 δέκατον
1079 2182 1293 2271 ψαλμὸν
1332 2199 1733 2271 ἑρμηνεύοντες
1758 2202 1837 2253 εί-

252 2287 502 2357 ρὴκαμεν
524 2288 630 2342 τίνι
659 2289 911 2363 διαφέρει
955 2291 1140 2363 νόμος,
1173 2294 1268 2347 καὶ
1300 2294 1600 2366 μαρτύρια,
1634 2297 1727 2348 καὶ
1762 2295 1840 2347 δι-

247 2380 570 2452 καιώματα,
610 2383 704 2436 καὶ
737 2384 1001 2455 κρίματα,
1041 2386 1134 2439 καὶ
1167 2386 1379 2440 ἐντολαί
1407 2405 1419 2417 ·
1450 2385 1836 2456 ἀναμνήσομεν
1933 2367 2164 2437 Ῑυδίθίθο
2217 2378 2272 2424 ει
2325 2369 2578 2424 η¹ί¹¹¹δ³ί³⁵
2624 2389 2636 2425 ε

246 2469 308 2525 δὲ
334 2472 488 2541 ὅμως
521 2475 580 2527 ἐν
614 2475 898 2546 κεφαλαίῳ
922 2475 1033 2529 τῶν
1066 2479 1396 2547 εἰρημένων.
1428 2479 1632 2545 Νόιιον
1660 2480 1832 2544 καλεῖ,

245 2563 340 2615 τὸν
371 2566 480 2618 ὑπὸ
507 2565 604 2619 τοῦ
627 2567 763 2620 Θεοῦ
788 2568 897 2621 τῶν
925 2569 1062 2623 ὅλων
1084 2569 1172 2622 διὰ
1194 2570 1289 2624 τοῦ
1315 2571 1606 2624 θεσπεσίου
1633 2569 1833 2624 Μωσοῦ

245 2653 554 2723 δεδομένον.
594 2657 881 2726 Ἐντολὰς
900 2660 956 2713 δὲ
989 2661 1084 2714 καὶ
1111 2660 1538 2736 προστᾴγματα
1564 2663 1724 2716 πάλιν
1743 2663 1835 2715 τὸν

245 2745 434 2808 αὑτὸν,
473 2746 550 2810 ὡς
583 2747 883 2818 βασιλικῶς
927 2750 1254 2804 ὲνταλθέντα
1281 2753 1374 2804 καὶ
1405 2753 1833 2822 προσταχθέντα.

245 2835 626 2905 Δικαιώματα
649 2839 715 2905 ³³,
742 2839 817 2903 ὡς
842 2839 1091 2894 δικαιοῦν
1113 2842 1158 2874 ³¹⁵
1178 2843 1268 2894 τὸν
1292 2842 1666 2915 κατορθοῦντα
1689 2844 1731 2875 ³⁵
1747 2845 1837 2897 δυ-

245 2927 508 2997 νάμενον.
553 2931 819 3000 Κρίματα
857 2933 912 2988 δὲ
959 2934 1034 2998 ῶς
1081 2936 1180 2998 τὰς
1228 2935 1380 3000 θείας
1430 2937 1647 3004 ψήφους
1699 2937 1834 2990 ὑπο-

245 3020 557 3085 δεικνύντα,
594 3025 689 3076 καὶ
717 3023 818 3090 τὰς
844 3025 1001 3090 ἀξίας
1032 3027 1330 3092 ἀντιδόσεις
1362 3028 1470 3081 τῶν
1499 3046 1560 3081 τε
1589 3029 1834 3099 ἐννόμως

245 3115 342 3166 καὶ¹
357 3115 710 3224 ’παρανόμως
745 3117 1026 3189 βιούντων.
1053 3122 1357 3190 Μαρτύρια
1381 3122 1458 3184 δὲ,
1499 3121 1574 3186 ὡς
1599 3125 1831 3193 διαμαρ-
1859 3167 1900 3224 c

245 3204 569 3276 τυρόμενον,
636 3208 732 3260 καὶ
783 3208 1090 3270 δεικνύντα,
1145 3212 1288 3274 οἵαις
1359 3210 1830 3281 ὑποϐληθήσονται

242 3295 542 3365 τιμωρίαις
588 3298 637 3350 oi
682 3299 1141 3368 παραδαίνοντες.
1188 3302 1500 3372 Μακαρίζει
1535 3301 1714 3356 τοίνυν
1741 3302 1837 3356 καὶ

244 3387 488 3442 δνταῦθα
516 3391 642 3454 τοὺς
674 3390 742 3445 τὰ
771 3392 1049 3464 μαρτύρια
1080 3393 1174 3446 τοῦ
1214 3393 1350 3447 Θεοῦ
1382 3395 1649 3462 διηνεκῶς
1675 3397 1832 3467 ἐρευ-

244 3480 478 3546 νῶντας,
506 3483 601 3535 καὶ
633 3484 690 3535 ὲν
715 3483 811 3555 ὅλῃ
832 3485 1032 3557 καρδίᾳ
1060 3485 1152 3538 τὸν
1184 3486 1315 3539 Θεὸν
1355 3487 1744 3557 ὲκζητοῦντας
1770 3488 1834 3550 ⁸ού

247 3574 454 3638 παντὸς
489 3575 546 3627 δὲ
575 3574 750 3636 τοῦτο,
777 3576 912 3630 ἀλλά
942 3577 1036 3630 τοῦ
1067 3577 1165 3649 τὴν
1190 3580 1438 3649 κορυφὴν
1469 3579 1688 3650 αύτὴν³⁶
1711 3597 1835 3634 κατ’

243 3665 532 3734 ειληφότος
585 3667 685 3737 τῆς
743 3668 966 3738 ἀρετῆς.
1005 3670 1062 3723 '0
1092 3671 1201 3741 γὰρ
1247 3670 1486 3734 τοιοῦτος
1528 3672 1586 3724 οὐ
1625 3672 1838 3742 μερίζει

241 3756 344 3829 τὴν
377 3757 620 3811 διάνοιαν
653 3759 754 3822 είς,
785 3759 916 3812 Θεὸν
941 3762 1035 3814 καὶ
1064 3761 1354 3832 φροντίδας
1379 3762 1660 3834 βιωτικὰς,
1702 3764 1837 3818 ἀλλὰ

243 3849 365 3903 ὅλον
390 3849 584 3903 ἑαυτὸν
613 3849 900 3922 ἀνατίθησι
931 3852 1008 3922 τῷ
1033 3852 1174 3922 Θεῷ.

311 4034 386 4095 γ’.
435 4047 455 4078 ι
493 4027 565 4080 Οὐ
597 4029 702 4100 γὰρ
735 4031 784 4082 οἱ
837 4030 881 4063 ³⁷
933 4031 1296 4102 ἐργαζόμενοι
1334 4032 1432 4103 τὴν
1486 4033 1740 4103 ἀνομίαν,
1777 4035 1834 4086 ἐν

243 4121 362 4182 ταῖς
395 4119 537 4182 ὁδοῖς
569 4119 736 4173 αὐτοῦ
761 4121 1160 4194 ἐπορεύθησαν.
1193 4143 1212 4175 ι
1259 4124 1372 4193 Τὴν
1405 4124 1670 4195 διαίρεσιν
1703 4126 1839 4178 ταύ‹

244 4227 345 4281 την
410 4211 680 4282 πεποίηκε
717 4213 811 4267 καὶ
843 4215 904 4266 ἐν
947 4214 1026 4284 τῷ
1072 4214 1275 4287 πρώτω
1317 4215 1541 4286 ψαλμῷ.
1582 4218 1693 4270 Καὶ
1723 4218 1832 4290 γὰρ

246 4305 366 4356 ἐκεῖ
436 4306 750 4374 μακαρίσας
801 4306 894 4358 τὸν
944 4308 1003 4359 ὲν
1061 4309 1214 4378 νόμῳ.
1255 4309 1461 4380 Κυρίου
1521 4309 1835 4379 μελετῶντα

245 4392 354 4461 mle
367 4409 469 4462 ρας
485 4393 581 4447 καλ⁷
606 4392 810 4457 νύκτας
830 4394 896 4460 ³³,
928 4395 1023 4448 καὶ
1051 4396 1143 4449 τὸν
1171 4397 1269 4462 τῆς
1299 4397 1530 4467 μελέτης
1555 4398 1835 4465 ἐπιδείξας

1941 1919 2117 1973 usque
2167 1905 2234 1959 ad
2286 1907 2598 1975 sepulcrum
2627 1923 2816 1962 omnes
2843 1908 3168 1963 incedimus.

2014 1995 2231 2068 1438
2259 1996 2428 2053 Vens.
2468 1998 2523 2052 2.
2575 2017 2592 2050 ι
2631 1997 2774 2053 Beati
2802 2001 2893 2069 qui
2927 2010 3247 2056 scrutantur
3277 1999 3524 2056 testimo-

1940 2089 2031 2144 nia
2069 2090 2212 2160 ejus,
2247 2099 2360 2145 toto
2397 2090 2562 2146 corde
2589 2093 2892 2162 exquirunt
2924 2109 3071 2148 cum.
3104 2114 3122 2148 ι
3156 2095 3220 2148 Et
3248 2093 3522 2150 decimum

1939 2191 2192 2236 octavum
2239 2183 2599 2254 explanantes
2645 2185 2935 2254 psalmum,
2989 2185 3256 2250 diximus,
3307 2186 3363 2241 in
3410 2201 3521 2256 quo

1941 2273 2198 2329 dill‘erant
2230 2275 2313 2330 lex
2355 2285 2410 2330 et
2461 2277 2860 2342 testimonium,
2891 2287 2944 2332 et
2968 2279 3413 2347 justiﬁcationes,
3466 2287 3522 2332 ct

2686 2381 2863 2425 tamen
2915 2372 3228 2427 summatim
3282 2389 3343 2427 ea
3399 2388 3521 2442 qua:

1939 2461 2082 2514 dit-ta
2108 2470 2238 2515 sunt
2276 2462 2329 2516 in
2359 2465 2678 2523 memoriam
2710 2465 3106 2520 revocabimus.
3133 2463 3322 2535 Legem
3343 2474 3518 2527 Vocat,

1938 2552 2008 2606 ab
2050 2553 2431 2608 universorum
2487 2554 2597 2609 Deo
2650 2571 2743 2624 per
2790 2556 3032 2610 divinum
3083 2556 3266 2612 Mosen
3313 2557 3516 2612 datam.

1939 2643 2203 2698 Mandata
2253 2661 2384 2700 vero
2438 2655 2492 2700 et
2550 2660 2813 2716 pra’cepta
2873 2665 3067 2704 rursus
3118 2659 3275 2703 vocat
3325 2649 3518 2719 legem,

1940 2750 2197 2806 tanquam
2233 2739 2384 2808 regio
2420 2755 2573 2793 mure
2603 2740 2819 2808 ab’ipso
2861 2740 3162 2809 injunrtam
3199 2751 3251 2794 et
3280 2741 3519 2810 impera-

1939 2838 2068 2884 tam.
2113 2829 2564 2899 Justi/icutiones,
2605 2843 2662 2885 ut
2695 2849 2816 2901 quae
2848 2845 2992 2888 recte
3025 2843 3274 2904 agentem
3307 2833 3519 2902 justum

1938 2921 2167 2978 reddere
2219 2932 2422 2993 potest.
2473 2922 2691 2978 Iudicia
2741 2935 2946 2992 autem,
2999 2934 3260 2996 tanquam
3310 2925 3524 2980 divinas

1936 3016 2236 3070 sententias
2280 3017 2678 3078 ostendentem,
2744 3025 2798 3071 et
2847 3018 3010 3088 digna
3064 3018 3288 3087 praemia
3331 3032 3521 3072 eorum

1938 3109 2030 3176 qui
2064 3109 2365 3163 secundum
2400 3109 2594 3180 legem,
2631 3119 2684 3164 et
2722 3127 2908 3165 eorum
2957 3113 3052 3180 qui
3091 3111 3279 3178 inique
3307 3112 3518 3166 vivunt.

1941 3197 2265 3254 'I'estimonia
2297 3217 2444 3265 vero,
2479 3211 2537 3255 ut
2581 3210 2998 3266 contestantem,
3044 3212 3097 3256 et
3141 3202 3522 3257 dcmonstran-

1939 3307 2068 3364 tem,
2093 3298 2291 3366 quibus
2321 3299 2601 3368 suppliciis
2629 3299 2858 3354 obnoxii
2887 3299 2998 3355 sint
3065 3299 3159 3370 qui
3193 3315 3314 3354 eam
3344 3306 3524 3354 trans-
3567 3328 3576 3331 -

1940 3392 2287 3461 gradiuntur.
2358 3390 2552 3446 Beatos
2610 3392 2775 3461 igitur
2844 3392 3008 3447 etiam
3061 3392 3148 3447 hic
3204 3408 3329 3448 esse
3391 3393 3524 3448 dicit

1939 3499 2034 3538 cos
2087 3485 2181 3554 qui
2253 3484 2344 3538 Dei
2400 3485 2713 3539 testimonia
2774 3485 3036 3540 continue
3081 3494 3420 3552 scrutantur,
3468 3494 3525 3540 et

1942 3584 2055 3629 toto
2094 3575 2258 3630 corde
2296 3575 2462 3629 Deum
2498 3582 2769 3645 quaerunt.
2825 3574 2942 3630 Non
2993 3577 3288 3645 cujuslibet
3337 3584 3519 3630 autem

1939 3668 2170 3730 esthoc,
2201 3667 2294 3722 sed
2319 3666 2438 3736 ejus
2461 3667 2553 3735 qui
2585 3666 2801 3721 virtutis
2829 3665 3105 3736 fastigium
3134 3666 3519 3735 apprehendit:

1939 3761 2068 3831 quia
2107 3761 2422 3829 hujusmodi
2452 3760 2617 3814 homo
2651 3770 2886 3813 mentem
2921 3774 3076 3814 suam
3105 3761 3156 3812 in
3191 3758 3358 3812 Deum
3388 3760 3518 3813 etin

1940 3855 2136 3909 inanes
2168 3854 2293 3908 vita:
2337 3867 2500 3907 curas
2543 3869 2650 3906 non
2691 3852 2951 3922 partitur,
2981 3851 3077 3907 sed
3106 3861 3284 3906 totum
3312 3867 3371 3906 se
3411 3851 3522 3905 Deo

1939 3956 2248 4002 consecrat.

2010 4037 2212 4093 'Vens.
2257 4039 2310 4091 5.
2359 4056 2377 4089 ι
2415 4036 2532 4091 Non
2577 4037 2719 4092 enim
2769 4037 2863 4106 qui
2911 4044 3210 4105 operantur
3257 4034 3521 4103 iniquita-

1940 4142 2072 4195 tem,
2103 4131 2156 4185 in
2184 4129 2292 4184 viis
2324 4128 2448 4199 ejus
2477 4128 2919 4182 ambulaverunt.
2958 4145 2976 4178 ι
3013 4125 3167 4180 Hanc
3193 4123 3519 4178 divisionem

1939 4227 2103 4280 etiam
2133 4225 2187 4279 in
2217 4224 2397 4294 primo
2423 4221 2636 4291 psalmo
2670 4219 2817 4275 fecit.
2858 4220 2933 4274 Ibi
2963 4219 3108 4274 enim
3146 4235 3266 4272 rum
3296 4217 3519 4271 beatum

1941 4333 2064 4374 esse
2094 4316 2324 4372 dixisset
2368 4331 2517 4378 eum,
2562 4313 2656 4384 qui
2689 4314 2806 4369 dies
2836 4323 3130 4381 noctesque
3173 4311 3225 4365 in
3268 4311 3384 4380 lege
3415 4308 3522 4363 Do-

1942 4409 2074 4462 mini
2105 4408 2421 4472 meditatur,
2453 4414 2509 4461 et
2533 4422 2659 4460 cum
2683 4404 3059 4459 meditationis
3083 4403 3318 4457 fructum
3345 4410 3522 4457 osten-

243 4485 483 4554 καρπὸν,
518 4485 825 4554 ἐπήγαγενο
852 4504 872 4537 ι
901 4487 1013 4558 Οὐχ
1061 4486 1233 4552 οὕτως
1263 4490 1312 4541 0i
1337 4488 1576 4552 ἀσεϐεῖς,
1610 4491 1708 4562 οὐχ
1738 4491 1830 4545 οῦ-

1948 4501 2126 4571 iissel,
2188 4499 2467 4555 subdidit:
2518 4517 2537 4549 ι
2576 4496 2696 4551 Non
2747 4497 2827 4552 sic
2875 4496 3048 4565 impii,
3102 4511 3208 4549 non
3246 4496 3346 4550 sic.
3385 4514 3404 4546 ι
3455 4494 3520 4549 Et

242 4593 376 4640 τως.
417 4595 435 4628 ι
494 4576 606 4630 Καὶ
655 4578 897 4632 ἐνταῦθα
953 4580 1133 4634 τοίνυν
1171 4582 1481 4652 μακαρίσας
1511 4584 1638 4647 τοὺς
1675 4585 1833 4656 ἀμώ-

247 4685 410 4737 μους,
464 4667 726 4734 διδάσκει,
778 4669 854 4734 ῶς
893 4674 940 4724 oi
973 4673 1070 4742 τῆς
1099 4673 1330 4744 ἀνομίας
1363 4675 1596 4746 ἐργάται
1637 4678 1833 4749 ἑτέραν

246 4764 466 4824 ἑαυτοῖς
516 4761 632 4815 ὁδὸν
685 4765 1124 4834 κατεσκεύασαν,
1184 4767 1280 4821 καὶ
1310 4768 1407 4839 τὴν
1448 4769 1552 4826 ὑπὸ
1581 4770 1675 4826 τοῦ
1700 4772 1835 4827 Θεοῦ

247 4856 525 4922 παγεῖσαν
563 4856 881 4913 κατέλιπον.

317 4944 384 5000 δ’.
433 4963 450 4995 ε
500 4947 574 4999 Σὺ
635 4949 886 5002 ὲνετείλω
936 4949 1037 5010 τὰς
1087 4951 1306 5015 ἐντολάς
1339 4970 1454 5018 σου,
1479 4953 1571 5007 τοῦ
1595 4955 1835 5023 φυλάξα-

253 5037 380 5092 σθαι
409 5039 454 5070 ³’
490 5041 717 5111 σφόδρα.
753 5062 772 5095 ι
821 5043 990 5097 Τοῦτο
1025 5045 1118 5106 καζι
1146 5045 1234 5099 διὰ
1269 5047 1362 5100 τοῦ
1402 5048 1590 5116 νόμου,
1621 5049 1716 5103 καὶ
1749 5051 1840 5104 διὰ

251 5129 362 5181 τῶν
403 5132 737 5204 προφητῶν,
779 5136 873 5189 καὶ
904 5135 994 5190 διὰ
1039 5136 1149 5189 τῶν
1197 5138 1358 5210 ίνερῶν
1412 5140 1762 5209 Εὐαγγελίων
1805 5144 1833 5196 ὁ

253 5221 536 5294 Δεσπότης
564 5226 1043 5298 παρακελεύεταν
1085 5229 1182 5283 καὶ
1231 5231 1406 5302 μεστὴ
1457 5233 1612 5286 πᾶσα
1645 5235 1678 5305 ἡ
1719 5233 1838 5286 θεία

1946 4594 2049 4647 hoc
2094 4592 2216 4645 loco
2253 4591 2444 4661 igitur,
2491 4604 2616 4643 cum
2661 4588 2848 4642 beatos
2888 4601 3008 4641 esse
3047 4585 3278 4639 dixisset
3323 4586 3520 4640 imma-

1944 4685 2178 4747 culatos,
2212 4681 2372 4737 docet
2401 4680 2708 4750 iniquitatis
2747 4678 3025 4747 operarios
3049 4676 3212 4729 aliam
3241 4675 3343 4731 sibi
3377 4676 3519 4729 viam

1944 4790 2304 4848 praeparasse,
2339 4783 2394 4829 et
2424 4774 2592 4838 illam,
2633 4786 2756 4843 quae
2800 4787 2828 4823 a
2871 4769 2981 4824 Deo
3023 4768 3129 4823 lixa
3171 4777 3275 4833 est,
3320 4767 3522 4824 dereli-

1945 4871 2151 4942 quisse.
3566 4949 3568 4952 τ

2021 4961 2182 5014 Vens.
2223 4960 2277 5014 4.
2326 4977 2343 5010 ι
2379 4956 2460 5011 Tu
2511 4955 2780 5012 mandasti
2835 4953 3049 5027 1439
3098 4952 3354 5008 mandata
3405 4962 3522 5018 tua,

1948 5062 2007 5108 ut
2033 5053 2409 5108 custodiantur
2441 5051 2616 5104 valde.
2651 5069 2669 5102 ι
2726 5050 2843 5105 Hoc
2898 5059 2952 5102 et
2984 5064 3079 5116 per
3116 5048 3309 5114 legem,
3343 5055 3398 5101 et
3429 5061 3526 5115 per

1942 5143 2262 5215 prOphetas,
2292 5151 2345 5196 et
2372 5157 2466 5210 per
2493 5156 2651 5196 sacra
2686 5139 2982 5211 Evangelia
3027 5137 3293 5192 Dominus
3320 5136 3476 5208 jubet
3502 5151 3519 5190 :

1945 5245 1999 5291 ct
2028 5244 2134 5290 tota
2165 5235 2350 5289 divina
2387 5233 2671 5304 Scriptura
2709 5233 2803 5289 tali
2833 5234 3013 5290 edicto
3043 5232 3242 5288 referta
3268 5239 3372 5287 est.
3400 5227 3521 5284 Non

1424 5428 1659 5496 ἾΑΒΙᾹΞ
1705 5431 2088 5494 LECTIONES
2115 5432 2205 5488 ET
2235 5433 2473 5496 ΝΟΤᾸΕ.

327 5580 1392 5674 ἴῗρέιῗέξλέζξξτ.-ξιιίξελ..περςέιξδθήσαέξοει-
1482 5589 1694 5674 ἴδηαθ·
1739 5590 2198 5674 ἐρινορῇμαεεντ

329 5650 434 5727 Ἐξ
462 5649 713 5727 ὠδίνων.
751 5653 885 5727 ibid.
921 5649 1194 5727 sitio—Levi
1224 5657 1282 5727 3°
1319 5657 1391 5710 ib.
1446 5659 1636 5727 τάφου.

263 5720 305 5752 ³³
337 5720 719 5782 Δικαιώματα.
758 5724 880 5778 cod.
935 5725 984 5776 l.
1023 5724 1149 5779 add.
1179 5725 1254 5778 δέ.

1737 5662 1779 5691 ³³
1817 5666 1880 5716 Οἱ
1911 5662 2067 5730 ἐξερ.
2105 5662 2268 5718 Hebr.
2323 5674 2608 5717 servantes.

1344 5728 1503 5804 3"._ib.
1544 5729 1876 5804 δικαιοῦντα.
1946 5728 2099 5804 δθῖῑι».
2135 5733 2498 5804 κατορθῶσαι.

2941 5594 2985 5625 ’⁸
3025 5593 3154 5648 Καί.
3212 5591 3334 5648 Des.
3392 5591 3521 5646 ibid.

2720 5666 2765 5696 ⁸¹
2806 5664 3080 5733 "Oi-6001'.
3137 5663 3259 5720 cod.
3296 5664 3316 5717 Ι
3355 5662 3520 5733 ὀκτώ.

2586 5737 2630 5766 ³⁸
2677 5732 2901 5803 Αὐτὴν.
2943 5735 3064 5791 Des.
3104 5734 3233 5790 ibid.
3337 5732 3383 5763 "
3440 5733 3523 5789 Οὐ

2293 5593 2336 5624 ⁸⁷
2385 5592 2458 5646 ib.
2508 5592 2853 5655 ὀδεύσαντας.

264 5793 366 5861 γὰρ
392 5783 674 5848 σί..ηο1›ι·.
715 5790 828 5850 Ima
856 5795 1015 5850 etiam
1053 5812 1181 5852 non.
1249 5798 1292 5830 ³⁸
1323 5797 1444 5854 cod.
1483 5801 1502 5854 'l
1547 5801 1756 5865 νυκτός.

1948 5803 2031 5859 ὀῦ
2077 5809 2222 5874 φιλλ.
2273 5783 2393 5860 cod.
2462 5806 2480 5859 ι
2535 5783 2923 5875 φυλάττεσθαι.
