3996 6498
476 328 617 392 1323

1457 334 1955 396 THEODORETI
1992 334 2337 397 EPISCOPI
2377 336 2751 397 CYRENSIS

3615 327 3763 391 182!

471 446 616 500 enim
664 445 989 515 simpliciter
1047 446 1353 513 custodire,
1424 449 1520 503 sed
1576 450 1732 503 valde
1784 449 2063 505 custodire

2179 450 2357 521 Γραφὴ
2392 451 2490 520 τῆς
2529 450 2787 518 τοιαύτης
2813 445 3160 516 νομοθεσίας.
3192 444 3269 498 Οὐ
3296 442 3405 514 γὰρ
3432 439 3625 504 ἁπλῶς
3659 460 3766 509 φυ·

472 536 735 606 praacipit,
778 538 884 592 hoc
911 546 996 592 est
1026 553 1153 592 cum
1188 539 1339 593 omni
1372 539 1685 595 sedulitate.

543 714 710 771 Vens.
754 716 807 771 5.
851 734 869 767 ι
908 717 1132 773 Utinam
1164 719 1472 791 dirigantur
1499 721 1599 774 viae
1624 736 1757 776 mea:
1789 722 1853 775 ad
1880 731 2059 776 custo-

474 807 705 863 diendas
735 808 1163 879 iustificationes
1205 820 1347 865 tuas.
1386 832 1404 863 ι
1434 812 1751 882 Propterea,
1793 816 1889 877 ait,
1931 831 2058 885 pre-

475 916 572 955 cor
610 908 669 955 ut
710 918 831 957 mea
868 904 953 958 via
994 905 1114 975 lege
1142 913 1235 959 tua
1271 905 1436 960 veluti
1473 906 1711 976 quadam
1747 908 1933 977 regula
1974 908 2061 961 di-

474 991 704 1061 rigatur,
748 1002 806 1047 ut
835 997 1113 1050 custodire
1140 996 1347 1065 possim
1374 996 1958 1066 tuasjustificationcs.
1993 997 2061 1052 Et

476 1084 774 1140 ostendens
804 1085 969 1156 hujus
997 1085 1263 1151 fructum,
1297 1087 1463 1143 infert
1493 1107 1507 1142 :

549 1253 718 1310 Vens.
759 1256 812 1310 6.
860 1278 878 1310 ι
918 1256 1073 1314 Tunc
1118 1275 1225 1314 non
1268 1260 1598 1327 confundar,
1649 1264 1696 1318 si
1740 1264 1960 1320 intueor
2005 1268 2059 1322 in

480 1348 666 1403 omnia
703 1350 959 1405 mandata
1011 1361 1130 1408 tua.
1171 1371 1189 1404 ι
1244 1354 1460 1409 Peccati
1520 1357 1665 1411 enim
1720 1358 1931 1416 fructus
1980 1374 2064 1416 est

481 1438 751 1496 confusio.
786 1441 876 1498 Sic
901 1452 955 1498 et
993 1443 1214 1502 divinus
1246 1446 1545 1517 Apostolus
1573 1450 1750 1521 inquit
1780 1471 1793 1507 :
1834 1472 1852 1503 ‹
1891 1452 2061 1519 Quem

483 1531 647 1601 igitur
671 1532 912 1588 fructum
948 1543 1081 1589 tunc
1117 1538 1388 1595 habuistis
1416 1556 1629 1608 eorum,
1659 1544 1728 1597 ob
1766 1558 1887 1612 quze
1918 1561 2064 1601 nunc

481 1622 808 1679 erubescitis
831 1626 903 1678 V?
938 1644 956 1678 ι
1006 1624 1110 1692 Qui
1137 1644 1264 1683 vero
1286 1632 1468 1686 omnia
1498 1633 1753 1689 mandata
1783 1635 1873 1690 Dei
1899 1639 2064 1707 perfi—

481 1713 655 1779 ciunt,
694 1731 723 1769 a
756 1718 1096 1775 conscientia
1126 1722 1379 1777 fiduciam
1414 1725 1633 1781 habent.

2160 539 2410 607 λάττειν,
2445 542 2583 597 ἀλλὰ
2634 540 2838 609 σφόδρα
2887 539 3182 607 φυλάττειν
3243 536 3543 609 παρεγγυᾷ
3570 551 3585 564 ·
3632 532 3766 585 τού-

2158 647 2333 695 τεστι,
2386 634 2484 687 σὺν
2524 632 2785 705 ὰκριὸείᾳ
2816 632 2987 702 πάσῃ.

2234 730 2294 777 ε’.
2332 742 2351 773 ‹
2397 723 2631 793 Ὄφελον
2659 723 3165 791 κατευθυνθείησαν
3184 721 3229 754 ⁸ο
3260 722 3319 775 αί
3358 718 3470 774 ὁδοί
3506 736 3643 791 μου,
3670 716 3764 771 τοῦ

2163 814 2506 883 φυλάξασθαι
2534 816 2604 868 τὰ
2642 815 2992 885 δικαιώματά
3009 814 3051 846 ’⁵³
3099 831 3214 871 σου.
3250 832 3267 865 ι
3305 813 3405 866 Διὰ
3434 810 3627 875 τοῦτο,
3659 828 3765 881 φη-

2164 907 2271 969 σὶν,
2323 906 2610 969 ἀντιϐολῶ,
2661 902 2773 960 οἷόν
2820 925 2926 961 τινι
2974 907 3179 971 κανόνι,
3220 905 3297 976 τῷ
3346 904 3424 975 σῷ
3462 905 3622 974 νόμῳ
3666 903 3767 973 τὴν

2163 998 2305 1067 ἐμὴν
2352 998 2471 1051 ὁδὸν
2516 999 2761 1061 εὐθῦναι,
2810 999 2884 1061 ὡς
2930 999 2996 1053 ἂν
3041 997 3442 1069 διατηρήσαιμί
3485 1014 3588 1049 σου
3633 995 3764 1047 τὰδ’

2162 1087 2533 1159 δικαιώματα.
2570 1091 2681 1143 Καὶ
2712 1091 2931 1154 δεικνὺς
2974 1091 3066 1144 τὸν
3098 1090 3292 1144 τούτου
3348 1088 3593 1160 καρπὸν,
3638 1090 3764 1141 επις

2165 1177 2343 1248 φέρει·

2238 1276 2312 1334 ς’.
2361 1288 2380 1320 ι
2419 1271 2554 1325 Τότε
2596 1273 2654 1326 οὐ
2685 1273 2759 1345 μὴ
2791 1274 3095 1344 αἰηυνθῶ,
3123 1276 3181 1327 ὲν
3205 1273 3285 1345 τῷ
3317 1290 3387 1345 με
3429 1271 3763 1326 ἐπιϐλέπειν

2173 1361 2265 1414 ἐπὶ
2298 1362 2481 1426 πάσας
2524 1364 2625 1428 τὰς
2669 1367 2891 1429 ἐντολάς
2939 1384 3051 1420 σου.
3086 1387 3103 1418 ι
3142 1366 3499 1437 Παρανομίας
3527 1366 3644 1436 γὰρ
3677 1368 3763 1419 at!-

2169 1452 2338 1522 σχύνη
2387 1456 2615 1524 καρπός.
2671 1456 2831 1510 Οὕτω
2876 1458 2972 1511 καὶ
3020 1459 3048 1510 6
3096 1458 3239 1520 θεῖος
3266 1457 3600 1520 Ἀπόστολος
3636 1457 3763 1527 ἔφη,

2173 1565 2191 1595 ι
2226 1545 2359 1599 Τίνα
2412 1544 2509 1600 οὖν
2562 1550 2777 1620 καρπὸν
2816 1550 2993 1620 εἴχετε
3027 1551 3207 1602 τότε⁸³
3248 1549 3335 1618 ἐφ’
3381 1544 3463 1611 οἷς
3508 1547 3611 1601 νῦν
3664 1550 3761 1601 ἐπ-

2167 1639 2523 1710 αισχύνεσθε;
2564 1662 2582 1695 ι
2619 1643 2681 1695 Οἱ
2716 1643 2773 1696 δὲ
2816 1644 3000 1706 πάσας
3032 1641 3126 1695 τοῦ
3186 1641 3320 1695 Θεοῦ
3357 1639 3763 1710 πληροῦντεςδδ

2168 1734 2266 1795 τὰς
2286 1733 2526 1799 ἐντολὰς,
2546 1734 2645 1805 τὴν
2662 1735 2771 1788 ἀπὸ
2785 1735 2879 1788 τοῦ
2896 1735 3197 1799 συνειδότος
3213 1733 3337 1804 ἔχου
3347 1751 3399 1787 σι
3419 1735 3610 1804 παῤῥη
3620 1732 3761 1785 σίαν.

553 1806 720 1862 Vens.
764 1810 816 1863 7.
865 1830 883 1861 ‹
929 1810 1244 1868 Contitebor
1288 1816 1382 1870 tibi
1423 1819 1476 1871 in
1522 1818 1827 1877 directione
1861 1825 2064 1895 cordis,

2244 1826 2311 1891 ξ’.
2353 1846 2372 1879 ι
2426 1813 2926 1901 Ἐξομολογήσομαί
2980 1847 3061 1882 σοι
3107 1830 3166 1881 ὲν
3218 1827 3480 1897 εὐθύτητι
3510 1825 3759 1896 καρδίας,

484 1898 538 1952 in
571 1915 637 1953 eo
664 1902 811 1969 quod
846 1903 1013 1960 didici
1053 1906 1262 1975 judicia
1284 1908 1515 1977 jusﬁtize
1545 1920 1672 1967 tum.
1708 1934 1728 1966 ι
1765 1916 2069 1986 Confessio-

484 2004 601 2042 nem
627 1994 927 2060 gratiarum
965 1999 1239 2053 actionem
1272 2013 1449 2057 vocat.
1501 2003 1676 2071 Tunc,
1729 2009 1927 2079 inquit,
1971 2029 2070 2082 pu-

485 2098 608 2138 rum
653 2086 916 2157 hymnum
956 2090 1051 2145 tibi
1101 2090 1298 2149 oﬂerre
1340 2107 1553 2165 potero,
1587 2116 1710 2155 cum
1753 2105 1937 2159 omnia
1980 2116 2069 2161 tua

479 2174 692 2245 judicia
717 2178 1000 2247 didicero,
1035 2192 1087 2237 et
1122 2186 1424 2241 secundum
1470 2189 1585 2257 ipsa
1625 2190 1791 2245 vitam
1841 2194 2066 2251 duxero.

557 2365 726 2423 Vens.
768 2370 821 2424 8.
870 2388 889 2422 ι
936 2371 1373 2432 Justiﬁcationes
1407 2388 1531 2433 tuas
1572 2383 1921 2438 custodiam:
1963 2402 2070 2441 non

485 2462 836 2535 derelinquas
864 2483 950 2521 me
986 2485 1405 2543 usquequaque.
1441 2494 1459 2527 ι
1498 2476 1712 2547 Saepius
1743 2483 1925 2539 divina
1952 2502 2075 2554 gra-

485 2555 560 2609 tia
604 2559 901 2614 nonnullos
950 2562 1015 2615 ad
1062 2563 1226 2620 breve
1265 2576 1480 2637 tempus
1520 2570 1743 2638 deserit,
1777 2566 2070 2634 utilitatem

486 2644 598 2700 illis
645 2646 773 2703 hinc
812 2665 1140 2722 procurans.
1193 2656 1285 2711 Sic
1314 2674 1548 2730 magntts
1586 2662 1751 2730 Elias,
1782 2668 2073 2726 derelictus

485 2753 610 2794 cum
652 2750 818 2807 esset,
860 2744 915 2798 in
962 2746 1273 2806 timiditatis
1318 2748 1577 2810 affectum
1616 2758 1828 2826 incidit,
1876 2773 1929 2816 et
1972 2766 2073 2819 hu-

486 2847 662 2887 manae
686 2844 897 2891 natura:
931 2837 1362 2898 imbecillitatem
1388 2847 1580 2904 didicit
1613 2870 1625 2906 :
1662 2853 1754 2906 sed
1785 2855 2071 2911 confestim

485 2922 727 2979 divinam
776 2928 975 2983 iterum
1034 2942 1229 2989 nactus
1274 2944 1357 2990 est
1408 2940 1665 3007 gratiam.
1725 2942 1815 2999 Sic
1854 2946 2073 3004 divinus

484 3015 678 3072 Petrus
740 3022 986 3089 negando
1036 3024 1251 3096 1440
1300 3030 1588 3100 prolapsus
1637 3043 1739 3101 est,
1802 3038 1895 3091 sed
1947 3056 2073 3108 pro-

488 3107 635 3163 tinus
704 3108 972 3169 Dominus
1033 3117 1083 3169 ei
1153 3121 1451 3175 succurrit.
1513 3122 1818 3183 Destitutus
1886 3107 2067 3186 autem

483 3200 702 3268 penitus
765 3204 949 3259 divina
1010 3222 1114 3278 0pc
1184 3208 1353 3266 Judas
1435 3226 1624 3283 parata
1689 3222 1867 3288 praeda
1952 3225 2072 3279 dia-

484 3290 637 3345 boli‘
666 3292 789 3347 fuit.
829 3294 1130 3355 Derelictus
1161 3304 1326 3356 etiam
1360 3304 1462 3359 fuit
1500 3308 1696 3365 beatus
1741 3311 1909 3369 David
1946 3328 2072 3386 post

483 3392 774 3450 peccatum
817 3386 975 3451 illud,
1026 3399 1079 3444 et
1112 3390 1166 3444 in
1198 3408 1426 3460 asperas
1457 3397 1580 3453 illas
1608 3401 1945 3461 calamitates
1985 3408 2073 3461 in-

484 3474 619 3565 cidit
649 3493 662 3530 :
697 3479 790 3533 sed
815 3468 1008 3536 rursus
1030 3497 1158 3552 erga
1186 3483 1355 3539 Deum
1388 3488 1645 3546 fiduciam
1674 3497 1895 3565 recepit,
1924 3510 1978 3552 et
2004 3500 2072 3553 il-

482 3554 595 3622 line
630 3584 789 3639 opem
838 3582 1174 3628 consecutus
1222 3584 1324 3631 est.
1374 3578 1508 3634 Saul
1554 3598 1684 3637 vero
1722 3586 1822 3640 hac
1854 3590 2072 3656 penitus

481 3661 735 3728 orbatus,
776 3672 830 3718 et
867 3665 1095 3734 spiritus
1129 3670 1358 3735 gratiam
1404 3673 1608 3739 amisit,
1653 3686 1705 3729 et
1748 3694 1914 3747 pravo
1956 3683 2077 3750 spi-

483 3751 609 3804 ritui
647 3754 922 3810 obnoxius
954 3756 1075 3812 fuit.
1112 3758 1244 3815 Jure
1273 3761 1440 3832 igitur
1480 3762 1757 3836 Propheta
1793 3784 2071 3840 precatur,

483 3858 553 3896 ne
586 3844 998 3914 derelinquatur
1035 3866 1455 3925 usquequaque,
1499 3857 1603 3914 hoc
1650 3873 1753 3928 cst,
1788 3879 1853 3917 ne
1886 3867 2070 3934 provi-

483 3933 682 3990 dentiae
712 3940 885 4006 gratia
918 3944 1135 4010 penitus
1165 3948 1452 4016 Spolietur.

558 4194 724 4250 Vens.
767 4200 820 4254 9.
868 4220 887 4253 ς
946 4203 1234 4270 Quomodo
1288 4212 1519 4283 corrigit
1563 4213 1884 4272 adolescens
1924 4220 2067 4274 viam

486 4290 682 4342 suam?
712 4295 1068 4351 custodiendo
1106 4316 1391 4359 sermones
1434 4315 1577 4361 tuos.
1617 4327 1636 4359 ι
1686 4308 1959 4368 Instabilis
1989 4323 2073 4369 est

482 4374 767 4447 juventus,
807 4392 855 4437 et
882 4384 948 4437 ad
978 4388 1179 4442 malum
1212 4406 1382 4460 prona
1416 4396 1624 4452 :variis
1666 4399 1810 4452 enim
1858 4411 2073 4470 pertur-

2174 1922 2231 1972 ἐν
2269 1921 2346 1991 τῷ
2376 1923 2761 1992 μεμαθηκέναι
2810 1940 2876 1993 με
2901 1922 2968 1975 τὰ
3010 1922 3256 1991 κρίματα
3284 1921 3382 1989 τῆς
3411 1917 3761 1987 δικαιοσύνης

2174 2031 2289 2067 σου.
2329 2034 2348 2067 ι
2380 2016 2863 2085 Ἐξομολόγησιν
2886 2016 2986 2086 τὴν
3018 2013 3377 2085 εὐχαριστίαν
3408 2011 3588 2065 καλεῖ.
3605 2011 3753 2075 Τότε,

2176 2106 2329 2175 φησὶ,
2366 2106 2666 2179 δυνήσομαι
2708 2107 2877 2177 ὕμνον
2909 2106 3148 2176 καθαρὸν
3189 2105 3607 2176 προσενεγκεῖν,
3634 2104 3756 2156 ὅταν

2176 2210 2269 2246 σου
2299 2195 2480 2248 πάντα
2511 2195 2819 2266 καταμάθω
2855 2194 2925 2249 τὰ
2952 2196 3195 2270 κρίματα
3220 2236 3235 2259 ,
3279 2196 3375 2247 καὶ
3404 2196 3529 2247 κατ’
3560 2193 3753 2247 dixit“

2176 2285 2381 2356 βιώσω.

2247 2384 2315 2447 η’.
2357 2395 2374 2428 ί
2407 2376 2487 2431 Τὰ
2519 2378 2871 2449 δικαιώματά
2903 2395 2995 2431 σου
3025 2377 3281 2447 φυλάξωο
3320 2376 3394 2446 μή
3431 2393 3500 2446 με
3533 2376 3756 2442 ἔγκατα.

2174 2468 2341 2541 λίπῃς
2375 2469 2481 2532 ἕως
2513 2470 2741 2540 σφόδρα.
2778 2488 2796 2521 ι
2836 2470 3001 2533 Τινὰς
3043 2470 3178 2541 πρὸς
3208 2468 3381 2539 βραχὺ
3427 2468 3689 2530 πολλάκις
3723 2469 3752 2537 ἡ

2177 2560 2297 2614 θεία
2332 2561 2496 2632 χάρις
2544 2562 2792 2631 ἀφίησιν,
2845 2562 3114 2631 ὠφέλειαν
3144 2563 3330 2624 αὐτοῖς
3359 2559 3614 2614 ἐντεῦθεν
3656 2578 3756 2629 μη-

2175 2654 2491 2725 χανωμένη.
2550 2652 2738 2719 Οὕτως
2769 2656 2797 2708 6
2828 2638 3003 2725 μέγας
3038 2654 3226 2718 Ἠλίας
3272 2652 3653 2720 καταληφθεὶς
3686 2652 3759 2722 τῷ

2174 2747 2277 2816 τῆς
2319 2747 2524 2810 δειλίας
2553 2747 2856 2818 περιέπεσε
2908 2747 3096 2811 πάθει,
3141 2748 3236 2800 καὶ
3277 2747 3376 2816 τῆς
3416 2745 3757 2817 ἀνθρωπείας

2174 2838 2394 2907 φύσεως
2428 2838 2717 2910 μεμάθηκε
2744 2839 2844 2911 τὴν
2873 2840 3190 2893 ἀσθένειαν·
3233 2838 3351 2893 ἀλλ’
3406 2839 3571 2902 εὐθὺς
3605 2839 3760 2891 πάλιν

2174 2932 2274 3001 τῆς
2306 2931 2457 2994 θείας
2482 2933 2773 3002 ἁπήλαυσε
2814 2933 3057 3004 χάριτος.
3086 2932 3274 2996 Οὕτως
3314 2935 3342 2986 6
3383 2932 3529 2995 θεῖος
3560 2934 3759 3001 Πέτρος

2174 3022 2433 3091 ἀρνηθεὶς
2481 3023 2822 3094 ὠλίσθησενο
2866 3025 2982 3077 ἀλλ’
3011 3024 3174 3087 εὐθὺς
3201 3024 3365 3077 αὑτὸν
3412 3027 3442 3076 6
3487 3024 3759 3091 Δεσπότης

2175 3114 2462 3185 ὑπήρεισε.
2495 3115 2709 3185 Γυμνὸς
2733 3115 2791 3169 δὲ
2817 3118 3054 3186 πάμπαν
3086 3117 3115 3168 6
3148 3116 3352 3178 Ἰούδας
3374 3116 3475 3185 τῆς
3510 3114 3659 3179 θείας
3681 3131 3760 3182 γε·

2174 3203 2399 3272 νόμενος
2443 3204 2792 3275 προμηθείας
2818 3245 2833 3269 ,
2883 3205 3105 3275 ’ἐτοιμον
3154 3205 3371 3273 ἐγένετο
3413 3204 3643 3275 θήραμα
3670 3203 3759 3255 τοῦ

2173 3293 2507 3363 δυσμενοῦς’
2574 3297 2975 3367 ἐγκατελείφθη
3033 3298 3128 3350 καὶ
3178 3299 3206 3350 6
3277 3297 3554 3368 μακάριος
3602 3295 3759 3349 Δαϐὶδ

2181 3386 2320 3456 μετὰ
2370 3385 2471 3458 τὴν
2522 3388 2801 3457 ἁμαρτίαν
2854 3390 3091 3459 ἐκείνην,
3153 3390 3248 3442 καὶ
3315 3392 3437 3449 ταῖς
3490 3388 3753 3458 χαλεπαῖς

2178 3479 2420 3544 ἐκείναις
2469 3480 2767 3551 περιέπεσε
2817 3485 3128 3554 συμφοραῖς
3146 3482 3225 3513 ⁸⁸⁸
3271 3481 3410 3535 ἀλλὰ
3459 3482 3628 3535 πάλιν
3664 3480 3757 3549 τὴν

2175 3572 2313 3642 πρὸς
2339 3573 2432 3626 τὸν
2465 3573 2601 3626 Θεὸν
2629 3574 2872 3627 ἀπέλαὸε
2902 3576 3220 3647 παρρησίαν
3239 3616 3253 3640 ,
3302 3577 3397 3628 καὶ
3419 3578 3524 3645 τῆς
3555 3575 3756 3627 ἐκεῖθεν

2174 3664 2506 3735 κηδεμονίας
2548 3666 2888 3737 ἀπήλαυσεν.
2926 3668 2987 3720 Ὀ
3023 3669 3079 3720 δὲ
3110 3667 3281 3721 Σαοὺλ
3322 3668 3536 3739 ἕρημος
3566 3667 3755 3736 ταύτης

2177 3758 2465 3827 γενόμενος
2497 3760 2814 3825 παντελῶς,
2846 3760 3137 3831 ἐγυμνώθη
3174 3762 3271 3830 μὲν
3312 3762 3413 3831 τῆς
3460 3759 3560 3813 τοῦ
3610 3760 3753 3813 πνεύ-

2177 3868 2348 3921 ματος
2381 3853 2629 3924 χάριτος,
2667 3853 2893 3925 πονηρῷ
2931 3854 2987 3906 δὲ
3036 3853 3308 3923 πνεύματι
3339 3854 3635 3923 συνεζύγη.
3671 3852 3750 3906 ΕΞ-

2174 3942 2349 4005 κότως
2370 3943 2552 3995 τοίνυν
2580 3946 2607 3996 ὁ
2628 3944 2925 4015 Προφήτης
2961 3944 3194 3997 ἱκετεύει
3223 3946 3298 4014 μὴ
3325 3945 3753 4015 ἐγκαταλειφθῆ-

2175 4051 2262 4087 ναι
2292 4034 2397 4096 Eu);
2429 4035 2659 4106 σφόδρα,
2692 4036 2971 4101 τουτέστι,
3024 4035 3099 4107 μὴ
3131 4039 3448 4090 παντάπασι
3485 4040 3590 4108 τῆς
3627 4054 3753 4108 προ-

2176 4125 2350 4195 μηθου
2360 4125 2529 4196 μένης
2564 4127 2788 4197 χάριτος
2822 4126 3208 4197 γυμνωθῆναι.

2247 4215 2312 4269 θ’.
2362 4236 2381 4267 ‹
2432 4216 2522 4269 Ἐν
2570 4217 2678 4269 τίνι
2734 4218 3135 4289 κατορθώσει⁵⁷
3183 4218 3448 4289 νεώτερος
3490 4221 3591 4292 τὴν
3642 4221 3752 4274 ὁδὸν

2173 4308 2377 4375 αὑτοῦ;
2424 4310 2512 4363 Ἑν
2542 4310 2621 4381 τῷ
2649 4312 2990 4381 φυλάξασθαι
3025 4312 3151 4376 τοὺς
3181 4311 3367 4381 λόγους
3405 4330 3521 4365 σου.
3552 4334 3570 4366 ι
3605 4315 3755 4384 E652!-

2175 4417 2371 4464 πιστος
2410 4402 2443 4472 ἠ
2486 4402 2694 4472 νεότης,
2733 4403 2827 4456 καὶ
2875 4402 3015 4474 πρὸς
3044 4403 3244 4455 κακίαν
3269 4401 3597 4474 ὀξύρροπος.
3639 4405 3755 4454 Διας

487 4469 772 4526 bationum
820 4477 981 4532 undis
1025 4480 1401 4539 confunditur.
1459 4485 1665 4557 lndigct
1708 4469 1876 4560 igitur
1908 4494 2067 4558 duce,

2179 4494 2364 4565 φόροις
2394 4469 2501 4565 γάρ
2536 4469 2877 4567 παθημάτων
2904 4469 3299 4567 περικλύζεται
3331 4469 3544 4563 κῦμασι
3563 4511 3575 4522 ·
3596 4496 3754 4547 δεῖται

486 4563 580 4630 qui
608 4563 753 4619 illam
787 4570 852 4622 ad
899 4582 1117 4638 portum
1163 4575 1381 4646 dirigat.
1436 4577 1552 4635 Hoc
1598 4591 1779 4638 autem
1824 4598 1905 4641 est
1946 4602 2069 4657 pro-

487 4653 668 4723 prium
694 4657 1002 4715 divinorum
1030 4667 1400 4723 oraculorum.
1447 4669 1571 4727 Haec
1599 4675 1745 4729 enim
1774 4682 2069 4735 avertendo

489 4760 591 4802 nos
621 4766 650 4800 a
675 4750 781 4805 viis
806 4755 1014 4821 pravis,
1048 4771 1281 4826 possunt
1308 4777 1408 4817 nos
1437 4766 1734 4835 corrigere,
1765 4773 1900 4825 etad
1928 4774 2069 4828 divi-

487 4853 614 4893 nam
662 4844 805 4897 viam
838 4846 1129 4905 deducere.
1162 4849 1318 4916 Quod
1359 4854 1501 4908 enim
1546 4868 1631 4911 est
1672 4865 1876 4930 equino
1921 4866 2070 4933 pullo

488 4929 702 4989 frenum
736 4946 789 4993 ct
830 4938 1092 5007 domitor,
1138 4945 1244 5001 hoc
1280 4929 1826 5011 adolescentibusest
1852 4929 2071 5016 divinus

488 5039 687 5084 sermo.

586 5261 617 5293 ν
647 5250 807 5310 Rom.
840 5272 913 5326 vi,
950 5260 1040 5315 2L

2173 4587 2356 4641 τοίνυν
2399 4587 2493 4641 τοῦ
2527 4588 2893 4658 ποδηγοῖΝτος
2940 4589 3078 4659 πρὸς
3096 4589 3143 4621 ⁸⁸
3176 4590 3301 4650 τοὺς
3331 4588 3562 4657 λιμένας
3605 4585 3755 4639 εὐθύ-

2175 4696 2382 4742 νοντος.
2410 4678 2581 4731 Τοῦτο
2611 4681 2666 4732 δὲ
2693 4680 2803 4733 τῶν
2834 4679 2996 4733 θείων
3024 4679 3221 4746 λογίων
3250 4676 3402 4729 ἴδιον.
3437 4676 3629 4729 Ταῦτα
3656 4677 3754 4745 γὰρ

2175 4774 2283 4828 τῶν
2312 4776 2572 4830 ἐναντίων
2615 4775 2750 4828 ὁδῶν
2780 4776 3187 4845 ἀποτρέποντα,
3235 4771 3527 4845 ῥυθμίζειν
3580 4772 3750 4833 ἱκανὰ,

2176 4868 2272 4920 καὶ
2306 4869 2442 4939 πρὸς
2473 4868 2572 4939 τὴν
2609 4868 2760 4923 θείαν
2791 4869 2909 4922 ὁδὸν
2953 4868 3234 4938 ποδηγεῖν.
3259 4868 3442 4934 Ὅπερ
3471 4864 3583 4935 γάρ
3617 4865 3752 4917 ἐστιν

2179 4959 2285 5030 νέῳ
2302 4959 2345 4991 ⁸⁸
2376 4958 2545 5030 πώλῳ
2595 4959 2813 5030 χαλινὸς
2846 5002 2860 5022 ,
2891 4962 2987 5014 καὶ
3019 4959 3409 5030 πωλοδάμνης,
3462 4956 3624 5010 τοῦτο
3654 4955 3753 5015 τοῖς

2180 5052 2375 5114 νέοιςὸ
2402 5050 2545 5114 θεῖος
2570 5053 2781 5120 γίνεται
2804 5051 2981 5121 λόγος.

1554 5448 1789 5504 νΑιιιΑῐ
1849 5451 2234 5510 LECTIONES
2267 5454 2356 5509 ET
2386 5454 2625 5512 ΝΟΤΑΞ.

549 5612 596 5642 ⁸ο
635 5616 884 5671 Κατευθ.
924 5615 1082 5671 llebr.

1120 5620 1328 5688 ﬁrment
1338 5639 1418 5678 ur.

480 5678 604 5735 Des.
656 5684 785 5737 ibid.

909 5686 955 5774 δέ
996 5686 1128 5743 ibid.
1171 5691 1679 5774 πληροφοροῦντες.

1515 5624 1555 5704 ξ¹
1605 5626 1680 5681 Τὰ
1737 5628 2068 5712 ὃιαςαιςῷματι

2179 5633 2345 5712 Ileb_r.
2388 5644 2614 5712 atateta.
2649 5637 2696 5670 δ’
2734 5638 2834 5712 Td.
2871 5640 2995 5696 cod.
3034 5642 3056 5694 l
3095 5655 3283 5712 prtem.
3316 5657 3430 5712 και.
3512 5640 3559 5671 ⁸³
3605 5640 3749 5712 Τότε.

1813 5702 1858 5733 ⁸⁵
1900 5704 1972 5758 il).
2018 5705 2160 5759 κατὰ
2212 5705 2406 5762 ταῦτα.

480 5749 524 5780 ⁸⁷
562 5754 808 5820 Κατορθ.
851 5754 1014 5812 Hebr.
1048 5749 1344 5817 mundab'it.
1368 5749 1601 5833 'S'ymnt.
1634 5749 1972 5843 λαμπρυνείί
2019 5749 2068 5808 ’.ί

2327 5749 2481 5834 "cod.

2526 5708 2572 5794 ξε
2612 5709 2936 5794 Περιέπεᾳε
2983 5708 3177 5794 ςυιξξ.
3232 5710 3363 5794 Βιξεζ
3417 5710 3471 5794 i_n
3501 5710 3648 5794 .cod.
3674 5713 3746 5794 'l.

2524 5779 2545 5834 1
2574 5796 2764 5850 prtem.
2795 5782 2909 5835 καί.
2994 5783 3038 5816 “9
3067 5779 3225 5848 Νέφ.
3266 5781 3387 5836 cod.
3424 5781 3449 5835 1
3489 5780 3753 5851 ἁγελαίῳ.
