3996 6494
273 308 429 374 18Ξ5

1626 304 1708 367 ΙΝ
1749 305 1957 366 PSAL.
1989 306 2252 370 CXVIII.

3422 318 3440 380 1
3453 322 3554 385 89.6

359 427 416 476 ι’.
460 440 477 472 ι
523 418 612 473 Ἐν
657 417 754 490 ὅλῃ
799 416 1001 490 καρδίᾳ
1038 434 1139 489 μου
1184 416 1485 489 ὲζήτησάδο
1513 418 1717 511 σε,ἶμὴ
1761 419 1866 471 ἁπ-

2045 418 2211 474 Veas.
2256 420 2343 474 l0.
2393 441 2411 474 ι
2452 421 2588 479 Τοιο
2624 424 2787 480 corde
2815 439 2938 480 meo
2974 427 3201 495 quaesivi
3241 437 3332 485 te:
3374 431 3441 487 ne
3466 448 3553 488 re-

270 511 466 583 ὡσῃδυ
502 529 571 582 με
604 511 713 565 ἀπὸ
742 511 850 564 τῶν
876 510 1107 565 ὲντολῶν
1137 526 1255 565 σου.
1290 528 1308 561 ι
1343 510 1575 581 Ζητοῦσι
1607 510 1704 580 μὲν
1736 511 1864 564 πολ-

271 606 372 660 λιῇ⁵
398 608 493 661 τὸν
524 607 681 669 Θεὸν.
708 606 822 660 ἀλλ’
853 607 954 659 οὐκ
980 608 1037 657 ὲν
1061 605 1156 676 ὅλῃ
1188 604 1416 677 καρδίᾳο
1452 605 1737 675 μερίζουσι
1760 605 1868 675 γὰρ

272 699 521 769 ταύτην,
554 699 614 753 οὺ
656 699 817 771 μόνον
856 699 936 759 εἰς
985 697 1277 768 φροντίδας
1312 700 1652 768 πραγμάτων
1686 697 1869 767 βιωτι--

274 792 425 856 κῶν,
444 792 584 847 ἀλλὰ
613 792 708 845 καὶ
729 793 808 855 εἰς
833 790 1129 859 ἐπιθυμίας
1152 790 1389 853 ἀτόπους
1406 790 1473 852 δ’,
1497 791 1592 843 καὶ
1618 789 1866 858 φθόνους,

277 886 387 940 καὶ
415 885 604 945 δόλους
627 924 640 947 ,
682 885 778 938 καὶ
802 884 902 947 τὰς
934 882 1044 936 τῶν
1080 881 1319 952 πλησίων
1354 882 1670 946 ἐπιϐουλάς.
1715 883 1773 935 '0
1810 882 1869 935 δὲ

277 979 398 1031 τῶν
426 978 590 1031 θείων
622 976 859 1048 ἐραστὴς
892 977 1075 1030 πᾶσαν
1109 976 1329 1047 ἀφιεροῖ
1352 974 1429 1045 τῷ
1457 975 1577 1045 Θεῴ
1616 974 1716 1045 τὴν
1751 974 1871 1028 διά-

280 1086 466 1135 νοιαν,
491 1070 590 1123 καὶ
616 1070 711 1139 τῆς
739 1069 951 1122 ἐκεῖθεν
989 1070 1259 1138 ἁπαιωρεῖ
1277 1069 1322 1100 ⁵³
1359 1068 1637 1141 προνοίας.

362 1165 457 1211 ια’.
506 1177 526 1209 ι
572 1158 659 1213 Ἐν
693 1161 759 1229 τῇ
808 1158 1008 1229 καρδίᾳ⁴
1044 1176 1147 1228 μου
1190 1158 1406 1230 ἔκρυψα
1440 1159 1509 1211 τὰ
1555 1156 1715 1226 λόγιά
1748 1173 1865 1220 σου,

280 1247 438 1309 ὅπως
466 1247 535 1301 ἂν
571 1247 645 1318 μὴ
678 1247 908 1317 ἁμάρτω
944 1263 1046 1300 σοι.
1079 1265 1096 1295 ι
1131 1247 1188 1298 Ὀ
1218 1245 1415 1316 χρυσὸν
1445 1244 1801 1315 κεκτημένος.
1833 1244 1866 1314 ἢ

280 1340 559 1410 ἄργυρον,
591 1340 624 1409 ἢ
658 1338 843 1401 λίθους
877 1339 1117 1408 τιμίους,
1149 1339 1249 1391 οὐκ
1274 1336 1380 1403 ἔξω
1400 1337 1576 1391 ταῦτα
1606 1336 1869 1406 προτίθη-

284 1448 375 1483 σιν
397 1446 411 1459 ⁶
440 1431 560 1484 ἀλλ’
590 1430 739 1485 ἔνδον
770 1432 827 1483 ἐν
872 1434 986 1493 τοῖς
1030 1434 1301 1501 ταμιείοις
1334 1431 1427 1484 καὶ
1462 1432 1575 1493 τοῖς
1603 1428 1869 1499 θαλάμοις

282 1524 811 1594 ἑναποκρύπτεινδ,
859 1523 1000 1576 ὥστε
1044 1524 1327 1593 διαφυγεῖν
1370 1522 1479 1577 τῶν
1522 1521 1869 1593 τοιχωρύχων

281 1616 388 1680 τὰς
421 1620 634 1687 χεῖρας.
681 1614 871 1679 Οὕτως
918 1617 948 1669 6
988 1616 1078 1669 τὸν
1114 1615 1345 1670 πλοῦτον
1374 1615 1511 1685 ἔχων
1540 1615 1638 1684 τῆς
1666 1614 1871 1684 ἀρετῆς

283 1708 533 1780 κρύπτει
578 1708 768 1762 τοῦτον
816 1709 873 1760 ὲν
900 1711 969 1779 τῇ
1007 1707 1183 1779 ψυχῗγ
1233 1710 1311 1770 ὡς
1350 1707 1417 1761 ἂν
1468 1707 1543 1778 μὴ
1585 1706 1674 1760 διὰ
1708 1705 1866 1777 δόξης

287 1802 492 1871 καινῆς
524 1800 714 1854 τοῦτον
742 1802 793 1853 οἱ
821 1800 929 1853 τῶν
957 1801 1143 1871 ψυχῶν
1195 1799 1488 1870 συλήσαιεν
1534 1799 1861 1853 λωποδύται.

282 1892 554 1947 Διδάσκει
594 1892 651 1945 δὲ
693 1893 788 1946 καὶ
826 1893 1013 1963 ἕτερον
1057 1895 1085 1945 6
1128 1891 1322 1960 λόγος’
1356 1893 1416 1944 οὐ
1457 1891 1566 1961 γὰρ
1597 1891 1767 1944 ἆπασι
1799 1889 1870 1943 τὰ

285 1983 414 2038 θεῖα
449 1985 608 2051 λόγια
642 1984 978 2055 προσφέρειν
1016 1986 1342 2055 παρεγγυᾷ’
1389 2002 1407 2035 ι
1443 1985 1534 2053 Μὴ
1564 1982 1699 2036 δῶτε
1737 1982 1866 2053 γὰρ,

285 2079 452 2149 φησὶ,
481 2079 551 2132 τὰ
567 2079 700 2147 ἆγια
733 2081 847 2142 τοῖς
870 2080 1018 2142 κυσὶ,
1051 2078 1186 2147 μηδὲ
1213 2078 1406 2147 ρίψητε
1435 2078 1561 2140 τοὺς
1593 2076 1868 2147 μαργαρί-

283 2188 389 2234 τας
421 2170 576 2242 ὑμῶν
615 2170 923 2242 ἔμπροσθεν
954 2169 1151 2241 χοίρων
1167 2170 1236 2223 ⁸⁸.
1264 2189 1283 2221 ι

362 2265 456 2321 ιϐ’.
486 2283 506 2316 ι
535 2264 838 2334 Εὐλογητὸς
863 2260 933 2327 εἴ,
964 2262 1137 2333 Κύριε
1157 2278 1172 2293 ο
1206 2261 1416 2327 δίδαξόν
1445 2279 1510 2331 με
1541 2260 1611 2313 τὰ
1645 2259 1867 2314 δικαιώ-

291 2359 446 2427 ματά
474 2374 589 2411 σου.
629 2376 646 2407 ι
697 2357 845 2409 Ἀντὶ
873 2353 990 2419 τοῦ,
1033 2354 1241 2424 ἥμερος
1268 2350 1436 2407 εἶκαὶ
1466 2353 1868 2423 φιλάνθρωπος,

290 2448 389 2502 καὶ
439 2447 589 2512 ἄξιος
648 2446 801 2516 παρὰ
858 2446 1077 2498 πάντων
1118 2442 1423 2515 ὑμνεῖσθαι.
1475 2437 1548 2496 Ob
1599 2442 1664 2513 δὴ
1710 2442 1869 2513 χάριν

289 2539 562 2593 ἀντιϐολῶ
606 2556 665 2592 σε
705 2537 897 2608 μαθεῖν
931 2535 1080 2609 παρὰ
1125 2534 1217 2589 σοῦ
1255 2536 1323 2590 τὰ
1368 2535 1659 2590 δικαιῶσαι
1706 2534 1869 2588 δυνά-

292 2648 456 2702 μενα.

367 2729 458 2791 ιγ’,
500 2740 517 2773 ι
560 2722 647 2775 Ἐν
689 2723 803 2783 τοῖς
847 2719 1052 2792 χείλεσί
1096 2738 1201 2791 μου
1246 2721 1536 2791 ἐξήγγειλα
1584 2721 1763 2774 πάντα
1801 2720 1869 2773 τὰ

289 2814 541 2886 κρίματα
570 2810 665 2865 τοῦ
712 2811 979 2881 στόματός
1031 2828 1148 2866 σου.
1188 2830 1205 2861 ›
1248 2813 1315 2864 Ἃ
1347 2812 1456 2880 γὰρ
1483 2809 1549 2864 ἂν
1581 2811 1733 2881 παρά
1769 2810 1869 2879 τῆς

291 2905 395 2973 σῆς
440 2902 775 2972 ἀγαθότητος
821 2900 1051 2971 μάθοιμι
1072 2939 1089 2965 ,
1124 2902 1297 2955 ταῦτα
1326 2900 1521 2965 διδάξω
1552 2902 1677 2965 τοὺς
1711 2902 1870 2968 ἁγνο-

288 3010 510 3055 ουντας.

1973 512 2146 578 pellas
2175 528 2261 567 me
2292 529 2321 568 a
2370 516 2640 571 mandatis
2681 518 2814 573 tuis.
2847 538 2865 570 ι
2923 518 3071 573 ΜυΙιί
3117 520 3335 590 quidem
3382 521 3550 578 Deum

1972 616 2249 674 quaerunt,
2281 607 2375 661 sed
2406 624 2512 661 non
2559 618 2672 663 toto
2697 611 2862 666 corde
2894 630 2905 665 :
2941 613 3225 681 patiuntur
3260 614 3405 667 enim
3451 616 3551 670 hoc

1972 712 2079 751 non
2131 699 2293 753 modo
2347 700 2401 754 in
2450 716 2636 755 rerum
2686 702 3055 759 humanarum
3102 721 3300 771 curas,
3359 722 3551 761 verum

1971 790 2135 844 etiam
2172 791 2226 843 in
2271 790 2539 847 absurdas
2579 795 3077 865 concupiscentias,
3122 806 3176 853 et
3217 799 3271 852 in
3315 799 3549 854 invidias

1972 890 2027 935 et
2075 881 2320 948 fraudes,
2369 894 2423 938 et
2476 886 2848 953 proximorum
2915 889 3162 945 insidias.
3232 890 3547 946 Divinorum

1972 987 2104 1028 vero
2130 975 2413 1031 studiosus
2444 986 2610 1031 totam
2655 979 2763 1033 Deo
2793 992 3083 1037 consecrat
3108 994 3368 1050 mentem,
3398 992 3451 1039 et
3480 986 3548 1039 ab

1970 1065 2117 1121 illius
2141 1069 2479 1136 providentia
2514 1070 2721 1142 1441
2751 1074 2971 1141 pendet.

2041 1155 2206 1211 Vens.
2244 1158 2330 1213 Η.
2370 1177 2388 1209 ‹
2424 1158 2477 1211 1η
2508 1161 2672 1214 corde
2703 1177 2824 1215 meo
2854 1162 3112 1218 abscondi
3153 1165 3371 1236 eloquia
3415 1176 3505 1221 tua
3529 1207 3544 1231 ,

1971 1256 2031 1301 ut
2088 1263 2196 1303 non
2240 1264 2460 1317 peccem
2524 1260 2715 1305 contra
2759 1262 2831 1306 te.
2864 1272 2882 1303 ι
2924 1254 3024 1319 Qui
3054 1269 3246 1309 aurum
3282 1258 3545 1325 possidet,

1972 1341 2054 1396 "el
2082 1353 2387 1411 argentum,
2421 1343 2504 1397 vel
2544 1344 2814 1412 pretiosos
2849 1346 3059 1417 lapides
3080 1388 3094 1411 ,
3127 1364 3236 1403 non
3267 1350 3402 1404 foris
3432 1352 3548 1417 haec

1970 1433 2265 1501 proponit,
2298 1434 2391 1487 sed
2422 1435 2570 1490 intus
2595 1436 2646 1489 in
2680 1437 2834 1492 cellis
2864 1448 2919 1492 et
2951 1440 3205 1494 thalamis
3231 1443 3451 1507 occulit,
3488 1451 3549 1497 ut

1972 1540 2168 1579 manus
2199 1540 2387 1580 eorum
2446 1528 2537 1595 qui
2572 1529 2807 1597 parietes
2836 1528 3103 1587 eﬂ'odiunt
3146 1533 3399 1588 declinet.
3445 1533 3534 1587 Si-

1970 1618 2175 1672 militer
2206 1619 2298 1688 qui
2346 1619 2569 1676 virtutis
2600 1621 2822 1678 divitias
2870 1624 3071 1691 habet,
3122 1626 3222 1681 has
3266 1628 3319 1681 in
3361 1629 3548 1683 anima

1967 1709 2275 1772 abscondit,
2304 1726 2369 1764 ne
2400 1727 2494 1780 per
2526 1713 2739 1768 inanem
2773 1716 3003 1785 gloriam
3046 1720 3354 1774 animarum
3392 1720 3546 1777 fures

1969 1816 2064 1855 eas
2095 1801 2423 1871 subripiant.
2458 1804 2621 1859 Aliud
2652 1808 2818 1860 etiam
2876 1809 3099 1864 divinus
3147 1827 3327 1865 sermo
3353 1813 3542 1867 docet:

1968 1895 2223 1949 admonet
2267 1896 2411 1949 enim
2455 1912 2523 1951 ne
2562 1900 2819 1954 omnibus
2862 1901 3043 1955 divina
3083 1903 3303 1957 oracula
3346 1902 3543 1958 oﬂ'era-

1969 2003 2113 2045 mus.
2154 2005 2172 2038 ι
2201 1986 2378 2041 Nolite
2405 1989 2550 2042 enim
2581 1988 2712 2045 dare
2734 2031 2748 2057 ,
2781 1991 3000 2062 inquit,
3046 2006 3233 2049 sancta
3278 1998 3541 2062 canibus,

1969 2092 2070 2133 nec
2099 2078 2704 2149 projicitentargaritas
2734 2093 2943 2140 vestras
2969 2095 3095 2140 ante
3133 2102 3331 2155 porcos
3363 2097 3411 2140 ι.
3451 2108 3471 2140 ο

2044 2255 2214 2312 Vens.
2265 2257 2352 2312 l2.
2404 2275 2421 2309 ι
2456 2256 2782 2313 Benedictus
2824 2273 2904 2326 es,
2964 2259 3230 2328 Domine,
3276 2263 3411 2318 doce
3456 2279 3543 2320 me

1967 2350 2386 2420 justiﬁcationes
2420 2360 2563 2405 tuas.
2590 2370 2608 2402 ι
2641 2352 2694 2405 ld
2725 2361 2808 2407 est
2830 2391 2845 2415 ,
2879 2362 3197 2409 mansuetus
3226 2370 3321 2421 es,
3358 2366 3410 2413 et
3448 2357 3543 2411 be-

1970 2442 2190 2510 nignus,
2229 2450 2281 2496 et
2310 2441 2506 2512 dignus
2537 2443 2630 2512 qui
2654 2444 2723 2497 ah
2751 2443 3006 2499 omnibus
3042 2445 3302 2501 lauderis.
3331 2448 3541 2503 Idcirco

1970 2548 2164 2603 precor
2189 2544 2260 2599 te,
2286 2542 2346 2588 ut
2372 2549 2433 2588 ea
2467 2552 2496 2587 a
2522 2543 2572 2587 te
2588 2534 2816 2601 discam,
2841 2550 2962 2605 qua:
2984 2552 3069 2591 me
3086 2537 3295 2607 justum
3315 2537 3542 2594 reddere

1969 2628 2204 2697 possint.

2045 2717 2207 2773 Vsus.
2238 2718 2384 2775 l3.‘¢
2416 2718 2602 2773 Labiis
2641 2716 2780 2772 meis
2812 2719 3153 2788 pronuntiavi
3186 2723 3367 2776 omnia
3394 2722 3544 2791 judi-

1971 2812 2055 2867 cia
2086 2812 2199 2866 oris
2227 2811 2323 2865 tui.
2365 2829 2383 2862 ι
2435 2811 2567 2876 Quae
2603 2814 2749 2865 enim
2781 2826 2810 2865 a
2840 2819 2930 2865 tua
2976 2812 3221 2869 bonitate
3256 2816 3501 2872 didicero
3524 2858 3539 2883 ,

1973 2902 2088 2957 haec
2106 2903 2422 2973 ignorantes
2440 2901 2666 2956 docebo.

364 3085 447 3138 ιδ’.
488 3104 505 3135 ι
554 3083 641 3136 Ἐν
675 3086 743 3154 τῇ
778 3082 883 3153 ὁδῷ
924 3083 1032 3136 τῶν
1080 3082 1396 3154 μαρτυρίων
1429 3100 1523 3137 σου
1571 3085 1865 3157 ὲτέρφθην,

2043 3081 2207 3138 Vens.
2237 3082 2321 3138 14.
2362 3101 2379 3134 ι
2414 3083 2504 3136 Via
2530 3081 2971 3137 testimoniorum
2999 3090 3215 3136 tuorum
3247 3084 3543 3141 delectatus

286 3175 368 3238 ὡς
405 3175 500 3229 ἐπὶ
543 3176 707 3228 παντὶ
750 3175 987 3245 πλούτῳ.
1022 3194 1040 3226 ι
1088 3175 1377 3238 Ἐπίπονος
1407 3175 1507 3245 μὲν
1540 3178 1573 3247 ἡ
1611 3178 1709 3246 τῆς
1738 3178 1869 3247 ἀρε-

286 3267 394 3337 τῆς
431 3267 591 3331 ὁδὸς,
639 3267 774 3319 ἀλλὰ
823 3268 935 3329 τοῖς
979 3265 1205 3327 τελείοις
1255 3266 1602 3337 τριπόθητος.
1652 3269 1751 3322 Διά
1787 3286 1868 3322 τοι

286 3358 453 3412 ’τοῦτο
486 3360 580 3412 καὶ
617 3360 645 3410 6
682 3359 960 3427 Δεσπότης
992 3358 1099 3428 ἔφη
1149 3358 1386 3428 Χριστός
1409 3375 1423 3391 θ
1481 3378 1498 3409 ι
1529 3360 1738 3413 Λάϐετε
1780 3362 1869 3414 τὸν

288 3448 461 3517 ζυγόν
498 3466 601 3518 μου
644 3449 729 3515 ἐφ’
759 3450 923 3517 ὑμᾶς,
958 3450 1041 3502 ὅτι
1074 3449 1103 3501 6
1133 3450 1296 3517 ζυγός
1333 3467 1435 3519 μου
1469 3451 1735 3522 χρηστὸς,
1775 3454 1870 3507 καὶ

290 3540 355 3592 τὸ
384 3540 606 3610 φορτίον
634 3558 735 3610 μου
774 3540 1009 3611 ἐλαφρόν
1039 3542 1175 3595 ὲστι.
1211 3559 1229 3591 ι
1260 3541 1433 3594 Τοῦτο
1468 3543 1562 3595 καὶ
1590 3545 1618 3596 6
1654 3560 1870 3615 προφη-

291 3632 450 3695 τικὺς
490 3631 591 3702 ἔφη
637 3631 816 3698 λόγος,
867 3632 950 3685 ὅτι
983 3632 1214 3685 πλούτου
1260 3634 1458 3697 παντὸς
1488 3633 1870 3707 θυμηρεστέρα

295 3722 458 3791 μοι⁵⁶
496 3722 605 3774 τῶν
644 3723 752 3775 σῶν
786 3724 1103 3794 μαρτυρίων
1150 3725 1420 3795 ήκτῆσις.
1459 3727 1532 3778 T6
1559 3727 1633 3791 δὲ,
1678 3748 1698 3780 ι
1746 3730 1870 3781 Ἐπὶ

292 3814 463 3866 παντὶ
496 3813 731 3883 πλούτῳ,
768 3834 787 3866 ι
826 3815 923 3884 οὐχ
978 3815 1161 3879 ἁπλῶς
1207 3817 1569 3887 πρόσκειται,
1603 3819 1739 3873 ἀλλὰ
1777 3821 1869 3874 τὸν

293 3905 642 3959 παντοδαπὸν
690 3905 918 3960 πλοῦτον
985 3908 1324 3977 παραδηλοῖ’
1390 3910 1563 3963 πολλὰ
1610 3911 1718 3981 γὰρ
1774 3912 1867 3965 τοῦ

293 4001 532 4056 πλούτου
564 4001 632 4055 τὰ
665 4003 800 4073 εἴδη.
838 4003 895 4056 Ὀ
939 4002 1038 4072 μὲν
1066 4006 1174 4074 γὰρ
1208 4004 1407 4074 χρυσὸν
1433 4004 1572 4075 ἔχων
1606 4006 1867 4077 ὀνομάξε-

294 4111 388 4148 ται
416 4093 692 4158 πλούσιος,
718 4098 747 4148 6
774 4095 831 4148 δὲ
864 4096 1105 4165 ἄργυρον
1125 4134 1139 4158 ,
1169 4097 1197 4148 6
1227 4096 1283 4149 δὲ
1308 4097 1412 4167 γῆν
1450 4096 1729 4167 πλείστην,
1769 4100 1868 4167 τὴν

300 4186 404 4256 μὲν
439 4187 890 4257 πεφυτευμένην,
932 4186 1030 4256 τὴν
1073 4187 1129 4240 δὲ
1165 4188 1259 4241 καὶ
1304 4189 1703 4258 σπειρομένηνο
1750 4191 1777 4242 6
1812 4189 1868 4243 δὲ

297 4275 641 4346 βοσκήματα.
683 4275 845 4328 Ἀλλὰ
885 4274 1057 4329 ταῦτα
1106 4276 1286 4330 πάντα
1317 4278 1629 4347 περιλαϐὼν
1663 4282 1690 4332 6
1726 4281 1867 4348 Προ-

297 4368 498 4437 φήτης,
529 4367 759 4429 καὶτοῖς
794 4367 957 4430 θείοις
994 4368 1316 4441 μαρτυρίοις
1348 4369 1703 4441 παραϐαλὼν,
1737 4370 1867 4441 ἔφη·

1972 3188 2115 3238 sum,
2141 3176 2282 3229 sicut
2306 3176 2563 3229 omnibus
2590 3173 2850 3228 divitiis.»
2887 3171 3195 3247 Laboriosa,
3216 3188 3299 3230 est
3326 3180 3541 3245 quidem

1970 3268 2186 3323 virtutis
2217 3269 2302 3321 via
2328 3310 2343 3333 ,
2376 3268 2467 3322 sed
2498 3266 2754 3336 perfectis
2782 3266 3076 3319 admodum
3106 3267 3371 3333 jucunda.
3409 3267 3543 3323 Pro.

1970 3368 2155 3428 pterea
2188 3360 2321 3414 dicit
2362 3358 2629 3413 Dominus
2658 3356 2916 3423 Christus
2946 3376 2959 3413 :
3005 3376 3024 3409 ι
3054 3357 3327 3430 Suscipite
3352 3360 3545 3431 jugutn

1972 3466 2155 3505 meum
2190 3452 2242 3504 in
2280 3465 2419 3506 vos:
2469 3449 2661 3518 jugum
2713 3449 2860 3503 enim
2913 3464 3094 3503 meum
3149 3466 3318 3505 suave
3350 3462 3459 3517 est,
3493 3461 3547 3505 et

1971 3559 2111 3599 onus
2145 3557 2326 3597 meum
2359 3543 2475 3596 leve
2514 3550 2564 3596 γ.
2604 3560 2623 3593 ι
2662 3539 2753 3595 Sic
2780 3541 2944 3596 etiam
2980 3558 3161 3595 sermo
3193 3542 3271 3596 ait
3311 3545 3547 3612 pr0pbe-

1971 3638 2144 3692 ticus:
2171 3634 2412 3689 Tunrum
2446 3633 2886 3687 testimoniorum
2909 3633 3187 3702 possessio
3208 3634 3545 3702 quibuslibet

1971 3727 2171 3783 divitiis
2201 3726 2497 3795 jucundior
2533 3726 2664 3779 mihi
2696 3734 2798 3778 est.
2838 3724 2969 3778 Illud
2999 3745 3012 3778 :
3055 3742 3073 3776 ι
3106 3723 3259 3779 Sicut
3288 3726 3542 3779 omnibus

1969 3820 2174 3876 divitiis
2199 3863 2213 3886 ,
2245 3839 2263 3872 ι
2316 3835 2425 3875 non
2459 3828 2661 3873 temere
2695 3819 2967 3887 adjectum
3001 3830 3082 3873 est
3120 3835 3134 3872 :
3171 3820 3265 3874 sed
3301 3820 3540 3873 universi

1969 3915 2183 3987 generis
2207 3931 2336 3984 opes
2360 3915 2599 3969 declarat
2624 3932 2636 3967 :
2672 3914 2856 3968 multa:
2886 3915 3029 3967 enim
3066 3925 3193 3968 sunt
3221 3914 3540 3968 divitiarum

1968 4006 2203 4074 species.
2260 4006 2411 4059 Alius
2456 4019 2654 4059 aurum
2702 4004 2943 4066 habens,
2993 4004 3310 4059 nominatur
3354 4006 3539 4070 dives;

1969 4099 2109 4153 alius
2149 4098 2241 4167 qui
2287 4108 2606 4167 argenturm,
2657 4108 2709 4151 et
2753 4097 2895 4150 alius
2948 4097 3041 4164 qui
3092 4106 3249 4151 terra:
3301 4098 3544 4166 possidet

1968 4189 2285 4260 plurimum,
2311 4188 2393 4242 vel
2418 4190 2707 4243 arboribus
2738 4189 2983 4253 consitae,
3018 4197 3098 4241 vel
3137 4187 3347 4259 1442
3376 4188 3541 4242 semi-

1968 4282 2154 4347 nibus;
2182 4291 2236 4335 et
2258 4282 2397 4335 alius
2419 4281 2510 4350 qui
2542 4295 2757 4349 pecora.
2785 4279 2891 4333 Sed
2924 4279 3038 4334 haec
3061 4280 3245 4333 omnia
3272 4279 3541 4348 Propheta

1970 4374 2465 4443 comprehenderis,
2494 4374 2801 4443 divinisque
2832 4372 3159 4428 testimoniis
3193 4387 3541 4439 comparans,

296 4478 389 4513 σεν
416 4458 715 4530 ἀξιέραστα
741 4459 879 4513 εἶναι
913 4460 1063 4529 αὐτῷ
1088 4462 1156 4514 τὰ
1188 4462 1305 4515 θεῖα
1332 4462 1631 4534 μαρτύρια,
1663 4462 1736 4527 ὡς
1758 4466 1868 4527 τοῖς

1976 4466 2112 4521 dixit
2149 4465 2393 4534 jucunda
2440 4481 2561 4520 esse
2594 4466 2695 4521 sibi
2726 4466 2909 4519 divina
2946 4464 3256 4518 testimonia
3291 4504 3305 4528 ,
3350 4479 3542 4531 quem-

296 4552 675 4620 φιλοπλούτοις
709 4551 926 4605 ἅπαντα
951 4553 1046 4605 τοῦ
1075 4553 1307 4607 πλούτου
1330 4554 1398 4608 τὰ
1428 4555 1563 4625 εἴδη,

369 4723 453 4779 ιε’.
510 4744 530 4777 ι
581 4728 670 4780 Ἐν
719 4730 842 4791 ταῖς
901 4731 1144 4793 ἐντολαῖς
1201 4748 1295 4783 σου
1354 4730 1720 4802 ἀδολεσχήσω,
1774 4739 1871 4789 καὶ

296 4817 621 4886 κατανοήσω
666 4818 765 4882 τὰς
809 4819 963 4883 ὁδούς
998 4838 1113 4874 σου.
1147 4841 1164 4875 ι
1216 4821 1417 4875 Τούτου
1464 4824 1649 4894 χάριν,
1688 4827 1869 4896 φησὶν,

296 4906 587 4978 ἐνδελεχῶς
634 4910 742 4964 τῶν
790 4911 898 4964 σῶν
936 4912 1109 4982 λόγων
1148 4913 1247 4985 τὴν
1298 4916 1526 4987 μελέτην
1562 4918 1786 4990 αὑχήσω
1802 4923 1870 4988 ⁸⁷,

296 5001 389 5052 καὶ
417 5003 540 5064 ταῖς
554 5002 599 5034 ⁸⁸
633 5006 755 5067 σαῖς
787 5005 925 5068 ὁδοῖς
957 5008 1056 5076 τὴν
1087 5010 1314 5077 πορείαν
1343 5012 1661 5080 ποιήσομαι.

370 5098 469 5158 ις’.
505 5112 525 5144 ι
570 5094 658 5148 Ἐν
692 5098 806 5160 τοῖς
846 5097 1191 5177 δικαιώμασί
1224 5117 1316 5153 σου
1351 5102 1635 5173 μελετήσω
1652 5106 1729 5171 ⁵⁸,
1772 5107 1870 5158 οὐκ

365 5258 392 5287 ι
423 5250 612 5305 Matth.
643 5266 742 5316 vn,
772 5251 826 5305 6.
900 5261 930 5300 I
962 5252 1151 5309 Matth.
1187 5271 1262 5321 χι,
1292 5255 1381 5323 ‘29,
1414 5257 1505 5311 '50.

1977 4560 2271 4615 admodum
2315 4575 2478 4628 opum
2521 4559 2781 4614 studiosis
2828 4573 3017 4612 omnes
3064 4558 3383 4612 divitiarum
3420 4571 3544 4627 spc-

1976 4657 2107 4709 cies.

2052 4746 2214 4799 Vsus.
2248 4746 2331 4799 15.
2368 4762 2386 4793 ι
2423 4741 2671 4795 Mandata
2708 4750 2797 4795 tua
2826 4742 3164 4805 meditabor,
3196 4748 3251 4793 et
3288 4738 3542 4792 conside-

1980 4836 2112 4891 rabo
2143 4836 2256 4889 vias
2291 4845 2463 4888 tuas.»
2492 4833 2803 4902 Propterea,
2832 4831 2941 4894 ait,
2986 4837 3202 4884 tuorum
3229 4844 3543 4884 sermonum

1983 4925 2385 4979 meditationem
2419 4925 2675 4978 continue
2711 4938 2821 4992 pra:
2861 4937 2947 4977 me
2984 4921 3186 4988 ferant,
3216 4932 3269 4975 et
3296 4936 3389 4990 per
3421 4930 3542 4974 tuas

1980 5016 2096 5069 vias
2132 5018 2230 5069 iter
2263 5016 2481 5069 faciam.

2052 5106 2223 5162 Vens.
2259 5108 2346 5162 16.
2395 5127 2411 5157 ε
2446 5104 2869 5173 Justilicationes
2919 5114 3038 5160 tuas
3070 5104 3406 5168 meditabor,
3435 5116 3542 5157 non

1410 5386 1653 5443 VARUE
1683 5386 2074 5443 LECTIONES
2098 5388 2185 5441 ET
2216 5388 2449 5444 NOTAE.

361 5498 905 5575 ⁸ξᾲί1).⁹Εξεζήτησα,
936 5517 1057 5575 quae
1072 5515 1157 5575 est
1188 5519 1295 5558 rec.
1323 5504 1485 5559 lectio
1508 5506 1565 5559 ιι.
1602 5505 1635 5559 1.
1702 5505 1868 5558 ⁸¹Ἂπη

1976 5524 2017 5574 7.
2046 5505 2209 5559 llebr.
2243 5506 2438 5559 Errare
2470 5506 2635 5558 sinas.
2691 5504 3229 5569 ⁵²⁹Ατόπους.οο(1.1
3254 5503 3539 5567 ἐκτύπους.

294 5568 341 5645 ξ’
388 5569 714 5645 ᾉπαιωρεῐ.
752 5573 879 5625 ibid.
924 5574 1212 5645 ἀπολαύει.
1287 5576 1333 5606 ⁸⁸
1372 5579 1493 5628 cod.
1546 5576 1868 5645 ίὰποκρύπ

1984 5568 1992 5574 ’
2047 5578 2091 5608 ⁸⁵
2119 5578 2365 5644 Χοίρων.
2398 5577 2471 5629 ib.
2506 5591 2688 5641 tit-mm.
2722 5575 2851 5628 τῶν.
2926 5575 2972 5605 ⁸⁸
3006 5568 3142 5631 Μοι.
3179 5575 3300 5645 cod.
3336 5577 3360 5626 1
3412 5575 3538 5629 add.

295 5639 467 5711 εστίν.
572 5641 615 5671 ⁸⁷
640 5643 791 5711 Αὐχ.
834 5644 957 5699 cod.
993 5644 1014 5696 Ι
1054 5645 1300 5711 ἀσκήσω.

294 5708 437 5765 infra
468 5725 609 5767 vers.
645 5708 860 5781 24,17,
896 5713 983 5782 70,
1022 5714 1108 5783 77,
1140 5708 1229 5783 92,
1268 5715 1368 5771 145
1391 5726 1445 5770 et
1473 5715 1597 5772 174.

1395 5646 1441 5677 ⁸⁸
1482 5644 1644 5717 Ταῖς.
1693 5644 1769 5702 ib.
1822 5662 2009 5717 praem.
2041 5652 2118 5703 ἐν.

2229 5649 2272 5679 ⁸9
2310 5649 2527 5701 Μελετ.
2567 5645 2725 5701 Hebr.
2754 5645 3033 5701 Oblectabo
3068 5661 3165 5701 me.
3202 5644 3294 5701 Sic
3323 5658 3542 5716 quoque
