3996 6490
406 308 541 380 182⁸1

1408 303 1910 368 ΤΙΙΕΟΒΟΒΕΤΙο
1933 302 2274 365 EPISCOPI
2313 301 2682 365 CYRENSIS

3527 297 3679 366 1828

404 427 696 483 obliviscar
740 438 1055 481 sermonum
1103 430 1351 479 tuorum.
1385 441 1404 475 ι
1450 423 1716 477 Tenacem
1763 432 1981 478 tuorum

2108 421 2421 492 μπιλήσομαι
2446 421 2557 474 τῶν
2584 421 2760 490 λόγων
2785 437 2901 475 σου.
2937 440 2955 474 ι
2995 419 3270 492 Ἀληστον
3295 420 3403 475 τῶν
3440 422 3549 474 σῶν
3582 422 3684 475 λο-

404 520 754 576 oraculorum
788 517 1106 571 memoriam
1138 516 1272 570 mihi
1303 516 1637 570 custodiam.
1862 568 1871 572 -

475 609 640 665 Vens.
672 609 760 663 17.
809 626 828 659 ι
858 607 1120 663 Retribue
1158 622 1318 662 servo
1346 618 1459 661 tuo.
1494 625 1512 658 ι
1548 605 1665 660 Non
1694 603 1989 673 cujuslibet

2093 508 2227 580 γίων
2261 511 2484 581 ἐμαυτῷ
2498 512 2543 542 ⁸⁸⁵
2570 511 2792 579 φυλάξω
2819 511 2918 581 τήν
2950 512 3193 583 μνήμην.

2165 605 2250 669 ιζ’.
2287 623 2305 656 ‹
2328 605 2662 666 Ἀνταπόδος
2694 603 2771 673 τῷ
2800 603 2975 674 δούλῳ
3002 620 3119 661 σου.
3156 622 3175 654 ι
3210 604 3286 657 Οὐ
3323 604 3529 666 παντός
3556 605 3687 656 ἐστι

404 715 489 759 est
524 705 626 757 hac
666 716 798 757 voce
828 703 925 756 uti.
965 699 1135 755 Nemo
1168 700 1311 754 enim
1344 715 1565 769 pravam
1598 698 1989 753 conscientiam

2108 697 2264 768 ταύτῃ
2324 697 2640 768 χρήσασθαι
2691 699 2761 768 τῇ
2809 698 2995 766 φωνῇ’
3040 696 3215 760 οὐδεὶς
3266 695 3375 766 γὰρ
3434 698 3688 768 πονηρὸν

407 795 804 853 circumferens
854 794 922 848 ad
982 793 1398 847 retributionem
1446 791 1687 860 judicem
1743 790 1987 845 excitat:

396 889 500 956 qui
531 898 712 942 autem
748 885 910 941 rectis
946 886 1121 940 utitur
1146 883 1573 952 cogitationibus
1599 922 1613 945 ,
1642 897 1765 936 cum
1796 880 1990 935 fiducia

408 978 512 1033 hac
540 978 712 1033 utitur
741 991 894 1030 voce.
930 994 949 1026 ι
978 973 1202 1028 Vivilica
1228 988 1335 1035 me,
1366 979 1420 1025 et
1447 971 1750 1026 custodiam
1786 983 1992 1023 sermo-

409 1088 508 1127 nes
535 1079 681 1126 tuos.
720 1089 739 1122 ι
779 1068 953 1123 Tuam
982 1068 1126 1122 enim
1159 1075 1357 1120 nactus
1387 1080 1570 1134 opem,
1605 1062 1811 1133 peccati
1847 1077 1993 1115 mor-

408 1175 516 1219 tem
550 1163 805 1233 eﬂugiam
838 1201 854 1227 ,
906 1169 961 1215 et
990 1160 1155 1213 vitam
1185 1174 1307 1229 quae
1335 1158 1479 1212 inest
1508 1160 1856 1212 sermonibus
1885 1154 1993 1209 tuis

408 1255 741 1326 percipiam.

480 1342 645 1400 Vens.
676 1345 764 1400 18.
814 1362 832 1395 ι
866 1342 1065 1397 Revela
1108 1342 1299 1397 oculos
1340 1355 1523 1405 meos,
1556 1348 1610 1394 et
1634 1339 1994 1395 considerabo

409 1437 684 1492 mirabilia
720 1436 787 1491 de
817 1436 933 1504 lege
972 1442 1088 1488 tua.
1122 1454 1141 1486 ι
1179 1434 1297 1488 Non
1337 1433 1482 1487 enim
1512 1446 1703 1486 omnes
1730 1471 1745 1494 ,
1782 1432 1874 1501 qui
1913 1432 1997 1485 di-

408 1526 538 1581 vina
560 1526 785 1580 oracula
814 1524 1084 1585 lectitant,
1114 1522 1309 1577 horum
1334 1521 1604 1575 mirabilia
1629 1520 1995 1585 considerant,

411 1616 505 1670 sed
528 1616 621 1686 qui
642 1628 881 1685 superno
907 1612 1200 1683 splendore
1228 1610 1604 1682 perfruuntur.
1634 1609 1809 1675 Quam
1832 1610 1995 1665 etiam

411 1707 482 1762 ob
515 1722 739 1762 causam
769 1706 965 1760 beatus
992 1704 1071 1759 ait
1111 1703 1317 1758 Paulus
1348 1721 1361 1757 :
1409 1721 1428 1754 ι
1463 1703 1600 1758 Cum
1644 1712 1826 1755 autem
1871 1716 1999 1754 con-

2094 790 2336 854 συνειδὸς
2392 790 2711 860 περιφέρων
2768 791 2848 853 είς
2904 790 3267 843 ἀνταπόδοσιν
3316 791 3408 844 τὸν
3472 791 3687 861 κριτὴν

2092 882 2379 953 διεγείρειο
2412 884 2440 934 ὁ
2472 880 2530 933 δέ
2578 880 2842 951 καθαροῖς
2890 880 3170 951 χρώμενος
3216 881 3531 951 λογισμοῖς,
3576 884 3688 935 σὺν

2095 974 2391 1046 παρρησία
2424 972 2595 1043 ταύτῃ
2630 973 2898 1043 κέχρηται
2936 975 3004 1041 τῇ
3039 974 3212 1041 φωνῇ.
3254 992 3272 1022 ι
3313 974 3481 1043 Ζῆσόν
3515 991 3587 1043 με
3612 974 3687 1037 ⁶¹,

2092 1068 2189 1122 καὶ
2216 1066 2436 1135 φυλάξω
2478 1066 2607 1128 τοὺς
2652 1064 2848 1132 λόγους
2882 1082 3003 1118 σου.
3048 1084 3066 1117 ι
3106 1066 3218 1135 Τῆς
3250 1066 3349 1134 σῆς
3392 1067 3502 1137 γὰρ
3535 1066 3691 1119 ἁπο-

2094 1160 2276 1212 λαύων
2309 1157 2634 1227 ἐπικουρίας
2667 1197 2681 1221 ,
2724 1157 3088 1227 διαφεύξομαι
3134 1157 3235 1227 τῆς
3281 1159 3553 1228 ἁμαρτίας
3585 1158 3693 1211 τὸν

2097 1253 2326 1309 θάνατον
2347 1292 2362 1318 ,
2395 1252 2491 1305 καὶ
2521 1251 2620 1323 τὴν
2647 1253 2711 1303 ἐκ
2738 1251 2847 1305 τῶν
2878 1251 3053 1319 λόγων
3086 1269 3179 1304 σου
3215 1254 3468 1323 τρυγήσω
3500 1253 3688 1323 ζωήν.

2172 1342 2262 1414 ιη’.
2319 1362 2337 1394 ι
2384 1343 2764 1412 Ἀποκάλυψον
2811 1344 2937 1407 τοὺς
2993 1343 3308 1413 ὀφθαλμούς
3381 1362 3517 1414 μου,
3580 1345 3693 1398 καὶ

2098 1436 2421 1505 κατανοήσω
2462 1434 2532 1487 τὰ
2576 1433 2858 1504 θαυμάσια
2898 1435 2963 1487 ἐκ
3006 1434 3101 1487 τοῦ
3140 1435 3307 1504 νόμου
3354 1451 3466 1487 σου.
3506 1452 3525 1485 ι
3561 1434 3692 1503 Οὐχ

2098 1526 2338 1590 ἅπαντες
2389 1527 2439 1579 οἱ
2495 1528 2607 1588 τοῖς
2660 1525 2826 1589 θείοις
2891 1525 3311 1596 ἐντυγχάνοντες
3359 1525 3558 1593 λογίοις
3613 1524 3696 1577 τὰ

2098 1618 2306 1672 τούτων
2356 1618 2683 1672 κατανοοῦσι
2724 1616 3030 1686 θαυμάσια,
3074 1616 3191 1669 ἀλλ’
3241 1617 3289 1669 οί
3339 1617 3437 1686 τῆς
3465 1616 3691 1671 ἄνωθεν

2102 1709 2469 1771 ἀπολαύοντες
2518 1707 2731 1777 αἴγλης.
2774 1710 2839 1760 Ὃ
2870 1706 2934 1778 δὴ
2978 1708 3139 1759 ml.“
3184 1708 3214 1759 ὁ
3261 1709 3531 1777 μακάριος
3568 1707 3685 1777 ἔφη

412 1800 558 1854 versi
589 1798 791 1853 fuerint
813 1797 882 1852 ad
909 1796 1103 1860 Deum,
1132 1794 1411 1849 auferetur
1442 1794 1709 1857 velamen,
1732 1792 1995 1849 Dominus

2108 1801 2313 1866 Παῦλος
2334 1818 2348 1833 ⁸
2385 1820 2403 1852 ι
2441 1800 2558 1854 ”Οτ’
2588 1800 2653 1853 ἂν
2681 1798 2739 1852 δὲ
2768 1798 3068 1869 ἐπιστρέψῃ
3098 1797 3236 1867 πρὸς
3265 1797 3489 1867 Κύριον,
3516 1792 3687 1868 περτ-

412 1899 595 1944 autem
645 1889 872 1959 spiritus
919 1897 1075 1943 esti.
1117 1905 1135 1939 ι
1194 1886 1312 1956 Ipse
1365 1886 1531 1955 igitur
1570 1885 1756 1939 divino
1792 1884 1997 1940 lumine

413 1980 720 2036 illustratus
746 2022 761 2047 ,
809 1980 935 2050 jure
980 1979 1339 2034 exclamatz'
1386 1996 1405 2028 ‹
1436 1975 1545 2031 Nos
1584 1992 1714 2032 vero
1777 1991 1993 2044 omnes,

412 2074 646 2128 revelata
667 2073 803 2128 facie
826 2073 1054 2142 gloriam
1076 2070 1291 2125 Domini
1306 2069 1726 2138 speculantes,in
1751 2070 1996 2123 eamdem

413 2167 709 2238 imaginem
747 2166 958 2238 1443
988 2164 1445 2220 transformamur
1473 2180 1503 2217 a
1531 2164 1783 2218 claritate
1815 2164 1868 2216 in
1895 2163 2000 2217 cla-

413 2261 636 2316 ritatem
668 2301 682 2326 ,
712 2270 971 2329 tanquam
1004 2276 1033 2313 a
1070 2259 1287 2314 Domini
1319 2258 1516 2327 spiritu
1543 2270 1593 2312 ιι.
1622 2276 1641 2309 ι
1679 2256 1789 2313 Nos
1816 2266 1995 2311 autem

416 2352 573 2409 decet
598 2354 889 2407 Dominum
914 2353 1104 2420 oraret,
1140 2363 1201 2405 ut.
1236 2353 1416 2405 velum
1461 2351 1749 2404 oculorum
1798 2351 1997 2405 mentis

416 2455 619 2502 nostra:
649 2445 929 2511 auferens,
957 2443 1267 2498 divinorum
1297 2444 1646 2498 oraculorum
1676 2442 1780 2496 vim
1812 2451 1999 2497 osten-

416 2536 532 2592 dat.

489 2712 658 2769 Vsus.
693 2714 779 2769 19.
820 2732 838 2764 ι
867 2712 1048 2768 lncola
1095 2729 1196 2784 ego
1223 2729 1343 2769 sum
1372 2712 1425 2767 in
1465 2723 1606 2768 terra
1630 2753 1646 2779 ,
1676 2728 1744 2767 ne
1769 2712 1997 2767 abscon-

417 2806 517 2863 das
558 2821 590 2861 ι
638 2822 724 2861 me
765 2806 1022 2860 mandata
1056 2815 1171 2859 tua.
1205 2797 1223 2856 ι
1270 2803 1495 2859 Terram
1531 2821 1630 2859 nos
1662 2820 1853 2860 omnes
1887 2820 1994 2858 non

418 2899 811 2964 inhabitamus,
846 2898 940 2953 sed
973 2899 1026 2952 in
1055 2913 1118 2954 ea
1147 2899 1507 2954 diversamur.
1537 2899 1673 2952 Cum
1704 2899 1853 2951 enim
1886 2898 1999 2951 exi-

421 3005 588 3059 guum
616 2992 738 3044 vitaz
758 3002 971 3060 tempus
1002 2992 1399 3060 peregerimus,
1429 2991 1484 3044 in
1510 2990 1670 3044 aliam
1702 2991 1998 3043 transimus

2099 1897 2334 1964 αιρεῖται
2359 1893 2420 1946 τὸ
2446 1892 2715 1961 κάλυμμα
2734 1908 2748 1922 ·
2774 1890 2803 1943 ό
2824 1890 2881 1942 δὲ
2902 1890 3106 1960 Κύριος
3136 1888 3197 1941 τὸ
3228 1889 3446 1960 πνεῦμά
3469 1891 3681 1943 ἐστιν.»

2098 1985 2272 2048 Αὐτὸς
2307 1983 2410 2055 μέν
2437 2000 2517 2036 τοι
2542 1981 2620 2053 τῷ
2650 1982 2791 2051 φωτὶ
2823 1980 2903 2050 τῷ
2933 1980 3063 2050 θείῳ
3088 1980 3571 2052 καταυγαζόμενος
3609 1983 3687 2034 εί·

2099 2078 2271 2141 κότως
2303 2076 2464 2129 ἐϐόα·
2504 2094 2522 2125 ί
2567 2076 2760 2145 Ἡμεῖς
2799 2074 2857 2127 δὲ
2890 2074 3128 2136 ἅπαντες
3167 2072 3687 2145 ἀνακεκαλυμμένῳ

2099 2169 2381 2243 προσώπῳ
2428 2168 2527 2240 τὴν
2581 2167 2739 2233 δόξαν
2788 2168 2996 2238 Κυρίου
3042 2166 3535 2237 κατοπτριζόμενοι
3574 2168 3686 2238 τὴν

2099 2262 2269 2334 αὐτὴν
2292 2263 2478 2316 εἰκόνα
2513 2259 3011 2331 μεταμορφούμεθα
3044 2258 3152 2312 ἀπὸ
3190 2258 3349 2329 δόξης
3386 2261 3465 2321 είς
3496 2259 3683 2325 δόξαν,

2099 2356 2355 2427 καθάπερ
2394 2356 2502 2411 ἀπὸ
2528 2354 2736 2423 Κυρίου
2770 2352 3100 2422 πνεύματος.
3132 2371 3152 2403 ι
3212 2351 3391 2421 Ἦμᾶς
3416 2353 3473 2406 δὲ
3509 2369 3689 2425 προσ.

2098 2449 2224 2521 ήκει
2256 2448 2350 2499 τὸν
2383 2445 2660 2515 Δεσπότην
2694 2442 3016 2506 ἀντιϐολεῖν,
3049 2442 3137 2494 ἵνα
3178 2442 3240 2494 τὸ
3267 2441 3531 2511 κάλυμμα
3561 2441 3685 2493 τῶν

2097 2540 2198 2609 τῆς
2217 2538 2457 2602 διανοίας
2485 2536 2645 2607 ήμῶν
2676 2532 2946 2606 περιελὼν
2981 2532 3297 2603 ὀφθαλμῶν,
3330 2533 3589 2605 ἀποδείξῃ
3608 2535 3685 2565 οι.

2096 2631 2205 2683 τῶν
2234 2628 2395 2683 θείων
2425 2629 2624 2697 λογίων
2653 2628 2752 2696 τὴν
2783 2626 3037 2696 δύναμιν.

2173 2719 2255 2774 ιϐ’,
2304 2740 2323 2772 ι
2350 2720 2619 2789 Πάροικος
2652 2718 2762 2785 ἐγώ
2788 2718 2905 2786 είμι
2932 2717 2990 2769 ἐν
3017 2718 3082 2785 τῇ
3114 2718 3183 2787 γῇ
3204 2732 3218 2746 ·
3250 2716 3324 2787 μὴ
3351 2717 3689 2787 ἀποκρύψῃς

2098 2814 2191 2867 ἀπ’
2228 2812 2364 2882 ἐμοῦ
2404 2811 2503 2874 τὰς
2535 2810 2753 2871 ἐντολάς
2785 2826 2902 2863 σου.
2937 2827 2954 2858 ι
2990 2809 3101 2877 Τὴν
3141 2809 3246 2877 γῆν
3280 2810 3342 2862 ού
3390 2810 3688 2863 κατοικοῦ-

2100 2923 2221 2976 μεν,
2253 2906 2389 2958 ἁλλὰ
2425 2903 2797 2975 παροικοῦμεν
2818 2919 2831 2933 ·
2866 2902 3069 2974 βραχὺν
3096 2902 3264 2972 γὰρ⁶⁸
3285 2903 3690 2968 διαϐιώσαντες

2097 2999 2312 3070 χρόνον,
2344 3000 2424 3060 είς
2464 2997 2655 3066 ἕτερον
2710 2995 3114 3066 μεταϐαίνομεν
3146 2994 3281 3065 βίον.
3313 2994 3483 3047 Τοῦτο
3516 2995 3574 3048 δὲ
3617 2996 3689 3048 οὐ

416 3083 607 3137 vitam.
643 3084 784 3137 Sane
829 3082 933 3137 hoc
982 3098 1091 3136 non
1126 3096 1320 3137 omnes
1346 3083 1531 3137 volunt
1566 3082 1736 3147 scire,
1784 3082 1877 3135 sed
1929 3081 1995 3135 de

2108 3092 2302 3153 πάντες
2330 3088 2610 3143 ἐθέλουσιν
2644 3088 2865 3151 ειδέναι,
2899 3086 3014 3140 ἀλλ’
3044 3087 3093 3139 οί
3140 3087 3232 3139 ἐπὶ
3263 3089 3378 3149 τοῖς
3409 3088 3692 3159 παροῦσιν

416 3172 781 3242 praesentibus
809 3171 991 3235 bonis,
1029 3183 1289 3241 tanquam
1322 3171 1764 3241 permanentibus
1792 3180 1846 3224 et
1880 3179 1993 3224 sta-

418 3262 625 3317 bilibus
664 3264 989 3319 efferuntur.
1020 3262 1126 3328 Qui
1166 3278 1300 3317 vero
1328 3263 1637 3317 divinarum
1686 3278 1867 3317 rerum
1900 3276 1996 3315 co-

420 3356 664 3426 gnitione
711 3357 1011 3411 instructus
1079 3366 1206 3421 est,
1256 3357 1575 3410 brevitatem
1635 3357 1761 3410 vita:
1826 3356 1993 3409 nevit.

419 3447 628 3504 Idcirco
668 3448 901 3503 incolam
944 3464 1003 3501 se
1033 3447 1212 3517 ipsum
1243 3458 1563 3518 nuncupat,
1597 3458 1649 3503 et
1683 3449 1996 3518 supplicat,

420 3555 482 3599 ut
513 3544 698 3599 divina
733 3543 987 3597 mandata
1022 3559 1127 3597 non
1165 3544 1397 3614 ignoret.

492 3639 658 3695 Vens.
703 3639 794 3695 20.
856 3640 1232 3710 (Concupivit
1284 3641 1464 3694 anima
1512 3655 1631 3695 mea
1689 3640 1999 3695 desiderare

417 3729 839 3802 iustificationes
887 3740 1009 3785 tuas
1047 3731 1196 3785 omni
1243 3739 1508 3801 tempore.
1546 3752 1564 3784 ι
1614 3731 1765 3786 Multi
1813 3731 1999 3786 divina

419 3821 627 3892 judicia
682 3820 997 3877 desiderant
1042 3823 1415 3892 malorumque
1443 3839 1668 3895 regnum
1694 3833 1996 3894 appetunt,

424 3911 523 3967 sed
572 3927 682 3968 non
734 3928 995 3982 semper:
1040 3914 1201 3967 modo
1271 3929 1401 3969 vero
1461 3916 1663 3970 divinis
1721 3916 1999 3971 oblectan-

423 4012 553 4069 tur,
604 4011 660 4058 et
710 4005 874 4058 modo
934 4003 1184 4073 corporis
1231 4004 1458 4060 affectus
1512 4015 1836 4075 sequuntur.
1892 4005 1999 4059 Sed

423 4095 687 4166 propheta
718 4097 980 4151 continue
1016 4101 1118 4151 hoc
1150 4097 1485 4152 desiderium
1514 4098 1713 4153 habere
1751 4106 1996 4168 exoptat.

497 4278 664 4337 Vens.
703 4279 795 4334 21.
855 4298 873 4330 ι
914 4279 1209 4350 Increpasti
1254 4281 1541 4349 superbos.
1578 4300 1595 4331 ι
1640 4281 1744 4346 Qui
1790 4282 2001 4337 divinas

422 4369 569 4441 leges
598 4370 947 4438 despiciunt,
992 4371 1047 4423 in
1103 4372 1373 4439 superbiae
1412 4372 1667 4426 morbum
1718 4374 1996 4437 incidunt,

2099 3184 2345 3253 ἀγαθοῖς,
2380 3183 2455 3245 ὡς
2490 3183 2584 3235 ἐπὶ
2613 3181 2861 3252 μονίμοις
2893 3179 2987 3233 καὶ
3012 3179 3261 3250 διαρκέσι
3300 3179 3687 3250 βρενθύοντες.

2112 3273 2171 3327 '0
2194 3273 2251 3327 δέ
2274 3274 2341 3326 τὰ
2364 3273 2487 3326 θεῖα
2509 3271 2940 3341 πεπαιδευμένος
2953 3269 2998 3301 ⁸⁵
3024 3265 3132 3322 οἶδε
3160 3269 3256 3321 τοῦ
3287 3268 3403 3337 βίου
3430 3270 3491 3322 τὸ
3513 3272 3692 3342 πρόσ-

2099 3383 2313 3437 καιρον.
2350 3365 2442 3416 Διὸ
2484 3364 2549 3434 δὴ
2590 3365 2685 3416 καὶ
2716 3361 2982 3430 πάροικον
3017 3360 3207 3412 ἑαυτὸν
3253 3360 3542 3429 ὀνομάζει,
3581 3362 3691 3414 καὶ

2102 3453 2333 3509 ἱκετεύει
2368 3453 2468 3515 τὰς
2503 3452 2653 3514 θείας
2682 3449 2902 3511 ἐντολὰς
2942 3447 3209 3519 μηδαμῶς
3234 3448 3522 3517 ἀγνοῆσαι.

2170 3643 2238 3691 κ’.
2282 3655 2298 3687 ι
2344 3631 2722 3703 Ἐπεπόθησεν
2740 3632 2784 3663 ⁸⁵
2811 3633 2843 3700 ὴ
2872 3630 3016 3701 ψυχή
3058 3647 3160 3701 μου
3199 3628 3293 3681 τοῦ
3338 3629 3689 3700 ἐπιθυμῆσαι

2099 3728 2172 3781 τὰ
2203 3725 2449 3797 κρίματα
2478 3741 2572 3776 σου
2612 3725 2670 3775 ἐν
2704 3721 2868 3774 παντὶ
2894 3720 3095 3791 καιρῷ.
3120 3739 3138 3771 ι
3177 3718 3537 3790 Ἐπιθυμοῦσι
3569 3720 3690 3773 τῶν

2102 3821 2264 3875 θείων
2303 3818 2590 3891 κριμάτων
2620 3813 2827 3877 πολλοὶ,
2874 3813 2969 3865 καὶ
3017 3813 3116 3881 τῆς
3159 3811 3405 3883 οὐρανῶν
3434 3812 3691 3879 ἐφίενται

2105 3911 2410 3983 βασιλείας,
2451 3908 2564 3961 ἀλλ’
2600 3907 2701 3959 οὐκ
2726 3905 2833 3957 ἀεί.
2870 3903 2987 3956 Νῦν
3021 3903 3121 3973 μὲν
3139 3902 3185 3934 ⁸⁸
3219 3902 3386 3966 θείοις
3414 3904 3691 3973 ἀρέσκον-

2101 4022 2216 4067 ται,
2239 4002 2335 4055 νῦν
2360 4000 2417 4054 δὲ
2445 4003 2558 4061 τοῖς
2609 3996 2721 4050 τοῦ.
2743 3994 2998 4065 σώματος
3031 3992 3387 4047 ἀκολουθοῦσι
3420 3994 3690 4064 παθήμα-

2105 4118 2189 4153 σιν
2209 4113 2222 4127 ⁶
2255 4100 2282 4151 ὁ
2302 4098 2358 4150 δὲ
2389 4095 2674 4166 προφήτης
2700 4092 2975 4163 ἱμείρεται
3003 4090 3193 4143 τοῦτον
3222 4090 3367 4161 ἔχειν
3388 4090 3479 4144 τὸν
3517 4090 3689 4144 πόθον

2100 4189 2386 4259 διηνεκῶς.

2173 4287 2282 4335 κα’.
2315 4298 2333 4330 ι
2376 4276 2753 4347 Ἐπετίμησας
2784 4274 3181 4344 ὑπερηφανοις.
3213 4291 3231 4324 ι
3277 4276 3337 4327 Oi
3380 4274 3491 4326 τῶν
3522 4274 3693 4328 θείων

2102 4377 2282 4444 νόμων
2328 4368 2803 4438 καταφρονοῦντες
2848 4369 2915 4436 τῇ
2967 4365 3069 4434 τῆς
3112 4365 3496 4436 ὑπερηφανίας
3528 4383 3695 4436 περι-

422 4463 515 4518 sed
547 4478 575 4514 a
602 4461 752 4530 justo
774 4460 957 4529 judice
990 4474 1205 4530 pmnam
1248 4472 1544 4530 reportant.
1580 4463 1695 4519 Hoc
1726 4480 1860 4520 sane
1889 4467 1996 4520 Ab-

2108 4469 2367 4520 πίπτουσι
2413 4462 2585 4531 νόσῳ·
2619 4459 2755 4513 ἀλλὰ
2798 4460 2896 4529 τὴν
2934 4458 3084 4527 παρὰ
3118 4456 3211 4510 τοῦ
3245 4457 3458 4511 δικαίου
3494 4457 3695 4527 κριτοῦ

422 4552 574 4609 salon
598 4567 889 4622 perpessus
917 4562 1023 4616 est,
1055 4553 1158 4607 hoc
1189 4552 1343 4618 Saul,
1381 4555 1484 4609 hoc
1515 4554 1750 4618 Pharao,
1780 4566 1833 4611 et
1862 4557 1997 4612 Sett-

423 4645 740 4709 nacherim,
783 4653 838 4698 et
880 4645 1427 4712 Nabuchodonosor,
1480 4656 1534 4701 et
1567 4649 1658 4702 alii
1700 4650 2000 4704 innumeri.

424 4735 540 4793 Hoc
568 4754 692 4794 cum
732 4736 999 4807 Propheta
1029 4741 1231 4805 sciret,
1284 4750 1542 4809 tanquam
1580 4743 1841 4812 propheta
1876 4745 2004 4798 sub-

420 4829 604 4899 junxit
638 4848 650 4882 :
690 4848 707 4881 σ
741 4828 1011 4884 Maledicti
1037 4832 1129 4901 qui
1161 4832 1440 4888 declinant
1462 4849 1492 4887 a
1525 4835 1796 4889 mandatis
1823 4836 1949 4890 tuis.
1979 4857 1998 4889 ι

425 4920 581 4978 lianc
624 4924 1065 4979 exsecrationem
1120 4926 1207 4981 lex
1259 4927 1423 4980 etiam
1481 4928 2006 4998 transgredientibus

495 5113 595 5170 ιιι
628 5116 754 5173 Cor.
792 5134 889 5187 ιιι,
924 5119 1025 5190 16,
1059 5121 1144 5178 l7.
1223 5134 1249 5163 ει
1285 5124 1414 5178 ibid.
1454 5124 1540 5178 ts.

2104 4559 2353 4625 δέχονται
2397 4553 2693 4623 τιμωρίαν.
2756 4549 2928 4603 Τοῦτο
2974 4550 3030 4602 δέ
3047 4549 3090 4580 ⁸⁸⁷
3141 4548 3377 4601 πέπονθε
3419 4548 3695 4602 Ἀϐεσσα-

2103 4649 2245 4720 λὼμ,
2275 4646 2436 4701 τοῦτο
2463 4645 2660 4708 Σαοὺλ,
2694 4644 2854 4696 τοῦτο
2884 4641 3105 4713 Φαραὼ,
3148 4646 3245 4694 καὶ
3278 4642 3691 4711 Σενναχηρεὶμ,

2106 4743 2199 4796 καὶ
2225 4736 2759 4808 Ναϐουχοδονόσορ⁸⁸
2780 4774 2795 4797 ,
2828 4740 2923 4789 καὶ
2955 4735 3131 4804 ἕτεροι
3163 4733 3367 4804 μυρίοι.
3406 4733 3580 4785 Τοῦτο
3608 4735 3699 4785 εἰ-

2107 4833 2214 4894 δὼς
2264 4834 2291 4884 ὁ
2332 4831 2644 4901 Προφήτης,
2688 4828 2782 4881 ἅτε
2829 4828 2895 4897 δὴ
2938 4828 3225 4898 προφήτης
3246 4828 3317 4891 ε’,
3363 4827 3694 4896 ἐπήγαγενο

2116 4949 2134 4982 ι
2186 4928 2613 5000 Ἐπικατάρατοι
2670 4930 2719 4981 οί
2769 4925 3113 4988 ἐκκλίνοντες
3160 4924 3269 4978 ἀπὸ
3305 4924 3412 4976 τῶν
3459 4922 3700 4977 ἐντολῶν

1516 5323 1750 5379 νΑΙῖΙΑέ
1804 5324 2188 5381 LECTIONES
2234 5326 2321 5380 ET
2360 5327 2595 5386 NOTAE.

494 5480 657 5534 ιοέ

653 5478 1037 5572 amiserit-cod.
1072 5482 1312 5572 llpriem:
1349 5480 1575 5572 itas-3":
1596 5480 1814 5572 ΖῆσιόνΔ
1832 5499 1931 5549 με.
1962 5498 1996 5572 οι

2111 5483 2144 5572 1
2162 5484 2439 5572 ρξῆσοέιξιρ
2467 5502 2588 5572 qua:
2620 5495 2705 5572 εει
2733 5503 2841 5572 ter.-
2874 5489 3034 5572 πεοιξρ
3060 5491 3135 5572 1v.
3162 5492 3198 5544 ι·
3227 5562 3237 5572 .
3264 5492 3436 5572 .⁶’-ῗο
3459 5490 3537 5572 ιῖξι
3556 5491 3688 5572 ,ξιειζο

424 5551 549 5607 cod.
586 5552 611 5604 1
646 5549 707 5606 οὗ
743 5552 807 5622 δὴ
835 5551 992 5622 χάριν
1023 5552 1135 5604 καί.
1167 5549 1314 5622 Hanc
1348 5550 1634 5622 lectionem
1664 5562 1887 5607 secutus
1913 5561 1996 5607 est

2108 5553 2234 5607 rafa.

2313 5558 2378 5587 ⁶²⁴
2411 5560 2531 5630 cod.
2569 5559 2588 5611 1
2624 5556 2899 5630 ὑποδείξῃ.
2978 5562 3021 5592 ⁸³
3051 5561 3195 5629 ι’άρ.
3226 5562 3299 5616 id.
3331 5562 3409 5615 δέ.
3488 5562 3689 5616 “ibid.

424 5617 866 5703 παιδευόμενοςδ
895 5617 939 5654 ⁶⁶
960 5622 1254 5703 ﬁgam}.
1360 5621 1533 5703 ‘Hebr;
1563 5621 1735 5703 Quas}:
1754 5622 1996 5703 fractae:

2108 5626 2237 5703 tunc
2264 5628 2699 5703 πιθα-(ΙαπςὶιιιενὶοΔ
2772 5617 2991 5703 ⁸⁸ῗδ1ἐν.
3028 5617 3151 5687 cod:
3188 5634 3210 5687 1
3251 5632 3375 5688 add.
3412 5632 3523 5703 γὰρ
3555 5633 3691 5694 τοῖς.

430 5690 477 5722 ’ν
512 5691 603 5746 Δέ.
636 5690 759 5749 Des.
799 5692 851 5746 in
874 5693 996 5749 cod.
1030 5693 1078 5748 l.

1185 5693 1228 5723 ⁸⁸
1269 5691 1375 5746 Καὶ
1405 5693 1665 5760 Ναϐουχ.
1702 5692 1822 5747 Des.
1880 5692 2010 5747 ibid.
2090 5696 2133 5727 ‘9
2174 5696 2315 5750 ’Ἀτε
2341 5697 2418 5766 δή
2452 5713 2632 5767 apage.
2667 5698 2792 5755 Des.
2824 5701 2965 5756 ibid-
