3996 6488
289 306 432 374 1829

1613 311 1697 373 IN
1743 311 1950 372 PSAL.
2003 312 2268 375 CXVIII.

3430 322 3565 391 1830

285 442 410 480 σου.
446 444 467 479 ι
507 424 728 496 Ταύτην
769 425 865 480 καὶ
911 428 941 480 ὁ
986 426 1151 499 νόμος
1177 429 1278 499 τὴν
1310 428 1450 500 ἀράν
1479 430 1596 492 τοῖς
1625 428 1880 499 παραϐά-

2004 428 2142 484 iﬁert
2172 448 2185 484 :
2226 447 2245 481 ι
2280 429 2601 487 Malediclus
2637 432 2821 501 enim,
2860 433 2957 500 ait,
2985 434 3199 500 omnis,
3236 438 3565 511 14.Μήυῆ

283 535 414 582 ταις
455 519 794 589 προσφέρει·
838 536 857 570 ι
900 518 1346 590 Ἐπικατάρατος
1370 518 1502 589 γὰρ,
1545 520 1714 589 φησὶ,
1748 521 1878 585 πᾶς,

283 608 344 673 ὃς
395 610 499 662 ούκ
547 609 783 680 ἐμμένει
826 612 941 671 τοῖς
986 612 1327 680 ἐγκειμένοις
1352 613 1410 665 ἐν
1438 610 1515 681 τῷ
1560 610 1754 681 βιϐλίῳ
1786 610 1881 664 τοῦ

285 702 489 771 νόμου,
520 700 616 753 τοῦ
644 700 874 771 ποιῆσαι
897 701 1060 757 αὑτά.

356 793 469 863 κβ’.
507 811 525 844 ι
560 792 791 865 Περίελε
824 794 920 848 ἀπ’
952 793 1088 866 ἐμοῦ
1119 794 1322 857 ὄνειδος
1374 795 1470 847 καὶ
1504 794 1878 859 ἐξουδενωσιν,

287 881 374 933 ὅτι
426 880 495 934 τὰ
549 880 832 953 μαρτύριά
887 900 981 937 σου
1036 883 1367 955 ἐξεζήτησα.
1412 904 1431 937 ι
1495 885 1751 938 Ὠνείδισε
1788 886 1882 939 τὸν

288 975 595 1045 Προφήτην
640 976 671 1027 ὁ
718 975 933 1040 Νάϐαλ,
968 976 1153 1030 δοῦλον
1183 977 1465 1048 δραπέτην
1504 978 1881 1042 ἀποκαλέσαςο

289 1065 582 1120 ὼνείδισαν
640 1066 807 1121 αὐτὸν
857 1069 905 1120 οἱ
948 1067 1217 1123 Γετθαῖοι.
1259 1068 1654 1139 Ἀλγυνόμενος
1701 1070 1884 1123 τοίνυν

290 1159 392 1212 ἐπὶ
417 1158 653 1225 τούτοις,
690 1160 1100 1231 ἀποτρίψασθαι
1127 1163 1196 1215 τὰ
1222 1160 1398 1231 ὀνείδη
1428 1160 1761 1232 παρακαλεῖ,
1784 1163 1882 1216 ἆτε

291 1250 359 1320 δὴ
384 1250 452 1306 τὰ
481 1250 604 1304 θεῖα
632 1253 945 1324 ἐκζητήσας
983 1253 1295 1326 μαρτύρια·
1331 1254 1431 1324 οὐχ
1472 1255 1737 1324 ἁρμόττει
1773 1257 1885 1309 τοία

293 1359 393 1395 νυν
437 1346 556 1407 τοῖς
610 1346 763 1415 παρά
819 1345 915 1398 τοῦ
962 1346 1160 1415 Σεμεε).
1201 1347 1493 1400 ὀνείδεσι⁷⁶
1538 1350 1606 1400 τὰ
1640 1350 1885 1419 παρόντα

299 1435 462 1507 ῥητά.
508 1436 726 1490 Ἐκεῖνα
760 1437 869 1508 γὰρ
906 1438 1045 1508 μετὰ
1073 1436 1172 1509 τὴν
1201 1438 1481 1509 ἁμαρτίαν
1526 1440 1781 1507 ἐγένετο·
1815 1441 1884 1495 τὰ

297 1524 356 1577 δὲ
388 1523 482 1578 τοῦ
512 1524 727 1591 Νάϐαλ,
760 1526 854 1580 καὶ
882 1526 990 1579 τῶν
1022 1526 1222 1591 ἄλλων,
1258 1529 1366 1599 πρὸ
1388 1530 1487 1600 τῆς
1515 1529 1811 1599 ἁμαρτίας.

370 1624 480 1687 κγ’.
522 1636 541 1668 ι
578 1618 690 1671 Καὶ
738 1620 847 1691 γὰρ
876 1618 1141 1673 ἐκάθισαν
1188 1620 1450 1691 ἄρχοντες
1475 1662 1489 1687 ,
1529 1623 1624 1676 καί
1655 1624 1886 1679 κατελά-

298 1709 428 1764 λουν
459 1712 584 1764 κατ’
614 1711 772 1782 ἐμοῦ.
795 1732 812 1764 ι
847 1714 961 1767 Καὶ
984 1714 1177 1781 Σαοὺλ,
1210 1716 1304 1768 καὶ
1334 1714 1589 1789 Ἀϐενὴρ,
1622 1717 1883 1789 καὶἈχι-

1988 534 2095 573 non
2122 531 2402 589 permanet
2425 522 2478 576 in
2505 524 2593 590 iis,
2626 538 2749 595 qua:
2767 524 2951 595 jacent
2974 528 3028 581 in
3055 528 3194 583 libro
3220 530 3353 600 legis
3378 531 3564 602 hujus,

1988 621 2048 666 ut
2068 612 2232 667 faciat
2260 614 2399 683 ipsa.

2058 784 2224 841 Vens.
2253 788 2343 841 22.
2380 806 2397 839 ι
2429 786 2596 843 Aufer
2620 805 2647 843 a
2686 805 2774 843 me
2831 792 3188 862 opprobrium
3233 804 3287 849 et
3318 803 3567 851 contem-

1985 890 2159 949 ptum,
2198 882 2324 949 quia
2362 883 2674 938 testimonia
2707 894 2797 939 tua
2828 886 3126 955 exquisivi.
3155 905 3173 938 ›
3205 886 3567 947 Contumeliis

1984 972 2162 1027 aﬂecit
2188 970 2515 1042 Prophetam
2549 973 2741 1042 Nabal,
2767 992 2985 1031 servum
3021 978 3307 1049 fugitivum
3331 996 3564 1037 vocans:

1985 1064 2283 1120 affecerunt
2325 1076 2380 1121 et
2412 1067 2665 1123 Gettha-i.
2698 1069 2933 1126 Maerens
2974 1071 3139 1141 igitur
3170 1072 3236 1128 de
3270 1073 3356 1129 his
3381 1114 3395 1139 ,
3447 1085 3568 1130 orat

1987 1168 2044 1213 ut
2077 1159 2367 1228 opprobria
2400 1160 2716 1225 deleantur,
2758 1172 2941 1232 utpote
2974 1165 3067 1233 qui
3098 1164 3281 1219 divina
3319 1166 3568 1221 testimo-

1987 1249 2075 1303 nia
2114 1250 2413 1318 quasierit.
2459 1252 2581 1306 Non
2634 1255 2967 1323 respondent
3022 1257 3190 1325 igitur
3244 1258 3359 1313 haec
3404 1260 3567 1313 verba

1984 1340 2254 1395 conviciis
2283 1356 2314 1395 a
2348 1342 2525 1396 Semei
2551 1342 2801 1411 jactatis.
2837 1344 2931 1398 llla
2965 1346 3110 1400 enim
3156 1358 3441 1417 peccatum
3482 1364 3569 1404 se-

1988 1442 2111 1487 cuta
2194 1444 2320 1489 sunt
2384 1453 2398 1488 :
2464 1433 2685 1491 Nabalis
2744 1453 2872 1491 vero
2934 1439 3280 1510 aliorumque
3319 1441 3567 1497 convicia

1984 1535 2270 1596 peccatum
2304 1538 2724 1596 praacesserunt.

2059 1615 2221 1672 Vens.
2251 1610 2397 1671 233:
2429 1618 2642 1673 Etenim
2677 1620 2935 1676 sederunt
2968 1623 3283 1693 principes,
3305 1635 3358 1680 et
3385 1627 3579 1682 adver-

1986 1725 2082 1765 sus
2132 1726 2219 1765 me
2259 1709 2427 1765 locuti
2463 1721 2611 1765 sunt.
2648 1732 2666 1764 ι
2702 1711 2767 1765 Ει
2797 1712 2951 1777 Saul,
2978 1725 3031 1769 et
3062 1717 3271 1782 Abner,
3303 1728 3360 1772 et
3388 1719 3560 1775 Achi-

298 1802 488 1871 τόφελ,
546 1804 643 1856 καὶ
699 1802 1082 1876 ’Δϐεσσαλὼμ,
1125 1806 1430 1877 ἐλοιδόρουν
1482 1809 1575 1861 τὸν
1626 1810 1792 1863 Δαϐίδ
1811 1812 1878 1863 τί.

2005 1802 2203 1871 ophel,
2234 1811 2288 1857 et
2328 1802 2565 1857 Absalon
2612 1805 2885 1860 conviciis
2917 1805 3171 1862 Davidem
3216 1810 3570 1879 impetebant.

307 1914 327 1947 ι
349 1895 408 1948 '0
430 1896 486 1948 δὲ
508 1895 695 1959 δοῦλός
711 1913 805 1949 σου
833 1897 1110 1968 ήδολέσχει
1137 1900 1195 1953 ἐν
1221 1901 1333 1963 τοῖς
1362 1899 1695 1971 δικαιώμασί
1715 1919 1827 1955 σου.
1858 1922 1875 1955 ι

313 1986 457 2056 Ἐγὼ
488 1988 545 2041 δὲ
570 1989 669 2060 τὴν
698 1991 798 2061 σὴν
840 1990 1161 2045 δεσποτείαν
1199 1989 1505 2062 ὁμολογῶν,
1545 1993 1778 2064 μελέτην
1807 1991 1882 2049 εί-

301 2095 397 2150 χον
434 2079 503 2133 τά
535 2079 605 2133 σὰ
632 2078 1004 2150 δικαιώματα.

372 2170 471 2224 κδ’.
506 2189 523 2222 ι
557 2172 668 2224 Καὶ
698 2172 808 2244 γὰρ
839 2172 910 2226 τὰ
942 2173 1221 2245 μαρτύριά
1251 2193 1344 2229 σου
1377 2178 1574 2249 μελέτη
1618 2177 1719 2249 μού
1744 2179 1881 2243 ἐστι,

302 2264 453 2317 atat"
506 2264 564 2317 αί
623 2265 989 2333 συμϐουλαί⁷³
1040 2284 1142 2337 μου
1186 2270 1255 2321 τὰ
1294 2270 1643 2341 δικαιώματά
1702 2288 1818 2326 σου.
1861 2291 1878 2323 ι

304 2358 493 2410 Πᾶσαν
523 2356 635 2427 γάρ
666 2357 1019 2428 ἀνθρωπίνην
1039 2360 1327 2430 εἰσήγησιν
1357 2364 1741 2434 ἀπωσάμενος,
1761 2366 1883 2429 ταῖς

306 2452 426 2513 σαῖς
456 2449 768 2520 ὑποθήκαις
797 2449 1103 2503 ἁκολουθῶ.

380 2548 481 2596 κε’.
504 2560 523 2593 ι
547 2541 846 2612 Ἐκολλήθη
876 2540 956 2612 τῷ
986 2544 1171 2613 ἐδάφει
1197 2545 1230 2615 ή
1262 2544 1408 2616 ψυχή
1448 2546 1631 2615 μουτδ.
1667 2566 1685 2599 ι
1714 2548 1882 2618 Τὴνπ

306 2632 616 2705 ὑπερϐολὴν
661 2634 762 2703 τῆς
795 2634 1178 2699 ταπεινώσεως
1222 2636 1310 2690 διὰ
1341 2637 1550 2692 τούτων
1594 2640 1883 2710 ἐδήλωσεν.

306 2722 465 2777 Οῦτω
512 2724 611 2777 καὶ
640 2723 751 2794 γὰρ
799 2725 858 2777 ἐν
891 2725 968 2795 τῷ
998 2728 1421 2799 τεσσαρακοστῷ
1448 2732 1543 2783 καὶ
1579 2732 1750 2802 τρίτῳ
1782 2733 1884 2803 ἔφη

303 2814 527 2885 ψαλμῷ·
574 2833 593 2866 ι
627 2816 749 2869 Ὅτι
781 2816 1121 2886 ἐταπεινώθη
1156 2822 1236 2883 εἰς
1282 2819 1412 2889 χοῦν
1442 2823 1475 2893 ή
1505 2822 1651 2892 ψυχὴ
1699 2826 1883 2894 ἡμῶν

306 2906 573 2978 ἐκολλήθη
606 2908 685 2969 είς
719 2906 824 2977 γῆν
851 2910 885 2979 ἡ
914 2910 1128 2983 γαστὴρ
1169 2911 1348 2981 ήμῶν.
1386 2930 1405 2963 ι
1438 2944 1509 2951 —
1549 2933 1565 2964 ι
1604 2915 1779 2984 Ζῆσόν
1820 2934 1887 2987 με

308 3000 452 3053 κατά
500 3000 594 3053 τὸν
638 2999 797 3068 λόγον
833 3017 949 3054 σου.
982 3020 1000 3051 ι
1051 2999 1164 3054 Οὔκ
1212 3003 1486 3074 ἀορίστως
1530 3007 1675 3058 αἰτεῖ
1720 3008 1885 3079 ζωήν,

306 3090 445 3143 ἀλλά
471 3091 574 3160 τὴν
606 3090 748 3144 κατά
774 3090 939 3161 νόμον
966 3090 1133 3163 ζωήν.

378 3179 494 3245 κεί-
537 3200 553 3231 ⁴
585 3181 694 3242 Τάς
724 3181 879 3245 ὁδούς
922 3200 1022 3252 μου
1072 3184 1391 3255 ἐξήγγειλα,
1438 3187 1533 3240 καὶ
1573 3190 1888 3260 ὲπήκουσάς

310 3288 450 3343 μου·
480 3271 691 3336 δίδαξόν
741 3290 808 3343 με
848 3274 917 3327 τὰ
961 3274 1311 3345 δικαιώματά
1356 3296 1469 3333 σου.
1509 3300 1528 3331 ι
1563 3282 1747 3343 Πάσα;
1783 3300 1886 3350 σοι,

308 3363 584 3427 Δέσποτα,
620 3367 721 3427 τάς
753 3365 892 3434 ἐμὰς
919 3366 1195 3435 δεδήλωκα
1224 3370 1454 3438 πράξεις
1474 3388 1487 3401 ·
1516 3374 1608 3425 καὶ
1637 3374 1792 3428 οὐδέν
1831 3393 1889 3428 σε

308 3450 495 3506 λαθεῖν
539 3454 651 3507 τῶν
684 3456 834 3525 ἐμῶν
878 3457 1274 3527 ἁνεσχόμηνπ.
1308 3462 1408 3513 Διά
1450 3480 1533 3516 τοι
1566 3464 1726 3517 τοῦτο
1772 3470 1891 3531 ταῖς

311 3544 474 3614 ἐμαῖς
528 3546 759 3608 ἱκεσίαις
814 3548 1186 3600 ἐπίνευσονπο
1257 3552 1525 3607 ἀντιϐολῶ
1576 3554 1633 3608 δὲ
1698 3558 1892 3627 μαθεῖν

311 3636 556 3706 ἀκριϐῶς
583 3636 651 3689 τά
684 3638 810 3691 σά⁷⁸
839 3638 1207 3709 δικαιώματα.

380 3725 486 3792 κζ’.
538 3745 557 3778 ι
606 3728 755 3795 Ὀδὸν
798 3729 1187 3801 δικαιωμάτων
1218 3750 1320 3787 σου
1360 3737 1639 3792 συνέτισόν
1675 3759 1764 3810 με,
1797 3744 1894 3797 καὶ

310 3819 665 3890 ἀδολεσχήσω
701 3822 759 3874 ἐν
802 3824 915 3886 τοῖς
960 3823 1288 3895 θαυμασίοις
1340 3845 1457 3883 σου.
1493 3848 1511 3881 ι
1562 3830 1722 3895 Θείας
1760 3837 1893 3904 ἡμῖν

312 3911 589 3975 συνέσεως
629 3912 743 3977 δεῖ,
776 3912 919 3967 ὥστε
955 3916 1096 3968 κατὰ
1140 3917 1232 3970 τὸν
1262 3919 1407 3973 θεῖον
1440 3922 1605 3991 νόμον
1635 3924 1736 3994 τήν
1765 3927 1891 3994 ἁρε-

310 4004 413 4075 τὴν
451 4004 754 4075 μετελθεῖν,
804 4005 1017 4059 καὶτὸν
1066 4008 1448 4081 φιλανθρωπίᾳ
1501 4013 1782 4084 χρώμενον
1819 4017 1893 4090 μὴ

314 4094 451 4166 πρὸς
483 4096 793 4163 κενοδοξίαν
818 4099 969 4163 ἰδεῖν,
997 4101 1205 4153 καὶτὸν
1235 4104 1533 4174 ἀσκητικὸν
1560 4107 1634 4179 μὴ
1656 4108 1894 4182 θηρᾶσαι

313 4186 407 4239 τὸν
459 4186 802 4256 ἀνθρώπειον
849 4188 1097 4256 ἔπαινον,
1131 4192 1226 4245 τὸν
1256 4192 1511 4265 σώφρονα
1545 4198 1619 4269 μὴ
1657 4199 1743 4254 διὰ
1793 4204 1895 4275 τὴν

312 4278 413 4347 τῆς
444 4277 743 4341 ἀκολασίας
796 4278 1079 4351 αἰσχύνην,
1135 4282 1271 4337 ἀλλὰ
1317 4283 1406 4338 διὰ
1448 4286 1540 4338 τὸν
1585 4289 1751 4344 πόθον
1795 4292 1896 4361 τῆς

316 4371 540 4443 ἀρετῆς,
576 4371 819 4440 μετιέναι
847 4370 945 4443 τὴν
980 4374 1355 4444 σωφροσύνην.
1394 4378 1638 4443 Είκότως
1666 4383 1844 4437 τοίνυν
1868 4387 1897 4438 ό

1989 1914 2009 1947 ι
2048 1894 2250 1949 Servus
2290 1904 2470 1950 autem
2507 1905 2633 1951 tuus
2680 1900 2976 1955 meditatus
3016 1910 3100 1955 est
3142 1902 3570 1971 iustiﬁcationes

1984 1994 2128 2039 tuas.
2163 2003 2180 2036 ι
2233 1984 2344 2053 Ego
2375 1997 2557 2041 autem
2601 1998 2751 2042 tuam
2785 1990 3220 2047 dominationem
3256 1996 3524 2050 conﬁtens
3550 2035 3566 2062 ,

1984 2084 2109 2131 tuas
2136 2076 2562 2145 justiﬁcationes
2592 2080 2918 2135 meditabar.

2062 2168 2221 2224 Vens.
2244 2170 2337 2225 Ἡ.
2370 2188 2388 2220 ι
2419 2169 2551 2224 Nam
2584 2179 2637 2225 et
2663 2172 2979 2229 testimonia
3009 2184 3100 2230 tua
3133 2177 3416 2232 meditatio
3450 2194 3567 2233 mea

1986 2271 2151 2327 sunt,
2207 2272 2263 2315 et
2308 2262 2536 2316 consilia
2582 2278 2700 2317 mea
2746 2265 3168 2334 justiﬁcationes
3220 2278 3344 2323 tuae.
3399 2289 3418 2322 ι
3453 2269 3570 2324 llu-

1988 2369 2149 2409 mana
2202 2355 2348 2409 enim
2401 2354 2649 2409 doctrina
2706 2357 2941 2426 rejecta,
3006 2368 3098 2413 tua
3155 2361 3415 2415 mandata
3477 2378 3570 2417 se-

1984 2464 2150 2518 quor.
3168 2504 3177 2512 .

2059 2540 2219 2594 Vens.
2251 2539 2343 2594 25.
2378 2538 2649 2595 «Adhaesit
2675 2539 2989 2609 pavimento
3020 2541 3201 2595 anima
3232 2557 3407 2597 mea.»
3446 2544 3572 2599 Sin-

1988 2633 2227 2703 gularem
2253 2634 2554 2703 quamdam
2586 2633 2955 2687 humilitatem
2983 2649 3079 2703 per
3108 2634 3223 2690 hazc
3252 2636 3568 2693 declaravit.

1990 2722 2078 2779 Sic
2126 2724 2269 2778 enim
2324 2735 2378 2779 et
2425 2724 2475 2777 in
2522 2724 2940 2794 quadragesimo
2996 2727 3156 2779 tertio
3202 2727 3277 2781 ait
3313 2729 3567 2797 psalmo:

1994 2834 2012 2865 ι
2047 2816 2314 2883 Quoniam
2358 2815 2645 2869 humiliata
2694 2824 2778 2869 est
2809 2815 2863 2868 in
2890 2817 3112 2885 pulvere
3146 2818 3327 2873 anima
3356 2831 3570 2886 nostra,

1989 2907 2398 2977 conglutinatus
2441 2918 2526 2960 est
2570 2906 2624 2958 in
2658 2915 2801 2959 terra
2830 2916 3019 2961 venter
3054 2916 3264 2962 noster.
3289 2928 3307 2960 ι
3329 2938 3398 2948 -
3425 2928 3444 2960 ι
3477 2909 3573 2965 Vi-

1987 2998 2142 3051 viﬁca
2173 3012 2259 3050 me
2311 2997 2616 3051 secundum
2644 2997 2872 3050 verbum
2904 3006 3081 3051 tuum.
3112 3017 3131 3050 ι
3171 2996 3291 3054 Non
3329 3001 3575 3059 absolute

1988 3088 2157 3143 vitam
2187 3088 2343 3157 petit,
2380 3087 2473 3141 sed
2505 3087 2671 3141 vitam
2704 3087 3007 3142 secundum
3034 3090 3228 3159 legem.

2066 3181 2230 3235 Vens.
2265 3179 2357 3233 26.
2402 3198 2420 3230 ι
2456 3177 2586 3233 Vias
2615 3194 2764 3235 meas
2799 3181 3116 3246 enuntiavi,
3164 3192 3217 3238 et
3247 3184 3575 3242 exaudivisti

1992 3288 2117 3337 me,
2163 3273 2296 3327 doce
2344 3287 2430 3325 me
2480 3271 2904 3339 iustiﬁcationes
2944 3284 3085 3329 tuas.
3113 3295 3132 3327 ι
3181 3275 3384 3333 Omnes
3425 3293 3576 3335 meas

1992 3368 2235 3422 actiones
2261 3366 2382 3429 tibi,
2407 3364 2657 3430 Domine,
2689 3367 2939 3435 exposui,
2968 3376 3021 3422 et
3052 3369 3186 3423 nihil
3218 3386 3462 3425 mearum
3488 3387 3577 3426 re-

1993 3475 2113 3513 rum
2163 3456 2372 3529 1M5
2411 3466 2459 3512 te
2493 3457 2663 3512 latere
2698 3459 2946 3529 permisi.
2990 3458 3199 3515 Idcirco
3230 3462 3365 3517 meis
3402 3464 3578 3533 preci-

1993 3552 2094 3606 bus
2117 3567 2297 3604 annue
2324 3568 2337 3604 :
2374 3564 2567 3619 precor
2596 3560 2778 3605 autem
2803 3562 2874 3615 te,
2904 3561 2965 3607 ut
2987 3563 3246 3608 accurate
3276 3563 3393 3609 tuas
3412 3556 3577 3625 justi-

1995 3644 2275 3698 ﬁcationes
2303 3643 2634 3712 perdiscam.

2066 3736 2340 3791 Vens.‘27.
2390 3754 2407 3785 ι
2434 3733 2589 3789 Viam
2626 3734 3083 3803 justiﬁcationum
3122 3747 3339 3790 tuarum
3368 3736 3569 3792 doceas

1995 3844 2102 3890 me,
2130 3837 2184 3882 et
2219 3826 2522 3881 meditabor
2550 3826 2825 3879 mirabilia
2854 3835 2968 3880 tua.
3000 3844 3021 3877 ι
3060 3825 3251 3881 Divina
3288 3828 3575 3897 prudentia

1996 3921 2154 3975 nobis
2184 3934 2320 3988 opus
2349 3928 2451 3984 est,
2488 3928 2547 3971 ut
2578 3918 2879 3971 secundum
2913 3918 3152 3972 divinam
3188 3921 3362 3989 legem
3397 3920 3576 3975 virtu-

1997 4023 2105 4067 tem
2129 4022 2514 4066 consectentur
2537 4026 2553 4075 ;
2581 4018 2634 4064 et
2658 4010 2750 4079 qui
2774 4009 2897 4064 aliis
2924 4011 3357 4067 misericordiam
3384 4014 3578 4083 imper-

1999 4106 2082 4166 tit,
2119 4104 2187 4159 ad
2218 4104 2433 4158 inanem
2464 4116 2571 4155 non
2603 4101 2856 4171 respiciat
2882 4101 3133 4172 gloriam,
3160 4112 3212 4157 et
3232 4104 3322 4174 qui
3355 4106 3575 4175 religio-

1996 4208 2113 4247 sam
2142 4193 2309 4246 vitam
2345 4190 2506 4256 colit,
2550 4189 2846 4244 humanam
2876 4190 3090 4245 laudem
3121 4193 3346 4249 minime
3371 4206 3573 4266 captet,

1997 4293 2051 4338 et
2092 4284 2175 4336 vir
2206 4281 2498 4337 continens
2547 4294 2653 4333 non
2698 4279 2770 4333 oh
2816 4279 3252 4349 intemperantiae
3293 4284 3530 4341 dedecus
3558 4324 3575 4350 ,

1999 4376 2095 4431 sed
2146 4376 2216 4430 ob
2262 4372 2482 4427 virtutis
2537 4371 2870 4426 desiderium
2929 4374 3318 4429 continentiam
3369 4378 3564 4447 ample-

317 4461 615 4534 Προφήτης
649 4461 920 4514 ἀντιϐολεῖ
950 4463 1218 4528 συνέσεως
1246 4465 1395 4531 θείας
1438 4470 1787 4542 μεταλαχεῖν,
1820 4476 1885 4540 ὠς

2004 4476 2198 4524 ctatur.
2240 4464 2375 4519 Jure
2423 4464 2588 4535 igitur
2626 4462 2893 4533 Propheta
2936 4467 3238 4535 supplicat,
3286 4476 3343 4521 ut
3380 4469 3578 4527 divina;

318 4552 620 4622 διαγνῶναι
648 4552 749 4623 τὴν
777 4554 876 4623 τῆς
898 4554 1252 4626 δικαιοσύνης
1278 4559 1418 4614 ὁδόν.

388 4654 497 4718 κη’.
553 4666 572 4698 ι
611 4646 999 4711 Ἐνύσταξεν⁷⁹
1050 4651 1084 4718 ὴ
1128 4649 1272 4721 ψυχή
1331 4670 1435 4722 μου
1485 4655 1594 4709 ἀπὺ
1638 4658 1903 4728 ἀκηδίας.

321 4737 623 4809 βεϐαίωσόν
660 4757 728 4811 με
746 4740 791 4772 ⁸⁰
840 4742 897 4793 ἐν
930 4744 1044 4804 τοῖς
1081 4742 1265 4811 λόγοις
1299 4762 1413 4800 σου.
1448 4764 1467 4797 ι
1515 4747 1579 4800 Ἠ
1612 4751 1842 4821 συνεχὴς
1861 4753 1903 4784 ⁶¹

320 4830 600 4901 προσϐολὴ
634 4834 735 4902 τῆς
770 4831 1045 4903 ἁμαρτίας
1078 4832 1285 4889 διαλύει
1324 4836 1587 4902 πολλάκις
1622 4840 1712 4893 τὸν
1754 4843 1906 4896 τόνον

319 4921 430 4975 τῶν
459 4921 741 4994 λογισμῶν
764 4962 779 4989 ,
813 4922 910 4977 καὶ¹
950 4925 1327 4996 ἀπαυδῆσαι⁸²
1358 4930 1773 5001 παρασκευάζει
1813 4936 1904 4988 τὸν

323 5083 353 5124 δ
388 5082 556 5140 Deut.
593 5102 743 5142 xxvii
766 5125 781 5151 ,
817 5086 909 5143 49.

2007 4560 2309 4633 prudentia:
2341 4557 2610 4626 particeps
2639 4555 2705 4608 sit
2728 4594 2743 4616 .
2771 4555 3071 4623 utjustitiae
3097 4557 3237 4611 viam
3261 4572 3574 4631 cognoscat.

2076 4653 2244 4708 Vnus.
2284 4650 2377 4704 28.
2423 4666 2442 4699 ι
2478 4647 2805 4701 Dormitavit
2838 4649 3019 4702 anima
3066 4665 3183 4704 mea
3231 4667 3340 4720 prae
3384 4654 3575 4722 ta=dio,

2006 4744 2274 4803 conﬁrma
2300 4758 2385 4796 me
2413 4740 2467 4793 in
2490 4738 2672 4793 verbis
2704 4738 2829 4793 tuis.
2871 4758 2891 4790 ›
2938 4741 3205 4795 Assiduus
3236 4744 3439 4811 peccati
3480 4745 3581 4799 im-

2006 4847 2167 4907 petus
2196 4832 2395 4888 mentis
2428 4846 2491 4885 ac
2520 4830 2751 4884 rationis
2786 4845 2981 4886 nervos
3011 4847 3152 4902 saape
3182 4833 3465 4906 infringit,
3498 4836 3580 4890 fa-

2008 4930 2192 5000 citque
2244 4934 2305 4980 ut
2357 4922 2560 4979 athleta
2595 4921 2846 4988 deﬁciat,
2897 4930 2951 4977 et
2999 4924 3079 4978 sic
3125 4923 3329 4980 dictam
3361 4926 3583 4980 ἁκέδιαν

1481 5174 1722 5231 νΑιιιΑξ
1764 5174 2153 5231 LECTIONES
2194 5171 2285 5230 ET
2314 5174 2550 5231 NOTAE.

380 5317 427 5389 ’ξ
458 5274 972 5389 ἰωὰόνειδισθεῖσι.
1050 5314 1474 5389 τίῈᾷριδε-τόν-
1498 5318 1634 5371 Δαὸ.
1664 5315 1794 5389 Des.
1822 5316 1875 5389 in

2004 5318 2033 5370 ι,
2092 5317 2139 5348 ἠ
2163 5315 2487 5389 [gat—gap.
2519 5313 2683 5389 Hebr.
2708 5313 2809 5389 viri
2847 5315 3061 5371 consilii
3096 5316 3229 5373 mei.
3268 5317 3474 5389 Symm.
3509 5318 3586 5383 ὡς

326 5387 519 5467 ἀνδρες
539 5386 926 5467 ὁμογνώμονές
968 5403 1081 5455 μοι.
1124 5384 1289 5467 Edita
1315 5383 1357 5439 ν
1388 5386 1723 5467 ἄνδρες“;τῆς
1765 5386 1885 5457 βουλ

2004 5404 2117 5467 ιουἒ
2188 5386 2393 5467 τίουσι.
2428 5386 2453 5439 l
2494 5383 2842 5467 cupgpolt‘at,
2872 5402 2993 5455 qua!
3015 5397 3098 5441 est
3125 5383 3437 5467 _rec._lecti0
3458 5390 3516 5467 [ι.
3543 5390 3580 5443 l.

327 5457 377 5488 ’δ
413 5454 811 5528 Μουίίηοοιὶ.
837 5456 872 5510 4
910 5454 978 5510 ei
1022 5455 1380 5528 sequentibus
1415 5454 1542 5528 add.
1578 5454 1842 5528 ζῆσόνμε
1876 5474 1885 5510 :

2004 5464 2029 5528 ι
2068 5456 2160 5528 τὸν
2205 5455 2363 5528 λόγων
2413 5472 2530 5528 βουο
2563 5454 2653 5528 f,"
2704 5454 2924 5528 mre
2955 5456 3190 5526 γαστὴρ
3236 5456 3425 5527 ἡμῶν.
3457 5458 3586 5513 Haec

326 5535 538 5597 partem
566 5527 907 5581 constituunt
944 5541 1135 5581 eorum
1165 5541 1283 5593 qua:
1314 5526 1479 5579 Cord.
1526 5526 1564 5579 l.
1604 5526 1654 5580 c.
1674 5526 1885 5649 ἐκδῶ

330 5596 509 5649 τείαις
554 5596 873 5649 ἐπένευσας.
950 5595 997 5629 ⁷⁸
1033 5595 1131 5649 Σά.
1192 5594 1315 5648 Des.
1350 5595 1482 5649 ibid.
1559 5596 1603 5628 τ’
1656 5597 1669 5616 ’
1722 5597 1885 5649 νύστε

2004 5526 2220 5596 Drigeni
2263 5526 2475 5580 tribuit.
2559 5527 2604 5558 ⁷⁸
2644 5526 2769 5580 cod.
2825 5527 3159 5598 ἠνεσχόμην.
3266 5526 3311 5560 ⁷⁷
3354 5528 3427 5582 ib.
3474 5530 3585 5586 ίκε-

2004 5614 2048 5649 ν’.
2085 5596 2249 5649 Hebr.
2283 5595 2490 5649 Stillat.
2541 5595 2747 5649 Svmm.
2790 5595 3144 5649 κατέσταεεν.
3173 5597 3313 5649 Edit.
3347 5596 3391 5649 V
3421 5608 3476 5649 et
3515 5596 3583 5649 Vl

330 5594 509 5679 ῖξείαες
554 5596 878 5679 ἐπένευσαςέ
950 5595 997 5629 ⁷⁸
1192 5594 1482 5679 De§._il)id.
1559 5596 1603 5628 τ’
1646 5594 1885 5679 ςβτύστε

2004 5594 2249 5679 ".ﬂebr.
2283 5595 2490 5679 Stillgt.
2510 5595 2763 5679 "Symm;
2790 5594 3144 5679 xdtégrgﬁev:
3173 5597 3313 5679 Ed.i_t.
3347 5596 3391 5651 ν
3421 5608 3476 5679 et
3515 5596 3583 5651 Vl

330 5665 579 5738 ἔσταξεν.
673 5664 721 5697 ⁸⁸
758 5668 1016 5738 Βεϐτμε.
1047 5664 1397 5738 _Heb._Erige
1441 5681 1565 5738 me_.__
1646 5664 1691 5697 ⁸⁸
1737 5666 1804 5722 Ἠ
1856 5684 1885 5721 o

2004 5668 2167 5738 τχὴς,
2212 5685 2265 5722 κ.
2314 5682 2365 5720 τ.
2415 5666 2465 5722 λ.
2508 5664 2634 5724 Ηώς
2697 5665 2858 5721 etiam
2914 5664 3136 5737 Oi'igeni
3195 5668 3512 5724 tribuuntur
3551 5684 3587 5723 ιι

331 5735 499 5793 Cord.
549 5736 588 5793 l.
637 5750 690 5793 c.
725 5751 782 5808 p.
814 5736 939 5792 395.
1043 5736 1089 5769 ⁸¹
1127 5736 1252 5792 cod.
1297 5735 1689 5807 ίὰναυδῆσαι.
