3996 6522
431 332 561 399 1831
1376 319 1865 382 THEODORETI
1920 317 2266 379 EPISCOPI
2320 316 2689 390 CYRENISIS
3556 310 3711 375 1832

429 440 680 515 producit
722 454 735 492 :
770 436 999 493 remissa
1024 448 1155 489 vero
1193 433 1378 487 anima
1408 434 1461 486 in
1494 447 1748 486 somnum
1774 430 2005 493 incidit,
2037 484 2040 492 ε

2155 408 2374 499 θλητὴν,
2408 430 2503 483 καὶ
2532 429 2634 499 τὴν
2666 426 3015 497 καλουμένην
3062 426 3322 493 ἀκηδίαν
3364 425 3671 497 ἐργάζεται
3695 444 3708 455 -

432 549 662 592 sunmus
693 538 876 584 autem
912 535 1142 582 mortem
1185 525 1429 580 attrahit.
1465 525 1675 579 Idcirco
1718 532 1776 577 ut
1812 524 2015 577 conlir-

2156 519 2469 591 αυνουμένη
2513 520 2571 573 δὲ
2615 520 2648 590 η
2696 518 2846 588 ψυχὴ
2876 519 2969 571 τὸν
3005 516 3173 571 ὕπνον
3206 518 3541 587 εἰσδέχεται*
3571 518 3605 569 ὀ
3648 518 3713 571 δὲ

433 638 610 683 tuetur
663 632 716 677 et
778 624 1174 676 corroboretur
1235 620 1507 687 Propheta
1565 617 1839 671 obsecrat.
1904 613 2020 670 lloc

432 722 597 777 etiam
635 718 688 772 in
729 716 838 770 alio
880 713 1093 785 psalmo
1140 722 1393 782 precatur
1424 711 1614 765 dicens
1647 727 1660 763 :
1713 726 1731 760 ι
1766 709 2019 763 lllumioa

437 812 625 868 oculos
659 822 810 862 meos
835 821 902 860 ne
942 819 1184 874 unquam
1224 801 1567 857 obdormiam
1614 800 1668 854 in
1702 810 1879 856 morte
1906 811 1966 865 ες
1995 818 2013 851 ι

439 906 532 960 ubi
564 909 847 974 peccatum
889 906 1121 953 mortem
1163 894 1420 964 appellat.

510 1088 528 1106 '
561 1083 728 1139 Vens.
760 1082 855 1147 29,
889 1081 977 1134 30.
1018 1098 1035 1129 ι
1061 1076 1217 1132 Viam
1248 1074 1554 1144 iniquitatis
1593 1087 1785 1127 amove
1823 1086 1851 1125 a
1896 1086 1981 1124 me
2008 1112 2021 1135 ,

441 1186 496 1231 et
539 1176 656 1245 lege
688 1184 777 1228 tua
824 1173 1088 1226 miserere
1121 1168 1252 1223 tnei.
1281 1165 1434 1221 Viam
1482 1164 1726 1220 veritatis
1761 1164 1897 1234 elegi
1926 1203 1939 1227 ,
1974 1172 2027 1216 et

438 1268 773 1339 iudiciorum
808 1275 1026 1318 tuorum
1074 1277 1183 1317 non
1228 1275 1350 1315 sum
1382 1258 1609 1313 oblitus.
1645 1276 1662 1309 ι
1706 1255 2024 1311 Necessaria

443 1369 529 1414 est
560 1359 723 1413 etiam
774 1358 889 1410 lucc
935 1356 1201 1425 precatio.
1234 1355 1459 1421 Oportet
1490 1350 1636 1403 enim
1669 1364 1771 1403 nos
1802 1349 1868 1401 ab
1902 1348 2028 1399 uni-

440 1464 728 1505 versorum
766 1446 875 1501 Deo
907 1447 1201 1516 implorare
1227 1443 1518 1505 auxilium,
1562 1449 1620 1494 ut
1651 1441 1718 1495 ab
1750 1439 2030 1509 injustitia:

443 1543 532 1598 via
568 1540 963 1603 deﬂectamus,
998 1548 1052 1594 et
1080 1538 1325 1593 veritatis
1356 1534 1568 1606 1446
1602 1534 1705 1588 iter
1735 1544 2027 1598 sectemur,

445 1642 500 1685 et
522 1639 833 1701 perpetuam
866 1628 1190 1682 memoriam
1214 1625 1308 1680 Dei
1331 1623 1770 1678 testimoniorum
1796 1623 2025 1677 circnm-

448 1724 721 1780 feramus.

2121 614 2290 676 ὕπνος
2324 613 2523 681 ἐπάγει
2549 612 2641 665 τὸν
2669 611 2923 665 θάνατον.
2970 610 3173 680 Διόπερ
3216 608 3581 679 βεϐαιωθῆναι
3610 610 3717 661 καὶ

2124 705 2489 777 στηριχθῆναι
2522 705 2551 757 ὁ
2581 704 2875 774 Προφήτης
2902 702 3193 756 ἀντιϐολεῖ.
3230 701 3403 755 Τοῦτο
3428 702 3483 754 δὲ
3514 703 3615 753 καὶ
3652 702 3718 752 ἐν

2122 797 2295 866 ἑτέρῳ
2329 794 2435 864 ἐφη
2465 794 2696 864 ψαλμῷ·
2738 813 2756 845 ι
2793 793 3035 846 Φῶτισον
3061 793 3189 856 τοὺς
3226 792 3541 861 ὀφθαλμούς
3572 809 3716 861 μου,

2127 888 2338 957 μήποτε
2385 887 2623 939 ὑπνώσω
2657 888 2739 950 είς
2771 884 3005 939 θάνατον
3027 900 3041 914 ο
3080 904 3099 937 ι
3133 884 3364 938 θάνατον
3387 884 3489 956 τὴν
3519 886 3720 956 ἀμαρ-

2124 983 2244 1037 τίαν
2272 982 2455 1034 καλῶν
2471 980 2539 1036 ⁸³.

2198 1072 2303 1135 κθ¹,
2337 1072 2401 1125 λ’.
2444 1092 2462 1123 ι
2509 1071 2658 1125 Ὀδὺν
2696 1072 2912 1137 ἀδικίας
2946 1074 3256 1144 ἀπόπησον
3286 1073 3386 1126 ἀπ’
3417 1072 3552 1143 ἐμοῦ
3572 1115 3586 1138 ,
3618 1072 3728 1126 καὶ

2126 1164 2205 1234 τῷ
2253 1164 2404 1234 νόμῳ
2439 1180 2533 1216 σου
2564 1163 2788 1234 ἐλέησόν
2822 1181 2910 1232 με.
2968 1164 3118 1218 Ὀδὸν
3160 1163 3421 1234 ἀληθείας
3454 1164 3729 1235 ᾑρετισά-

2133 1274 2263 1328 μην,
2294 1256 2692 1326 τάθδκρίματὰ
2716 1272 2810 1309 σου
2845 1258 2944 1309 οὐκ
2976 1255 3384 1325 ἐπελαθόμην.»
3405 1255 3731 1323 Ἀναγκαία

2129 1349 2224 1403 καὶ
2260 1347 2397 1416 αὕτη
2431 1350 2463 1419 ἡ
2496 1347 2704 1419 δέησις.
2743 1350 3019 1419 Προσήκει
3046 1350 3155 1418 γὰρ
3184 1350 3337 1418 ἡμᾶς
3364 1351 3537 1401 αἰτεῖν
3559 1348 3731 1418 παρὰ

2129 1441 2226 1495 τοῦ
2257 1441 2393 1495 Θεοῦ
2423 1442 2533 1495 τῶν
2565 1442 2707 1494 ὅλων
2738 1442 3019 1513 βοήθειαν,
3055 1441 3195 1495 ὥστε
3231 1442 3331 1511 τῆς
3364 1442 3580 1504 ἀδικίας
3616 1443 3730 1493 ἐκ-

2132 1533 2431 1603 τρέπεσθαι
2461 1534 2561 1602 τὴν
2590 1533 2729 1595 ὁδὸν,
2758 1535 2851 1586 καὶ
2888 1532 2984 1604 τὴν
3010 1533 3111 1601 τῆς
3136 1533 3399 1604 ἀληθείας
3426 1535 3733 1603 προαιρεῖ-

2136 1626 2261 1678 σθαι
2292 1626 2540 1694 πορείαν.
2574 1626 2669 1678 καὶ
2713 1626 2947 1695 ἄληστον
2978 1626 3265 1696 ἐπιφέρειν
3312 1627 3423 1679 τῶν
3454 1626 3545 1678 τοῦ
3576 1624 3730 1678 Θεοῦ

2139 1717 2457 1788 μαρτυρίων
2478 1716 2576 1788 τὴν
2608 1719 2854 1788 μνήμην.

526 1817 689 1872 Vens.
726 1816 815 1870 5|.
855 1834 873 1866 ι
910 1811 1127 1867 Adhaesi
1182 1807 1515 1865 testimoniis
1569 1808 1708 1870 tuis,
1752 1806 1982 1861 Domine
2010 1847 2024 1871 ,

2197 1810 2299 1863 λα’.
2340 1827 2359 1860 ι
2386 1810 2724 1881 Ἐκολλήθην
2757 1814 2871 1875 τοῖς
2907 1812 3230 1881 μαρτυρίοις
3259 1830 3378 1877 σου,
3405 1813 3602 1884 Κύριε,
3643 1812 3729 1881 μή

450 1910 563 1963 noli
592 1924 678 1962 me
700 1905 1063 1961 confundere.
1101 1923 1119 1956 ι
1159 1901 1279 1955 Non
1308 1900 1632 1970 simpliciter
1662 1899 1798 1953 dixit
1828 1916 1842 1953 :
1876 1899 2033 1952 Secu-

453 2012 538 2055 tus
566 2018 717 2064 sum,
753 2001 849 2054 sed
885 1996 1087 2051 adluesi
1116 2036 1131 2060 ,
1166 1996 1269 2049 hoc
1300 2004 1384 2055 est
1417 2008 1483 2047 ne
1517 1993 1788 2047 tantillum
1816 1993 2030 2062 quidem

453 2093 521 2146 ab
548 2091 693 2144 hisce
717 2104 891 2142 meam
918 2096 1154 2140 mentem
1184 2084 1486 2156 segregari.
1513 2083 1781 2136 Caeterum
1807 2083 2031 2152 expetit,

456 2192 516 2237 ut
544 2179 865 2253 hujusmodi
892 2178 1121 2232 all‘eetus
1152 2176 1388 2230 fructum
1434 2174 1695 2243 percipiat
1723 2189 1734 2225 :
1774 2173 2033 2228 nimirum

456 2285 517 2331 ut
550 2275 756 2329 nullam
797 2270 1156 2341 ignominiam
1194 2270 1465 2323 incurrat.

530 2368 698 2423 Vens.
732 2366 822 2421 '52.
865 2386 882 2416 ι
920 2364 1073 2419 Viam
1107 2364 1492 2418 mandatorum
1524 2369 1745 2416 tuorum
1782 2359 1998 2415 cucurri
2022 2398 2037 2421 ,

457 2478 586 2518 cum
630 2460 875 2514 dilatasti
914 2473 1010 2512 cor
1053 2472 1258 2511 meum.
1302 2474 1319 2506 ›
1379 2453 1620 2522 Utroque
1660 2469 1798 2522 opus
1842 2461 1956 2516 est,
1988 2460 2045 2504 et

459 2564 650 2609 nostra
681 2552 845 2605 animi
881 2547 1341 2620 promptitudine,
1376 2554 1431 2599 et
1464 2545 1557 2599 Dei
1591 2544 1816 2599 auxilio.
1855 2541 2043 2611 Neque

459 2647 607 2701 enim
634 2645 816 2698 divina
846 2642 1018 2711 gratia
1045 2642 1245 2696 bonam
1277 2638 1620 2693 alacritatem
1650 2652 1758 2691 non
1793 2636 2044 2690 habenti-

461 2739 566 2793 bus
609 2738 814 2790 datur:
863 2749 1039 2803 neque
1089 2733 1327 2786 humana
1369 2738 1567 2783 natura
1601 2730 1808 2799 absque
1836 2727 2046 2784 cazlesti

464 2831 675 2886 auxilio
708 2828 966 2882 virtutem
999 2824 1261 2895 consequi
1312 2834 1505 2893 potest.
1549 2822 1663 2876 Hoc
1695 2830 1748 2876 et
1776 2822 2046 2890 Propheta

2138 1917 2205 1970 με
2232 1900 2626 1972 καταισχύνῃς.
2671 1920 2689 1952 ι
2731 1903 2843 1972 Οὐχ
2872 1901 3059 1965 ἁπλῶς
3094 1898 3269 1965 εἶπεν,
3299 1904 3729 1971 ἠκολούθησα,

2135 1994 2251 2047 ἀλλ’
2273 1993 2643 2063 ἐκολλήθην,
2662 1994 2964 2059 τουτέστιν,
2985 1995 3106 2047 οὐδὲ
3135 1996 3274 2066 πρὸς
3305 1996 3479 2066 βραχὺ
3511 1997 3732 2050 τούτων

2138 2087 2380 2158 ἐχώρισα
2410 2088 2502 2141 τὸν
2528 2088 2769 2156 ἐμαυτοῦ
2815 2088 3093 2158 λογισμόν.
3129 2091 3296 2160 Ζητεῖ
3339 2090 3395 2143 δὲ
3443 2091 3734 2161 τρυγῆσαι

2135 2182 2238 2249 τῆς
2292 2180 2629 2249 τοσαύτης⁸⁸
2689 2180 2983 2244 διαθέσεως
3031 2181 3266 2251 καρπὸν,
3322 2182 3385 2235 τὸ
3446 2186 3733 2255 μηδεμίας

2143 2276 2340 2344 πεῖραν
2371 2273 2637 2344 αίσχύνης
2665 2273 2873 2327 λαϐεῖν.

2212 2369 2313 2438 λβν.
2353 2386 2372 2420 ι
2408 2368 2560 2421 Ὀδὸν
2585 2368 2817 2421 ἐντολῶν
2847 2385 2942 2420 σου
2968 2368 3226 2439 ἔδραμον,
3257 2369 3386 2422 ὅταν
3416 2370 3735 2435 ἐπλάτυνας

2144 2461 2373 2531 καρδίαν
2403 2478 2530 2529 μου.
2558 2478 2576 2511 ι
2610 2460 2965 2531 Ἀμφοτέρων
2990 2461 3171 2530 χρεία,
3198 2461 3292 2514 καὶ
3322 2460 3423 2530 τῆς
3446 2462 3738 2531 ἡμετέρας

2145 2551 2476 2623 προθυμίας,
2512 2552 2606 2605 καὶ
2634 2550 2736 2621 τῆς
2761 2550 2855 2604 τοῦ
2887 2551 3024 2605 Θεοῦ
3062 2552 3420 2623 προμηθείας.
3453 2552 3590 2607 Οῠτε
3614 2554 3739 2625 γὰρ

2144 2647 2177 2715 ἡ
2216 2644 2338 2697 θεία
2381 2644 2541 2715 χάρις
2585 2643 2790 2697 δίδοται
2831 2647 2946 2707 τοῖς
2992 2644 3087 2716 τὴν
3135 2645 3346 2716 ἀγαθὴν
3396 2646 3495 2699 οὐκ
3538 2646 3742 2715 ἔχουσι

2148 2737 2489 2809 προθυμίαν·
2532 2736 2656 2790 οὔτε
2703 2738 3018 2810 ἀνθρωπεία
3058 2738 3221 2808 φύσις
3254 2740 3458 2810 ἀρετὴν
3500 2741 3744 2793 δύναται

2149 2828 2498 2900 κατορθῶσαι
2530 2830 2652 2899 δίχα
2676 2830 2779 2899 τῆς
2810 2830 3019 2883 ἄνωθεν
3048 2829 3324 2901 βοηθείας.
3360 2829 3530 2883 Τοῦτο
3564 2832 3665 2884 καὶ
3712 2832 3747 2882 ὁ

464 2924 669 2979 docet:
736 2920 1116 2975 Mandatorum
1177 2927 1396 2971 tuorum
1455 2915 1597 2969 viam
1650 2914 1767 2968 sine
1821 2912 2040 2982 impedi-

2155 2924 2444 2993 Προφήτης
2488 2922 2756 2989 διδάσκει,
2804 2926 2884 2977 ὅτε
2931 2923 3049 2977 Τῶν
3083 2923 3311 2977 ἐντολῶν
3345 2941 3436 2976 σου
3465 2925 3562 2994 τὴν
3610 2925 3747 2977 ὁδὸν

463 3026 649 3072 mento
689 3012 943 3076 cucurri,
983 3025 1179 3065 cursus
1226 3008 1545 3064 facilitatem
1592 3021 1623 3059 a
1671 3016 1722 3060 te
1756 3005 2046 3074 accipiens.

465 3104 825 3161 Latitudinem
853 3102 1000 3156 enim
1034 3100 1352 3169 facilitatem
1387 3097 1624 3151 vocavit.
1663 3094 1724 3150 Et
1766 3095 1895 3149 alibi
1932 3095 2048 3148 ait:

2154 3012 2374 3083 ἔτρεχον
2402 3012 2702 3076 ἀκωλύτως
2726 3055 2740 3077 ,
2777 3013 2932 3086 παρά
2960 3015 3055 3068 σοῦ
3081 3014 3377 3084 λαμϐάνων
3404 3015 3497 3069 τοῦ
3522 3016 3747 3087 δρόμου

2154 3105 2253 3175 τὴν
2285 3105 2556 3158 εὐκολίαν.
2600 3107 2958 3174 [Maturata
2989 3108 3099 3177 γὰρ
3127 3109 3229 3177 τὴν
3261 3109 3550 3162 εὐκολίαν
3596 3111 3748 3163 ἐκάο

474 3217 493 3247 σ
525 3197 581 3251 In
628 3193 975 3249 tribulatione
1028 3190 1269 3259 amplum
1316 3187 1453 3241 mihi
1495 3185 1676 3240 fecisti
1725 3185 1903 3238 locum
1941 3182 1987 3236 ά.
2024 3202 2040 3233 ι

2155 3169 2295 3249 λε’σε.
2346 3197 2455 3248 Καὶ
2498 3196 2735 3266 ἀλλαχοῦ
2772 3169 2961 3266 φησιν’
3001 3169 3039 3249 τι
3070 3169 3390 3267 ’Ἔ-ίθλίψει
3428 3201 3751 3263 ἐπλάτυνὰς

466 3277 536 3344 Et
568 3301 759 3342 rursus
786 3303 799 3338 :
839 3304 856 3334 ι
890 3283 1137 3336 Dilatasti
1164 3296 1385 3351 gressus
1414 3292 1564 3333 meos
1596 3276 1699 3331 sub
1725 3290 1831 3341 me,
1862 3284 1916 3329 et
1942 3291 2046 3327 non

468 3380 598 3428 sunt
624 3371 897 3425 inlirmata
929 3366 1155 3437 vestigia
1184 3380 1303 3419 mea
1328 3374 1369 3417 ε.
1403 3383 1422 3416 ι

543 3463 814 3520 Vsus.33.
848 3480 867 3514 ι
901 3460 1098 3529 Legem
1130 3474 1268 3529 pone
1298 3456 1453 3521 mihi,
1478 3457 1729 3517 Domine,
1783 3455 1928 3508 viam
1956 3455 2047 3523 ju-

473 3554 865 3611 stiﬁcationum
908 3560 1146 3611 tuarum,
1183 3556 1236 3601 et
1266 3547 1548 3616 exquiram
1598 3561 1717 3600 eam
1758 3560 1989 3613 semper.
2025 3562 2045 3594 ι

472 3646 662 3717 Legem
708 3660 838 3714 pone
881 3640 1243 3713 Symmachus
1287 3643 1501 3691 ostende
1539 3638 1712 3691 dixit:
1762 3637 1955 3704 Aquila
1999 3643 2051 3687 et

475 3735 800 3799 TheodOtio,
820 3732 1055 3786 illustra.
1087 3730 1333 3799 Semper,
1356 3727 1551 3797 inquit,
1575 3727 1937 3781 illustratione
1961 3736 2049 3778 tua

479 3827 700 3895 tuisque
738 3819 1196 3893 przeceptionibus
1232 3817 1468 3888 indigeo,
1512 3826 1570 3870 ut
1599 3816 2048 3886 justilicaliouum

478 3929 693 3973 tuarum
723 3917 865 3969 viam
895 3927 1245 3985 cognoscam,
1275 3920 1328 3965 et
1353 3912 1493 3965 hanc
1518 3910 1639 3965 sine
1666 3910 2051 3979 impedimento

478 4011 789 4066 decurram.

557 4104 722 4158 Vsus.
744 4100 837 4155 54.
879 4118 896 4150 ι
920 4099 992 4151 Da
1025 4098 1156 4151 mihi
1193 4097 1548 4161 intellectum,
1579 4104 1632 4149 et
1661 4082 1944 4150 scrutabor
1978 4095 2053 4149 le-

481 4212 600 4266 gem
643 4207 822 4255 tuam,
866 4202 919 4245 et
951 4190 1255 4245 custodiam
1296 4191 1443 4242 illam
1482 4197 1598 4243 toto
1643 4188 1805 4242 corde
1850 4203 1989 4241 meo.
2030 4207 2048 4239 ι

486 4289 548 4343 Ει
581 4287 845 4341 Dominus
868 4325 882 4349 ,
913 4295 970 4337 ut
1017 4284 1330 4352 Scripturas
1376 4291 1782 4352 perscrutemur
1803 4322 1817 4345 ,
1852 4282 2051 4351 jussit:

483 4381 577 4435 sed
611 4376 1081 4450 perscrutantibus
1108 4375 1316 4428 ctrlesti
1355 4374 1559 4427 lumine
1588 4389 1725 4439 opus
1758 4382 1881 4435 est,
1914 4383 1971 4427 ut
1999 4383 2053 4428 et

478 4471 761 4543 inveniant
802 4469 933 4522 illud
967 4466 1113 4537 quod
1156 4467 1419 4536 quaeritur
1443 4505 1458 4530 ,
1494 4465 1703 4537 1447
1741 4476 1796 4520 et
1833 4481 2058 4521 conser-

484 4573 609 4617 vent
641 4560 786 4630 quod
823 4567 1109 4628 ceperunt.
1149 4583 1152 4585 λ

555 4650 722 4708 Vens.
756 4652 848 4706 55.
909 4669 927 4702 ι
963 4650 1146 4704 Deduc
1178 4663 1264 4702 me
1293 4647 1347 4701 in
1379 4646 1629 4702 semitam
1672 4648 2052 4702 mandatorum

486 4757 704 4802 tuorum
737 4746 867 4815 quia
899 4746 1071 4813 ipsam
1102 4742 1269 4797 volui.
1308 4760 1326 4793 ι
1384 4740 1499 4794 Non
1546 4740 1870 4810 simpliciter
1909 4743 2056 4797 ellla-

486 4840 643 4910 gitat,
694 4845 753 4891 ut
799 4837 1182 4891 universorum
1236 4833 1403 4888 Deum
1452 4832 1650 4887 habeat
1682 4834 1909 4900 ducem,
1962 4834 2055 4889 sed

487 4941 713 4985 ostenso
747 4928 1003 4999 propensi
1042 4926 1209 4979 animi
1247 4924 1539 4979 desiderio.

562 5022 728 5077 Vens.
818 5015 984 5075 56.⁹‹
1027 5019 1230 5073 lnclina
1283 5034 1378 5071 cor
1420 5032 1598 5071 meum
1643 5016 1700 5070 in
1746 5016 2055 5071 teSIimonia

491 5126 605 5179 tua,
641 5125 694 5168 et
746 5129 853 5166 non
898 5111 950 5165 in
1003 5110 1313 5164 avaritiam.
1356 5127 1374 5159 ι
1426 5111 1699 5177 Aquarum
1754 5116 1948 5161 natura
2000 5109 2055 5161 in

488 5207 726 5277 proclive
763 5205 889 5260 ferri
922 5203 1081 5266 solet,
1132 5209 1187 5256 et
1237 5201 1281 5255 si
1315 5216 1475 5269 quem
1511 5200 1717 5255 exitum
1767 5201 2051 5271 invenerit,

561 5371 583 5400 ο
620 5361 764 5417 Psal.
801 5372 901 5427 xu,
939 5364 992 5413 5.
1068 5359 1095 5400 d
1126 5359 1270 5416 Psal.
1303 5379 1374 5431 tr,
1406 5364 1458 5418 l.
1537 5376 1561 5404 ε
1598 5364 1739 5420 Psal.
1776 5382 1907 5429 xvn,
1936 5368 2024 5421 56.

2086 4550 2132 4604 D

2152 3305 2262 3357 μοι.
2308 3306 2325 3338 ι
2363 3287 2472 3340 Καὶ
2513 3287 2712 3341 πάλιν·
2750 3307 2769 3339 ι
2800 3290 3142 3353 Ἐπλάτυνας
3175 3290 3246 3343 τὰ
3275 3291 3593 3361 διαϐήματά
3630 3310 3748 3363 μου

2150 3380 2410 3433 ὑποκάτω
2444 3398 2570 3448 μου,
2600 3383 2695 3433 καὶ
2720 3381 2821 3433 οὐκ
2852 3383 3161 3452 ὴσθένησαν
3192 3384 3261 3437 τὰ
3298 3384 3416 3454 ἴχνη
3450 3402 3574 3451 μου.
3602 3404 3620 3433 ι

2220 3471 2320 3537 λγ’.
2360 3490 2378 3522 ‹
2411 3472 2796 3542 Νομοθέτησόν
2827 3491 2895 3543 με
2919 3474 2985 3539 ⁸⁸,
3023 3475 3220 3545 Κύριε,
3254 3475 3352 3544 τὴν
3380 3476 3497 3528 ὁδὸν
3526 3476 3639 3528 τῶν
3659 3478 3753 3529 δι-

2151 3563 2483 3633 καιωμάτων
2524 3582 2640 3627 σου,
2684 3566 2780 3619 καὶ
2818 3564 3112 3637 ἐκζητήσω
3140 3569 3312 3637 αὐτὴν
3343 3569 3660 3631 διαπαντός.
3722 3590 3743 3621 ι

2150 3656 2223 3706 Τὸ
2270 3653 2681 3723 νομοθέτησον
2728 3659 2756 3710 ὁ
2805 3658 3101 3729 Σύμμαχος
3158 3660 3489 3725 ὑπόδειξον
3538 3659 3701 3716 εἶπεν
3731 3682 3747 3695 ο

2164 3746 2397 3811 Ἀκύλας
2429 3749 2526 3801 καὶ
2548 3749 2866 3812 Θεοδοτίων,
2901 3752 3166 3820 φώτισον
3186 3770 3199 3783 ·
3222 3753 3536 3820 διαπαντὸς,
3578 3759 3748 3825 φησὶ,

2152 3842 2251 3909 τῆς
2288 3840 2387 3910 σῆς
2431 3840 2627 3911 δέομαι
2671 3845 3039 3912 φωταγωγίας
3080 3846 3173 3897 καὶ
3202 3845 3548 3914 νομοθεσίας,
3593 3845 3749 3898 ὥστε

2154 3936 2248 3987 καὶ
2286 3936 2495 4002 γνῶναι
2544 3937 2654 3989 τῶν
2704 3937 3095 4007 δικαιωμάτων
3146 3957 3239 3992 σου
3292 3941 3392 4010 τὴν
3441 3942 3583 4005 ὁδὸν,
3643 3942 3754 3997 καὶ

2152 4026 2356 4097 ταύτην
2390 4028 2688 4091 ἀκωλύτως
2718 4030 2945 4083 ὁδεύειν.

2225 4118 2319 4172 λδ’.
2352 4138 2369 4170 ι
2401 4120 2689 4173 Συνέτισόν
2722 4140 2810 4190 με,
2872 4124 2967 4176 καὶ
3000 4123 3344 4193 ἐξερευνήσω
3359 4124 3404 4156 ⁸⁷
3451 4126 3544 4178 τὸν
3576 4127 3753 4195 νόμον

2156 4228 2249 4263 σου
2272 4227 2285 4241 ο
2319 4213 2415 4264 καὶ
2441 4212 2665 4279 φυλάξω
2710 4214 2873 4267 αὑτὸν
2904 4216 2960 4268 ἐν
2994 4215 3088 4287 ὅλῃ
3119 4217 3315 4288 καρδίᾳ
3353 4236 3475 4287 μου.
3522 4238 3538 4269 ι
3578 4221 3685 4271 Καὶ
3717 4221 3751 4271 ὁ

2155 4302 2362 4373 Κύριος
2398 4305 2734 4374 προσέταξεν
2766 4307 3117 4379 ὲξερευνᾷνθθ
3163 4311 3259 4372 τὰς
3300 4309 3554 4380 Γραφάς·
3603 4310 3750 4363 ἀλλὰ

2155 4396 2269 4458 τοῖς
2302 4397 2569 4466 ἐρευνῶσι
2611 4399 2767 4468 χρεία
2798 4400 2895 4466 τῆς
2927 4399 3135 4454 ἄνωθεν
3166 4400 3383 4469 αἴγλης,
3413 4402 3499 4453 ἵνα
3532 4402 3627 4454 καὶ
3654 4402 3753 4455 εὖ-

2162 4502 2297 4554 ρωσι
2330 4485 2392 4539 τδ
2422 4487 2780 4558 ζητούμενον,
2815 4491 2909 4544 καὶ
2929 4490 3205 4560 φυλάξωσι
3241 4492 3301 4545 τὸ
3328 4493 3669 4563 θηρώμενον.

2232 4658 2324 4717 λε’.
2368 4682 2386 4713 ι
2429 4663 2727 4736 Ὀδήγησόν
2758 4684 2824 4736 με
2856 4667 2914 4719 ὲν
2946 4669 3010 4736 τῇ
3041 4668 3211 4737 τρίϐῳ
3230 4668 3338 4720 τῶν
3368 4669 3599 4721 ἐντολῶν
3626 4688 3747 4735 σου,

2157 4755 2238 4807 ὅτι
2261 4754 2429 4822 αὐτὴν
2458 4756 2718 4827 ἠθέλησα.
2763 4776 2779 4809 t
2833 4760 2946 4829 Οὐχ
2977 4759 3163 4824 ἁπλῶς
3188 4762 3329 4814 αίτεί
3361 4762 3620 4830 γενέσθαι
3647 4782 3750 4815 πο-

2160 4845 2322 4915 δηγὸν
2352 4846 2517 4899 αὑτοῦ
2565 4848 2658 4901 τὸν
2700 4849 2813 4903 τῶν
2855 4850 2991 4903 ὅλων
3034 4851 3198 4905 Θεόνο
3231 4852 3367 4907 ἀλλά
3395 4852 3614 4918 δεικνὺς
3648 4856 3753 4923 τῆς

2164 4935 2392 5004 πορείας
2424 4935 2515 4989 τὸν
2538 4938 2721 4994 πόθον.

2234 5024 2342 5089 λς’.
2382 5044 2399 5076 ι
2434 5026 2629 5082 Κλῖνον
2679 5031 2776 5099 τὴν
2821 5032 3048 5102 καρδίαν
3089 5051 3189 5104 μου
3226 5034 3306 5095 είς
3345 5033 3416 5086 τά
3466 5034 3754 5105 μαρτύριά

2167 5136 2285 5185 σου,
2324 5120 2419 5172 καὶ
2454 5119 2528 5190 μὴ
2554 5122 2633 5181 είς
2656 5120 2986 5185 πλεονεξίαν.
3025 5141 3043 5173 ι
3099 5122 3218 5176 Ἐπὶ
3250 5122 3309 5175 τὸ
3345 5123 3553 5193 πρανὲς
3589 5124 3754 5192 φέρει

2165 5209 2287 5263 σθαι
2320 5210 2531 5279 πέφυκε
2554 5210 2663 5265 τῶν
2697 5213 2902 5268 ὑδάτων
2944 5218 2976 5284 ἡ
3018 5214 3179 5283 φύσις
3201 5230 3215 5247 ο
3249 5217 3351 5271 κάν
3388 5234 3536 5280 τινος
3565 5216 3751 5268 ἐπιλά-

1584 5504 1817 5562 VARUE
1851 5507 2234 5564 LECTIONES
2257 5510 2342 5564 ET
2375 5511 2608 5568 NOTAE.

488 5680 534 5712 η
559 5612 620 5712 5;
648 5611 773 5677 Τὴν
805 5613 1271 5712 ἀιιαρτ.¹καὶλῶν.
1326 5616 1448 5670 Des.
1492 5616 1707 5712 illacgd.
1741 5620 1792 5671 1.
1870 5619 1916 5650 ⁸⁵
1960 5622 2038 5712 Tdl

623 5682 887 5712 θυηλῶν..-
951 5699 1029 5712 ΛΑ,
1179 5684 1435 5712 -..ηυξ-..ρ
1653 5690 1812 5712 r--.-n
1888 5704 1950 5712 η-

2155 5619 2404 5712 enixae.
2450 5624 2616 5679 Hebr.
2639 5622 3077 5712 ιιζ’ῗιλξιιϋεὶανξιιξι
3108 5625 3262 5693 posui
3298 5640 3379 5712 sle.
3422 5639 3609 5712 coram
3639 5640 3745 5712 me:

578 5679 1070 5764 Τοςαύτηςζεοιί.
1116 5687 1142 5739 1
1178 5684 1455 5756 τοιαύτης.
1532 5687 1579 5719 ⁸⁸
1612 5690 1833 5759 Nepoti.
1873 5704 1970 5758 με.
2018 5690 2039 5741 ι

2155 5705 2183 5743 ·.
2230 5691 2430 5748 Doceas
2461 5710 2563 5749 me.
2638 5694 2683 5727 ⁸⁷
2738 5679 2928 5764 ’Ἐξ-ξεί).
2959 5679 3125 5751 Hebr:
3162 5694 3396 5750 servabo.
3435 5679 3447 5681 ἡ
3479 5696 3526 5729 ⁸⁸
3569 5679 3743 5754 εοόλ

490 5750 743 5821 ἐρευνᾷν.
