3996 6486
236 323 375 388 1833

1561 325 1643 388 lN
1681 325 1888 388 PSAL.
1927 324 2197 385 CXVIII.

3374 325 3509 388 1834

233 435 395 504 ϐηται
421 434 684 502 διεξόδου,
719 436 896 489 ἐκεῖσε
930 437 1078 490 πᾶσα
1111 437 1296 508 χωρεῖ.
1330 436 1485 490 Οὕτω
1522 438 1615 490 τοῦ
1645 436 1829 490 διαϐό-

1947 435 2068 487 illuc
2105 445 2218 487 tota
2249 433 2478 489 conﬂuit
2512 452 2526 489 :
2570 435 2651 491 sic
2680 436 2899 492 diabolo
2930 447 3154 507 peccato
3189 438 3330 492 viam
3362 441 3508 492 rese-

232 531 323 582 λου
363 528 460 598 τὴν
493 529 588 582 ἐπὶ
619 529 721 598 τὴν
767 529 1046 600 ἁμαρτίαν
1083 529 1201 582 ὁδὸν
1245 528 1672 592 διανοίξαντος⁸⁹
1716 526 1825 578 τῶν

233 621 544 692 ἀνθρώπων
575 619 810 692 ἔρρεψεν
845 622 938 673 ἐπὶ
975 619 1035 672 τὸ
1065 623 1244 690 χεῖρον
1263 621 1308 651 ⁹⁰
1340 623 1372 688 ἡ
1401 620 1582 689 φύσις.
1615 619 1828 689 Σφόδρα

232 712 414 764 τοίνυν
443 711 474 763 6
519 710 819 781 Προφήτης
859 709 1134 780 ἁρμοδίως
1177 711 1449 764 ἀντιϐολεῖ
1489 712 1583 764 ἐπὶ
1619 712 1684 764 τά
1709 709 1828 762 θεῖα

238 801 521 873 μαρτύρια
555 803 657 873 τὴν
685 802 912 873 καρδίαν
945 801 1216 873 κλιθῆναι,
1258 803 1353 856 καὶ
1387 802 1486 873 τῆς
1521 803 1613 856 ἐπὶ
1643 801 1704 854 τὸ
1731 800 1828 853 θά-

233 911 287 946 τε
297 893 452 964 ρον⁹¹
485 894 585 964 τὴν
611 896 809 964 πεῖραν
839 893 1144 963 διαφυγεῖν.

305 986 406 1050 λζ’.
447 1006 467 1038 ι
519 986 891 1058 Ἀπόστρεψον
926 988 1057 1050 τοὺς
1097 985 1416 1058 ὀφθαλμούς
1460 1004 1585 1056 μου,
1619 983 1715 1038 τοῦ
1755 984 1830 1056 μὴ

241 1079 366 1130 [δεῖν
401 1077 765 1147 ματαιότητα.
806 1095 823 1126 ι
880 1078 989 1129 Καὶ
1018 1076 1275 1145 μάταιόν
1317 1079 1434 1130 ἐστι
1474 1076 1534 1129 τὸ
1575 1075 1826 1147 ἀκερδὲς,

164 1210 166 1212 .
238 1170 330 1222 καὶ
351 1169 614 1240 ἀνόνητον
633 1185 647 1199 ·
682 1168 913 1222 τοιαῦτα
948 1169 1004 1220 δὲ
1031 1168 1100 1221 τὰ
1135 1169 1401 1223 δοκοῦντα
1430 1168 1524 1222 τοῦ
1558 1168 1675 1239 βίου
1703 1185 1830 1238 τερ*

237 1260 369 1314 πνά.
413 1258 605 1323 Οὕτως
650 1259 789 1312 αὐτὰ
838 1261 932 1312 καὶ
974 1261 1001 1312 6
1045 1261 1207 1330 σοφὸς
1247 1259 1500 1330 Σολομῶν
1547 1258 1826 1330 ὀνομάζει,

243 1369 261 1398 ι
297 1351 617 1420 Ματαιότης
667 1353 1070 1421 ματαιοτήτων,
1109 1353 1180 1404 τὰ
1220 1353 1401 1406 πάντα
1447 1353 1765 1423 ματαιότης.
1805 1373 1823 1403 ι

240 1443 348 1494 Καὶ
367 1443 780 1514 διηγησάμενος
807 1445 954 1507 ὅπως
979 1444 1332 1515 ᾠκοδόμησεν
1352 1445 1553 1509 οἰκίας,
1582 1445 1678 1498 καὶ
1703 1443 1832 1513 ὲφύ-

237 1556 395 1592 τευσε
429 1540 820 1611 παραδείσους,
852 1541 947 1592 καὶ
971 1539 1350 1593 κατεσκεύασε
1373 1542 1416 1580 θ’
1444 1539 1832 1612 κολυμϐήθρας

239 1632 448 1684 ὑδάτων
464 1633 534 1697 ⁸³,
567 1632 878 1702 ἐπήγαγεν·
913 1649 931 1682 ‹
981 1632 1092 1684 Καὶ
1135 1632 1246 1685 ίδοὺ
1291 1633 1471 1686 πάντα
1505 1631 1828 1702 ματαιότης,

239 1725 334 1778 καὶ
369 1723 696 1794 προαίρεσις
731 1723 1067 1794 πνεύματος.
1099 1743 1116 1774 ι
1157 1723 1411 1778 Ἰκετεύει
1439 1725 1618 1778 τοίνυν
1640 1727 1666 1777 6
1695 1725 1834 1793 Προ-

1933 535 2109 587 rante,
2151 525 2436 580 hominum
2472 535 2668 581 natura
2711 527 2764 582 in
2813 528 2968 599 pejus
3007 528 3199 599 vergit.
3245 529 3382 582 lline
3419 531 3512 582 ad-

1931 619 2153 672 modum
2178 631 2546 688 congruenter
2578 619 2845 689 Propheta
2865 627 3118 688 precatur
3163 631 3219 674 nt
3251 621 3301 674 in
3331 621 3511 674 divina

1931 712 2240 765 testimonia
2276 725 2371 765 cor
2408 711 2724 774 inclinetur,
2783 727 2885 767 nec
2929 713 2980 766 in
3024 712 3249 766 alteram
3305 723 3514 782 partem

1932 804 2138 874 impetu
2174 805 2410 874 quodam
2457 803 2688 859 feratur.

2004 982 2170 1038 Vens.
2207 984 2297 1038 57.
2335 1003 2352 1034 ι
2397 985 2598 1039 Avcrte
2628 985 2822 1038 oculos
2850 1000 3022 1049 meos,
3060 1000 3128 1040 ne
3173 985 3393 1041 videant
3421 1002 3518 1039 va-

1934 1073 2182 1127 nitatem.
2222 1092 2238 1124 ι
2287 1073 2541 1138 i'anitas,
2589 1075 2733 1144 quod
2783 1075 2975 1130 inutile
3018 1086 3072 1130 et
3122 1077 3348 1131 stultum
3397 1087 3514 1141 est,

1934 1175 2183 1220 vocatur.
2227 1164 2552 1234 ilujusmodi
2585 1183 2718 1220 vero
2761 1177 2889 1222 sunt
2916 1183 2978 1221 ea
3037 1184 3158 1236 qua:
3201 1169 3252 1223 in
3296 1171 3400 1225 vita
3426 1171 3516 1241 ju-

1933 1259 2113 1312 cunda
2136 1257 2408 1312 videntur.
2442 1259 2534 1314 Sic
2567 1259 2679 1315 hrec
2709 1269 2765 1314 et
2795 1261 3017 1328 sapiens
3042 1261 3302 1316 Salomon
3335 1265 3515 1317 nomi-

1934 1359 2027 1402 nat
2060 1369 2073 1404 :
2113 1367 2130 1398 ι
2169 1347 2395 1404 Vanitas
2425 1351 2752 1416 vanitatum,
2787 1361 2840 1405 et
2871 1352 3055 1406 omnia
3088 1354 3300 1410 vanitas
3329 1355 3372 1409 ί.
3398 1374 3418 1406 ›
3452 1357 3516 1408 Et
3581 1369 3587 1374 ‘

1931 1455 2057 1495 cum
2125 1457 2440 1496 enarrasset
2495 1445 2771 1514 quomodo
2824 1446 2969 1500 mdes
3023 1447 3408 1514 aedificaverit,
3462 1461 3518 1504 et

1933 1535 2240 1590 conscverit
2273 1535 2484 1599 hortos,
2504 1546 2558 1589 et
2587 1535 2778 1592 fecerit
2799 1538 3038 1606 piscinas
3069 1555 3356 1608 aquarum,
3390 1542 3518 1599 sub-

1933 1627 2114 1680 didit:
2155 1647 2172 1678 (
2214 1627 2276 1680 Ει
2311 1643 2436 1682 ecce
2471 1629 2657 1682 omnia
2700 1631 2935 1697 vanitas,
2983 1643 3036 1686 et
3086 1634 3303 1687 amictio
3354 1636 3516 1704 spiri-

1937 1727 2026 1772 tus
2055 1720 2100 1770 Β.
2143 1737 2161 1770 ι
2211 1716 2495 1787 Supplicat
2520 1718 2686 1786 igitur
2724 1721 2996 1790 PrOpheta
3061 1733 3116 1776 ut
3147 1725 3345 1778 mentis
3372 1727 3516 1780 oeuli

239 1816 419 1886 φήτης
470 1816 552 1878 είς
594 1815 786 1886 ἑτέραν
833 1815 1071 1886 Θεωρίαν
1121 1817 1281 1888 ῥέψαι
1328 1818 1430 1886 τῆς
1480 1817 1719 1880 διανοίας
1762 1818 1830 1872 τὰ

1947 1812 1989 1863 in
2023 1810 2185 1864 aliam
2237 1811 2756 1879 contemplationem
2808 1821 3056 1884 vergant,
3090 1823 3143 1868 et
3179 1831 3246 1870 ne
3274 1831 3519 1886 praesen-

239 1906 485 1975 ὖμματα,
516 1907 613 1960 καὶ
641 1909 708 1978 τῇ
741 1907 854 1960 τῶν
886 1908 1172 1978 παρόντων
1219 1909 1548 1980 ματαιότητι
1596 1909 1671 1981 μὴ
1711 1909 1832 1962 θελ-

241 2002 459 2072 χθῆναι.
495 2021 513 2053 ε
537 2003 626 2055 Ἐν
649 2005 714 2072 τῇ
747 2003 850 2072 ὀδῷ
882 2020 976 2056 σου
1003 2003 1169 2073 ζῆσόν
1203 2021 1289 2076 με.
1321 2023 1338 2054 ι
1366 2005 1524 2058 Κατά
1549 2006 1674 2069 τοὺς
1706 2006 1830 2069 σοὺς

237 2093 326 2156 δός
359 2109 453 2162 μοι
487 2093 870 2146 πολιτεύεσθαι
895 2094 1113 2162 νόμους.

307 2184 414 2254 λη’.
454 2201 474 2236 ι
517 2186 722 2254 Στῆσον
754 2186 833 2255 τῷ
866 2186 1040 2255 δούλῳ
1071 2203 1164 2238 σου
1197 2186 1257 2239 τὸ
1287 2185 1469 2254 λόγιόν
1493 2203 1608 2250 σου,
1641 2188 1720 2249 είς
1742 2185 1834 2239 τὸν

241 2274 404 2344 φόϐον
427 2291 544 2331 σου.
587 2295 605 2325 ι
641 2274 867 2328 Βέϐαιον
891 2277 948 2328 ἐν
986 2277 1103 2337 τοῖς
1132 2277 1244 2338 σοῖς
1273 2274 1452 2342 λόγοις
1476 2273 1521 2305 ⁸³
1553 2273 1832 2342 άπόφηνόν

244 2385 330 2436 με,
355 2368 777 2436 ἁπεριτρέπτως
807 2369 1094 2435 φυλάττων
1121 2368 1200 2437 τῷ
1228 2367 1379 2438 φόϐῳ
1414 2383 1536 2420 σου’
1573 2366 1691 2420 ἀντὶ
1713 2364 1832 2426 τοῦ,

205 2516 222 2524 _
252 2463 583 2515 Ἐπικείσθω
612 2479 699 2532 μοι
727 2464 755 2515 6
783 2461 948 2530 φόϐος
993 2480 1086 2515 σου
1109 2503 1124 2526 ,
1173 2462 1544 2532 δεδιττόμενος
1565 2498 1579 2526 ,
1628 2461 1722 2514 καὶ
1756 2458 1833 2530 μὴ

241 2555 344 2608 ἐῶν
375 2554 725 2626 ἐκτραπῆναι
760 2554 870 2607 τῶν
891 2554 1092 2624 λογίων
1130 2573 1244 2609 σου.

311 2831 411 2886 λθν.
442 2851 461 2884 ι
494 2832 723 2904 Περίελε
762 2831 854 2886 τὸν
891 2833 1195 2904 ὀνειδισμόν
1239 2850 1340 2904 μου
1382 2833 1440 2886 ὃν
1471 2830 1830 2893 ὑπώπτευσα,

240 2925 320 2976 ὃτι
350 2925 420 2977 τά
459 2925 707 2996 κρίματα
739 2943 834 2978 σου
873 2925 1108 2997 χρηστά.
1157 2943 1176 2975 ι
1226 2923 1284 2978 '0
1327 2925 1384 2978 δὲ
1431 2923 1685 2987 Ἀκύλας,
1713 2925 1834 2976 ἀντὶ

240 3017 335 3070 τοῦ
377 3017 771 3082 ὑπώπτευσα,
810 3017 1171 3084 ὑπεστάλην
1216 3017 1458 3087 εἴρηκεν.
1507 3015 1666 3068 Οὕτω
1699 3015 1762 3086 δὴ
1787 3016 1832 3046 ⁸³⁵

242 3111 334 3163 καὶ
367 3111 397 3163 6
426 3109 746 3163 Θεοδοτίων,
795 3110 855 3162 '0
879 3108 935 3162 δὲ
972 3109 1290 3179 Σύμμαχος,
1321 3107 1395 3163 ὃν
1431 3107 1828 3177 εὐλαϐοῦμαι·

1937 1903 2072 1956 ιὶιιιιι
2129 1919 2314 1957 rerum
2365 1905 2608 1958 vanitate
2656 1905 3093 1962 demulceantur.
3132 1927 3150 1959 ι
3191 1907 3248 1962 In
3295 1910 3380 1965 via
3426 1920 3515 1965 tua

1932 1996 2145 2049 vivifica
2179 2013 2285 2050 me.
2323 2015 2339 2047 ι
2383 1996 2698 2052 Secundum
2733 2009 2856 2054 tuas
2885 2001 3031 2071 leges
3075 2010 3135 2056 ut
3165 2003 3351 2058 vivere
3385 2017 3519 2074 pos-

1935 2085 2034 2139 sim
2070 2087 2200 2140 mihi
2236 2089 2495 2142 concede.

2008 2178 2169 2233 Viae.
2203 2180 2290 2232 58.
2331 2201 2347 2230 ι
2395 2179 2585 2234 Statue
2633 2196 2792 2234 servo
2826 2192 2917 2234 tuo
2947 2182 3226 2252 eloquium
3263 2193 3413 2238 tuum
3450 2186 3517 2240 ad

1936 2271 2190 2325 timorem
2231 2272 2333 2327 tui.
2374 2290 2392 2324 ι
2429 2272 2784 2328 Constantem
2827 2289 2893 2328 ac
2929 2275 3144 2328 firmum
3180 2275 3232 2329 in
3268 2278 3374 2332 tuis
3404 2293 3518 2332 ser-

1937 2365 2193 2419 monibus
2225 2382 2312 2420 me
2345 2365 2532 2430 redde,
2581 2367 2788 2436 jugiter
2823 2383 2918 2438 per
2949 2369 3198 2423 timorem
3241 2379 3392 2425 tuum
3439 2373 3520 2427 sic

1937 2474 2024 2512 me
2053 2461 2393 2526 custodiens,
2418 2470 2480 2514 ut
2500 2460 2651 2515 nulla
2675 2461 2725 2514 vi
2753 2461 3060 2532 resupinari
3085 2477 3283 2532 queam
3316 2480 3330 2517 :
3358 2465 3518 2533 quasi

1935 2549 2122 2606 dicat:
2158 2550 2346 2605 Timor
2393 2561 2522 2607 tuus
2565 2552 2698 2605 mihi
2740 2552 2956 2624 1448
2992 2554 3307 2618 incumbat,
3360 2556 3520 2618 terri-

1936 2653 2081 2707 tans,
2113 2654 2166 2698 et
2198 2658 2542 2716 nequaquam
2581 2646 2774 2700 siucns
2833 2657 2890 2699 ut
2924 2662 2954 2698 a
2995 2649 3105 2702 luis
3149 2649 3386 2703 oraculis
3422 2649 3522 2703 de-

1933 2733 2087 2794 ﬂecta
2097 2751 2144 2788 ιιι
2156 2774 2169 2788 .

2008 2825 2175 2882 Vens.
2209 2826 2300 2882 39.
2339 2847 2358 2879 ι
2391 2827 2560 2908 Aufer
2591 2829 2945 2899 opprobrium
2983 2847 3190 2896 meum,
3237 2834 3381 2902 quod
3427 2849 3523 2890 sn-

1934 2920 2180 2990 spicatus
2215 2937 2359 2985 sum,
2394 2923 2526 2991 quia
2570 2921 2778 2992 judicia
2835 2934 2924 2978 tua
2968 2925 3233 2994 jucunda.
3265 2945 3286 2980 ι
3323 2929 3521 2998 Aquila

1935 3023 2117 3068 autem
2175 3029 2272 3083 pro
2322 3016 2626 3084 suspicatus
2679 3031 2828 3082 sum,
2888 3018 3024 3072 dixit
3075 3018 3384 3086 formidari.
3431 3020 3523 3075 Sic

1935 3108 2099 3160 etiam
2139 3105 2462 3161 Theodotio.
2492 3107 2856 3178 Symmachus
2885 3124 3032 3172 vero,
3066 3111 3204 3180 quod
3237 3128 3414 3166 vereor
3438 3113 3524 3166 in-

240 3201 591 3270 ὀνειδισμὺν
620 3201 676 3255 δὲ
699 3201 940 3255 ἐνταῦθα
972 3200 1147 3268 καλεῖ,
1180 3201 1272 3254 τὸν
1300 3201 1405 3254 ύπδ
1438 3201 1535 3270 τῆς
1563 3200 1834 3270 ἁμαρτίας

1947 3208 2272 3269 terpretatus
2301 3211 2405 3253 cst.
2445 3200 2802 3268 Opprobrium
2833 3209 3018 3256 autem
3050 3202 3152 3258 hoc
3193 3204 3312 3258 loco
3342 3216 3521 3272 vocat,

239 3294 558 3365 γενόμενον.
587 3292 789 3348 Τοῦτον
817 3294 927 3365 γὰρ
954 3295 1050 3348 καὶ
1076 3293 1460 3356 ὑπεστέλλετο,
1493 3292 1587 3346 καὶ
1625 3291 1834 3354 ἐδεδίει,

243 3388 334 3439 καὶ
369 3385 618 3440 ὕποπτον
641 3386 737 3458 ἔζη
767 3385 936 3458 ζωήν.
969 3387 1070 3441 Διά
1095 3387 1254 3441 τοῦτο
1290 3387 1390 3439 ούκ
1413 3387 1662 3457 ἐπήγαγε
1698 3401 1837 3436 συν-

249 3477 424 3548 ήθως,
463 3478 586 3530 Ὅτι
607 3479 854 3550 κρίματά
873 3495 967 3532 σου
996 3478 1322 3548 ἐξεζήτησα,
1351 3477 1384 3549 ἢ
1419 3475 1659 3546 ἐφύλαξα
1678 3493 1692 3509 ο
1722 3476 1836 3530 ἀλλ’

247 3588 265 3620 ι
307 3569 438 3623 ’Ὁτι
471 3568 540 3621 τὰ
569 3569 817 3641 κρίματά
839 3587 933 3622 σου
955 3569 1189 3642 χρηστά.
1227 3588 1245 3620 ›
1284 3569 1358 3623 Ού
1400 3569 1560 3639 μόνον
1589 3569 1698 3638 γάρ
1725 3569 1840 3632 τοῖς

241 3659 654 3730 ἁμαρτάνουσιν
698 3661 942 3724 ἀπειλεῖς
977 3661 1274 3730 τιμωρίαν,
1308 3659 1442 3712 ἀλλὰ
1467 3662 1560 3712 καὶ
1593 3663 1709 3724 τοῖς
1743 3676 1840 3730 με·

239 3751 643 3823 ταμελομένοις
687 3753 926 3827 ὑπίσχνῃ
961 3753 1260 3824 σωτηρίαν.
1293 3752 1560 3822 Κρίμιιτα
1599 3755 1710 3823 γὰρ
1745 3770 1840 3808 κα·

238 3844 324 3898 λεῖ
354 3845 456 3908 τὰς
488 3845 582 3899 τοῦ
615 3845 752 3899 Θεοῦ
791 3845 1005 3910 δικαίας
1033 3846 1271 3918 ψήφους.

314 3944 393 4008 μ’.
433 3955 452 3988 ι
501 3938 635 3991 Ἰδοὺ
672 3938 998 4009 ἐπεθύμησα
1030 3939 1127 4001 τὰς
1155 3937 1376 4002 ἐντολάς
1410 3954 1532 4000 σου,
1572 3941 1631 3991 ὲν
1665 3940 1730 4009 τῇ
1762 3937 1839 3991 δι-

239 4029 512 4102 καιοσύνῃ
541 4047 634 4083 σου
672 4030 836 4101 ζῆσόν
873 4049 962 4102 με.
995 4050 1014 4083 ›
1059 4031 1097 4083 Γ
1102 4030 1373 4102 λιχομένῳ
1411 4030 1695 4102 παράσχου
1739 4029 1838 4103 τὴν

238 4127 299 4177 ὲν
325 4123 649 4196 δικαιοσύνῃ
683 4121 849 4195 ζωήν.

313 4217 430 4289 μα’.
484 4236 503 4268 ι
545 4219 650 4270 Καὶ
677 4218 819 4271 ἔλθοι
862 4220 951 4272 ἐπ’
985 4219 1086 4290 ἐμὲ
1134 4217 1195 4270 τὸ
1242 4217 1390 4282 ἔλεός
1422 4235 1536 4283 σου,
1582 4216 1774 4290 Κύριε.
1814 4238 1832 4272 i

240 4315 464 4371 Πάντες
502 4313 614 4383 γὰρ
650 4312 851 4376 ἐνδεεῖς
879 4313 984 4381 τῆς
1012 4312 1166 4376 θείας
1197 4311 1642 4384 φιλανθρωπίας,
1684 4313 1780 4366 καὶ
1812 4313 1841 4365 6

239 4403 420 4474 αὐτὴν
451 4402 802 4472 κατειληφὼς
834 4402 934 4474 τὴν
960 4404 1272 4474 ἀκροτάτην
1305 4403 1406 4474 τῆς
1447 4405 1647 4474 ἀρετῆς
1679 4421 1839 4476 κορυ-

239 4498 373 4565 φὴν,
415 4492 618 4563 ταύτης
674 4493 844 4547 δεῖται
895 4493 1180 4564 διηνεκῶς.

310 4599 331 4634 σ
382 4581 457 4634 Τὸ
484 4581 752 4652 σωτήριόν
784 4599 877 4634 σου
909 4582 1048 4636 κατὰ
1073 4583 1164 4636 τὸν
1191 4582 1348 4652 λόγον
1385 4601 1501 4638 σου.
1537 4581 1672 4656 [μβ’]
1731 4584 1842 4638 Καὶ

239 4676 698 4748 ἁποκριθήσομαι
751 4679 862 4738 τοῖς
909 4677 1231 4743 ὀνειδίζουσί
1295 4696 1384 4749 μοι
1425 4677 1601 4746 λόγον.
1663 4697 1683 4730 ι
1740 4679 1841 4730 Ἢν

242 4768 523 4838 ὑπέσχου,
558 4768 840 4833 Δέσποτα,
870 4769 1144 4838 σωτηρίαν
1175 4772 1233 4822 ὲν
1278 4773 1392 4834 τοῖς
1425 4771 1590 4840 ἱεροῖς
1624 4787 1718 4823 σου
1755 4769 1844 4822 λό⁴

241 4878 370 4929 τοις
431 4861 740 4932 παράσχου,
774 4861 863 4914 ἴνα
884 4863 996 4923 τοῖς
1018 4860 1418 4926 ἐπιτωθάζουσί
1451 4880 1542 4932 μοι
1577 4862 1673 4914 σὺν
1699 4863 1844 4934 παῤ-

247 4955 420 5026 ρησία
452 4954 738 5025 διαλεχθῶ.
806 4955 864 5008 Ὀ
892 4955 1002 5027 γὰρ
1037 4957 1095 5008 ὲν
1129 4957 1436 5026 συμφοραῖς
1481 4953 1558 5008 ὢν
1593 4955 1749 5026 φέρει
1775 4955 1844 5008 τὰ

243 5046 426 5117 ὀνείδη
472 5047 720 5116 σιγῶν·ό
763 5048 820 5101 δὲ
875 5049 975 5117 τὴν
1027 5047 1248 5118 θυμήρη
1315 5048 1574 5124 βιοτεύων
1626 5048 1744 5100 ὀδὸν
1771 5049 1838 5110 π,

244 5139 514 5210 διελέγχει
545 5141 670 5204 τοὺς
730 5138 917 5202 κακῶς
979 5138 1359 5204 ὀνειδίζοντας.
1407 5159 1424 5191 ι
1466 5141 1587 5193 Ὅτι
1635 5139 1839 5212 ἤλπισα

323 5340 343 5380 ί
389 5341 567 5401 Eccle.
605 5358 644 5410 ι,
682 5341 737 5399 2.
844 5347 869 5386 ⁸
907 5343 1087 5400 Eccle.
1132 5323 1210 5410 ii,
1257 5341 1347 5396 11.

1941 3292 2085 3360 quod
2119 3307 2185 3346 ex
2219 3301 2444 3361 peccato
2479 3293 2675 3346 oritur.
2721 3292 2836 3347 lloc
2863 3295 3008 3348 enim
3054 3303 3110 3349 et
3155 3294 3523 3364 formidabat,

1940 3395 1995 3438 et.
2025 3385 2272 3448 timebat,
2307 3395 2362 3440 et
2398 3395 2711 3454 suspectam
2744 3386 2981 3440 ducebat
3009 3389 3198 3444 vitam.
3231 3389 3527 3461 Propterea

1941 3491 2050 3530 non
2088 3477 2353 3542 subdidit,
2388 3485 2447 3530 ut
2477 3477 2614 3531 solet
2643 3494 2656 3530 :
2685 3474 2956 3543 Quoniam
2995 3477 3202 3546 judicia
3249 3489 3341 3535 tua
3381 3497 3530 3550 quae-

1943 3570 2069 3630 sivi,
2107 3579 2204 3622 aut
2233 3571 2528 3631 custodiri.
2564 3569 2686 3634 sed,
2732 3587 2750 3621 ι
2788 3568 3057 3635 Quoniam
3094 3571 3296 3639 judicia
3319 3583 3410 3626 tua
3435 3574 3529 3642 ju-

1940 3663 2142 3715 cunda.
2176 3680 2194 3712 »
2234 3660 2352 3715 Non
2385 3661 2564 3715 solum
2596 3661 2740 3714 enim
2775 3662 3157 3730 peccatoribus
3194 3665 3525 3734 sopplicimn

1941 3753 2192 3818 minaris,
2247 3769 2435 3807 Verum
2469 3754 2632 3808 etiam
2665 3753 3062 3821 paenitentibus
3093 3754 3327 3810 salutem
3362 3757 3527 3826 polli-

1941 3846 2104 3900 ceris.
2141 3845 2356 3898 Judicia
2389 3845 2534 3899 enim
2559 3845 2739 3914 justas
2771 3845 2862 3900 Dei
2898 3847 3197 3903 sententias
3228 3860 3406 3904 vocat.

2016 3937 2180 3992 Vsus.
2214 3939 2304 3992 40.
2349 3957 2367 3989 ι
2410 3939 2551 3993 Ecce
2602 3939 2891 4007 concupivi
2947 3940 3202 3994 mandata
3265 3950 3354 3994 tua
3383 3982 3398 4007 ,
3475 3942 3529 3997 in

1940 4032 2200 4099 mquitate
2238 4040 2327 4084 tua
2365 4031 2580 4085 vit'ilica
2614 4046 2724 4085 mc.
2768 4050 2786 4082 ι
2823 4030 2954 4084 Mihi
3005 4031 3214 4101 optanti
3264 4033 3406 4087 viain
3443 4033 3532 4104 ju-

1941 4133 2080 4178 stam
2115 4125 2372 4179 concede.

2041 4220 2058 4239 ¹
2093 4215 2262 4272 Vens.
2294 4217 2383 4271 41.
2426 4235 2444 4268 ‹
2481 4214 2546 4270 Ει
2592 4216 2773 4272 veniat
2805 4231 2970 4285 super
3018 4232 3106 4272 me
3152 4217 3531 4274 misericordia

1943 4309 2332 4372 tua,Domine.
2373 4329 2391 4360 ι
2432 4309 2637 4364 Omnes
2668 4309 2814 4364 enim
2847 4309 3046 4364 divina:
3069 4309 3419 4380 benignitatis
3451 4311 3532 4365 in-

1941 4402 2193 4472 digcntes
2226 4417 2420 4454 sumus
2451 4420 2462 4453 :
2493 4413 2547 4454 ct
2576 4401 2666 4455 ille
2719 4402 2811 4472 qui
2848 4402 3101 4456 ultimum
3133 4404 3352 4457 virtutis
3378 4402 3533 4460 fasti-

1945 4495 2092 4562 gium
2127 4495 2510 4564 apprehendit,
2554 4495 2657 4548 hac
2687 4495 2951 4549 continue
2990 4495 3213 4565 indiget.

2024 4605 2040 4638 ι
2099 4586 2351 4640 Salutare
2409 4598 2561 4641 tuum
2622 4589 2924 4643 secundum
2981 4588 3273 4656 eloquium
3349 4601 3526 4645 tuttm.

1949 4680 2154 4754 [Vr-ms.
2209 4681 2326 4754 42.]
2376 4683 2443 4737 Et
2487 4683 2831 4750 respondebo
2885 4683 3344 4752 exprobrantibus
3398 4687 3530 4740 mihi

1944 4778 2197 4832 verbum.
2239 4795 2257 4829 ι
2299 4778 2474 4842 Quam
2511 4776 2766 4841 salutem,
2798 4792 2832 4828 ο
2855 4775 3106 4840 Domine,
3138 4777 3190 4831 in
3217 4779 3391 4835 sacris
3423 4781 3533 4834 tuis

1945 4870 2301 4923 sermonibus
2333 4869 2606 4940 pollicitus
2644 4884 2726 4934 es,
2761 4869 3001 4937 largire,
3051 4879 3112 4922 ut
3159 4871 3225 4924 ad
3270 4871 3392 4927 illos
3439 4873 3534 4942 qui

1947 4960 2218 5014 insultant
2248 4961 2382 5014 mihi
2409 4975 2530 5012 cum
2566 4959 2760 5012 tidueia
2792 4960 3003 5030 loquar.
3039 4958 3141 5025 Qui
3175 4962 3322 5016 enim
3357 4963 3410 5016 in
3441 4977 3536 5017 ca-

1955 5049 2294 5103 lamitatibus
2329 5060 2604 5113 versatur,
2638 5048 2870 5103 tacendo
2898 5049 3145 5103 convicia
3179 5049 3408 5116 suifert;
3438 5052 3534 5122 qui

1951 5157 2080 5196 vero
2111 5141 2408 5212 jucundam
2453 5143 2618 5196 vitam
2654 5141 2828 5210 ducit,
2883 5141 3082 5196 refutat
3127 5157 3222 5198 eos
3261 5159 3291 5198 a
3334 5143 3534 5213 quibus

1399 5529 1638 5586 VARM‘I
1662 5527 2046 5584 LECTIONES
2088 5527 2174 5582 ET
2197 5527 2425 5584 NOTAE.

317 5642 364 5718 ξ’
387 5642 515 5718 cod.
559 5644 582 5694 l
620 5642 1014 5718 avoigavvog.”
1057 5647 1117 5718 79°
1149 5645 1275 5702 Ἐπί
1309 5648 1374 5702 τὸ
1411 5648 1635 5718 χεῖρον.
1665 5647 1718 5701 In
1759 5664 1834 5701 (τοι

1984 5627 2210 5718 ponitur
2241 5658 2360 5716 post
2395 5645 2579 5718 φύσις.

2693 5643 2733 5674 ⁹¹
2768 5642 3050 5711 Θάτερον.
3085 5642 3160 5697 ib.
3193 5659 3308 5713 seq.
3342 5642 3536 5712 θύρας.

248 5715 296 5747 ’³
327 5716 459 5770 ibid.
494 5713 891 5775 μετεσκεύασε.
969 5714 1016 5745 ⁸⁸
1051 5717 1336 5774 ’Υδάτωια
1364 5713 1654 5774 ῡέεξὶυἱά.
1733 5718 1778 5794 ’,⁸
1806 5725 1834 5773 Α

1947 5713 2040 5785 νιξι.
2100 5713 2363 5798 Βοεᾞὶϋη
2408 5713 2453 5750 ⁸⁸
2483 5716 2587 5786 Δή.
2621 5713 2807 5788 ὶὺκδέ.
2884 5716 2928 5745 "
2966 5714 3153 5768 Ὀδόν.
3185 5717 3308 5770 cod.
3340 5713 3359 5766 l
3403 5715 3535 5786 βίονο

576 5873 850 5934 Parnm.
879 5875 995 5933 Gn.
1030 5871 1237 5934 LXXX

3140 5875 3210 5936 58
