3996 6498
540 348 678 414 1835

1535 346 2022 407 THEODORETI
2060 343 2397 405 EPISCOPI
2439 345 2807 407 CYRENSIS

3645 343 3762 408 1836

540 484 635 538 per
670 468 923 536 injuriam
956 465 1305 521 contumeliis
1333 463 1583 518 afﬁcitur.
1623 483 1640 514 ι
1678 462 1816 528 Quia
1853 477 2001 530 spem
2029 477 2114 515 re—

2225 485 2309 538 ὲπὶ
2343 484 2466 547 τοὺς
2503 483 2697 552 λόγους
2718 485 2761 514 ⁸⁷
2816 499 2930 534 σου.
2972 501 2991 534 ι
3023 481 3136 552 Τῆς
3157 482 3265 551 γὰρ
3321 483 3419 550 σῆς
3467 482 3766 549 ἐπαγγελίας

541 558 696 626 posui
721 557 774 610 in
805 557 1154 610 sermonibus
1192 557 1320 611 tuis.
1355 574 1373 606 ι
1427 557 1465 608 Α
1498 555 1605 610 tuis
1642 555 1784 608 enim
1827 552 2113 622 promissis

537 650 765 719 p"lldet),
805 661 858 703 et
887 650 938 702 in
976 649 1078 702 hac
1106 663 1201 716 spe
1231 646 1444 701 incedo.

610 739 772 794 Vens.
804 741 893 795 4‘5.
944 761 961 794 ‹
997 740 1063 795 Ει
1112 755 1177 793 ne
1221 738 1440 792 auferas
1481 739 1547 792 de
1588 754 1682 792 ore
1724 754 1845 792 meo
1889 741 2113 792 verbum

536 830 782 886 veritatis
820 847 1228 901 usquequaque,
1261 830 1388 898 quia
1438 829 1490 882 in
1542 828 1766 897 jndiciis
1817 829 1922 882 tuis
1964 844 2114 896 spem

540 924 721 993 posui.
763 941 782 973 ι
827 924 894 978 L‘t
924 925 1208 977 veritatem
1241 921 1533 990 diligamus
1565 919 1837 989 Propheta
1879 937 1979 974 nos
2022 922 2117 974 d0-

539 1027 653 1081 cet,
706 1014 920 1086 1449
960 1023 1016 1068 et
1063 1022 1120 1066 ut
1169 1015 1308 1066 hanc
1348 1027 1472 1067 cum
1529 1012 1678 1067 omni
1726 1012 2007 1067 alacritate
2051 1013 2119 1066 ab

470 1115 477 1122 '
541 1109 918 1162 universorum
959 1108 1065 1159 Deo
1103 1105 1484 1173 efllagitemus.

615 1195 778 1251 Vens.
810 1197 899 1249 Ui.
942 1213 958 1245 ι
1002 1195 1063 1248 Et
1093 1195 1398 1248 custodiam
1431 1195 1603 1264 legem
1641 1203 1789 1249 tuam
1823 1211 2037 1265 semper
2066 1196 2117 1248 in

541 1289 824 1351 saeculum,
867 1299 920 1340 et
951 1287 1004 1340 in
1042 1288 1303 1340 sarculum
1338 1287 1547 1342 saeculi.
1584 1305 1602 1338 ι
1637 1286 1728 1342 Sic
1759 1289 1904 1342 enim
1937 1305 2121 1358 prom-

541 1378 704 1447 ptiori
742 1391 963 1446 quoque
999 1375 1181 1430 animo
1235 1376 1503 1446 inlegum
1554 1385 1768 1430 tuarum
1815 1379 2119 1431 custodiam

543 1471 879 1525 incumbam.
924 1467 1028 1524 Per
1073 1469 1177 1523 hoc
1218 1469 1429 1539 igitur:
1466 1489 1483 1520 ι
1524 1469 1576 1522 lu
1623 1468 1920 1535 saeculum,
1967 1477 2020 1522 et
2066 1468 2120 1522 in

541 1563 799 1617 smculum
841 1561 1046 1626 saecu!i,
1088 1580 1105 1612 ι
1149 1560 1388 1615 futuram
1427 1562 1592 1615 vitam
1625 1557 2039 1626 tleiitonstravit,
2069 1562 2117 1613 in

541 1669 648 1722 qua
689 1668 824 1722 pura
863 1663 917 1707 et
953 1653 1168 1706 sincera
1220 1653 1530 1708 divinarum
1566 1653 1743 1724 legum
1775 1653 2118 1708 observantia

541 1747 797 1800 omnibus
834 1745 1075 1799 dabitur.
1439 1748 1443 1754 '

613 1837 778 1892 Vens.
815 1837 916 1898 45,
961 1835 1050 1890 46.
1129 1854 1148 1887 ι
1197 1836 1262 1890 Ει
1307 1836 1651 1890 ambulabam
1695 1837 1748 1890 in
1799 1836 2114 1900 latitudine,
2150 1812 2192 1865 Β

541 1929 668 1997 quia
715 1928 972 1981 mandata
1011 1936 1102 1980 tua
1137 1926 1432 1994 exquisivi.
1481 1925 1544 1978 Et
1577 1926 1835 1994 loquebar
1866 1925 1932 1979 de
1966 1924 2118 1977 testi-

545 2017 744 2071 moniis
779 2017 886 2070 tuis
935 2016 988 2069 in
1044 2025 1340 2084 conspectu
1393 2031 1600 2084 regum,
1648 2023 1702 2069 ct
1739 2031 1846 2068 non
1886 2014 2118 2068 confun-

549 2109 734 2163 tlehar.
767 2126 786 2158 ι
823 2106 957 2160 Cum
993 2106 1182 2169 multa,
1215 2104 1411 2175 inquit,
1454 2107 1717 2161 facilitate
1762 2107 2039 2172 incedens,
2067 2116 2120 2160 et

540 2197 840 2253 secundum
886 2198 1140 2252 mandata
1182 2205 1272 2251 tua
1317 2199 1530 2262 vivens,
1575 2213 1748 2266 neque
1789 2199 1990 2268 regiam
2025 2213 2120 2267 po-

542 2293 762 2345 tentiam
811 2291 992 2356 timui,
1047 2292 1142 2345 sed
1187 2307 1310 2345 cum
1365 2291 1530 2344 multa
1591 2290 1784 2345 fiducia
1827 2307 1950 2345 cum
1987 2291 2119 2360 ipsis

540 2383 914 2454 colloqnebar.
951 2381 1072 2436 Vita
1109 2383 1254 2436 enim
1286 2384 1590 2436 secundum
1628 2382 1800 2451 legem
1841 2392 1960 2437 acta
1987 2381 2122 2438 fidu-

539 2480 680 2532 ciam
720 2475 894 2530 all‘ert.
927 2475 988 2530 Et
1015 2476 1178 2543 hujus
1213 2476 1367 2528 testis
1393 2485 1477 2528 est
1504 2491 1735 2545 magnus
1763 2475 1950 2529 Daiid.
1984 2473 2120 2530 Nam

542 2577 668 2622 ante
705 2581 991 2638 pecratnm
1027 2583 1149 2620 cum
1195 2567 1363 2620 multa
1402 2566 1599 2620 fiducia
1647 2583 1770 2620 cum
1815 2565 1977 2623 Saule
2007 2584 2120 2623 ser-

540 2660 965 2722 mocinabatur;
1002 2669 1124 2727 post
1176 2670 1456 2728 peccatum
1495 2673 1623 2713 vero
1663 2660 1987 2729 parricidam
2039 2659 2122 2714 fu-

541 2756 694 2820 giens
737 2752 931 2813 tilium,
963 2751 1308 2820 prospiciens
1348 2751 1400 2803 in
1439 2759 1665 2816 terram,
1695 2761 1968 2822 caputque
1994 2768 2124 2822 ope-

540 2845 720 2910 riens,
775 2843 1108 2898 ambulabat.
1167 2844 1234 2897 Et
1289 2842 1436 2897 Elias
1493 2843 1582 2897 ille
1634 2861 1862 2914 magnus
1909 2845 2122 2916 justitia

541 2939 738 3005 fretus,
776 2939 980 2993 Achabi
1009 2938 1338 3008 impietatem
1374 2940 1760 3009 redarguebat.
1792 2939 1882 2996 Sic
1906 2942 2124 2996 divinus

545 3031 731 3084 Daniel
759 3029 1520 3085 Nabuchodonosoridicebat
1548 3049 1559 3084 :
1596 3050 1614 3082 ι
1651 3031 1713 3086 Ει
1748 3048 1912 3100 nunc,
1945 3047 1977 3086 o
2003 3050 2119 3098 rex,

539 3123 830 3178 consilium
877 3138 1058 3178 meum
1097 3123 1312 3200 placeat
1345 3123 1464 3188 tibi,
1511 3124 1877 3195 elecmosynis
1917 3126 2123 3180 redime
2151 3148 2193 3205 ε

541 3224 764 3284 peccata
837 3224 968 3279 tua,
1019 3223 1072 3268 et
1122 3215 1444 3284 iniquitates
1536 3226 1662 3270 tuas
1738 3218 2132 3276 misericordiis

513 3305 922 3376 pauperum”.
958 3327 977 3360 ι
1021 3307 1115 3361 Sic
1168 3306 1392 3363 divinus
1441 3308 1645 3363 Paulus
1685 3309 2017 3379 Agrippam,
2077 3320 2131 3366 ct

540 3395 782 3458 Festum,
814 3407 865 3451 et
899 3397 1128 3452 Felicem
1162 3397 1556 3466 alloquebatur.
1591 3402 1608 3419 ‘
1643 3398 1733 3453 Sic
1767 3400 2130 3470 triumphato-

541 3504 632 3544 res
668 3499 940 3560 martyres
974 3489 1172 3559 impios
1204 3504 1359 3558 reges
1394 3490 1793 3559 despiciebant.

616 3759 782 3815 Vens.
825 3760 913 3825 47,
960 3759 1049 3814 48.
1111 3778 1128 3810 ι
1168 3761 1236 3814 Ει
1271 3760 1569 3815 meditabar
1614 3759 1826 3832 1450
1870 3761 1924 3814 in
1971 3776 2124 3815 man-

541 3856 686 3909 datis
717 3853 850 3918 tuis,
884 3868 1007 3922 qua:
1037 3852 1205 3906 dilexi
1243 3867 1592 3921 magnopere.
1622 3852 1686 3906 Et
1721 3852 1892 3905 levavi
1929 3867 2124 3905 manus

543 3960 695 3997 meas
723 3942 788 3996 ad
823 3942 1077 3995 mandata
1117 3950 1230 4006 tua,
1280 3955 1403 4010 qua:
1446 3941 1632 3996 dilexi.
1670 3959 1688 3992 ι
1725 3939 1844 3994 Νοιι
1891 3942 2033 3995 enim
2069 3941 2122 3994 in

542 4052 798 4090 sermone
837 4046 922 4089 est
955 4035 1044 4087 Dei
1081 4050 1344 4104 regnum,
1379 4035 1471 4089 sed
1507 4034 1559 4086 in
1589 4031 1791 4103 opere:
1827 4043 1881 4088 et
1919 4035 2011 4103 qui
2045 4033 2122 4087 fe-

541 4133 673 4185 cerit
707 4141 761 4185 et
803 4131 1073 4195 docuerit,
1131 4129 1221 4184 hic
1267 4145 1497 4201 magnus
1543 4129 1829 4183 vocabitur
1865 4129 1915 4182 in
1957 4145 2124 4199 regno

540 4225 830 4278 etelorum.
886 4222 1099 4277 Idcirco
1152 4222 1376 4276 divinus
1439 4221 1711 4290 Propheta
1780 4222 2120 4276 meditationi

540 4316 808 4369 actionem
843 4313 1163 4382 praposuit.
1203 4311 1341 4367 Cum
1386 4314 1529 4368 enim
1568 4313 1803 4368 dixisset
1835 4330 1848 4368 :
1890 4332 1909 4366 ι
1953 4315 2120 4368 Medi-

542 4407 700 4462 tabar
726 4407 780 4460 in
810 4404 1084 4460 mandatis
1113 4405 1382 4473 tuis,quze
1413 4405 1574 4458 dilexi
1605 4405 1814 4470 valde,»
1837 4415 1890 4459 et
1921 4408 2118 4460 arden-

2215 574 2546 645 ἐξήρτημαι,
2586 575 2679 625 καὶ
2704 574 2797 625 ἐπὶ
2827 572 3027 643 ταύτης
3049 570 3216 626 ὸδεύω
3248 570 3348 640 τῆς
3387 570 3613 632 ἐλπίδος.

2291 735 2400 802 μγ’.
2440 749 2458 782 ι
2502 731 2613 784 Kal
2653 731 2728 801 μὴ
2757 730 3016 801 περιέλῃς
3055 742 3120 782 εκ
3149 728 3242 782 τοῦ
3279 727 3544 797 στόματός
3577 744 3668 796 μου
3693 727 3762 780 λό.

2217 844 2310 894 γον
2349 825 2605 896 ἀληθείας
2641 825 2747 886 ἓως
2778 824 3005 893 σφόδρα,
3046 822 3127 875 ὅτι
3166 822 3260 874 ἐπὶ
3298 823 3412 884 τοῖς
3440 819 3659 890 κρίμασί
3691 839 3764 874 σου

2217 918 2515 986 ἐπήλπισα.
2559 936 2580 970 ι
2629 917 2792 987 Ἐρᾷν
2836 917 2982 986 ἡμᾶς
3018 916 3118 985 τῆς
3160 913 3420 986 ἀληθείας
3448 915 3476 965 ὁ
3506 914 3764 986 Προφήτης

2217 1010 2478 1074 διδάσκει,
2516 1010 2610 1062 καὶ
2631 1008 2839 1077 ταύτην
2878 1000 3050 1061 αἰτεῖν
3077 1007 3226 1078 παρὰ
3256 1005 3352 1061 τοῦ
3375 1006 3511 1060 Θεοῦ
3533 1008 3630 1059 τῶν
3650 1009 3765 1061 ὅλων

2221 1103 2317 1156 σὺν
2354 1103 2635 1174 προθυμία
2663 1101 2856 1172 πολλῇ.

2293 1196 2395 1264 μδ’.
2435 1213 2452 1246 ι
2501 1195 2612 1248 Kal
2648 1192 2869 1262 φυλάξω
2907 1194 2998 1246 τὸν
3039 1193 3204 1264 νόμον
3247 1210 3341 1246 σου
3372 1193 3658 1256 διαπαντὸς
3702 1198 3770 1258 εἰς

2218 1286 2310 1339 τὸν
2343 1283 2537 1346 αἰῶνα,
2578 1286 2672 1337 καὶ
2713 1284 2794 1346 είς
2841 1284 2934 1336 τὸν
2985 1283 3157 1336 αἰῶνα
3199 1281 3294 1334 τοῦ
3335 1280 3548 1343 αίῶνος.
3593 1300 3609 1331 ι
3639 1282 3780 1334 Οὖτω

2220 1375 2328 1444 γὰρ
2347 1375 2392 1406 ’⁸
2417 1374 2825 1443 προθυμότερος
2861 1373 2992 1443 περὶ
3025 1372 3123 1443 τὴν
3151 1371 3261 1424 τῶν
3292 1371 3402 1424 σῶν
3431 1372 3604 1441 νόμων
3630 1378 3778 1440 γενή-

2223 1483 2389 1536 σομαι
2431 1463 2701 1535 φυλακήν.
2754 1465 2854 1517 Διά
2885 1465 2986 1534 μέν
3017 1482 3099 1517 τοι
3125 1463 3217 1518 τοῦ
3240 1480 3254 1494 ο
3298 1482 3315 1515 ι
3351 1465 3446 1526 Εἰς
3485 1464 3575 1516 τὸν
3603 1467 3778 1527 αἰῶνα,

2220 1559 2314 1611 xal
2353 1557 2431 1620 είς
2479 1557 2569 1609 τὸν
2614 1556 2785 1610 αἰῶνα
2826 1555 2918 1608 τοῦ
2965 1555 3177 1621 αἰῶνος,
3217 1577 3233 1608 ι
3271 1556 3507 1627 ἐδήλωσε
3549 1555 3633 1609 τὸν
3665 1558 3784 1626 μέλ-

2219 1649 2379 1702 λοντα
2420 1648 2567 1719 βίον,
2623 1652 2680 1703 ἐν
2713 1643 2756 1717 ᾧ
2795 1649 3012 1720 καθαρά
3044 1649 3138 1702 καὶ
3181 1649 3493 1721 ἀκραιφνὴς
3520 1649 3782 1722 δοθήσεται

2222 1739 2396 1795 ἅπασι
2425 1739 2534 1794 τῶν
2567 1739 2726 1794 θείων
2749 1741 2982 1812 νόμωνὴ
3014 1741 3253 1810 φυλακή.

2295 1838 2397 1903 με’,
2434 1838 2551 1902 μς’.
2605 1849 2623 1884 ι
2661 1833 2769 1886 Kal
2801 1833 3145 1904 ἐπορευόμην
3167 1834 3212 1865 ⁹⁹
3247 1835 3305 1886 ἐν
3354 1833 3668 1904 πλατυσμῷ,
3707 1836 3784 1890 ὅτι

2215 1924 2315 1987 τὰς
2370 1925 2592 1988 ἐντολάς
2643 1941 2734 1977 σου
2788 1925 3110 1996 ἐξεζήτησα.
3167 1926 3278 1979 Καὶ
3328 1925 3553 1979 ἐλάλουν
3595 1927 3647 1978 ἐν
3681 1930 3784 1990 τοῖς

2222 2017 2546 2088 μαρτυρίοις
2581 2034 2700 2084 σου,
2733 2017 2972 2071 ἐναντίον
2998 2017 3285 2088 βασιλέων,
3325 2020 3421 2071 καὶ
3455 2020 3554 2071 οὐκ
3581 2022 3785 2090 ᾐσχυνό-

2223 2109 2385 2178 μην¹.
2421 2127 2439 2160 ι
2473 2109 2628 2162 Μετά
2665 2108 2899 2178 πολλῆς,
2934 2109 3120 2178 φησὶν,
3162 2110 3362 2164 ὁδεύων
3411 2110 3670 2174 εὐκολίας,
3698 2115 3784 2164 καὶ

2220 2203 2363 2255 κατά
2381 2202 2478 2265 τὰς
2503 2202 2601 2265 σάς
2626 2201 2849 2265 ἐντολὰς
2869 2202 3149 2272 βιοτεύων,
3176 2203 3297 2256 ούδέ
3323 2203 3608 2274 βασιλικὴν
3627 2205 3783 2259 ἔδεισα

2221 2294 2561 2356 δυναστείαν,
2588 2295 2727 2348 ἀλλά
2767 2296 2863 2349 σὺν
2887 2294 3169 2367 παρρησίᾳ
3210 2297 3378 2368 πολλῇ
3411 2297 3509 2366 τὴν
3545 2299 3669 2367 πρὸς
3694 2299 3784 2351 αύ-

2221 2386 2349 2446 τοὺς
2374 2385 2678 2455 ἐποιούμην
2707 2385 2963 2451 διάλεξιν.
3013 2386 3076 2438 Ἦ
3109 2387 3218 2458 γὰρ
3246 2388 3472 2458 ἔννομος
3503 2387 3633 2458 ζωὴ,
3660 2394 3784 2461 παρα

2225 2475 2423 2547 ρησίας
2449 2475 2805 2547 δημιουργός.
2835 2479 2945 2531 Kal
2972 2479 3166 2531 τούτου
3207 2479 3418 2550 μάρτυς
3451 2484 3478 2533 ὁ
3508 2481 3669 2550 μέγας
3691 2485 3788 2536 Δα-

2224 2567 2328 2622 ϐίδ.
2364 2566 2478 2638 Πρὸ
2520 2567 2617 2638 μὲν
2665 2569 2776 2637 γὰρ
2805 2569 2906 2638 τῆς
2955 2571 3250 2641 ἁμαρτίας,
3296 2574 3435 2641 μετὰ
3487 2572 3678 2641 πολλῆς
3713 2575 3788 2643 τῷ

2225 2659 2397 2713 Σαοὺλ
2445 2660 2754 2728 διαλέγεται
2801 2663 3145 2733 παρρησίας·
3191 2663 3330 2729 μετά
3372 2665 3432 2717 δὲ
3483 2664 3579 2737 τὴν
3623 2668 3790 2738 ἀμαρ-

2223 2752 2365 2815 τίαν,
2396 2753 2610 2806 καὶτὸν
2652 2753 2987 2825 πατραλοίαν
3026 2756 3442 2826 ἀποδιδράσκων
3465 2759 3484 2788 ⁸
3534 2758 3660 2820 υἱὸν,
3700 2760 3791 2811 κύ-

2225 2861 2376 2896 πτων
2393 2844 2414 2875 ⁸
2444 2844 2523 2907 εἰς
2548 2844 2670 2914 γῆν,
2694 2846 2790 2898 καὶ
2815 2845 2914 2914 τὴν
2935 2847 3176 2918 κεφαλὴν
3199 2847 3510 2912 καλύπτων,
3541 2849 3788 2914 ἐϐάδιζεν,

2225 2936 2337 2989 Kal
2371 2937 2556 2999 Ἠλίας
2577 2939 2604 2990 ὁ
2627 2939 2766 2992 πάνυ
2784 2941 2848 3010 τῇ
2881 2940 3192 3012 δικαιοσύνῃ
3216 2941 3455 3013 θαρρῶν,
3477 2943 3571 2995 τοῦ
3607 2945 3793 3013 Ἀχαάϐ

2227 3028 2478 3098 διήλεγχε
2506 3028 2605 3099 τὴν
2627 3029 2900 3083 ἀσέϐειαν.
2939 3029 3128 3094 Οὖτως
3149 3034 3176 3084 ὁ
3207 3031 3496 3097 θεσπέσιος
3513 3035 3699 3104 Δανιὴλ
3723 3036 3794 3104 τῷ

2226 3119 2717 3192 Ναϐουχοδονόσωρ
2743 3120 2954 3190 ἔλεγεν·
2982 3140 3000 3173 ι
3032 3122 3143 3174 Kal
3173 3122 3541 3194 νῦν,βασιλεῦ,
3575 3127 3606 3196 ἡ
3638 3125 3791 3196 βουλή

2236 3227 2338 3281 μου
2379 3213 2632 3284 ἀρεσατω
2657 3230 2758 3280 σοι,
2791 3215 3007 3275 καὶτὰς
3039 3214 3273 3285 ἀνομίας
3305 3233 3397 3268 σου
3427 3218 3484 3269 ἐν
3515 3216 3796 3288 ἐλεημοσύο

2233 3320 2350 3366 ναις
2371 3303 2696 3368 ἀπόλουσαι,
2725 3306 2818 3358 καὶ
2849 3305 2949 3369 τὰς
2979 3305 3255 3376 ἁμαρτίας
3288 3323 3380 3359 σου
3414 3309 3474 3360 ἐν
3509 3309 3794 3377 οίκτιρμοῐ;

2230 3395 2504 3466 πενήτων.
2532 3414 2550 3447 ι
2577 3394 2762 3460 Οὕτως
2783 3397 2811 3449 ὁ
2840 3395 3125 3460 θεσπέσιος
3143 3397 3163 3428 ⁸
3184 3397 3392 3462 Παῦλος
3420 3398 3556 3468 πρὸς
3586 3399 3796 3468 Ἀγρίπ-

2231 3505 2361 3551 παν,
2387 3487 2482 3541 καὶ
2515 3487 2605 3541 τὸν
2633 3489 2861 3558 Φῆστον,
2889 3491 2983 3543 καὶ
3012 3490 3101 3543 τὸν
3132 3490 3338 3560 Φήλικα
3372 3491 3658 3560 διελέγετο.
3697 3492 3793 3543 Οὖ-

2229 3596 2336 3642 τως
2375 3583 2422 3632 οἱ
2454 3581 2752 3636 καλλίνικοι
2789 3583 3068 3654 μάρτυρες
3102 3583 3210 3637 τῶν
3239 3584 3514 3637 δυσσεσῶν
3543 3585 3787 3657 κατεφρόι

2228 3687 2398 3740 νησαν
2430 3671 2717 3742 βασιλέων.

2301 3763 2408 3831 μὲν,
2451 3770 2563 3834 μη’.
2614 3784 2632 3816 ι
2671 3767 2782 3818 Kal
2811 3766 3085 3836 ἐμελέτων
3133 3769 3190 3819 ἐν
3230 3769 3351 3830 ταῖς
3403 3767 3645 3831 ἐντολαῖς
3689 3785 3793 3832 σου,

2226 3847 2317 3916 αἷς
2349 3855 2612 3925 ἠγάπησα
2644 3855 2872 3924 σφόδρα.
2900 3859 3012 3910 Kal
3041 3853 3152 3928 ἦρα
3191 3857 3288 3921 τὰς
3321 3858 3509 3930 χεῖράς
3545 3876 3646 3926 μου
3676 3859 3795 3930 πρὸς

2222 3945 2324 4008 τὰς
2350 3947 2572 4009 ἐντολάς
2604 3964 2718 4011 σου,
2749 3948 2816 4012 ἃς
2859 3950 3144 4020 ἠγάπησα.
3190 3971 3209 4004 ι
3261 3953 3332 4006 Ού
3368 3953 3475 4023 γὰρ
3520 3956 3578 4006 ἐν
3607 3951 3738 4024 λόγῳ
3765 3956 3792 4022 ή

2227 4037 2477 4107 βασιλεία
2504 4037 2598 4091 τοῦ
2627 4039 2784 4106 Θεοῦ,
2832 4040 2946 4093 ἀλλ’
2979 4043 3038 4095 ἐν
3069 4042 3326 4109 δυνάμει³
3359 4046 3451 4097 καὶ
3494 4047 3524 4098 ὁ
3562 4049 3793 4117 ποιήσας,

2224 4131 2319 4181 καὶ
2348 4131 2375 4182 ὁ
2405 4129 2646 4195 δίδάξας,
2673 4126 2828 4194 οὗτος
2863 4132 3037 4201 μέγας
3066 4133 3401 4205 κληθήσεται
3435 4139 3532 4190 έν⁸
3575 4141 3636 4209 τῇ
3669 4139 3799 4209 βασι·

2222 4219 2344 4292 λείᾳ
2370 4221 2479 4293 τῶν
2507 4222 2777 4294 οὐρανῶν.
2806 4224 2907 4276 Διά
2937 4241 3020 4278 τοι
3054 4225 3216 4280 τοῦτο
3241 4228 3336 4280 καὶ
3369 4231 3396 4281 ὁ
3422 4228 3566 4290 θεῖος
3591 4231 3796 4301 Προφή-

2222 4330 2319 4382 της
2341 4316 2405 4383 τῇ
2436 4313 2638 4386 μελέτῃ
2657 4315 2758 4386 τὴν
2783 4315 2985 4386 πρᾶξιν
3009 4319 3383 4389 προτέθεικεν.
3413 4319 3666 4392 Εὶρηκὼς
3681 4327 3795 4394 γὰρ,

2229 4425 2246 4456 ι
2297 4405 2601 4475 Ἑμελέτων
2628 4407 2685 4458 ἐν
2712 4408 2831 4470 ταῖς
2852 4407 3098 4470 ἐντολαῖς
3123 4425 3239 4473 σου,
3270 4403 3360 4472 αἷς
3393 4411 3659 4482 ἠγάπησα
3691 4415 3799 4480 σφό-

544 4509 652 4551 tem
683 4495 1042 4565 cupiditatem
1073 4494 1432 4559 declarasset,
1463 4495 1707 4549 subdidit
1738 4512 1750 4548 :
1792 4514 1809 4546 ι
1853 4495 1917 4548 Ει
1945 4497 2116 4550 levavi

2225 4497 2378 4568 δρα,›
2416 4499 2508 4551 καὶ
2549 4499 2641 4552 τὸν
2687 4497 2890 4569 θερμὸν
2946 4499 3222 4566 ἐπιδείξας
3264 4501 3462 4567 πόθον,
3505 4503 3791 4574 ἐπήγαγεψ

543 4604 742 4643 nntius
779 4603 930 4642 meas
975 4587 1042 4641 ad
1081 4589 1337 4642 mandata
1390 4598 1503 4652 tua,
1551 4603 1672 4656 quae
1714 4587 1899 4642 dilexi.
1942 4607 1959 4639 ι
1996 4588 2128 4654 Quae

537 4683 687 4735 enim
713 4696 807 4751 per
829 4681 1012 4734 divina
1045 4682 1270 4735 oracula
1294 4680 1478 4745 didici,
1507 4680 1622 4734 [nec
1654 4695 1750 4750 per
1779 4695 1942 4749 opera
1971 4696 2130 4735 exse-

537 4781 701 4826 cutus
736 4787 880 4824 sum.
912 4769 1033 4825 Non
1100 4773 1248 4826 enim
1291 4773 1572 4827 auditores
1634 4771 1770 4841 legis
1828 4772 1962 4842 justi
2006 4781 2135 4826 sunt

544 4863 692 4933 apud
725 4863 922 4924 Deum,
953 4872 1015 4918 ut
1044 4864 1272 4921 divinus
1302 4867 1381 4919 ait
1408 4865 1731 4934 Apostolus,
1765 4865 1862 4919 sed
1899 4865 2135 4919 factores

535 4956 674 5026 legis
702 4956 1160 5027 justificabuntnr
1189 4957 1262 5011 δ’.
1297 4978 1314 5009 ι
1353 4957 1422 5011 Ει
1445 4958 1744 5012 meditatus
1771 4971 1892 5012 sum
1934 4957 2135 5026 justifi-

536 5047 783 5101 cationes
840 5054 984 5100 tuas.
1053 5065 1072 5097 ι
1128 5046 1404 5103 Continuo
1461 5049 1608 5102 enim
1676 5047 1777 5102 has
1829 5048 2125 5104 meditatus

535 5153 681 5195 sum.

607 5297 634 5336 ιι
676 5295 814 5348 Dan.
860 5309 936 5358 tv,
976 5293 1067 5347 24.
1140 5293 1190 5333 δ’
1215 5292 1378 5349 Rom.
1411 5309 1470 5349 ιι.
1505 5295 1593 5351 15.

2240 4607 2258 4639 ι
2306 4589 2416 4642 Kal
2442 4585 2551 4660 ἦρα
2574 4591 2675 4654 τάς
2706 4591 2895 4661 χεῖράς
2931 4609 3034 4661 μου
3062 4592 3198 4662 πρὸς
3228 4593 3329 4655 τάς
3362 4594 3577 4657 ἐντολάς
3615 4593 3795 4665 canna;

2233 4681 2520 4750 ἠγάπησα.
2560 4702 2578 4735 ι
2625 4685 2688 4735 "A
2721 4684 2831 4755 γὰρ
2863 4684 2954 4738 διὰ
2985 4685 3093 4738 τῶν
3133 4684 3292 4738 θείων
3320 4685 3496 4754 λόγων
3531 4687 3790 4741 ἐδιδασκὸ-

2238 4793 2346 4845 μην
2369 4777 2408 4840 ⁸,
2465 4775 2639 4830 ταῦτα
2685 4777 2774 4830 διά
2817 4777 2923 4830 τῶν
2965 4778 3142 4847 ἔργων
3176 4777 3397 4848 μετῄειν
3420 4780 3463 4834 ⁷.
3509 4781 3584 4833 Οὐ
3616 4781 3720 4852 γὰρ
3754 4781 3792 4832 οί

2236 4868 2507 4937 ἀκροαταὶ
2537 4868 2633 4921 τοῦ
2673 4869 2839 4939 νόμου
2873 4869 3073 4923 δίκαιοι
3106 4869 3257 4939 παρά
3287 4871 3364 4940 τῷ
3397 4872 3536 4942 Θεῷ,
3567 4872 3792 4941 φησὶνδό

2237 4954 2378 5019 θεῖος
2436 4957 2785 5025 Ἀπόστολος,
2820 4959 2959 5012 ἀλλά
2999 4963 3224 5032 ποιηταὶ
3273 4962 3367 5014 τοῦ
3397 4962 3565 5031 νόμου
3591 4963 3792 5016 δικαιω-

2232 5047 2510 5118 θήσονται.
2551 5068 2568 5101 ι
2598 5050 2707 5102 Kal
2733 5050 3057 5122 ⁴ίιδολέσχουν
3077 5055 3135 5106 ἐν
3166 5056 3278 5118 τοῖς
3303 5054 3634 5126 δικαιώμασί
3662 5072 3785 5107 σου.»

2241 5140 2570 5212 Ἐνδελεχῶς
2600 5141 2710 5215 γὰρ
2738 5146 2838 5216 τὴν
2867 5144 3073 5200 τούτων
3097 5146 3396 5218 ἐποιούμην
3429 5147 3660 5220 μελέτην
3677 5148 3715 5199 ⁸.

1650 5411 1882 5469 νΑῐιιΑε
1921 5411 2306 5469 LECTIONES
2344 5411 2434 5466 ET
2463 5411 2695 5470 ΝΟΤιΕ.

605 5538 649 5569 ’⁷
684 5535 806 5590 cod.
842 5529 966 5588 Vat.
1000 5535 1112 5596 τοῖς
1141 5534 1340 5601 λόγοις.
1412 5532 1457 5566 ’⁸
1483 5534 1629 5602 Γὰρ.
1658 5536 1778 5589 cod.
1821 5536 1842 5588 Ι
1883 5534 2005 5588 add.
2041 5534 2352 5596 διαπαντός.

446 5618 449 5622 ⁷
536 5603 974 5677 ﬂaxvr._llebr.,
1010 5603 1198 5677 loquar
1218 5603 1485 5677 -ριιάονς
1513 5606 1748 5677 αθξείαν.
1804 5607 1966 5677 'cod.
1988 5605 2026 5677 _l
2061 5607 2125 5677 ἀτ

2225 5604 2474 5677 δρασκεν.
2553 5604 2572 5635 ³
2604 5607 2874 5677 Κύπᾷζων.
2923 5609 2995 5660 ib.
3033 5607 3466 5677 sequiturqyép.

537 5675 660 5730 cod.
697 5679 715 5727 1
755 5675 916 5737 Θεῖος.

3393 5536 3408 5565 ί
3439 5535 3726 5591 Ἐλάλουν
3746 5541 3787 5589 οι

3393 5607 3466 5660 'm.
3579 5609 3596 5639 ‘
3625 5609 3782 5660 Θεσπ.

3695 5623 3782 5658 σπ.

2454 5535 2498 5566 ⁸⁸
2527 5532 2727 5601 Ἐπορ.
2762 5533 2950 5600 Hebr.,
2994 5536 3291 5590 ambulabo.

1023 5671 1701 5748 (Er—pbparéﬁt‘JHQS.
1741 5676 1792 5727 in
1825 5673 2027 5748 cod._1.
2107 5676 2125 5705 ⁶

2225 5671 2618 5748 (ἐδιδόισκετο.Δ
2676 5677 2694 5706 ⁷
2720 5675 2993 5743 Mergitur.
3029 5671 3150 5729 cod.
3187 5677 3212 5728 1
3247 5671 3480 5746 μέτεισι.
3556 5675 3781 5748 ’,Φησὺπ

538 5745 615 5801 ib.
677 5759 862 5814 prmm.
1049 5747 1069 5777 ’
1099 5739 1390 5813 Μελέτήν.
1441 5745 1513 5798 ib.
1547 5745 1792 5815 μνήμην,
1831 5746 2068 5810 ascripta
2101 5754 2125 5797 tt

2225 5761 2280 5797 en
2312 5746 2542 5800 lcctionc
2571 5743 2757 5799 altera.
