3996 6488
265 325 398 389 1837

1569 324 1646 384 IN
1688 325 1890 384 PSAL.
1927 327 2193 387 CXVIII.

3377 331 3512 407 1838

329 441 439 509 μο’.
484 458 500 489 ι
537 436 821 508 Μνήσοητι
855 437 963 490 τῶν
1000 437 1174 504 λόγων
1203 455 1297 490 σου
1324 437 1402 507 τῷ
1416 439 1586 509 δούλῳ
1617 456 1731 504 σου,
1763 434 1838 493 ὧν

2019 441 2179 496 Vens.
2216 443 2305 498 49.
2337 461 2355 494 ι
2395 443 2600 500 Memor
2628 454 2744 499 esto
2774 443 3062 500 verborum
3101 453 3318 499 tuorum
3355 463 3513 500 servo

255 530 566 600 ὲπήλπισάς
590 547 678 598 με.
713 548 729 578 ι
765 527 1092 598 Νομοθετῶν
1121 530 1149 582 ὁ
1179 527 1334 593 Θεὸς,
1371 532 1462 583 καὶ
1501 534 1610 594 τοῖς
1639 533 1838 601 φυλάτ-

254 639 406 676 τουσι
441 623 532 674 τὸν
561 622 725 692 νόμον
755 620 849 688 τὴν
880 621 1088 675 οἰκείαν
1128 623 1418 692 εὐμένειαν
1450 626 1836 694 ἐπηγγείλατο,

258 714 491 773 καὶτοῖς
525 712 873 781 παραϐάταις
912 713 1010 780 τὴν
1049 714 1344 784 τιμωρίαν.
1376 717 1696 785 Μνησθῆναι
1729 715 1838 769 τοξ-

257 823 351 860 νυν
385 804 476 858 τὸν
501 803 634 857 Θεὸν
665 803 774 856 τῶν
812 805 1030 857 οἰκείων
1077 805 1423 874 ὑποσχέσεων
1465 806 1718 860 ἱκετεύει.
1750 809 1842 870 El;

257 895 476 959 ὲκείνας
507 896 634 964 γὰρ,
657 895 841 964 φησὶν,
861 894 1100 960 ἐλπίζειν
1138 895 1382 960 ὲδίδαξάς
1425 915 1492 967 με
1518 913 1531 927 ·
1585 899 1676 951 καὶ¹
1740 898 1846 951 δει-

261 988 390 1051 κνὺς
429 986 530 1056 τῆς
561 986 775 1048 ἐλπίδος
798 987 861 1040 τὸ
883 990 1175 1059 χρήσιμον,
1209 991 1492 1061 ἐπήγαγεν
1511 1007 1524 1020 ·

330 1161 394 1217 ν’.
446 1181 464 1215 ι
509 1161 658 1234 Αὕτη
694 1180 762 1234 με
788 1163 1161 1235 παρεκάλεσεν
1184 1167 1242 1219 ὲν
1263 1169 1329 1237 τῇ
1357 1165 1686 1220 ταπεινώσει
1719 1185 1843 1238 μου,

263 1259 345 1311 ὅτι
380 1256 443 1309 τὸ
471 1256 667 1325 Ιλόγιόν
715 1273 808 1308 σου
862 1256 1025 1327 ἔξησέ
1078 1275 1167 1328 με.
1207 1276 1226 1308 ι
1276 1257 1491 1326 Ταύτην
1541 1259 1648 1329 γὰρ
1690 1258 1848 1328 ἔσχον

265 1348 600 1421 παραψυχὴν
631 1351 687 1402 ὲν
722 1351 841 1411 ταῖς
877 1352 1182 1421 συμφοραῖς
1205 1367 1218 1382 ο
1253 1353 1345 1405 καὶ
1375 1353 1580 1424 ταύτης
1613 1351 1847 1422 ὀχούμε-

266 1459 355 1505 νος
382 1442 424 1472 ¹⁰
456 1441 842 1511 ὑπερέπλευσα
870 1441 978 1495 τῶν
1014 1441 1296 1512 κυμάτων.

335 1540 438 1587 va’.
473 1553 491 1585 ι
533 1534 905 1604 Ὑπερήφανοι
945 1535 1297 1606 παρηνόμουν
1338 1535 1443 1598 ἕως
1483 1534 1709 1607 σφόδρα,
1741 1536 1849 1591 ἀπὸ

266 1625 322 1678 δὲ
367 1625 462 1678 τοῦ
493 1625 658 1692 νόμου
722 1643 814 1678 σου
863 1627 964 1678 οὐκ
1019 1626 1288 1691 ἐξέκλινα.
1330 1647 1349 1680 ι
1394 1627 1848 1698 ’Υπερηφάνους

1942 542 2038 585 tuo
2077 534 2431 605 (datorum).
2483 535 2536 588 in
2581 536 2784 605 quibus
2831 536 2963 590 mihi
3016 552 3167 605 spem
3228 537 3449 590 dedisti.
3490 557 3508 588 ο

1941 624 2139 695 Legem
2177 625 2357 683 ferens
2392 627 2532 682 Deus
2567 637 2622 682 et
2665 629 3106 683 custodientibus
3145 629 3314 697 legem
3347 628 3516 682 bene-

1943 716 2234 770 volentiam
2263 732 2418 771 suam
2454 719 2731 787 promisit,
2756 728 2810 773 et
2833 719 3362 788 transgredientibus
3386 734 3517 787 sup—
3582 752 3592 761 ι

1945 808 2189 878 plicium.
2224 806 2488 879 Utigitur
2528 825 2752 864 suarum
2801 810 3222 880 promissionum
3263 811 3518 864 recorde-

1945 911 2056 964 tur,
2091 898 2260 954 Deum
2287 910 2562 970 precatur.
2594 903 2648 955 lu
2675 903 2783 957 illis
2801 903 2971 964 enim,
3002 901 3096 968 ait,
3131 916 3283 971 spem
3312 917 3519 971 ponere

1947 1009 2034 1049 me
2081 994 2340 1048 docuisti.
2394 993 2458 1049 Et
2505 996 2799 1050 ostendens
2858 994 2975 1066 spei
3032 995 3320 1049 utilitatem
3387 993 3518 1050 sub-

1945 1087 2122 1141 didit:

2021 1177 2185 1233 Vsus.
2220 1178 2308 1234 50.
2349 1198 2366 1230 ι
2414 1178 2537 1234 Haec
2573 1179 2675 1233 fuit
2715 1180 3023 1236 consolatio
3055 1196 3173 1235 mea
3208 1182 3261 1235 in
3293 1179 3521 1235 ltumili-

1951 1278 2062 1324 tate
2109 1287 2265 1336 mea,
2321 1273 2447 1342 quia
2491 1271 2768 1341 eloquium
2815 1282 2970 1326 tuum
3022 1273 3318 1327 vivilicavit
3348 1287 3457 1326 me.
3495 1293 3514 1324 ι

1953 1362 2101 1418 Ilanc
2133 1363 2276 1417 enim
2310 1364 2363 1417 in
2400 1364 2809 1419 calamitatibus
2853 1365 3285 1420 consolationem
3328 1365 3519 1432 habui,

1951 1468 2003 1512 et
2046 1460 2145 1512 hac
2172 1468 2363 1514 vectus
2397 1475 2558 1527 super
2585 1460 2748 1513 undis
2780 1460 3050 1528 navigavi.

2022 1546 2188 1604 Vsus.
2227 1549 2317 1602 51.
2365 1567 2382 1600 ι
2425 1548 2656 1617 Superbi
2708 1547 2999 1620 admodum
3050 1549 3237 1619 inique
3265 1549 3521 1621 agebant.

1952 1651 1980 1688 a
2019 1637 2131 1706 lege
2169 1648 2354 1691 autem
2411 1649 2498 1692 tua
2538 1654 2644 1692 non
2680 1639 2975 1693 declinavi.
3015 1659 3033 1690 ι
3088 1639 3349 1709 Superbos
3383 1657 3524 1694 nun-

269 1715 424 1768 καλεῖ
450 1715 542 1768 τὸν
568 1715 757 1777 Σαοὺλ,
787 1715 876 1768 τὸν
917 1715 1294 1787 Ἀὅεσσαλὼμ,
1317 1717 1408 1772 τὸν
1438 1719 1546 1771 τῶν
1580 1721 1845 1790 Ἀμμανι-

1966 1738 2115 1796 :upat
2145 1727 2386 1794 Saulem,
2429 1729 2778 1796 Absalonem,
2829 1731 3264 1786 Ammanitarum
3317 1747 3522 1802 regem.

267 1809 374 1862 τῶν
405 1808 651 1878 βασιλέα,
681 1809 776 1860 τὸν
801 1809 871 1861 τὰ.
901 1810 1193 1880 παράνομα
1221 1811 1409 1864 ἐκεῖνα
1446 1814 1526 1875 εἰς
1557 1814 1682 1877 τοὺς
1711 1815 1842 1866 ἀπο-

272 1901 566 1962 σταλέντας
591 1900 718 1968 παρ’
743 1899 907 1952 αὒτοῦ
935 1901 1294 1970 πεποιηκότα.
1313 1901 1476 1955 Ἀλλὰ
1501 1906 1696 1957 ἐκεῖνοι
1721 1905 1842 1973 μὲν,

271 1992 427 2062 φησὶ,
465 1992 784 2062 παράνομον
817 1993 1134 2061 ἠσπάσαντο
1163 1992 1310 2062 βίον·
1349 1995 1461 2063 ἐγὼ
1499 1995 1555 2048 δὲ
1587 1999 1698 2059 τοῖς
1737 1999 1847 2059 σοῖς

270 2085 612 2156 ὴκολούθησα
644 2086 849 2154 νόμοις.
888 2084 1072 2138 Ταῦτα
1113 2086 1170 2139 δὲ
1210 2087 1414 2141 εἴποιεν
1437 2086 1502 2140 ἂν
1529 2089 1620 2140 καὶ
1649 2089 1698 2140 οἱ
1729 2088 1851 2141 καλε

271 2177 464 2228 λίνικοι
518 2177 816 2245 μάρτυρες,
869 2175 1042 2229 time“
1119 2175 1229 2228 τῶν
1274 2176 1720 2248 ἁπανθρώπωνίί
1758 2179 1850 2230 καὶ

271 2269 547 2322 ὃυσσεὸῶν
585 2268 862 2339 τυράννων
888 2267 956 2320 τὰ
989 2267 1138 2321 δεινὰ
1169 2269 1356 2322 ἐκεῖνα
1383 2271 1475 2321 καὶ
1503 2269 1718 2339 χαλεπὰ
1759 2289 1852 2324 πε-

275 2363 550 2424 πονθότες.

343 2451 440 2520 νβ’.
477 2472 496 2503 ι
546 2451 854 2522 Ἐμνήσθην
899 2452 1006 2504 τῶν
1052 2452 1335 2521 κριμάτων
1383 2457 1485 2505 ’σου
1510 2451 1604 2506 ἀπ’
1634 2453 1850 2520 αἰῶνος,

277 2543 469 2611 Κύριε,
498 2544 593 2595 καὶ
631 2542 1004 2613 παρεκλήθην.
1039 2561 1056 2594 ι
1113 2543 1344 2596 Ἔλαϐον
1386 2542 1494 2615 γὰρ
1524 2545 1603 2606 εἰς
1638 2543 1760 2597 νοῦν
1788 2547 1856 2598 τὰ

277 2635 416 2688 κατά
447 2635 540 2688 τὸν
571 2634 760 2700 Ἀδελ,
790 2636 860 2687 τὰ
892 2634 1030 2688 κατά
1062 2633 1155 2688 τὸν
1193 2634 1460 2705 Ἀϐραὰμ,
1493 2635 1562 2688 τὰ
1593 2637 1733 2690 κατά
1765 2637 1855 2689 τὸν

291 2728 496 2790 Ἰσαὰκ,
531 2727 598 2781 τὰ
626 2727 767 2781 κατὰ
793 2725 1123 2790 τδνξΊακὼὸ
1143 2767 1159 2792 ,
1203 2727 1272 2781 τὰ
1308 2727 1449 2782 κατά
1493 2728 1584 2781 τὸν
1637 2730 1854 2798 Ἰωσὴφ,

279 2821 342 2872 τὰ
367 2819 411 2850 ιε
471 2818 614 2872 κατὰ
655 2818 745 2871 τὸν
791 2816 912 2870 Ἰὼϐ
935 2859 949 2880 ,
991 2815 1061 2869 τὰ
1101 2817 1243 2871 κατὰ
1280 2817 1371 2871 τὸν
1406 2819 1599 2890 Mummi],
1641 2821 1786 2882 ὅπως
1813 2821 1857 2852 ⁸³

277 2907 372 2961 καὶ
397 2907 663 2970 ποικίλοις
691 2909 1008 2976 περιπεσεῖν
1032 2908 1484 2979 συνεχωρήθησαν
1509 2911 1854 2979 πειρασμοῖς.

279 3002 373 3053 καὶ
421 3002 743 3070 περιφανεῖς
792 3000 989 3063 αὐτοὺς
1024 2998 1250 3071 ὕστερον
1298 3001 1392 3054 καὶ
1467 3003 1858 3072 περιϐλέπτους

276 3092 590 3160 ἀπέφηνας,
608 3090 963 3160 ψυχαγωγίαν
985 3093 1026 3174 l5
1054 3091 1303 3145 ἐντεῦθεν
1323 3093 1650 3165 ἀποχρῶσαν
1677 3097 1858 3166 ἐποριο
1885 3086 1926 3143 C

279 3200 346 3237 σα
353 3199 486 3252 μην.

352 3280 459 3340 νγ”.
502 3292 520 3324 ι
561 3271 792 3342 ’Δθυμία
816 3273 858 3303 ¹⁶
891 3272 1119 3342 κατέσχε
1159 3289 1224 3343 με
1259 3272 1367 3326 ἀπὸ
1399 3274 1733 3345 ἁμαρτωλῶν
1753 3276 1861 3329 τῶν

279 3365 875 3434 ὲγκαταλιμπανὸντων
906 3365 997 3416 τὸν
1043 3366 1205 3434 νόμον
1239 3382 1353 3420 σου.
1383 3385 1402 3417 ι
1459 3365 1599 3435 Ἐγὼ
1633 3368 1730 3438 μὲν
1765 3385 1861 3422 κα-

280 3458 394 3521 κῶς
425 3456 652 3526 πάσχων
679 3457 745 3525 τῇ
773 3456 961 3527 μνήμῃ
981 3454 1090 3508 τῶν
1116 3455 1224 3508 σῶν
1249 3457 1605 3526 ὲψυχαγωγού
1615 3476 1720 3529 μην
1740 3477 1861 3531 κρι-

283 3548 504 3619 μάτωνξο
537 3547 788 3615 ἠνιώμην
825 3546 882 3599 δὲ
920 3545 1090 3616 ὅμως,
1128 3548 1222 3600 καὶ⁵
1252 3547 1520 3600 διετέλουν
1558 3549 1858 3620 ἀσχάλλων,

280 3642 516 3705 πολλοὺς
553 3639 694 3710 δρῶν
739 3638 909 3702 ἀδεῶς
957 3640 1083 3703 τοὺς
1129 3639 1256 3704 σοὺς
1300 3641 1731 3712 παραϐαίνοντας
1774 3645 1859 3696 νό-

283 3747 442 3800 μους.

355 3841 451 3895 νδν.
489 3857 508 3890 ι
537 3839 730 3894 Ψαλτὰ
758 3834 898 3910 ἦσαν
921 3857 1010 3909 μοι
1029 3839 1099 3894 τὰ
1124 3841 1467 3914 δικαιώματά
1493 3861 1606 3906 σου,
1630 3845 1688 3898 ὲν
1714 3846 1864 3915 τόπῳ

284 3931 582 4003 παροικίας
607 3948 729 4002 μου.
764 3951 782 3983 ι
805 3932 1144 4003 Παρῲκησεν
1163 3932 1208 3967 ³⁸
1237 3936 1266 3987 ὁ
1291 3937 1557 4006 μακάριος
1571 3936 1737 3989 Δαϐὶδ
1759 3938 1863 3989 ὑπὸ

283 4026 380 4078 τοῦ
422 4026 596 4078 Σαοὺλ
627 4025 954 4096 διωκόμενος
989 4026 1138 4094 παρὰ
1170 4027 1282 4089 τοῖς
1310 4026 1674 4095 Ἀλλοθρύλοις.
1707 4030 1864 4095 Παρ-

282 4118 487 4170 οικίαν
531 4116 588 4169 δὲ
631 4115 787 4187 οἱμαι
818 4117 981 4170 αὑτὸν
1028 4117 1232 4183 καλεῖν,
1263 4117 1360 4170 οὐκ
1391 4119 1596 4171 ἐκεῖνον
1629 4119 1720 4172 τὸν
1743 4119 1866 4189 χρό-

281 4230 396 4274 νον,
433 4208 569 4263 ἁλλά
594 4209 772 4262 πάντα
803 4210 894 4263 τὸν
922 4209 1055 4280 βίον.
1086 4209 1160 4262 Οὐ
1189 4210 1298 4281 γὰρ
1319 4208 1394 4273 ὡς
1421 4209 1708 4274 κατοικῶν,
1732 4209 1864 4262 ἀλλὰ

1958 1819 2164 1892 1451
2225 1822 2319 1891 qui
2374 1821 2503 1876 fecit
2552 1824 2739 1892 iniqua
2789 1824 2878 1878 illa
2933 1823 2985 1877 in
3027 1839 3123 1879 eos
3163 1825 3256 1894 qui
3289 1824 3359 1879 ab
3406 1825 3526 1894 ipso

1957 1912 2110 1966 missi
2141 1911 2387 1966 fuerunt.
2439 1913 2544 1967 Sed
2582 1915 2657 1968 illi
2710 1916 2967 1984 quidem,
3021 1917 3234 1986 inquit,
3278 1917 3525 1987 iniquam

1957 2006 2190 2074 amplexi
2224 2015 2353 2060 sunt
2389 2007 2553 2062 vitam
2600 2027 2612 2060 :
2651 2024 2751 2079 ego
2793 2025 2923 2064 vero
2965 2019 3088 2065 tuas
3127 2011 3272 2081 leges
3305 2021 3526 2066 secutus

1959 2109 2103 2148 sum.
2144 2096 2411 2150 (Steterunt
2461 2097 2575 2152 haec
2620 2099 2803 2154 dicere
2854 2110 3073 2169 possutt
3114 2101 3278 2156 etiam
3329 2103 3526 2156 trium-

1959 2187 2219 2256 phatores
2252 2199 2544 2260 martyres,
2581 2191 2674 2261 qui
2707 2193 2890 2260 gravia
2921 2203 2974 2248 et
3003 2208 3191 2264 aspera
3225 2195 3312 2250 illa
3345 2211 3374 2249 a
3403 2209 3528 2250 cru-

1959 2279 2170 2336 delibus
2201 2292 2256 2335 et
2289 2281 2470 2352 impiis
2501 2287 2750 2355 tyrannis
2781 2288 3021 2355 perpessi
3049 2296 3195 2341 sunt.

2035 2457 2180 2514 Vens
2211 2460 2300 2515 52.
2343 2481 2359 2514 ι
2399 2461 2608 2518 Memor
2641 2463 2718 2517 fui
2754 2463 3086 2531 iudiciorum
3118 2475 3334 2520 tuorum
3370 2483 3399 2520 a
3426 2482 3528 2521 sm-

1962 2552 2107 2615 culo,
2157 2553 2405 2621 Domine,
2456 2567 2508 2611 et
2559 2559 2875 2613 consolatus
2920 2574 3063 2612 sum.
3101 2577 3120 2611 »
3178 2558 3235 2613 In
3293 2569 3528 2615 mentem

1963 2646 2109 2700 enim
2147 2647 2338 2700 reduxi
2372 2664 2434 2702 ea
2491 2666 2612 2718 quae
2641 2651 2819 2714 Abeli,
2859 2660 2912 2706 et
2937 2651 3272 2715 Abrahamo,
3301 2661 3353 2706 et
3383 2653 3529 2708 Isaa-

1965 2753 2029 2790 co
2053 2776 2067 2797 .
2105 2746 2158 2791 et
2186 2735 2414 2802 Jacobo,
2447 2750 2501 2794 et
2536 2741 2800 2810 Josepho,
2843 2753 2896 2796 et
2925 2741 3087 2807 Jobo,
3127 2751 3181 2798 et
3211 2742 3346 2798 Mosi
3389 2744 3533 2799 acci-

1965 2828 2185 2888 derunt.
2213 2833 2488 2898 quomodo
2518 2834 2570 2886 in
2606 2834 2784 2890 varias
2815 2840 2830 2855 ‘
2855 2836 3185 2894 tentationes
3215 2838 3366 2908 ipsos
3399 2838 3532 2892 inci-

1966 2922 2095 2976 dere
2128 2925 2466 2991 permiseris,
2497 2937 2552 2980 et
2578 2927 2833 2998 deinceps
2857 2929 3100 2987 illustres
3122 2939 3177 2986 et
3208 2931 3533 3000 spectabiles

1967 3013 2116 3083 ipsos
2150 3015 2471 3084 reddideris,
2509 3021 2652 3076 unde
2686 3023 3124 3080 consolationem
3158 3024 3406 3082 idoneam
3443 3043 3532 3081 re-

1962 3107 2264 3173 portabant.

2037 3281 2197 3339 Vens.
2247 3287 2336 3343 55.
2400 3311 2419 3342 ι
2459 3290 2640 3348 Defeci
2697 3296 2884 3351 animo
2938 3308 3162 3368 propter
3211 3312 3534 3370 peccatores

1963 3372 2404 3447 derelinquentes
2457 3383 2628 3453 legem
2681 3395 2851 3440 tuam.
2891 3407 2909 3438 ι
2974 3388 3087 3459 Ego
3121 3392 3342 3461 quidem
3391 3394 3534 3448 mala

1964 3463 2178 3530 patiens
2241 3475 2460 3524 tuorum
2511 3471 2847 3544 judiciorum
2896 3481 3160 3534 memoria
3204 3482 3531 3538 reﬁciebar:

1965 3556 2262 3612 maerebam
2311 3569 2488 3617 tamen
2513 3607 2528 3628 ,
2580 3581 2644 3621 ac
2682 3580 2947 3638 perpetuo
2974 3587 3208 3630 mcerore
3243 3575 3532 3644 aﬂiciebar,

1966 3649 2168 3705 multos
2195 3669 2426 3710 cernens
2459 3658 2680 3728 impune
2713 3671 2834 3716 tuas
2865 3664 3069 3721 violare
3103 3666 3268 3737 leges.

2037 3827 2200 3885 Vens.
2234 3830 2322 3886 54.
2365 3852 2384 3884 ι
2427 3832 2740 3894 Cantabiles
2772 3841 2903 3896 mihi
2935 3856 3091 3901 erant
3115 3847 3536 3915 iustiﬁcationes

1973 3928 2076 3972 tute
2113 3921 2165 3972 in
2204 3921 2324 3974 loco
2357 3927 2811 3995 peregrinationis
2849 3947 3001 3986 meai.
3039 3953 3058 3985 ›
3111 3938 3429 3993 Diversatus
3454 3953 3539 3995 est

1970 4009 2162 4063 beatus
2191 4012 2354 4066 David
2383 4017 2524 4082 apud
2557 4018 2894 4090 Allopliylos,
2926 4039 3052 4078 cum
3089 4042 3118 4080 a
3155 4025 3316 4081 Saule
3347 4046 3537 4099 perse-

1967 4104 2238 4158 cutionem
2271 4115 2564 4175 pateretur.
2604 4110 3093 4182 Peregrinatione":
3133 4131 3314 4177 autem
3355 4125 3537 4194 ipsum

1972 4212 2166 4251 vocare
2197 4203 2416 4268 opinor,
2450 4220 2558 4258 non
2592 4207 2720 4259 illud
2755 4219 2989 4280 tempus,
3027 4214 3119 4268 sed
3150 4225 3318 4271 totam
3345 4219 3535 4274 vitam.

281 4305 360 4366 ὡς
394 4300 674 4371 παροικῶν
704 4301 867 4353 αὐτὸν
896 4301 1185 4368 διετέλεσε,
1222 4304 1316 4356 καὶ
1349 4302 1489 4374 ᾄδων
1514 4302 1584 4355 τὰ
1613 4300 1706 4354 τοῦ
1731 4301 1855 4354 Θεοῦ

1971 4289 2084 4343 Non
2119 4292 2262 4357 enim
2297 4295 2462 4348 veluti
2501 4297 2775 4366 habitans,
2823 4304 2918 4357 sed
2937 4314 3223 4376 «tanquam
3255 4309 3538 4368 diversans

279 4391 634 4460 δικαιώματα
661 4389 753 4443 τὸν
775 4389 888 4460 βίον
916 4389 1222 4446 διώδευσεν.
1254 4391 1408 4444 Οὕτω
1440 4391 1547 4462 γὰρ
1586 4393 1863 4462 ἡρμήνευ-

283 4500 386 4534 σαν
421 4481 515 4533 καὶ
541 4481 590 4532 οἱ
613 4479 790 4532 λοιποὶ¹
807 4479 1138 4551 ἐρμηνευταε
1160 4497 1173 4510 ·
1200 4499 1217 4533 ι
1242 4481 1497 4553 ’ᾼσματα
1523 4477 1593 4552 ἦν
1611 4499 1699 4550 μοι
1729 4482 1866 4536 πάνυ

280 4591 350 4624 τα
372 4572 416 4603 ⁸⁷
447 4570 517 4622 τὰ
548 4571 952 4640 προστάγματά
988 4588 1105 4637 σου,
1151 4573 1211 4624 ὲν
1251 4571 1402 4642 τόπῳ
1441 4572 1543 4642 τῆς
1577 4573 1864 4642 παροικίας

284 4681 414 4733 μου.
455 4682 476 4714 ι

352 4760 446 4810 νε’.
472 4752 514 4806 «⁵
531 4755 586 4806 Ἐ
595 4753 840 4824 μνήσθην
868 4754 926 4808 ὲν
951 4755 1103 4807 νυκτὶ
1126 4753 1218 4808 τοῦ
1241 4754 1501 4825 ὀνόματός
1525 4772 1639 4820 σου,
1664 4755 1858 4825 Κύριε,

281 4847 381 4900 καὶ
411 4845 654 4915 ἐφύλαξα
678 4846 770 4899 τὸν
795 4846 960 4917 νόμον
979 4865 1094 4902 σου.
1127 4868 1146 4900 ι
1165 4848 1400 4919 Νύκτωρ
1422 4849 1466 4879 ³⁸
1487 4848 1586 4919 μὲν
1611 4850 1698 4903 ἀεὶ
1713 4849 1860 4902 διαν·

287 4939 578 5007 ιστάμενος
628 4940 656 4992 ὁ
687 4939 798 4991 τῶν
826 4937 996 5008 ἁγίων
1023 4941 1204 5009 χορὸς,
1233 4940 1329 4994 καὶ
1352 4939 1734 5012 προσεύχεται,
1764 4942 1859 4994 καὶ

281 5032 513 5099 ἀνυμνεῖ
539 5030 630 5082 τὸν
655 5031 763 5083 τῶν
795 5030 932 5084 ὅλων
958 5030 1110 5086 Θεόν.
1138 5027 1305 5102 Οἶμαι
1333 5032 1388 5084 δὲ
1410 5035 1601 5086 νύκτα
1625 5031 1858 5086 ἐνταῦθα

279 5122 388 5176 τῶν
418 5122 740 5191 πειρασμῶν
773 5122 864 5176 τὸν
895 5123 1089 5192 καιρὸν
1125 5122 1508 5193 ὀνομάζεσθαι.
1544 5125 1713 5194 Ζόφον
1751 5124 1859 5197 γὰρ

280 5217 558 5288 ιπιφέρει,
589 5217 684 5271 καὶ
704 5218 896 5283 νυκτὸς
917 5217 1072 5289 δίκην
1096 5220 1209 5281 τοῖς
1225 5218 1532 5288 ἀνθρώποις
1552 5221 1861 5291 ἐπέρχεται.

1974 4381 2205 4448 vivebat,
2243 4382 2444 4454 Deique
2466 4388 2888 4456 justificationes
2913 4411 3117 4453 canens
3149 4401 3313 4454 vitam
3350 4406 3538 4460 tradu-

1973 4476 2145 4529 cebat.
2200 4476 2290 4532 Sic
2333 4480 2477 4533 enim
2532 4494 2812 4538 verterunt
2853 4497 2908 4542 et
2953 4490 3130 4544 caeteri
3177 4491 3535 4565 interpretes:

1977 4583 1995 4614 ι
2028 4565 2252 4622 Cantica
2286 4581 2441 4626 erant
2471 4575 2604 4628 mibi
2633 4579 2818 4631 omnia
2854 4581 3108 4637 mandata
3151 4593 3240 4638 tua
3259 4587 3537 4659 1452b:

1969 4658 2090 4713 loco
2130 4664 2586 4731 peregrinationis
2619 4685 2770 4722 mete.
2812 4688 2829 4720 ι

2042 4751 2327 4810 Vsas..55.
2384 4777 2400 4809 ι
2443 4757 2651 4816 Memor
2698 4761 2774 4816 l‘ui
2808 4776 2972 4819 noctu
3015 4768 3256 4826 nominis
3302 4774 3399 4838 tui,
3434 4773 3536 4828 Do-

1972 4851 2136 4911 mine,
2191 4860 2244 4903 et
2273 4853 2539 4906 custodivi
2586 4855 2760 4923 legem
2807 4867 2976 4911 tuam.
3017 4879 3035 4910 ι
3092 4853 3273 4918 Noctu
3320 4882 3539 4937 semper

1968 4952 2280 4996 sanctorum
2320 4943 2524 4998 chorus
2560 4961 2826 5016 surgens,
2873 4959 2927 5003 et
2979 4967 3168 5020 preces
3218 4953 3434 5020 fundit.
3485 4971 3539 5015 et

1969 5030 2134 5084 Deum
2179 5033 2558 5088 universorum
2617 5036 2820 5091 laudat.
2876 5035 3081 5108 Opinor
3113 5057 3274 5110 porro
3332 5057 3534 5102 noctem

1970 5125 2074 5180 hoc
2121 5126 2241 5181 loco
2289 5128 2646 5182 tentatiouum
2677 5139 2896 5198 tempus
2929 5133 3217 5192 nominari.
3269 5135 3534 5194 Nebulam

1973 5220 2117 5273 enim
2150 5218 2336 5287 infert,
2375 5231 2428 5277 et
2457 5224 2634 5279 noctis
2669 5224 2841 5280 instar
2871 5241 3036 5297 super
3077 5229 3327 5286 homines
3367 5233 3532 5288 venit.

1403 5425 1634 5480 VARUE
1671 5425 2052 5481 LECTIONES
2090 5427 2177 5481 ET
2201 5427 2434 5486 NOTAE.

351 5568 394 5597 "
439 5563 668 5627 Ταύτης
729 5545 942 5630 ὀχούμί
992 5561 1064 5616 ib.
1102 5559 1485 5628 ἐποχούμενος.

1604 5561 1644 5592 ¹¹
1667 5562 1786 5615 cod.
1824 5562 1846 5615 l
1879 5563 2002 5615 ὑπό.

2116 5565 2465 5640 ηιᾉςτανθρ.
2497 5565 2568 5619 il).
2602 5568 2848 5639 ἀπηνῶν.
2927 5571 2969 5606 ’³
3014 5577 3086 5629 Τὰ
3112 5577 3328 5632 ο-Ἰὠσι
3406 5583 3526 5640 Des.

283 5635 412 5689 ibid.
495 5633 774 5722 "jar-we:
809 5632 883 5685 ih.
1178 5633 1232 5722 Γ
1266 5632 1725 5722 Ιῇιιξαγζμοοιιῇί

1967 5633 2094 5722 καί..
2259 5632 2780 5722 ’.ιξθιθμία-τάμαρζ.
2802 5641 3005 5722 lleer
3040 5645 3242 5722 Horror
3271 5632 3524 5722 corripuit

281 5721 360 5758 me
398 5711 612 5772 propter
641 5703 848 5773 impios.
925 5702 969 5773 "_
999 5700 1223 5773 Ψαλζά.
1266 5699 1712 5773 Ιίθὴτ..ίεαιιιίι·α.
1769 5699 1834 5733 ³⁸

1966 5703 2100 5773 οῴκιλ
2139 5718 2202 5756 eo
2225 5705 2256 5758 l.
2286 5706 2307 5758 1
2341 5699 2463 5759 add.
2497 5699 2615 5773 μὲνξ

282 5790 380 5830 nec
407 5770 587 5830 exstat
625 5771 767 5837 apud
800 5770 987 5828 Montl‘.
1023 5773 1075 5827 in
1110 5770 1314 5839 llexapl
1364 5772 1429 5823 ad
1464 5771 1516 5824 h.
1552 5771 1586 5824 l.
1659 5773 1708 5803 ³ο
1741 5774 2000 5840 Νύκτωρ.
2040 5770 2160 5828 cod.
2200 5777 2218 5826 t
2256 5770 2567 5846 praemmai.

2720 5713 2758 5745 ¹⁹
2793 5712 3013 5769 Πάντα.
3048 5715 3170 5773 Des.
3216 5718 3271 5772 in
3313 5712 3433 5778 cod'.
3471 5729 3517 5792 l,
