3996 6510
419 327 422 330 ’
481 366 617 438 183‘s)

1473 366 1968 428 THEODORETI
2005 365 2347 425 EPISCOPI
2380 363 2746 424 CYREN’SIS

3611 359 3788 425 1840

475 490 534 542 ln-
563 489 665 542 hoc
693 500 822 540 vero
852 486 1198 556 potis‘simum
1233 485 1545 539 necessaria
1577 491 1632 538 et
1663 482 2048 538 universorum

2184 478 2256 532 Εν
2301 478 2355 532 δέ
2396 480 2571 551 τιύτῳ
2618 480 2984 550 διαφερόντως
3036 480 3306 548 ἀναγκαία
3335 478 3429 533 τοῦ
3473 479 3609 532 Θεοῦ
3645 477 3790 530 τῶν

474 582 568 636 Dei
612 581 898 643 memoria,
947 597 1067 649 quae
1117 581 1363 642 recreat,
1417 589 1471 632 et
1515 578 1656 632 bono
1703 591 1825 631 esse
1871 574 2058 628 animo

472 671 649 740 jubet,
683 669 1100 739 contrariasque
1135 668 1492 739 cogitationes
1521 665 1710 738 exigit.

550 761 715 816 Vens.
753 761 839 816 56.
884 779 901 813 ι
941 761 1069 817 llaec
1110 761 1248 816 facta
1281 770 1362 814 est
1410 760 1566 824 mihi,
1619 760 1746 829 quia
1787 756 2058 827 iustiﬁca-

477 856 654 910 tiones
683 865 804 910 tuas
834 855 1129 924 exquisivi.
1172 874 1189 904 ι
1243 854 1355 919 Sic,
1407 852 1606 922 inquit,
1656 865 1916 920 superare
1958 865 2058 919 po-

479 950 581 1011 tui,
603 949 877 1018 eteligerc
907 958 1121 1001 tuarum
1152 946 1604 1017 justilicationum
1635 945 2052 1014 possessionem.

552 1039 717 1094 Vens.
760 1039 848 1093 57.
882 1056 900 1090 ι
940 1037 1124 1092 Portio
1159 1053 1278 1091 mea
1320 1052 1401 1101 es,
1447 1036 1692 1101 Domine,
1729 1036 1841 1089 dixi
1873 1043 2060 1090 custo-

485 1133 595 1187 tlire
645 1133 817 1202 legem
858 1140 1027 1184 luam.
1063 1149 1082 1182 ι
1124 1129 1237 1183 Νοιι
1270 1131 1516 1184 omnium
1549 1130 1728 1200 portio
1765 1137 1848 1183 est
1890 1127 2058 1191 Deus,

487 1225 571 1278 sed
625 1238 817 1277 eorum
896 1222 990 1290 qui
1042 1221 1433 1291 perfectionem
1484 1222 1717 1290 amplexi
1765 1228 1912 1274 sunt.
1969 1217 2060 1272 Sic

488 1317 828 1372 sacerdotum
872 1323 927 1368 ct
973 1313 1285 1368 Levitarum
1342 1330 1466 1384 pars
1507 1325 1560 1369 et
1608 1313 1900 1369 haereditas
1937 1312 2058 1366 fuit.

487 1428 503 1458 ι
545 1407 695 1463 Filiis
720 1405 864 1461 enim
904 1405 1055 1471 Levi,
1104 1406 1307 1475 inquit,
1344 1423 1448 1460 non
1481 1406 1586 1461 erit
1613 1422 1739 1475 pars
1772 1405 1912 1459 inter
1946 1405 2059 1458 fra-

482 1510 592 1554 trcs
619 1515 835 1565 eorum,
871 1498 1131 1569 quoniam
1171 1515 1296 1568 pars
1323 1514 1512 1553 eormn
1546 1513 1647 1567 ego
1680 1497 1945 1552 Dominus
1979 1498 2054 1550 ι.»

484 1592 576 1648 Sic
600 1593 767 1648 etiam
802 1592 854 1645 in
887 1592 1100 1646 decimo
1128 1592 1322 1662 quinto
1351 1594 1565 1661 psalmo
1596 1591 1671 1645 ait
1708 1610 1719 1645 :
1747 1609 1765 1641 ι
1799 1591 2062 1644 Dominus

485 1701 611 1754 pars
641 1683 985 1738 haereditatis
1015 1699 1171 1748 mete,
1205 1693 1258 1738 et
1288 1683 1477 1738 calicis
1512 1683 1616 1736 mei
1649 1681 1695 1739 ἓ.
1737 1701 1754 1734 ι
1794 1681 1932 1735 Dicit
1965 1682 2063 1752 igi-

486 1787 576 1829 tur
611 1785 665 1830 et
693 1775 798 1830 hoc
827 1775 880 1828 in
917 1775 1037 1829 loco
1067 1793 1080 1828 :
1114 1772 1308 1829 Omnia
1349 1775 1454 1828 alia
1488 1774 1815 1842 despiciens,
1848 1784 1898 1827 te
1933 1789 2061 1841 par-

485 1875 617 1932 tem,
665 1875 719 1920 et
769 1880 933 1934 opum
968 1865 1205 1934 c0piam,
1263 1875 1316 1920 ct
1355 1865 1574 1920 divitias
1631 1864 1826 1919 habeo.
1864 1865 2070 1920 Idcirco

492 1970 612 2015 tuas
643 1960 787 2029 leges
817 1958 1097 2013 custodire
1127 1957 1350 2012 festino.

565 2137 733 2192 Vens.
772 2137 861 2192 58.
900 2156 918 2188 ι
960 2135 1300 2206 Dcprecatus
1339 2151 1456 2190 sum
1477 2135 1667 2190 facient
1699 2145 1846 2190 tuam
1882 2137 1934 2190 in
1962 2145 2072 2190 toto

490 2235 656 2290 corde
686 2248 829 2287 meo.
864 2251 881 2284 ι
902 2234 918 2250 ’
950 2229 1162 2300 Ubique
1179 2231 1400 2300 apponit
1423 2249 1440 2280 ι
1472 2230 1525 2282 in
1561 2237 1673 2284 toto
1692 2229 1854 2282 corde
1873 2243 2014 2291 meo,
2049 2247 2066 2278 ι

491 2328 660 2381 etiam
692 2325 744 2378 in
779 2325 883 2378 hoc
915 2323 1017 2392 legi
1047 2322 1455 2391 obtemperans.
1489 2319 1577 2376 Sic
1604 2322 1748 2376 enim
1787 2322 2074 2376 universo-

492 2435 614 2474 rum
663 2418 806 2472 Deos
835 2417 1000 2486 jussit
1029 2434 1041 2468 :
1069 2435 1086 2466 (
1130 2415 1331 2484 Diliges
1363 2413 1652 2468 Dominum
1695 2413 1862 2468 Deum
1897 2423 2071 2477 tuum,

494 2532 562 2572 cx
608 2521 726 2568 toto
775 2513 940 2567 corde
993 2519 1107 2576 tuo,
1143 2519 1198 2563 et
1241 2526 1306 2564 ex
1355 2518 1465 2564 tota
1515 2510 1696 2564 anima
1745 2518 1857 2576 tua,
1909 2517 1963 2562 et
2009 2523 2075 2561 ex

494 2607 753 2662 omnibus
783 2605 991 2658 viribus
1038 2604 1168 2668 tuis,
1223 2613 1275 2657 et
1330 2617 1396 2657 ex
1434 2609 1544 2656 tota
1591 2593 1799 2675 1453
1835 2601 2074 2672 potentia

496 2708 589 2752 tua
621 2698 670 2752 ιι.
709 2715 728 2748 ι
778 2723 848 2734 -
905 2714 922 2746 ι
962 2693 1219 2748 Miserere
1277 2693 1382 2747 mei
1441 2695 1744 2748 secundum
1797 2693 2075 2761 eloquium

497 2802 674 2844 tuum.
708 2810 726 2842 ›
760 2787 877 2844 Non
908 2787 1154 2842 absolute
1179 2786 1616 2842 misericordiam
1643 2786 1863 2840 concedi
1891 2793 2078 2856 postu-

497 2881 595 2946 lat,
619 2880 714 2935 sed
737 2878 1001 2948 consequi
1030 2877 1466 2932 misericordiam
1501 2877 1800 2932 secundum
1833 2876 2075 2930 divinum

496 2973 808 3030 oraculum.
843 2970 959 3026 Hoc
988 2970 1168 3024 dicere
1193 2976 1369 3037 potest
1393 2969 1554 3022 etiam
1587 2969 1824 3037 prudens
1844 2976 2079 3035 aegrotus

499 3063 714 3120 medico
751 3079 765 3115 :
793 3062 864 3118 Ut
898 3063 1029 3126 scis,
1066 3060 1393 3114 medicinam
1425 3059 1642 3122 adhibe,
1661 3069 1713 3114 et
1743 3068 1802 3113 ut
1831 3075 1920 3112 ars
1946 3075 2081 3128 pra).-

2159 573 2300 627 ὅλων
2332 575 2364 645 ἡ
2397 577 2614 644 μνήμη,
2646 572 3079 643 ψυχαγωγοῦσα,
3103 573 3200 627 καὶ
3224 572 3787 645 παραθαῤῥύνουσα,

2159 665 2256 718 καὶ
2280 665 2407 729 τοὺς
2435 666 2712 728 ἐναντίους
2743 664 3105 729 ἐξελαύνουσα
3133 664 3451 734 λογισμούς.

2233 764 2339 823 νς-’.
2379 777 2396 809 ι
2437 757 2586 828 Αὕτη
2616 758 2847 829 ἐγενήθη
2881 774 2992 827 μοι,
3018 758 3098 810 ὅτι
3120 759 3185 810 τὰ
3215 754 3562 828 δικαιώματὰ
3591 773 3704 808 σου
3734 753 3787 783 ’ί

2161 850 2486 922 ἐξεζήτησα.
2525 872 2540 904 ι
2575 851 2753 915 Οὕτω,
2796 853 2984 921 φησιν,
3025 851 3302 922 ήδυνήθην
3343 848 3789 921 περιγενέσθαι,

2161 945 2254 998 καὶ
2285 945 2393 997 τῶν
2428 945 2535 999 σῶν
2566 945 2957 1015 δικαιωμάτων
2995 944 3320 1015 προελέσθαι
3363 945 3462 1014 τὴν
3494 942 3738 1010 κτῆσιν.

2233 1040 2334 1101 νςν.
2382 1057 2400 1090 ι
2434 1039 2609 1110 Μερίς
2641 1054 2742 1109 μου
2772 1035 2844 1103 εἷ,
2867 1029 3073 1109 Κύριε,
3119 1033 3249 1091 εἶπα
3286 1037 3378 1091 τοῦ
3411 1035 3790 1105 φυλάξασθαι

2160 1131 2251 1184 τὸν
2285 1131 2448 1202 νόμον
2500 1149 2594 1185 σου
2620 1134 2686 1185 ’³.
2725 1151 2742 1182 ι
2777 1132 2850 1185 Ού
2896 1132 3113 1185 πάντων
3148 1133 3266 1184 ἐστὶ
3314 1131 3472 1200 μερὶς
3525 1133 3553 1183 ὁ
3597 1129 3788 1192 Θεὸς,

2163 1224 2298 1278 ἀλλὰ
2329 1224 2437 1277 τῶν
2466 1224 2869 1295 ἀσπαζομένων
2908 1225 2977 1278 τὰ
3006 1225 3210 1277 τέλεια.
3245 1223 3403 1276 Οὕτω
3431 1223 3538 1276 τῶν
3563 1223 3792 1292 ἱερέων

2162 1318 2255 1369 καὶ
2278 1317 2519 1371 Λευῖτὼν
2569 1319 2727 1388 μερὶς
2771 1319 2866 1370 καὶ
2914 1317 3115 1388 κλῆρος
3141 1317 3384 1385 ἐγένετο.
3433 1333 3450 1365 ι
3489 1315 3616 1378 Τοῖς
3655 1311 3796 1383 γὰρ

2165 1407 2319 1468 υἱοῖς,
2350 1407 2507 1475 φησὶ,
2541 1405 2673 1458 Aeci
2696 1408 2794 1460 οὐκ
2843 1407 2995 1460 ἔσται
3027 1407 3182 1478 μερὶς
3210 1409 3266 1459 ἐν
3299 1406 3449 1476 μέσῳ
3475 1406 3582 1458 τῶν
3611 1405 3797 1459 ἀδελ·-

2164 1497 2300 1566 φῶν,
2334 1498 2536 1563 αὐτῶν,
2586 1499 2668 1552 ὅτι
2725 1501 2882 1570 μερὶς
2914 1501 3090 1553 αὐτῶν
3137 1501 3246 1569 ἐγὼ
3280 1500 3503 1570 Κύριος.
3547 1522 3565 1552 ι
3600 1497 3797 1552 Οὕτω

2164 1591 2256 1643 καὶ
2281 1592 2338 1643 ἐν
2361 1590 2437 1661 τῷ
2471 1591 2709 1661 πέμπτῳ
2744 1593 2837 1644 καὶ
2861 1579 3204 1661 δεκάτῳ“’ἕφη
3234 1589 3462 1660 ψαλμῷ,
3499 1610 3516 1641 ι
3551 1590 3795 1660 Κύριος

2169 1683 2328 1752 μερὶς
2367 1682 2468 1753 τῆς
2495 1682 2865 1754 κληρονομίας
2889 1700 3014 1752 μου,
3051 1683 3143 1734 καὶ
3171 1681 3266 1734 τοῦ
3292 1681 3558 1752 ποτηρίου
3591 1698 3743 1750 μου.
3763 1697 3786 1729 ι

2168 1771 2333 1840 Λέγει
2364 1773 2543 1826 τοίνυν
2587 1774 2682 1826 καὶ
2715 1772 2966 1836 ἐνταῦθα,
3005 1773 3088 1826 ὅτι
3121 1772 3242 1825 Τῶν
3286 1772 3463 1826 ἄλλων
3497 1773 3792 1826 ἁπάντων

2174 1861 2442 1933 ὑπεριδών
2480 1879 2539 1916 σε
2571 1862 2678 1932 ἔχω
2709 1862 2925 1934 μερίδα.
2971 1864 3066 1916 καὶ
3096 1863 3434 1934 περιουσίαν,
3470 1866 3564 1916 καὶ
3596 1861 3792 1914 πλοῦ-

2172 1972 2284 2008 τον.
2329 1955 2422 2008 Διὸ
2469 1955 2532 2028 δὴ
2575 1956 2669 2009 καὶ
2721 1955 2953 2024 φυλάξαι
3007 1956 3134 2019 τοὺς
3180 1957 3305 2018 σοὺς
3336 1955 3635 2025 ἐπείγομαι
3678 1954 3788 2006 νό-

2176 2064 2276 2118 μου
2286 2065 2333 2110 ς.

2242 2137 2344 2209 νη’.
2393 2157 2411 2188 ι
2458 2138 2716 2210 Ἐδεήθην
2758 2136 2854 2190 τοῦ
2885 2137 3178 2208 προσώπου
3223 2155 3316 2191 σου
3356 2141 3412 2192 ἐν
3436 2139 3532 2212 ὅλῃ
3561 2140 3785 2211 καρδία

2177 2250 2300 2302 μου.
2345 2251 2364 2284 ι
2397 2231 2682 2301 Πανταχοῦ
2719 2231 2779 2284 τὸ
2825 2251 2841 2281 ι
2881 2232 2937 2283 ἐν
2966 2231 3064 2304 ὅλῃ
3102 2230 3298 2302 καρδίᾳ
3334 2249 3434 2300 μου
3470 2251 3489 2284 ι
3532 2233 3783 2301 προστί-

2174 2325 2322 2392 Θησι,
2351 2323 2427 2394 τῷ
2460 2324 2609 2393 νόμῳ
2659 2323 2752 2375 καὶ
2779 2325 2837 2375 ἐν
2874 2323 3048 2395 τούτῳ
3090 2323 3432 2393 πειθόμενος.
3466 2323 3626 2378 Οὖτω
3658 2324 3783 2393 γὰρ

2174 2417 2270 2469 καὶ
2303 2415 2412 2469 τῶν
2442 2415 2577 2469 ὅλων
2608 2415 2740 2478 Θεὸς
2779 2416 3106 2481 ἐνετείλατο,
3151 2436 3170 2468 ‹
3194 2417 3523 2486 Ἀγαπήσεις
3557 2416 3783 2485 Κύριον

2175 2511 2265 2564 τὸν
2295 2509 2426 2562 Θεόν
2451 2526 2566 2576 σου,
2603 2508 2662 2574 ἐξ
2692 2507 2818 2578 ὅλης
2845 2509 2945 2578 τῆς
2986 2509 3210 2580 καρδίας
3259 2527 3374 2572 σου,
3421 2511 3514 2562 καὶ
3544 2510 3603 2574 ἐξ
3632 2509 3782 2578 ὅλης

2176 2603 2274 2672 τῆς
2300 2601 2480 2671 ψυχῆς
2513 2618 2628 2665 σου,
2665 2603 2758 2653 καὶ
2801 2599 2859 2666 ἐξ
2891 2602 3019 2670 ὅλης
3058 2602 3157 2672 τῆς
3195 2603 3376 2672 ἰσχύος
3418 2618 3533 2664 σου,
3576 2603 3675 2653 καὶ
3717 2601 3785 2675 ἐξ

2177 2694 2304 2764 ὅλης
2333 2694 2431 2764 τῆς
2464 2693 2749 2764 δυνάμεώς
2785 2711 2902 2746 σου.
2945 2715 2962 2746 ο
2994 2723 3060 2734 —
3095 2713 3113 2746 ι
3158 2693 3413 2762 Ἐλέησόν
3447 2711 3512 2762 με
3538 2693 3690 2746 κατὰ
3720 2694 3785 2743 τὸ

2177 2787 2359 2856 λόγιόν
2395 2804 2510 2840 σου.
2570 2807 2587 2840 ι
2637 2788 2750 2841 Ούκ
2796 2789 3064 2860 ἀορίστως
3098 2787 3390 2858 ἐλεηθῆναι
3423 2787 3781 2857 παρακαλεῖ·

2179 2881 2316 2935 ἀλλὰ
2345 2881 2488 2934 κατὰ
2517 2881 2576 2934 τὸ
2608 2880 2752 2934 θεῖον
2787 2882 2968 2948 λόγιον
3009 2881 3101 2933 τοῦ
3132 2881 3318 2942 ἐλέους
3351 2886 3552 2950 τυχεῖν.
3593 2881 3789 2933 Τοῦτο

2179 2974 2222 3026 δ’
2246 2974 2310 3028 ἂν
2344 2975 2486 3026 εἴποι
2504 2976 2598 3027 καὶ
2621 2974 2839 3037 συνετὸς
2871 2974 3152 3045 ἄρρωστος
3179 2973 3254 3042 τῷ
3281 2974 3468 3044 ἰατρῷ,
3506 2974 3592 3036 Ὡς
3618 2969 3784 3033 οἶδας

2182 3067 2541 3137 θεράπευσον,
2595 3067 2670 3129 ὼς
2721 3067 2752 3138 ή
2801 3067 2966 3137 τέχνη
3017 3067 3343 3136 διαγορεύει.
3397 3066 3566 3119 Τοῦτο
3605 3068 3712 3120 καὶ
3752 3067 3789 3120 ὕ

497 3158 650 3228 cipit.
705 3155 821 3211 Hoc
873 3155 1039 3210 etiam
1098 3153 1340 3224 prudens
1398 3161 1674 3207 mercator
1721 3151 2072 3222 gubernatori

2184 3159 2397 3222 συνετὸς
2424 3157 2662 3230 ἔμπορος
2695 3159 2835 3211 εἴποι
2867 3157 2933 3210 ἂν
2975 3158 3052 3228 τῷ
3079 3158 3410 3230 κυϐερνήτῃ,
3454 3160 3609 3212 Κατὰ
3639 3161 3785 3219 τοὺς

497 3252 680 3306 dicere
705 3255 884 3318 potest
910 3266 924 3301 :
955 3245 1268 3300 Secundum
1298 3245 1467 3311 legem
1502 3247 1632 3298 artis
1659 3244 1831 3314 dirige
1860 3257 2071 3306 navem,

497 3351 555 3398 et
588 3353 646 3396 ut
685 3340 917 3396 scientia
943 3337 1116 3406 jubet,
1151 3337 1416 3405 guberna.
1465 3334 1555 3388 Sic
1587 3338 1752 3388 etiam
1789 3337 1941 3389 decet
1977 3351 2078 3390 nos

498 3429 741 3487 divinam
777 3430 1210 3484 misericordiam
1250 3431 1588 3497 pra-ditare:
1628 3443 1751 3480 nam
1793 3429 1886 3497 qui
1921 3445 2078 3499 roga-

501 3537 611 3591 tur,
670 3525 776 3579 scit
837 3521 1227 3578 misericordiae
1279 3519 1525 3574 modum.
1583 3520 1738 3589 Saepe
1787 3521 1931 3574 enim
1987 3511 2080 3589 per

501 3617 1038 3676 animadversionem
1098 3616 1333 3670 salutem
1387 3625 1662 3683 procurat,
1711 3623 1764 3667 et
1806 3628 1967 3683 poena
2023 3613 2080 3667 ﬁt

501 3703 832 3783 benignitas.
878 3709 970 3764 Sic
1014 3709 1179 3764 etiam
1226 3709 1473 3762 medicus
1527 3716 1582 3761 et
1625 3717 1797 3770 secat,
1843 3717 1899 3762 et
1935 3709 2077 3773 urit,

505 3803 777 3858 laboranti
806 3803 1096 3856 sanitatem
1127 3817 1476 3870 comparans.
1505 3799 1595 3855 Sic
1614 3802 1778 3854 etiam
1804 3817 1904 3855 nos
1929 3804 2083 3857 decet

504 3895 948 3950 misericordiam
987 3904 1186 3962 petere.
1226 3887 1364 3947 Nam
1406 3893 1704 3962 aliquando
1730 3910 1826 3963 per
1858 3911 2083 3965 pauper-

506 3999 669 4042 tatem
711 3987 1147 4041 misericordiam
1184 3987 1457 4055 impertit,
1502 3996 1556 4040 et
1601 4002 1696 4055 per
1733 3989 2083 4058 aegritudines

505 4079 894 4150 benignitatem
945 4079 1198 4149 largitur,
1229 4090 1281 4132 et
1315 4078 1616 4134 secundum
1661 4080 1949 4135 medicina:
1998 4097 2085 4134 ra-

507 4174 710 4227 tionem
743 4172 1040 4227 contrariis
1072 4171 1343 4226 contraria
1377 4182 1554 4226 curat.

577 4263 745 4319 Vens.
785 4264 873 4318 59.
922 4282 939 4313 ι
977 4263 1222 4332 C0gila\'i
1256 4265 1373 4319 vias
1407 4274 1548 4331 tuas,
1579 4274 1632 4320 et
1658 4267 1897 4322 converti
1924 4267 2084 4336 pedes

503 4370 658 4409 meos
712 4355 777 4408 ad
824 4346 1141 4409 testimotha
1200 4367 1312 4412 tua.
1368 4377 1386 4408 ι»
1443 4357 1704 4413 Hebraeus
1767 4359 1926 4413 habet
1974 4361 2084 4414 vias

500 4465 671 4512 meas,
705 4457 758 4502 et
790 4447 871 4502 sic
905 4448 1069 4501 etiam
1109 4451 1290 4503 caeleri
1338 4450 1665 4520 interpretes
1701 4462 1998 4515 verterunt,
2032 4461 2084 4507 et

503 4537 864 4608 Septuaginta
898 4537 952 4592 in
985 4535 1251 4608 llexaplo.
1298 4538 1440 4593 Dicit
1473 4549 1652 4594 autem
1689 4557 1701 4594 :
1738 4541 2082 4611 Perpeudens

503 4629 626 4684 vias
658 4645 831 4692 meas,
880 4630 948 4683 ad
997 4631 1308 4683 testimonia
1359 4639 1450 4684 tua
1496 4632 1660 4701 pedes
1691 4647 1843 4687 meos
1871 4633 2080 4697 direxi,

502 4737 609 4777 nec
645 4723 892 4776 sinebam
959 4730 1019 4776 ut
1051 4723 1118 4776 ab
1151 4722 1347 4777 itinere
1383 4724 1528 4792 quod
1577 4724 1643 4779 ad
1690 4732 1742 4778 te
1779 4723 1948 4792 ducit,
1984 4725 2081 4778 de-

503 4817 804 4868 llecterent.
1815 4810 1826 4820 ’

577 4994 742 5049 Vens.
779 4993 870 5049 60.
905 5013 924 5045 ι
961 4993 1194 5050 Paratus
1225 5011 1371 5058 sum,
1421 5004 1473 5049 et
1513 5011 1619 5050 non
1657 5009 1776 5049 sum
1807 4997 2078 5064 turbatus,

503 5098 564 5142 nt
601 5087 912 5142 custodiam
950 5089 1206 5142 mandata
1239 5101 1351 5144 tua.
1391 5109 1411 5142 ι
1463 5090 1598 5144 Cum
1645 5089 1790 5144 enim
1821 5090 2084 5146 adversus

501 5198 686 5236 rerum
719 5181 959 5236 tristium
1000 5181 1238 5250 impetus
1274 5194 1524 5252 paratum
1571 5198 1659 5238 me
1698 5183 2080 5251 reddidissem,

2180 3252 2376 3318 νόμους
2428 3251 2527 3321 τῆς
2581 3251 2775 3320 τέχνης
2829 3253 3003 3304 ἴθυνον
3040 3251 3102 3304 τὸ
3145 3251 3377 3320 σκάφος.
3421 3251 3497 3314 ὡς
3537 3241 3635 3305 καὶ
3655 3252 3710 3283 ³³
3747 3253 3786 3321 ἡ

2180 3343 2455 3412 ἐπιστήμη
2489 3341 2722 3408 κελεύει,
2742 3342 3094 3413 κυϐέρνησον.
3127 3342 3283 3395 Οὕτω
3305 3343 3397 3395 καὶ
3426 3345 3571 3415 ἡμᾶς
3597 3359 3785 3412 προσ-

2181 3437 2302 3506 ηκει
2335 3433 2423 3485 τὸν
2455 3434 2598 3486 θεῖον
2629 3432 2777 3486 ἔλεον
2804 3432 3163 3501 ἐπαγγέλλειν
3179 3433 3244 3487 ’⁸.
3290 3434 3350 3487 '0
3374 3434 3482 3504 γὰρ
3510 3434 3787 3502 αἰτούμεο

2182 3541 2269 3585 νος
2317 3518 2426 3575 οἶδε
2474 3523 2569 3576 τοῦ
2613 3524 2764 3577 ἐλέου
2812 3525 2902 3576 τὸν
2952 3523 3186 3595 τρὸςέοψ
3241 3524 3501 3586 πολλάκις
3537 3523 3649 3593 γὰρ
3681 3523 3786 3576 διὰ

2186 3617 2432 3680 παιδείας
2450 3618 2495 3650 ’⁸
2531 3617 2985 3688 πραγματεύεται
3021 3617 3316 3687 σωτηρίαν,
3348 3616 3444 3669 καὶ
3488 3615 3707 3683 γίνεται
3748 3618 3783 3683 ἠ

2181 3711 2425 3778 τιμωρία
2452 3709 2852 3779 φιλανθρωπία.
2883 3709 3036 3762 Οὕτω
3069 3711 3162 3762 καὶ⁵
3199 3709 3402 3781 ἰατρὸς,
3435 3710 3529 3761 καὶ
3554 3709 3782 3777 τέμνει,

2183 3801 2278 3853 καὶ¹
2303 3802 2470 3863 καίει,
2494 3801 2572 3872 τῷ
2609 3803 2870 3871 κάμνοντι
2913 3802 3013 3873 τήν
3054 3802 3264 3870 ὑγίειαν
3307 3803 3788 3872 πραγματευόμε-

2183 3911 2271 3956 νος
2295 3896 2360 3948 ’⁸.
2407 3894 2562 3948 Οὕτω
2599 3895 2693 3948 καὶ
2725 3897 2876 3966 ἡμᾶς
2907 3897 3078 3949 αἰτεῖν
3099 3895 3189 3948 τὸν
3236 3894 3385 3948 ἔλεον
3431 3897 3556 3966 χρή.
3611 3897 3787 3949 Ἐστι.

2183 3992 2293 4062 γὰρ
2322 3992 2410 4043 ὅτε
2446 3990 2541 4043 καὶ
2582 3989 2669 4042 διὰ
2699 3989 2894 4044 πενίαν
2914 3991 2956 4021 ²⁷
3005 3990 3152 4053 ἕλεος
3185 3992 3527 4060 χορηγεῖ-ται,
3568 3993 3664 4043 καὶ
3708 3989 3786 4042 δι’

2185 4081 2501 4154 ἀρρωστίας
2541 4078 2956 4150 φιλανθρωπίαν
3001 4080 3321 4151 παρέχεται,
3358 4083 3452 4134 καὶ
3499 4081 3643 4134 κατὰ
3677 4081 3786 4134 τὸν

2190 4171 2432 4240 ἰατρικὸν
2464 4170 2622 4239 λόγον
2655 4172 2766 4233 τοῖς
2798 4169 3061 4232 ἐναντίοις
3093 4170 3162 4223 τὰ
3187 4170 3407 4224 ἐναντία
3439 4172 3608 4224 ἰᾶται.

2257 4261 2355 4316 νϐ’.
2399 4281 2417 4313 ι
2450 4262 2853 4332 Διελογισάμην
2879 4263 2976 4325 τὰς
2998 4262 3152 4326 ὁδούς
3183 4279 3298 4328 σου,
3329 4265 3424 4316 καὶ
3455 4263 3790 4332 ἐπέστρεψα

2191 4355 2317 4418 τοὺς
2349 4354 2516 4418 πόδας
2553 4371 2654 4425 μου
2690 4355 2770 4418 είς
2793 4355 2862 4407 τὰ
2897 4353 3172 4425 μαρτύριά
3203 4371 3318 4408 σου.
3360 4374 3378 4406 ι
3417 4355 3474 4406 Ὀ
3518 4355 3788 4424 Ἑϐραῖος

2188 4448 2243 4500 δέ
2273 4448 2378 4512 τὰς
2400 4446 2580 4512 ὁδούς
2605 4464 2724 4516 μου
2756 4447 2890 4518 ἔχει·
2921 4446 3182 4511 ὡσαύτως
3204 4447 3372 4500 δὲκαὶ
3401 4449 3451 4500 οἱ
3480 4447 3629 4501 ἄλλοι
3666 4452 3789 4518 ἡρ-

2193 4542 2474 4611 μήνευσαν
2518 4540 2878 4611 ἐρμηνευταὶ,
2929 4540 3022 4593 καὶ
3067 4541 3117 4592 οἱ
3157 4526 3559 4610 Ἑϐδομήκοντα
3602 4542 3660 4593 ἐν
3695 4543 3788 4611 τῷ

2201 4630 2474 4701 Ἐξαπλῷ.
2507 4632 2671 4700 Λέγει
2703 4631 2780 4695 δὲ,
2825 4632 2908 4686 ὅτι
2933 4631 3276 4699 Λογιστεύων
3315 4650 3416 4702 μου
3455 4635 3555 4694 τὰς
3594 4633 3784 4698 ὁδοὺς,

2190 4723 2328 4794 πρὸς
2390 4723 2460 4776 τὰ
2527 4722 2804 4794 μαρτύριά
2871 4741 2963 4777 σου
3024 4723 3153 4788 τοὺς
3199 4725 3366 4793 ἐμοὺς
3419 4725 3583 4788 πόδας
3638 4743 3785 4779 κατ-

2193 4817 2444 4878 εύθυνον,
2482 4817 2578 4870 καὶ
2615 4817 2718 4870 οὐκ
2757 4817 2884 4872 εἴων
2913 4815 3275 4887 ἐκτρέπεσθαι
3297 4817 3398 4887 τῆς
3422 4819 3558 4887 πρὸς
3587 4817 3646 4869 σὲ
3675 4836 3787 4887 φε-

2196 4908 2396 4979 ρούσης
2422 4906 2567 4962 ὁδοῦ.

2264 5001 2326 5068 ξ’.
2365 5022 2382 5052 ‹
2417 5001 2793 5073 Ἤτοιμάσθην
2819 5003 2863 5034 ’⁸
2892 5003 2987 5057 καὶ
3025 5003 3124 5055 οὐκ
3185 5001 3498 5074 ἐταράχθην
3545 5002 3640 5056 τοῦ
3671 5021 3784 5070 (ρυ-

2191 5093 2460 5160 λάξασθαι
2499 5095 2599 5157 τὰς
2645 5095 2865 5158 ἐντολάς
2900 5111 3015 5147 σου.
3056 5112 3076 5146 ι
3111 5093 3366 5163 Εὐτρεπῆ
3396 5093 3507 5165 γὰρ
3536 5095 3786 5164 ἐμαυτὸν

2197 5189 2334 5260 προς
2373 5189 2470 5251 τὰς
2501 5188 2608 5241 τῶν
2637 5188 2828 5242 δεινῶν
2882 5186 3117 5258 ἐμϐολὰς
3158 5189 3532 5257 καταστήσας,
3573 5188 3638 5240 ἐκ
3674 5187 3784 5257 τῆς

556 5371 570 5410 ί
609 5365 776 5452 Josue
809 5383 929 5435 xm,
971 5367 1059 5421 55.
1107 5366 1121 5417 i
1172 5367 1313 5423 Psal.
1361 5383 1452 5434 xv,
1495 5367 1548 5422 5.
1628 5368 1652 5407 Ιε
1694 5364 1887 5431 Matth.
1923 5389 2060 5438 nu,
2100 5375 2189 5428 57.

1621 5483 1857 5540 VARI/li
1896 5485 2280 5541 LECTIONES
2318 5486 2403 5540 ET
2426 5485 2656 5542 ΝΟΤᾸΞ.

572 5581 615 5613 ἰ
652 5578 733 5632 Τὰ
755 5577 874 5632 δικ,
918 5595 1055 5633 σου.
1089 5578 1250 5634 llebr.
1293 5587 1468 5664 191p}:
1499 5578 1643 5648 quod
1677 5579 1732 5633 lt.
1769 5580 1803 5633 l.
1839 5591 1892 5634 et
1925 5599 1974 5634 ν.
2004 5583 2075 5636 95

2195 5583 2286 5646 94,
2330 5599 2425 5653 per
2454 5580 2823 5649 δικαιώματα,
2857 5579 2992 5634 alias
3019 5593 3152 5633 vero
3200 5577 3255 5630 in
3304 5576 3413 5632 hoc
3443 5574 3654 5645 psalmo
3680 5589 3783 5643 per

504 5670 724 5734 ἐντολὰς
757 5672 1007 5724 vertitur.

502 5811 862 5880 ἐταράχθην.
884 5810 1068 5874 llebr.,
1100 5807 1390 5874 Festindvi,
1419 5807 1510 5864 nec
1535 5822 1811 5864 cum-tatus
1847 5807 1986 5868 sum.

1119 5671 1163 5700 "
1199 5669 1314 5723 Τὸν
1345 5673 1536 5738 νόμον
1569 5687 1705 5723 σου.
1743 5670 1933 5734 llebr.,
1978 5675 2132 5726 verba
2159 5686 2270 5726 tua.

504 5740 976 5820 {‘ib..1tat66£g.y._
1036 5741 1080 5771 ²⁶
1109 5741 1485 5820 ξηΐγηπρᾳγςμ.
1532 5741 1604 5793 ib.
1628 5741 1834 5793 οἰκείαν
1883 5744 2413 5814 πραγματευόμενος
2467 5744 2765 5813 σωτηρίαν.

2366 5675 2410 5706 ’³
2439 5673 2568 5727 Kal.
2613 5671 2737 5726 Des.
2783 5673 2834 5726 in
2891 5672 3014 5726 cod.
3048 5671 3094 5722 1.

2366 5761 2413 5795 3:
2467 5744 2765 5795 σωτηρίαν.
2865 5743 2906 5774 ²”
2937 5740 3016 5795 lb.
3050 5741 3171 5794 πενί

3003 5782 3016 5794 .
3050 5758 3258 5803 πενιας.
3293 5773 3304 5786 ~

3206 5670 3251 5701 “
3280 5669 3354 5726 ib.
3387 5665 3779 5734 ἀπαγγέλλειν.

3372 5739 3415 5771 ³⁸
3461 5738 3674 5804 Ἠτοιμ.
3706 5757 3785 5776 --
