3996 6490
242 334 375 404 1841

1577 321 1657 382 IN
1691 315 1900 379 PSAL.
1921 315 2187 395 cxvtu.

3368 308 3506 374 1812

229 455 437 528 ἁθρόας
487 452 799 525 προσϐολῆς
852 451 953 524 οὐχ
1003 448 1275 520 ὑπέμεινα
1322 443 1512 515 ζάλην.
1560 440 1748 500 Οὖτως
1791 438 1820 488 ὁ

1945 448 1989 486 2x
2021 433 2304 503 inopinata
2340 431 2641 501 irruptione
2667 439 3046 501 tempestatem
3091 444 3198 484 non
3232 446 3351 486 sum
3380 411 3506 496 per-

230 550 373 612 θεῖος
404 546 631 617 Δανιὴλ,
674 545 849 607 οὓτως
905 545 956 597 οἱ
994 542 1254 612 μακάριοι
1295 538 1509 602 παῖδες,
1555 531 1729 594 οὕτως
1770 529 1820 581 οί

233 639 532 710 θαυμάσιοι
555 635 927 701 Μακκαϐαῖοι,
961 632 1136 696 οὕτως
1168 631 1413 692 ἅπαντες
1437 626 1532 680 τοῦ
1566 624 1820 693 Σωτῆρος

232 736 277 786 οί
307 733 612 804 μάρτυρες,
646 729 745 794 τὰς
767 729 875 783 τῶν
909 725 1186 783 δυσσεὸὦν
1223 727 1267 756 ’⁹
1296 723 1556 790 ἐνίκησαν
1582 715 1821 788 προσϐο-

232 825 352 888 λάς.
384 823 558 878 Τοῦτο
588 824 684 876 καὶ
713 824 740 874 ὁ
773 821 978 890 Κύριος
1024 821 1081 872 ὲν
1107 819 1220 880 τοῖς
1259 815 1428 886 ίεροῖς
1466 808 1822 878 Εὐαγγελίοις

234 916 529 986 παρεγγυᾷ
549 931 562 946 ο
603 932 622 965 ι
654 913 1009 984 Γρηγορεῖτε,
1040 911 1121 964 ὅτι
1149 908 1248 962 οὐκ
1273 906 1452 970 οἴδατε
1484 902 1615 974 ποία
1646 901 1767 972 ὥρα
1794 901 1822 953 6

236 1007 478 1075 κλέπτης
509 1003 752 1076 ἔρχεται.
779 1022 796 1054 ι

303 1098 409 1162 ξαν.
448 1115 468 1149 ι
502 1095 726 1167 Σχοινία,
743 1092 1084 1166 ἁμαρτωλῶν
1113 1085 1560 1162 περιεπλάκησάν
1587 1101 1698 1155 μοι,
1725 1081 1823 1136 καὶ

235 1189 330 1243 τοῦ
372 1190 540 1260 νόμου
594 1205 687 1242 σου
724 1188 826 1241 οὐκ
860 1184 1226 1255 ἐπελαθόμην.
1252 1201 1271 1234 ι
1302 1180 1414 1244 Τὰς
1450 1173 1822 1246 amcam“;

238 1299 318 1335 τοι
343 1281 635 1352 δαιμόνων,
663 1281 698 1349 ἧ
720 1296 800 1332 τοι
824 1277 1148 1348 ἀνθρώπων,
1173 1274 1413 1344 σχοινία
1438 1270 1694 1324 ἐκάλεσεν
1713 1284 1726 1298 ·
1759 1268 1824 1319 ὲκ

239 1376 338 1444 τῆς
373 1372 582 1442 πλοκῆς
612 1372 712 1444 τὴν
740 1371 996 1442 ἀφορμὴν
1036 1367 1219 1421 λαϐὼν
1257 1365 1357 1437 τῆς
1403 1362 1632 1434 τροπῆς.
1668 1358 1824 1413 Οῑτω

239 1471 338 1522 καὶ
375 1468 604 1530 Ἡσαΐας
627 1482 640 1495 ·
682 1484 700 1516 ι
733 1465 868 1525 Οὐαὶ
904 1463 949 1495 ³⁸
996 1463 1046 1516 οἱ
1083 1459 1460 1528 ἐπισπώμενοι
1509 1455 1608 1516 τὰς
1642 1454 1823 1524 ἁμαρ-

239 1560 361 1624 τίας
391 1560 572 1614 αὐτῶν
611 1559 686 1620 ὼς
714 1556 934 1629 σχοινίῳ
969 1553 1206 1627 μακρῷι
1241 1572 1260 1604 ι
1303 1549 1518 1604 Τούτων
1559 1547 1638 1610 δὲ,
1667 1546 1822 1617 φησὶ,

239 1654 350 1708 τῶν
400 1651 651 1722 σχοινίων
699 1649 1103 1722 περιταθέντων
1160 1663 1269 1716 μοι,
1300 1646 1400 1698 οὐκ
1441 1641 1825 1710 ἀπεσεισάμην

241 1743 338 1796 τοῦ
374 1742 524 1796 θείου
551 1741 720 1811 νόμου
756 1740 857 1810 τὴν
894 1739 1136 1811 μνήμην.
1163 1731 1298 1788 Εἶτα
1327 1731 1569 1786 διδάσκει
1600 1729 1696 1784 καὶ
1725 1729 1824 1799 τῆς

247 1833 472 1903 μνήμης
500 1831 570 1885 τὰ
602 1829 774 1884 αἴτια.

319 1925 418 1996 ξβ’.
452 1944 470 1975 ι
496 1923 869 1978 Μεσονύκτιον
888 1919 1246 1990 ὲξεγειρόμην
1264 1915 1358 1970 τοῦ
1382 1911 1823 1986 ὲξομολογεῖσθαί

1923 541 2141 596 pessus.
2179 525 2268 580 Sic
2302 526 2523 580 divinus
2554 524 2767 586 Daniel,
2801 524 2882 578 sic
2912 523 3053 578 beati
3085 523 3261 591 pueri,
3295 523 3377 578 sic
3407 527 3502 578 ad-

1925 617 2199 675 mirabiles
2242 618 2317 672 illi
2351 616 2666 682 Machabaei,
2718 615 2798 670 sic
2842 630 3032 670 omnes
3067 613 3279 686 1454
3315 613 3506 670 Salva-

1924 713 2060 769 toris
2111 721 2376 782 martyres
2432 708 2726 779 impiorum
2779 707 3013 777 impetus
3069 707 3340 761 vicerunt.
3389 705 3506 759 Hoc

1923 806 2086 862 etiam
2121 805 2382 859 Dominus
2420 802 2476 857 in
2521 801 2694 857 sacris
2736 798 3048 869 Evangeliis
3092 807 3277 853 monet
3308 819 3320 852 :
3353 817 3370 849 ι
3410 796 3506 852 Vi-
3585 830 3590 835 -

1925 899 2107 970 gilate,
2150 897 2409 968 quoniam
2444 893 2671 950 nescitis
2711 907 2821 962 qua
2861 893 2996 946 hora
3039 889 3126 946 fur
3152 890 3333 946 veniat
3362 887 3406 944 ι.
3444 909 3462 942 ι

1997 1068 2160 1124 Vi-zns.
2197 1069 2286 1136 61.
2326 1089 2344 1121 ι
2381 1069 2564 1124 Funes
2593 1076 2949 1138 peccatorum
2991 1064 3349 1135 circumplexi
3376 1076 3505 1121 sunt

1928 1178 2034 1226 me,
2063 1173 2116 1216 et
2150 1162 2282 1232 legis
2332 1170 2435 1215 tua:
2482 1176 2591 1214 non
2634 1176 2756 1215 sum
2804 1160 3030 1214 oblitus.
3071 1177 3089 1210 ›
3128 1157 3360 1214 insidias
3392 1158 3507 1212 sive

1924 1253 2255 1314 deemonum,
2283 1253 2398 1307 sive
2430 1250 2736 1314 hominum,
2769 1249 2917 1319 funes
2946 1248 3163 1303 vocavit
3188 1266 3201 1302 :
3229 1247 3505 1317 accipiens

1924 1347 2267 1402 occasionem
2295 1343 2672 1398 similitudinis
2693 1358 2761 1397 ex
2791 1358 2956 1397 nexu.
2991 1341 3082 1397 Sic
3103 1341 3268 1396 etiam
3301 1340 3500 1395 Isaias:

1931 1458 1949 1490 ι
1994 1437 2105 1502 ναι,
2136 1440 2333 1508 inquit,
2371 1437 2715 1491 trahentibus
2749 1445 2967 1505 peccata
3015 1450 3112 1489 sua
3155 1435 3313 1503 quasi
3358 1433 3506 1488 funi-

1925 1532 2052 1587 culo
2076 1531 2348 1602 longo“!
2389 1547 2407 1581 ι
2448 1530 2582 1584 Cum
2634 1537 2815 1582 autem
2861 1527 2938 1592 hi,
2996 1528 3091 1591 ait,
3143 1525 3371 1581 funiculi
3420 1540 3506 1579 me

1927 1620 2448 1683 circumdedissent,
2507 1618 2705 1672 divinae
2753 1619 2770 1639 "
2819 1615 2954 1686 legis
3019 1613 3342 1668 memoriam
3396 1611 3502 1664 mi—

1929 1718 2074 1773 nime
2106 1713 2354 1784 deposui.
2393 1710 2596 1768 Deinde
2619 1706 3014 1764 recordationis
3040 1721 3238 1761 causas
3265 1704 3445 1759 docet.

1996 1926 2167 1982 Vens.
2200 1925 2287 1981 62.
2329 1945 2347 1977 ι
2389 1924 2558 1978 Media
2591 1930 2750 1977 nocte
2799 1919 3089 1988 surgebam
3135 1915 3198 1970 ad
3239 1913 3509 1969 conﬁten-

244 2037 327 2072 σοι
357 2019 452 2072 ἐπὶ
474 2018 543 2071 τὰ
575 2016 818 2088 κρίματα
849 2015 949 2084 τῆς
985 2011 1335 2078 δικαιοσύνης
1377 2026 1492 2062 σου.
1536 2027 1554 2061 ι
1590 2008 1664 2061 Οὐ
1717 2006 1825 2076 γὰρ

1945 2017 2056 2072 lum
2092 2017 2186 2072 tibi
2227 2032 2392 2086 super
2433 2016 2639 2085 judicia
2675 2013 2904 2084 justitize
2952 2020 3080 2065 tuae.
3120 2028 3137 2060 ι
3193 2007 3306 2061 Non
3345 2007 3508 2060 modo

248 2106 366 2175 μεθ’
398 2105 615 2175 ἡμέραν
661 2119 842 2174 μονον,
889 2101 1024 2159 ἀλλὰ
1063 2102 1158 2154 καὶ
1207 2098 1426 2170 νύκτωρ
1473 2097 1596 2153 κατ’
1623 2097 1754 2152 αὐτὸ
1781 2097 1825 2128 ³¹

245 2194 342 2263 τῆς
365 2193 560 2257 νυκτὸς
587 2192 647 2245 τὸ
679 2191 1028 2261 μεσαίτατον,
1067 2192 1124 2242 ἐν
1155 2182 1200 2257 ᾧ
1241 2190 1377 2258 μετὰ
1418 2188 1666 2250 πλείονος
1706 2187 1828 2255 ἡδο-

245 2285 337 2355 νῆς
369 2287 399 2336 6
425 2282 592 2346 ὕπνος
611 2285 721 2345 τοῖς
743 2281 1054 2353 ἀνθρώποις
1087 2281 1400 2350 ἐπέρχεται,
1438 2278 1624 2349 ὑμνῶν
1651 2294 1711 2330 σε
1747 2278 1827 2331 δι-

246 2376 485 2437 ετέλουν,
517 2375 616 2438 τὰς
646 2375 862 2436 δικαίας
895 2392 989 2426 σου
1022 2373 1233 2444 ψήφους
1259 2373 1626 2441 ἀνευφήμουν.
1657 2369 1830 2423 Τοῦτο

248 2469 340 2521 καὶ
365 2471 393 2521 6
417 2467 560 2530 θεῖος
593 2466 916 2528 ’Λπόστολος
951 2466 1090 2534 μετὰ
1112 2463 1206 2517 τοῦ
1236 2463 1362 2518 Σίλα
1393 2462 1462 2535 [η
1490 2462 1792 2532 πεποίηκεν
1812 2477 1825 2491 ⁸

259 2559 636 2630 πεπεδημένος
659 2560 768 2630 γὰρ
799 2559 898 2612 σὺν
934 2557 1012 2628 τῷ
1045 2556 1199 2628 Σίλᾳ]
1226 2555 1320 2609 κοιλ¹
1362 2559 1428 2627 τῇ
1477 2556 1755 2624 ποδοκάκῃ
1785 2553 1830 2584 ³³

248 2654 506 2726 προσδεδε
514 2655 672 2722 μένος
693 2654 830 2724 μετὰ
851 2653 1034 2715 αἰκίας
1053 2653 1142 2704 καὶ
1158 2651 1438 2721 μάστιγος,
1460 2652 1525 2720 τῇ
1556 2651 1830 2720 προσευχῇ

247 2750 344 2820 τὴν
406 2749 686 2820 ὑμνῳδίαν
736 2748 988 2819 ἐκέρασε,
1033 2746 1127 2800 καὶ
1170 2747 1269 2815 τῆς
1315 2745 1485 2816 καλῆς
1527 2743 1832 2814 ἀγρυπνίας

248 2842 560 2913 ὲτρύγησαν
587 2841 631 2874 ³⁵
659 2841 748 2895 τὸν
793 2840 1005 2912 καρπόν
1028 2856 1040 2870 ο
1067 2839 1168 2910 τῆς
1194 2837 1342 2902 θείας
1377 2840 1484 2909 γὰρ
1528 2835 1834 2908 φιλοτιμίας

250 2935 597 3007 ἀπήλαυσαν.

323 3025 426 3095 ξγκ
467 3046 484 3078 ι
519 3026 759 3096 Μέτοχος
789 3024 900 3093 ἐγώ
932 3027 1048 3096 είμι
1090 3026 1307 3079 πάντων
1348 3025 1456 3076 τῶν
1484 3021 1835 3092 φοϐουμένων

1927 2112 2072 2167 enim
2125 2111 2384 2177 interdiu,
2442 2125 2631 2164 verum
2675 2109 2836 2162 etiam
2882 2106 2948 2160 de
3001 2111 3178 2165 nocte,
3217 2109 3272 2154 et
3308 2100 3362 2153 in
3391 2099 3510 2168 ipso

1929 2205 2107 2259 medio
2138 2205 2336 2265 noctis,
2369 2205 2421 2256 in
2449 2217 2558 2269 quo
2588 2200 2782 2270 majori
2813 2213 2938 2252 cum
2977 2196 3254 2265 voluptate
3282 2206 3508 2246 somnus

1930 2297 2246 2352 hominibus
2273 2295 2614 2366 supervenit,
2655 2303 2704 2347 te
2738 2291 2963 2346 laudare
3007 2303 3115 2343 non
3155 2285 3506 2346 desistebam,

1929 2398 1981 2442 et
2013 2389 2185 2456 iustas
2221 2396 2354 2441 tuas
2379 2384 2684 2440 sententias
2711 2381 3059 2435 extolleham.
3091 2376 3205 2456 llo_c
3235 2377 3400 2430 etiam
3423 2375 3510 2428 di-

1931 2453 2091 2536 vinus
2143 2480 2437 2549 Apostolus
2481 2493 2604 2533 cum
2662 2477 2772 2530 Sila
2819 2474 2948 2529 fecit
2976 2483 3024 2530 η.
3081 2453 3305 2525 Vinctus
3364 2469 3507 2523 enim

1933 2587 2056 2625 cum
2088 2569 2223 2634 Sila,
2258 2582 2312 2624 et
2353 2568 2711 2638 compedibus
2741 2566 3017 2633 alligatus.
3052 2571 3175 2632 post
3206 2562 3427 2616 verbera
3460 2572 3511 2615 et

1934 2663 2162 2729 ﬂagella,
2209 2663 2536 2733 hymnorum
2579 2658 2910 2714 cantilenam
2957 2671 3079 2710 cum
3108 2653 3364 2724 precibus
3413 2653 3507 2704 miv

1935 2756 2097 2820 seuit,
2147 2763 2200 2809 et
2237 2754 2458 2824 Optimae
2502 2751 2698 2822 vigiliae
2730 2749 2938 2803 fructus
2971 2747 3213 2817 percepit
3249 2764 3261 2800 :
3304 2744 3505 2798 divina:

1935 2849 2079 2902 enim
2113 2845 2454 2901 liberalitatis
2492 2849 2779 2912 compotes
2816 2837 3056 2894 fuerunt.

2009 3027 2176 3084 Vens.
2221 3028 2309 3082 65.
2351 3045 2367 3078 ι
2409 3025 2689 3092 Partieeps
2733 3037 2833 3092 ego
2864 3037 2984 3078 sum
3031 3019 3277 3074 omnium
3323 3018 3516 3072 timen-

258 3137 314 3174 σε
357 3120 457 3173 καὶ
495 3119 603 3171 τῶν
643 3119 1031 3188 φυλασσόντων
1074 3121 1172 3180 τὰς
1205 3117 1422 3180 ἐντολάς
1466 3133 1580 3170 σου.
1611 3135 1627 3167 ι
1682 3115 1741 3167 '0
1779 3115 1833 3167 δὲ

1945 3123 2072 3176 ιίυιη
2102 3131 2174 3184 te,
2209 3131 2261 3175 et
2292 3117 2718 3174 custodientium
2763 3114 3018 3168 mandata
3052 3119 3164 3166 tua.
3207 3129 3224 3162 ι
3269 3109 3518 3180 Symma-

257 3212 582 3282 Σύμμαχος,
613 3211 732 3265 ἀντὶ
760 3211 854 3264 τοῦ
873 3210 1148 3280 μέτοχος,
1178 3208 1565 3278 συνημμένος
1593 3207 1834 3277 εἴρηκεν,

253 3306 281 3355 6
336 3303 393 3356 δὲ
450 3303 623 3373 Σύρος
655 3343 670 3368 ,
713 3303 911 3370 φίλος.
971 3300 1473 3372 Ἀποστρεφόμενος
1547 3299 1656 3369 γὰρ
1712 3299 1840 3361 τοὺς

256 3395 519 3450 τάναντία
540 3397 651 3458 τοῖς
678 3396 792 3458 σοῖς
819 3395 1006 3465 νόμοις
1033 3393 1523 3465 προαιρουμένους,
1551 3393 1840 3452 κοινωνοὺς

258 3487 407 3558 εἷχον
444 3489 490 3521 ³⁵
522 3490 615 3542 καὶ
648 3487 901 3558 συνήθεις
932 3488 1059 3550 τοὺς
1105 3485 1197 3538 τὸν
1241 3485 1312 3557 [³⁸
1351 3483 1484 3556 σὺν],
1514 3485 1678 3554 φόϐον
1711 3483 1842 3553 περὶ

259 3581 460 3633 πολλοῦ
495 3578 879 3649 ποιουμένους,
912 3579 1006 3632 καὶ
1047 3577 1310 3647 βιοτεύειν
1357 3576 1600 3645 ἐννόμως
1645 3591 1842 3646 προαι⁴

261 3679 356 3741 ρου
367 3672 582 3741 μένους.
613 3670 783 3724 Τοῦτο
801 3671 844 3702 ³⁷
872 3671 965 3723 καὶ
992 3672 1048 3722 ὲν
1078 3671 1250 3741 ἑτέρῳ
1279 3667 1382 3738 ἔφη
1402 3667 1624 3740 ψαλμῷ,
1657 3667 1845 3737 (Ἐμοὶ

257 3767 312 3820 δὲ
344 3764 468 3818 λίαν
493 3761 829 3834 ἐτιμήθησαν
851 3763 901 3814 οί
924 3761 1066 3831 φίλοι
1100 3777 1212 3826 σου,
1247 3761 1275 3812 ὁ
1301 3760 1483 3823 Θεός⁸›
1546 3760 1549 3762 ’

331 3855 425 3924 ξδ’.
471 3876 489 3908 ι
529 3855 635 3908 Τοῦ
676 3855 860 3918 ἐλέους
917 3871 1033 3919 σου,
1074 3856 1268 3924 Κύριε,
1301 3853 1516 3930 πλήρης
1553 3853 1586 3923 ἡ
1629 3851 1732 3922 γῆ·
1777 3849 1846 3905 τὰ

258 3947 611 4018 δικαιώματά
666 3964 759 4000 σου
802 3946 1012 4011 δίδαξόν
1065 3962 1155 4015 με.
1201 3964 1218 3995 ι
1256 3945 1380 3996 Ἐπὶ
1418 3943 1646 4006 πάντας,
1689 3943 1843 4011 φησὶ,

263 4041 539 4103 πλουσίως
573 4039 783 4111 ἐκχέεις
809 4038 907 4101 τὰς
933 4038 1027 4091 τοῦ
1059 4037 1242 4099 ἐλέους
1266 4035 1468 4105 πηγὰς,
1506 4036 1599 4088 καὶ
1626 4035 1847 4088 ἀνατέλ-

262 4135 381 4197 λεις
411 4134 504 4186 τὸν
525 4132 677 4202 ἥλιόν
710 4147 806 4184 σου
831 4131 874 4163 ³⁸
906 4131 997 4184 ἐπὶ
1027 4131 1299 4200 πονηροὺς
1328 4130 1423 4182 καὶ
1455 4128 1720 4194 ἀγαθοὺς,
1753 4128 1849 4181 καὶ

265 4225 488 4297 βρέχεις
531 4225 624 4276 ἐπὶ
662 4222 913 4285 ’δικαίους
946 4222 1044 4275 καὶ
1075 4220 1316 4284 ἀδίκους,
1348 4222 1441 4273 καὶ
1483 4222 1583 4273 οὐκ
1619 4220 1850 4288 ἐπάγεις

262 4320 366 4389 τὴν
415 4317 586 4388 ὀργὴν
633 4316 752 4370 καθ’
785 4315 1024 4385 εκάστην
1058 4314 1293 4385 ἡμέραν,
1326 4313 1461 4366 ἀλλὰ
1511 4314 1700 4383 φέρεις
1745 4331 1850 4382 μα-

265 4406 562 4478 κροθύμως
593 4407 638 4438 ”
669 4406 796 4469 τοὺς
853 4405 953 4475 μὲν
1007 4404 1220 4475 γάμους
1283 4403 1658 4474 διορύττοντας
1692 4403 1850 4458 ἀλλο-

266 4472 478 4570 τρίους,
507 4497 633 4557 τοὺς
662 4496 718 4550 δὲ
755 4472 944 4566 αἵματι
989 4472 1376 4564 μιαινομένουςῖ
1407 4494 1578 4565 ἀδίκῳ
1605 4510 1620 4526 ο
1657 4493 1837 4558 ἄλλους

1958 4472 2220 4565 sanguine
2267 4497 2520 4550 fedamur

267 4591 322 4642 δὲ
385 4589 874 4659 σφετεριζομένους
931 4588 1002 4641 τὰ
1057 4588 1131 4658 μὴ
1179 4588 1562 4657 προσήκοντα·
1623 4587 1749 4651 τοὺς
1797 4587 1854 4640 δὲ

273 4682 651 4752 βλασφημίαις
678 4681 778 4752 τὴν
793 4680 1037 4749 γλῶτταν
1058 4678 1506 4750 μολύνοντας,καὶ
1525 4678 1649 4740 τοὺς
1663 4677 1856 4742 ἄλλους

273 4775 403 4829 ἄλλο
445 4791 499 4826 τι
523 4775 634 4827 τῶν
663 4774 999 4844 παρανόμων
1044 4771 1380 4841 τολμῶντας.
1407 4769 1657 4842 Τοσαύτη
1676 4771 1856 4825 τοίνυν

276 4869 660 4940 φιλανθρωπίᾳ
684 4865 982 4940 χρώμενος,
1005 4867 1150 4937 κάμὲ
1170 4866 1371 4936 ταύτης
1389 4864 1638 4932 ἀξίωσον,
1655 4865 1859 4918 Δέσπο-

277 4979 367 5021 τα,
397 4963 507 5016 τῶν
526 4961 634 5014 σῶν
654 4979 741 5031 μοι
759 4961 1140 5030 δικαιωμάτων
1178 4959 1436 5030 παρέχων
1456 4957 1553 5028 τὴν
1584 4959 1804 5026 γνῶσιν.

355 5054 426 5074 Ρ,Ι

352 5054 446 5122 ξε’.
486 5073 502 5106 ι
541 5053 894 5126 Χρηστότητα
924 5053 1188 5122 ἐποίησας
1215 5051 1354 5122 μετὰ
1385 5049 1481 5104 τοῦ
1515 5050 1700 5104 δούλου
1731 5067 1848 5109 σου,

383 5283 402 5325 ι
445 5273 650 5340 Matth.
680 5299 830 5348 xxu’,
869 5284 956 5338 ιε.
1035 5290 1076 5313 ⁵⁸
1115 5283 1220 5338 lsa.
1263 5295 1315 5344 ν,
1356 5281 1440 5335 18.
1471 5336 1482 5346 ,
1519 5291 1546 5318 ιι
1585 5280 1708 5334 Act.
1750 5293 1862 5343 xvi,
1903 5275 1996 5330 25.

1941 3215 2077 3269 chus
2114 3228 2214 3283 pro
2252 3213 2556 3281 particeps,
2605 3208 2745 3263 dixit
2795 3205 3108 3274 conjunctus
3135 3243 3150 3265 ,
3208 3213 3261 3258 et
3307 3201 3514 3272 Syrus,

1942 3306 2164 3358 amicus.
2202 3304 2500 3356 Aversatus
2533 3300 2679 3354 enim
2727 3312 2823 3351 eos
2861 3295 2955 3366 qui
3004 3293 3216 3364 legibus
3277 3291 3386 3346 tuis
3435 3307 3520 3344 re-

1945 3395 2240 3465 pugnantia
2283 3393 2602 3458 elegerunt,
2660 3388 2843 3442 socios
2907 3384 3178 3440 habuLet
3222 3382 3520 3436 familiares

1947 3482 2158 3554 1455
2202 3497 2297 3534 eos
2348 3480 2440 3548 qui
2490 3487 2639 3531 tuum
2700 3478 2952 3530 timorem
2985 3472 3169 3542 magni
3217 3469 3520 3533 faciebant,

1944 3575 2147 3646 quique
2189 3573 2356 3627 vitam
2402 3570 2643 3638 legitime
2688 3565 2976 3620 traducere
3006 3563 3382 3617 decreverunt.
3415 3558 3525 3613 "ut:

1946 3667 2108 3720 etiam
2137 3665 2192 3717 in
2229 3663 2334 3716 alio
2364 3661 2578 3732 psalmo
2609 3657 2747 3711 dixit
2776 3674 2788 3708 :
2825 3675 2842 3706 (
2875 3653 3048 3708 Penes
3065 3667 3149 3706 me
3169 3659 3349 3704 autem
3370 3650 3526 3702 valde

1946 3757 2196 3813 honorati
2235 3764 2362 3810 sunt
2389 3752 2548 3807 amici
2592 3750 2690 3815 tui,
2733 3763 2766 3801 0
2794 3746 2936 3800 Deus
2963 3751 3009 3797 ο.
3053 3763 3068 3794 ι

2019 3851 2182 3906 Vens.
2226 3850 2312 3904 64.
2357 3866 2374 3897 ‹
2412 3842 2788 3900 Misericordia
2826 3848 2938 3904 tua,
2962 3835 3212 3893 Domine,
3242 3830 3399 3901 plena
3443 3842 3529 3883 est
3565 3902 3569 3905 _

1947 3938 2585 4012 terrazjustilicationcs
2631 3944 2753 3987 tuas
2802 3929 2940 3983 doce
2989 3941 3094 3979 me.
3131 3943 3149 3975 ι
3206 3921 3264 3977 ln
3311 3934 3525 3983 omnes,

1950 4037 2144 4106 inquit,
2202 4033 2408 4088 affatim
2452 4023 2836 4082 misericordia:
2895 4019 3073 4073 fontes
3119 4013 3430 4087 profundis,
3477 4019 3532 4066 et

1950 4105 2082 4184 oriri
2123 4127 2260 4181 facis
2301 4124 2470 4179 solem
2507 4129 2658 4174 tuum
2700 4130 2891 4185 super,
2918 4113 3094 4167 bonos
3131 4118 3195 4161 at
3236 4105 3436 4170 malos,
3479 4111 3533 4156 et

1951 4223 2095 4292 pluis
2142 4234 2305 4289 super
2347 4216 2526 4289 iustos
2574 4221 2628 4266 et
2679 4206 2912 4278 iniustos
2972 4223 2986 4259 :
3031 4214 3086 4258 et
3133 4217 3241 4256 non
3286 4194 3533 4268 quotidie

1954 4318 2090 4371 iram
2139 4313 2374 4376 inducis,
2425 4309 2518 4364 sed
2557 4305 2754 4362 suffers
2812 4301 3085 4370 patienter
3133 4307 3247 4352 tum
3295 4295 3395 4348 hos
3437 4290 3533 4360 qui

1953 4408 2174 4480 nuptias
2215 4407 2419 4461 alienas
2465 4402 2812 4470 disiungunt.
2871 4403 2985 4448 tum
3037 4392 3140 4446 hos
3181 4387 3274 4458 qui
3325 4384 3533 4452 iniusto

2567 4510 2582 4547 :
2624 4501 2678 4546 et
2725 4489 2864 4543 alios
2919 4485 3013 4554 qui
3051 4483 3228 4536 aliena
3278 4475 3382 4531 sibi
3413 4473 3535 4525 vin-

1960 4593 2162 4652 dicant,
2198 4587 2334 4642 alios
2365 4585 2455 4653 qui
2486 4581 2666 4651 impiis
2692 4577 2917 4632 vocibus
2951 4575 3194 4653 linguam
3232 4565 3530 4625 maculant,

1961 4691 2013 4736 et
2042 4646 2176 4735 alios
2205 4677 2297 4747 qui
2325 4646 2529 4742 aliquid
2559 4646 2744 4739 {iniqui
2781 4673 2994 4735 patrare
3025 4646 3246 4714 audent.
3282 4654 3400 4708 Tali
3433 4651 3534 4720 igi—

1966 4785 2051 4828 tur
2079 4769 2405 4838 benignitate
2433 4772 2612 4826 utens,
2636 4771 2688 4813 et
2711 4774 2796 4814 me
2825 4757 2948 4817 hac,
2974 4770 3007 4808 ο
3036 4749 3286 4812 Domine,
3305 4748 3532 4816 dignum

1965 4867 2073 4929 fac,
2107 4872 2322 4917 tuarum
2351 4853 2799 4926 iustificationum
2831 4847 3117 4904 scientiam
3158 4842 3420 4913 largiens.

2028 5044 2195 5100 Vens.
2234 5041 2324 5096 65.
2371 5057 2389 5089 ι
2430 5035 2826 5106 Benignitatem
2862 5015 3172 5085 Iexhihuisti
3214 5041 3375 5081 servo
3409 5029 3524 5084 tuo,

2106 5269 2294 5325 °Psal.
2329 5278 2599 5327 cxxxvm,
2639 5259 2726 5318 17.

1418 5506 1650 5563 VARle
1691 5500 2076 5561 LECTIONES
2111 5497 2197 5554 ET
2229 5493 2464 5583 ΝΟΤΑέξ.

365 5701 408 5740 ’9
446 5695 786 5754 Δυσσεσῶν.
823 5695 946 5751 cod.
976 5695 996 5750 1
1032 5694 1324 5764 δαιμόνων.

304 5841 347 5872 ⁸⁸
385 5839 428 5894 Ε
460 5841 586 5896 cod.
622 5842 639 5894 1
675 5855 833 5909 supp.
910 5838 949 5869 ³⁷
993 5835 1197 5891 Τοῦτο.
1234 5834 1355 5890 cod.
1391 5832 1409 5884 l
1446 5831 1493 5885 τ’
1528 5831 1678 5884 αὐτὸ.

299 5770 310 5781 .
365 5701 408 5740 ’9
446 5695 946 5781 Avdgeb’év._cod.
976 5695 996 5750 1
1032 5694 1324 5781 δαιμόνων.
1405 5693 1448 5781 ξ’
1479 5691 1644 5781 quat.
1678 5688 1837 5781 Bepet

1945 5705 1958 5737 μ
1991 5689 2042 5741 in
2079 5687 2200 5742 cod.
2232 5684 2282 5736 1.

1945 5758 2071 5781 -B--.
2129 5756 2222 5781 ,ημι

298 5770 352 5823 iu
384 5781 532 5824 textu
565 5751 1246 5826 Gnecodesiderabantur,
1274 5779 1303 5817 e
1330 5762 1450 5817 cod.
1487 5760 1510 5812 1
1554 5760 1730 5828 suppl.
1763 5751 1775 5760 ’
1806 5760 1837 5791 ³³

304 5841 347 5872 ⁸⁸
385 5839 428 5882 F.
460 5841 585 5882 0nd-
622 5842 637 5882 I
675 5855 832 5882 snnn-
910 5838 949 5869 ³⁷
993 5835 1197 5882 Τοῦτο.
1234 5834 1355 5882 cod.
1392 5832 1409 5882 1
1446 5831 1493 5882 τ’
1528 5831 1678 5882 αὐτὸ.
1757 5830 1800 5861 ³⁸

1945 5758 2095 5811 νδοκ.
2126 5756 2246 5809 cod.
2280 5754 2303 5808 1
2342 5751 2500 5820 πέδῃ.

1945 5847 1976 5882 γ.
2010 5829 2177 5882 Abest
2209 5840 2236 5878 a
2261 5823 2380 5879 cod.
2413 5826 2460 5875 1.

2387 5682 2426 5714 ⁸¹
2461 5679 2584 5735 cod.
2622 5677 2645 5731 1
2686 5675 2832 5729 κατὰ
2866 5674 2916 5726 τ’
2945 5669 3098 5724 αὑτό.
3201 5667 3244 5698 ³³
3278 5667 3401 5718 Haec
3431 5677 3554 5730 qnze

2388 5751 2496 5789 ἕδη.
2575 5748 2620 5782 ⁸³
2651 5745 2776 5789 0nd-
2811 5745 2831 5789 1
2873 5742 3163 5789 ἐτρύγησε.
3239 5739 3281 5770 ³⁵
3418 5733 3548 5789 ἔγω.

2575 5748 2620 5782 ⁸³
2651 5745 2778 5800 cod.
2811 5745 2834 5797 1
2873 5745 3163 5813 ἐτρύγησε.
3239 5745 3281 5770 ³⁵⁸
3311 5745 3384 5790 ib.
3418 5745 3548 5804 εχω.

2539 5819 2584 5850 ³⁸
2617 5817 2874 5884 Μακροθ.
2955 5812 3075 5865 Des.
3103 5809 3239 5864 ibid.
