3996 6508
465 312 602 379 1847

1457 322 1948 383 THEODORETI
1971 321 2311 383 EPlSCOPl
2354 323 2719 384 CYRENSIS

3593 321 3755 385 1848

541 429 707 485 Vens.
761 430 852 486 80.
909 449 928 484 ι
967 430 1089 488 Fiat
1139 451 1235 489 cor
1280 451 1462 492 meum
1514 438 1928 494 immaculatum
1989 440 2042 494 in

2220 439 2293 494 π’.
2328 460 2347 491 ι
2383 435 2734 512 Ιένηθήτωή
2767 440 2964 510 καρδία
3000 459 3102 511 μου
3132 443 3366 516 ἄμωμος
3401 446 3458 499 ἐν
3501 446 3622 503 τοῖς
3655 443 3752 492 δι-

463 520 953 590 jnstilicationibus
1001 527 1128 592 luis,
1179 527 1234 582 ut
1280 545 1388 584 non
1438 531 1766 586 conl'undar.
1810 551 1828 584 ι
1879 537 1896 555 ‘
1938 531 2046 588 Cor

467 614 537 667 ab
572 615 722 668 omni
761 617 1186 685 reprehensione
1235 621 1466 675 liberum
1509 623 1712 678 habere
1744 623 2044 691 desiderat,

468 707 914 775 quandoquidem
970 710 1286 780 hujusmodi
1340 728 1434 767 cor
1486 732 1515 768 ιι
1563 714 1770 783 pudore
1816 716 2046 770 liberum

467 803 572 850 est.
622 794 918 868 PrOpterea
953 800 1170 872 1459
1193 803 1377 858 statim
1419 804 1688 873 psalmum
1731 805 2046 868 exordiens,

470 890 620 942 omni
654 891 1082 958 reprehensione
1118 910 1322 949 vacuos
1350 896 1538 950 beatos
1561 911 1682 951 esse
1713 896 1851 951 dixit
1882 914 1896 951 :

543 977 708 1034 Vens.
751 981 838 1035 81.
887 1002 904 1032 ι
946 985 1136 1038 Delicit
1180 986 1234 1039 in
1266 986 1494 1040 salutari
1542 997 1636 1042 tuo
1678 989 1861 1042 anima
1907 1005 2048 1055 mea,

472 1070 598 1136 quia
640 1070 692 1123 in
733 1073 915 1128 verbis
947 1075 1057 1128 tuis
1092 1091 1245 1144 spem
1283 1077 1464 1145 posui.
1505 1097 1523 1129 ι
1565 1076 1669 1144 Qui
1701 1080 2054 1135 vehementer

474 1161 674 1230 aliquid
707 1165 1039 1230 desiderant,
1069 1183 1127 1221 re
1163 1168 1470 1223 desiderata
1507 1181 1689 1224 autem
1722 1185 1931 1237 carent,
1973 1175 2054 1227 di-

475 1265 672 1309 runtur
703 1257 953 1312 deiicere.
985 1258 1248 1315 Similiter
1281 1262 1373 1328 qui
1412 1263 1565 1316 valde
1594 1264 1808 1329 sitiunt,
1834 1277 1887 1340 et
1911 1282 2051 1334 aqua

475 1358 680 1402 carent.
709 1350 974 1404 Similiter
1014 1353 1104 1420 qui
1128 1354 1367 1422 aliquem
1412 1355 1772 1410 domesticum
1806 1372 1870 1410 ex
1900 1374 2054 1427 pere-

476 1437 786 1504 grinatione
824 1453 1166 1512 exspectant,
1195 1445 1506 1500 desiderant
1541 1447 1760 1516 quidem
1794 1464 2007 1516 semper
2039 1467 2051 1502 :

475 1528 730 1586 desiderii
773 1549 905 1588 vero
941 1552 1048 1590 non
1083 1548 1365 1606 compotes
1397 1536 1548 1602 facti,
1602 1554 1839 1592 moerere
1885 1539 2056 1592 conli-

476 1621 718 1676 ciuntur.
759 1625 1020 1680 Similiter
1062 1629 1228 1682 etiam
1291 1629 1369 1682 illi
1411 1629 1506 1700 qui
1549 1646 1674 1684 cum
1722 1631 2055 1685 calamitati-

479 1715 581 1768 bus
615 1717 942 1784 quibusdam
996 1721 1378 1785 colluctantur,
1425 1733 1479 1778 et
1524 1723 1764 1777 divinam
1824 1723 2056 1777 benevo-

2148 532 2425 603 καιώμασί
2477 550 2594 597 σου,
2655 534 2806 596 ὅπως
2867 533 2935 587 ἂν
3000 534 3076 606 μὴ
3129 537 3425 608 αἰσχυνθῶ.
3464 555 3484 589 ι
3517 535 3751 603 Μώμου

2148 625 2351 689 παντὸς
2381 626 2676 697 ἐλευθέραν
2704 625 2850 696 ἔχειν
2883 627 3109 698 καρδίαν
3139 629 3374 698 ἐφίεται.
3408 631 3473 683 Ἥ
3503 628 3751 692 τοιαύτη

2147 717 2256 790 γὰρ
2307 719 2570 790 αἰσχύνης
2613 721 3006 790 ἀπήλλακται.
3034 723 3135 777 Διά
3175 741 3258 777 τοι
3292 725 3452 778 τοῦτο
3495 721 3595 776 καὶ
3649 721 3759 771 εύ-

2150 811 2247 874 θϋς
2297 812 2606 883 ἀρξάμενος
2675 812 2772 866 τοῦ
2815 813 3033 886 ψαλμοῦ
3092 816 3220 880 τοὺς
3269 815 3540 886 ἀμώμους
3602 815 3761 880 ἐμα-

2150 919 2396 970 καρισεν.

2221 1002 2331 1050 πα¹.
2375 1015 2392 1048 ι
2434 997 2706 1051 Ἐκλείπει
2733 999 2813 1062 εἰς
2839 1000 2900 1052 τὸ
2933 999 3202 1071 σωτήριόν
3230 1017 3324 1054 σου
3358 1003 3388 1071 ἡ
3420 999 3568 1071 ψυχή
3612 1014 3756 1067 μου.

2151 1089 2232 1141 ὅτι
2257 1089 2300 1121 ⁸³
2332 1091 2411 1153 είς
2443 1091 2569 1153 τοὺς
2599 1090 2788 1159 λόγους
2821 1109 2915 1145 σου
2948 1092 3244 1163 ἐπήλπισα.
3286 1113 3304 1144 ι
3344 1094 3408 1146 Ol
3439 1093 3658 1162 σφόδρα
3695 1107 3758 1141 τι

2153 1180 2469 1245 ποθοῦντες,
2511 1182 2606 1235 καὶ
2639 1183 3003 1253 ἐστερημένοι
3032 1183 3125 1236 τοῦ
3159 1183 3526 1253 ποθουμένου,
3556 1178 3756 1235 ἐκλεί-

2156 1290 2278 1326 πειν
2306 1273 2491 1340 φασίν.
2530 1272 2719 1337 Οὕτως
2744 1275 2794 1326 οἱ
2821 1275 2962 1342 ἄγαν
2991 1274 3276 1342 διψῶντες,
3312 1275 3407 1328 καὶ
3445 1272 3760 1335 σπανίζον-

2153 1383 2243 1428 τες
2271 1365 2486 1429 ὓδατος.
2517 1366 2703 1430 Οὕτως
2737 1368 2788 1420 οἵ
2815 1385 2936 1420 τινα
2974 1368 3082 1421 τῶν
3109 1367 3408 1438 γνωρίμων
3448 1367 3508 1433 ἐξ
3537 1365 3762 1433 ἀποδη-

2158 1456 2287 1526 μίας
2309 1458 2727 1527 προσμένοντες,
2758 1458 3058 1530 ἱμείρονται
3082 1461 3180 1529 μὲν
3204 1460 3314 1520 ἀεὶ,
3334 1458 3760 1528 κατατήκονται

2153 1549 2210 1602 δὲ
2239 1549 2316 1619 τῷ
2355 1549 2506 1619 πόθῳ
2533 1549 3013 1622 διαμαρτάνοντες.
3045 1551 3201 1604 Οὕτω
3225 1553 3322 1604 καὶ
3351 1554 3400 1605 οἱ
3430 1551 3761 1619 συμφοραῖς

2155 1658 2265 1693 τισι
2295 1643 2782 1714 προσπαλαιόντες,
2819 1644 2916 1698 καὶ
2942 1645 3042 1714 τὴν
3071 1643 3222 1696 θείαν
3248 1644 3545 1714 εὐμένειαν
3575 1656 3763 1711 προσ-

2163 1732 2435 1801 μένοντες,
2469 1733 2916 1805 ἀναϐαλλομένην
2960 1735 3168 1806 ταύτην
3204 1735 3442 1806 ὁρῶντες
3468 1736 3517 1766 ⁷⁸
3563 1731 3762 1786 ἐκλεί-

479 1803 701 1859 lentiam
772 1820 1137 1879 exspectant,
1215 1813 1340 1866 dum
1404 1815 1543 1869 hanc
1602 1802 2376 1884 pro‘crastinatamBnoucw.

478 1898 688 1965 vident,
719 1900 1002 1959 deliciunt.

548 2079 715 2137 Vsus.
757 2084 847 2140 82.
907 2105 923 2138 ι
966 2087 1295 2145 Defecerunt
1352 2089 1494 2146 oculi
1564 2093 1666 2146 mei
1726 2092 1780 2146 in
1840 2093 2060 2162 eloquio

479 2181 596 2242 tuo,
622 2175 898 2234 dicentes:
925 2181 1158 2246 Quando
1181 2185 1552 2240 consolaberis
1579 2202 1662 2240 me
1679 2187 1702 2239 Υ
1733 2207 1750 2239 ι
1775 2185 2060 2256 Eloquium

478 2275 533 2319 et
563 2269 859 2336 promissio
897 2273 1080 2327 divina
1121 2284 1370 2338 vocatur,
1399 2287 1452 2330 et
1480 2277 1763 2344 Scriptura
1791 2279 2059 2333 divinitus

480 2357 768 2426 inspirata.
831 2361 1024 2418 Dellcit
1075 2366 1243 2434 igitur
1302 2383 1407 2421 non
1461 2369 1624 2423 modo
1670 2369 1765 2437 qui
1819 2370 2058 2423 divinam

479 2451 900 2518 promissionem
932 2494 946 2517 ,
979 2466 1034 2510 et
1073 2459 1445 2514 liberationem
1519 2461 1587 2514 ab
1647 2460 2060 2516 imminentibus

479 2541 640 2596 malis
666 2557 961 2613 exspectat,
994 2548 1088 2602 sed
1115 2549 1277 2603 etiam
1305 2552 1398 2620 qui
1424 2551 1604 2604 divina
1638 2553 1862 2605 oracula
1910 2553 2063 2606 lecti-

482 2640 583 2696 tat,
619 2631 929 2704 horumque
947 2652 1169 2692 sensum
1212 2641 1402 2694 sedulo
1437 2641 1645 2695 discere
1670 2641 1982 2704 desiderat,
2009 2651 2062 2697 et

481 2731 636 2792 putat
680 2727 875 2781 horum
923 2730 1294 2784 inventionem
1328 2746 1450 2786 esse
1472 2729 1574 2786 sibi
1607 2730 2058 2798 consolationem,

479 2826 534 2870 et
569 2819 736 2873 animi
766 2821 1210 2877 oblectationem.

551 2914 716 2971 Vens.
747 2916 838 2971 83.
873 2935 892 2968 ι
929 2916 1068 2984 Quia
1094 2917 1274 2974 factus
1301 2935 1422 2975 sum
1451 2901 1594 2975 sicut
1617 2929 1737 2974 uter
1763 2921 1815 2974 in
1842 2921 2060 2989 pruina,

475 3005 940 3077 justiticationum
988 3022 1202 3066 tuarum
1262 3030 1366 3066 non
1413 3029 1533 3068 sum
1595 3013 1821 3070 oblitus.
1859 3034 1876 3065 ι
1935 3015 2062 3070 Uter

2227 2090 2337 2162 πβ’.
2373 2110 2391 2142 ι
2435 2089 2714 2156 Ἐξέλιπον
2768 2091 2816 2142 oi
2866 2089 3136 2160 ὀφθαλμοί
3173 2107 3276 2160 μου
3323 2089 3404 2152 είς
3453 2088 3517 2142 τὸ
3564 2085 3758 2155 λόγιόν

2160 2203 2277 2248 σου,
2305 2185 2573 2252 λέγοντες,
2596 2181 2734 2237 Πότε
2759 2183 3159 2254 παρακαλέσεις
3197 2199 3263 2250 με
3286 2199 3300 2246 ;
3337 2199 3357 2232 ι
3404 2181 3626 2248 Λόγων
3652 2179 3755 2232 καὶ

2160 2278 2510 2348 ὑπόσχεσιςὴ
2543 2276 2666 2330 Θεία
2693 2277 2965 2334 καλεῖται,
3001 2275 3095 2327 καὶ
3209 2271 3576 2333 θεόπνευστος
3601 2271 3755 2339 Pp:-

2159 2370 2257 2441 φή.
2297 2369 2572 2423 Ἐκλείπει
2607 2368 2790 2421 τοίνυν
2833 2366 2894 2420 οὑ
2931 2364 3091 2434 μόνον
3124 2365 3152 2417 6
3183 2363 3280 2432 τὴν
3312 2363 3614 2430 ὑπόσχεσιν
3645 2362 3756 2429 τὴν

2161 2460 2313 2514 θείαν
2347 2460 2658 2531 ἀναμένων,
2692 2459 2788 2512 καὶ
2817 2458 2916 2528 τὴν
2939 2457 3094 2510 λύσιν
3117 2456 3224 2508 τῶν
3245 2453 3622 2523 ἐπικειμένων
3645 2469 3756 2504 κα-

2161 2554 2274 2607 κῶν
2305 2553 2740 2624 προσδεχόμενος
2759 2569 2774 2582 ’
2804 2549 2940 2604 ἀλλὰ
2968 2549 3061 2602 καὶ
3091 2551 3119 2600 6
3149 2550 3261 2609 τοῖς
3291 2545 3458 2606 θείοις
3483 2544 3759 2611 ἐντυγχέι·

2160 2663 2266 2698 νων
2308 2643 2530 2713 λογίοις,
2561 2644 2658 2697 καὶ
2705 2643 2805 2713 τὴν
2854 2640 3062 2694 τούτων
3111 2639 3353 2692 διάνοιαν
3401 2634 3759 2703 καταμαθεῖν

2161 2733 2408 2804 ἀκριϐῶς
2438 2735 2746 2804 ἐφιέμενος,
2772 2732 2868 2786 καὶ
2892 2731 3238 2802 παράκλησιν
3264 2728 3356 2782 καὶ¹
3384 2725 3760 2796 ψυχαγωγίαν

2163 2826 2537 2896 ὑπολαμϐάνει
2571 2825 2670 2892 τὴν
2695 2824 2933 2894 εὕρεσιν.

2234 2928 2343 2992 πγ¹.
2384 2942 2401 2974 ι
2444 2923 2566 2977 Ὅτι
2591 2920 2856 2992 ἐγενήθην
2888 2921 2964 2981 ὡς
2989 2916 3153 2980 ἀσκὸς
3179 2918 3234 2968 ἐν
3263 2917 3444 2986 πάχνη
3468 2914 3510 2943 ⁷¹
3538 2928 3552 2942 ·
3580 2913 3653 2966 τὰ
3681 2910 3764 2964 δι·

2163 3015 2456 3087 καιὼματά
2489 3031 2584 3066 σου
2623 3013 2723 3066 οὑκ
2754 3011 3122 3078 ἐπελαθόμην.
3161 3029 3178 3059 ι
3225 3008 3283 3060 '0
3313 3009 3479 3070 ἀσκὸς
3511 3005 3764 3075 θερμαι-

479 3101 781 3158 calelactus
826 3105 1086 3172 mollitur,
1129 3117 1182 3161 et
1223 3106 1551 3161 tumefactus
1593 3107 1904 3161 extenditur
1949 3126 1961 3160 :
2003 3108 2055 3161 in

2167 3111 2384 3180 νόμενος
2418 3104 2734 3177 χαυνοῦται,
2769 3103 2864 3157 καὶ
2889 3100 3278 3172 φυσώμενοςηπ
3308 3096 3655 3164 ἐξογκοῦται·
3690 3099 3756 3144 ἐν

479 3189 678 3258 pruina
711 3206 839 3245 vero
895 3191 1212 3248 obdurescit
1256 3204 1310 3249 et
1352 3194 1713 3248 contrahitur.
1761 3194 1853 3248 Sic
1890 3196 2054 3248 etiam

479 3285 729 3354 corporis
769 3295 965 3341 natura
1009 3288 1253 3342 mollitur
1315 3289 1538 3357 quidem
1583 3303 1678 3358 per
1711 3288 1959 3351 delicias,
2006 3297 2060 3340 et

481 3380 815 3445 extenditur,
861 3389 917 3434 et
954 3391 1146 3436 contra
1174 3381 1412 3436 animam
1453 3382 1693 3452 assurgit
1721 3400 1734 3436 :
1767 3381 2058 3436 amictione

481 3485 613 3524 vero
667 3472 1078 3527 exercitationis
1136 3473 1483 3543 deprimitur,
1548 3484 1601 3528 et
1654 3474 1939 3544 premitur.
1997 3472 2060 3526 Et

483 3559 648 3629 hujus
679 3563 757 3616 rei
792 3563 946 3619 testis
969 3571 1051 3618 est
1086 3565 1373 3634 Apostolus
1396 3567 1711 3620 exclamans
1738 3584 1750 3619 :
1785 3585 1803 3617 ι
1835 3565 2058 3634 Castigo

478 3668 680 3724 corpus
707 3671 912 3721 meum,
945 3666 998 3711 et
1027 3658 1079 3710 in
1110 3658 1428 3712 servitutem
1455 3659 1661 3728 redigo,
1695 3673 1762 3711 ne
1784 3673 1908 3711 cum
1939 3657 2057 3710 aliis

478 3747 911 3814 praedicaverim,
950 3749 1064 3818 ipsc
1099 3753 1364 3819 reprobus
1400 3749 1603 3805 eiliciar
1624 3762 1672 3804 ιι.
1710 3769 1730 3802 ι
1762 3749 1900 3804 Hinc
1927 3749 2057 3802 Pro-

479 3839 664 3907 pheta,
705 3857 827 3894 eum
860 3858 888 3894 a
923 3841 1331 3920 lhﬁQSaule
1371 3843 1804 3913 persecutionem
1845 3850 2058 3912 patere-

481 3939 589 3989 tur,
623 3930 907 3990 allectibus
943 3935 1195 4000 superior
1233 3941 1350 3988 erat
1379 3949 1393 3987 :
1419 3949 1545 3988 cum
1582 3949 1711 3987 vero
1740 3947 1872 4003 pace
1916 3933 2057 4002 poti-

479 4029 568 4074 tus
592 4033 756 4088 esset,
797 4039 894 4093 per
933 4024 1255 4080 deliciarum
1284 4027 1538 4082 stimulos
1576 4027 1740 4082 hesus
1778 4035 1900 4082 est:
1932 4042 2056 4081 cum

479 4119 660 4168 autem
699 4131 896 4186 corpus
940 4117 1318 4186 depressisset,
1358 4119 1672 4175 divinarum
1712 4121 1891 4190 legum
1941 4135 2058 4174 me-

481 4207 714 4262 moriam
746 4210 1050 4264 renovavit.

554 4296 716 4354 Vens.
759 4299 848 4355 84.
895 4319 913 4351 ι
951 4300 1098 4366 Quot
1138 4313 1268 4357 sunt
1313 4305 1431 4360 dies
1481 4305 1624 4360 servi
1673 4305 1792 4368 tui,
1837 4303 2058 4374 quando

479 4391 760 4445 exercebis
816 4399 1006 4445 contra
1072 4405 1459 4463 persequentes
1523 4409 1610 4448 me
1663 4393 1980 4463 judicium?
2032 4409 2052 4442 ι

480 4477 672 4545 Breve,
719 4481 816 4547 ait,
855 4481 1105 4536 humanae
1144 4482 1267 4535 vit-.9
1313 4489 1396 4536 est
1446 4491 1680 4550 tempus.
1737 4478 1861 4534 Dies
1908 4479 2055 4532 enim

2160 3203 2216 3256 δέ
2237 3204 2302 3272 τῇ
2329 3199 2509 3270 πάχνη
2542 3195 2905 3266 σκληρύνεται
2939 3193 3034 3248 καὶ
3060 3193 3356 3262 πήγνυται.
3385 3191 3543 3243 Οὑτω
3577 3189 3627 3219 ⁷⁸
3655 3188 3763 3240 καὶ

2159 3292 2253 3346 τοῦ
2286 3293 2537 3362 σώματος
2569 3289 2787 3360 ἡφύσις
2837 3284 3133 3356 χαυνοῦται
3189 3285 3287 3353 μὲν
3321 3287 3387 3353 τῇ
3422 3284 3630 3353 τρυφῇ,
3659 3283 3762 3332 καὶ

2163 3384 2500 3453 ἐξογκοῦται,
2538 3384 2632 3435 καὶ
2659 3379 2804 3436 κατὰ
2831 3378 2932 3448 τῆς
2955 3376 3136 3447 ψυχῆς
3167 3375 3546 3441 ἐξανίσταται”
3576 3373 3682 3440 τῆς
3711 3371 3762 3401 ⁷⁵

2161 3476 2216 3529 δὲ
2272 3475 2576 3546 ἀσκητικῆς
2633 3471 2902 3542 κακουχίᾳ
2938 3467 3292 3522 ταπεινοῦται
3340 3465 3433 3518 καὶ
3472 3463 3757 3524 πιέζεται.

2161 3570 2272 3622 Καὶ
2307 3569 2498 3620 τούτου
2533 3567 2743 3637 μάρτυς
2776 3565 2822 3597 ⁷⁸
2851 3565 2879 3616 ὁ
2908 3562 3118 3624 Παῦλος
3155 3560 3316 3630 βοῶν,
3364 3577 3384 3609 ‹
3425 3555 3564 3609 Ἀλλ’
3612 3555 3761 3607 ὑπο-

2160 3663 2334 3726 πιέζω
2367 3660 2411 3691 ⁷⁸
2448 3676 2550 3730 μου
2581 3659 2641 3711 τὸ
2678 3658 2860 3727 σῶμα,
2885 3657 2980 3710 καὶ
3018 3652 3372 3722 δουλαγωγῶ,
3409 3653 3613 3721 μήπως
3654 3651 3758 3702 ἄλ-

2159 3754 2272 3817 λοις
2301 3751 2546 3823 κηρύξας
2581 3750 2744 3814 αὐτὸς
2784 3749 3041 3819 ἀδόκιμος
3077 3748 3344 3817 γένωμαι.
3392 3763 3411 3795 ι
3451 3743 3760 3812 Τοιγάρτοι

2161 3847 2254 3900 καί⁸
2283 3847 2310 3898 6
2342 3846 2655 3914 Προφήτης,
2685 3843 2876 3910 ἐπειδὴ
2907 3841 3237 3910 διωκόμενος
3288 3837 3394 3891 ὑπὸ
3421 3836 3519 3890 τοῦ
3550 3836 3757 3894 Σαοὺλ,

2160 3937 2426 4007 κρείττων
2456 3930 2522 4006 ἦν
2552 3933 2660 3986 τῶν
2691 3931 2878 3986 παθῶν
2900 3949 2913 3963 ο
2941 3932 3164 4002 εἰρήνης
3191 3929 3249 3982 δὲ
3273 3927 3612 3989 ἀπολαύσας.
3638 3929 3759 3987 τοῖς

2160 4029 2267 4082 ἀπὸ
2323 4028 2423 4097 τῆς
2465 4026 2679 4096 τροφῆς
2736 4024 2940 4092 ἐϐλάϐη
2986 4022 3350 4093 σκιρτήμασι,
3397 4020 3758 4080 ταπεινώσας

2159 4118 2220 4170 τὸ
2275 4116 2456 4187 σῶμα,
2511 4115 2619 4169 τῶν
2675 4115 2834 4169 θείων
2877 4114 3060 4185 νόμων
3113 4115 3212 4184 τὴν
3245 4113 3469 4183 μνήμην
3516 4112 3759 4164 ἀνενεώ-

2163 4227 2313 4262 σατο.

2235 4299 2338 4352 πᾶ.
2381 4317 2399 4350 ι
2426 4301 2594 4352 Πόσαι
2625 4299 2761 4351 εἰσιν
2785 4300 2841 4351 al
2869 4297 3077 4368 ἡμέραι
3109 4295 3201 4349 τοῦ
3229 4295 3418 4350 δούλου
3448 4313 3583 4363 sou;
3619 4298 3760 4348 ποτε

2163 4393 2409 4461 ποιήσεις
2468 4409 2556 4462 μοι
2593 4394 2658 4444 ἐκ
2697 4391 2805 4442 τῶν
2863 4389 3412 4458 καταδιωκόντωνμε
3460 4390 3692 4460 κρίσιν;
3731 4412 3753 4442 ι

2170 4484 2401 4552 Ὀλίγος,
2436 4485 2622 4552 φησιν,
2656 4483 2757 4552 τῆς
2801 4481 3150 4554 ἀνθρωπίνης
3196 4481 3415 4550 φύσεως
3463 4485 3490 4535 ὁ
3534 4483 3756 4552 χρόνος.

480 4586 750 4627 annorum
794 4581 1107 4629 nostrorum
1139 4574 1192 4628 in
1219 4575 1374 4644 ipsis,
1409 4573 1756 4644 septuaginta
1823 4573 1948 4626 anni
1979 4574 2054 4623 η’.

2167 4577 2232 4630 Αἱ
2259 4545 2367 4645 γάρ
2389 4545 2590 4645 ἡμέραι
2741 4572 2874 4625 ἐτῶν
2893 4545 3053 4644 μῶν
3077 4545 3134 4625 ἐν
3158 4545 3346 4635 αὑτοῖς
3368 4545 3762 4641 ἐϐδομήκοντα

480 4662 709 4726 Quando
738 4667 901 4736 igitur
932 4667 1024 4735 jus
1064 4667 1194 4720 mihi
1237 4667 1452 4730 reddes,
1494 4677 1547 4721 et
1583 4669 1652 4720 ab
1699 4665 1939 4720 inimicis
1972 4679 2058 4719 me

480 4756 780 4814 liberabis?

552 4848 736 4904 ‘Vens.
800 4849 888 4905 85.
939 4870 957 4901 ι
1005 4850 1375 4906 Narraverunt
1420 4852 1551 4907 mihi
1617 4853 1790 4921 iniqui
1840 4851 2051 4905 fabula-

479 4941 679 5004 tiunes,
730 4939 822 4995 sed
871 4955 976 4994 non
1021 4950 1078 4994 ut
1122 4942 1206 4996 lex
1250 4953 1360 5005 tua,
1400 4943 1649 4996 Domine.
1692 4964 1709 4994 ι
1772 4942 2054 5010 Propheta:

479 5035 698 5099 quidem
751 5042 809 5086 ut
851 5033 1104 5088 inimicos
1157 5045 1377 5089 necaret
1438 5036 1836 5089 consuluerunt
1880 5053 1892 5086 :
1939 5035 2056 5103 ipse

478 5141 608 5178 vero
636 5125 834 5179 divinae
869 5125 972 5195 legi
1003 5126 1407 5195 obtemperans,
1457 5129 1694 5182 divinam
1724 5127 2052 5180 sententiam

551 5303 576 5330 ι
613 5292 627 5345 l
659 5291 787 5348 Cor.
827 5309 905 5360 ix,
935 5293 1025 5350 27.
1102 5294 1150 5331 ιι⁶
1186 5291 1334 5346 Psal.
1376 5308 1597 5356 Lxxxtx,
1632 5291 1699 5345 lO

2166 4669 2280 4738 ἐτη.
2319 4667 2456 4720 Πότε
2510 4667 2687 4720 τοίνυν
2733 4682 2824 4734 μοι
2859 4664 3120 4728 δικάσεις,
3161 4664 3257 4717 καὶ
3299 4664 3413 4716 τῶν
3462 4663 3758 4733 δυσμενῶν

2167 4758 2496 4823 ἀπαλλάξεις
2519 4778 2533 4823 ;

2233 4859 2336 4905 πε¹.
2373 4870 2392 4902 ι
2428 4850 2767 4920 Διηγήσαντό
2803 4851 2846 4880 ⁷⁷
2887 4865 2977 4918 μοι
3033 4847 3343 4920 παράνομοι
3402 4847 3758 4916 ἀδολεσχίας,

2161 4943 2273 4996 ἀλλ’
2313 4942 2412 5012 οὑχ
2455 4940 2531 5002 ὡς
2574 4942 2602 4992 6
2635 4938 2795 5009 νόμος
2830 4955 2946 5002 σου,
2976 4925 3234 5006 ¹Κύριε¹¹⁸.
3269 4955 3286 4986 ι
3330 4935 3421 5004 Τῷ
3455 4936 3555 5005 μὲν
3611 4936 3758 5002 ligo-

2163 5033 2465 5107 φήτῃ’τοὺς
2496 5032 2724 5101 ἐχθροὺς
2751 5023 2963 5084 ἀνελεῖν
3005 5026 3468 5080 συνεϐούλευσαν·
3495 5028 3661 5087 om;
3699 5028 3753 5078 δὲ

2160 5126 2240 5196 τῷ
2285 5125 2413 5195 θείῳ
2462 5125 2609 5194 νόμῳ
2642 5121 2983 5191 πειθόμενος,
3013 5119 3110 5192 τὴν
3135 5120 3284 5173 θείαν
3315 5120 3500 5189 ψῆφον
3548 5121 3722 5187 άνέμε

1587 5430 1820 5484 VARI/1'3
1876 5429 2256 5484 LEtLTlONES
2296 5427 2384 5481 ET
2409 5413 2636 5482 None.

551 5549 593 5581 θ’
636 5550 784 5606 Ὅτι.
819 5549 987 5602 Abest
1025 5565 1054 5604 a
1105 5549 1225 5603 rod.
1280 5546 1330 5600 1.

479 5620 790 5692 μυστ-θῶ.
828 5621 880 5672 in
907 5621 1026 5674 cod.
1067 5621 1088 5672 l
1169 5620 1216 5692 τῆ
1255 5619 1577 5692 Οὕτωάεοιί.
1619 5617 1844 5692 [τοῦτο.

481 5688 734 5752 ωπιάζτυ.
764 5705 886 5760 ηυδε
916 5699 1001 5745 est
1045 5705 1154 5744 rec.
1206 5689 1366 5742 lectio
1393 5688 1434 5760 _l.
1465 5704 1513 5740 c.

1408 5548 1450 5577 "°
1496 5543 1802 5646 ’ρρῶντςᾳ
1855 5548 1972 5646 Dei.
2008 5546 2148 5646 .i‘bitIl.

1625 5617 1844 5670 Ιτοῦτο.
1920 5617 1965 5646 ⁷⁵
2007 5617 2055 5668 ili

1625 5687 1672 5718 "
1706 5688 1865 5755 Διηγ.
1894 5708 1966 5728 ·-
1996 5685 2055 5738 ἀὲ

2171 5617 2256 5682 τῇ.
2334 5617 2379 5644 ⁷⁵
2421 5617 2680 5677 Μάρτυς.
2717 5617 3020 5678 ibid.sequ.
3062 5617 3242 5668 αὑτός.
3296 5617 3338 5636 ⁷⁵
3379 5617 3499 5660 eoa.
3575 5617 3590 5657 ι
3650 5617 3752 5656 υπ-

2167 5679 2724 5755 .Hebr.:_["oderunt
2791 5680 2920 5733 mihi
2985 5676 3195 5748 superbi
3271 5677 3468 5746 foveas.
3539 5673 3752 5744 Symm.

2260 5544 2302 5573 ⁷⁸
2345 5542 2448 5594 Ἐν
2503 5541 2723 5610 πάχνη.
2753 5539 2937 5598 Helm.
2988 5539 3038 5590 in
3075 5539 3239 5610 fumo.
3295 5537 3396 5610 ﬂ"
3443 5537 3618 5610 X_avi'.
3659 5538 3756 5610 avni

2334 5614 2379 5644 "
2421 5606 3020 5678 digiptiiﬁibidsequ.
3062 5607 3242 5678 αὑτός.
3291 5606 3338 5678 7⁷⁸
3379 5606 3499 5660 cod.
3544 5608 3590 5678 _l
3650 5607 3756 5656 ὺπ-

481 5750 890 5832 ὑπώρυξάν’μοι
917 5761 1257 5832 ὑπερήφανοι
1302 5758 1551 5828 ὑπόγεια.
1626 5757 1669 5790 ⁷⁸
1707 5750 1907 5825 Κύριε.
1958 5756 2055 5811 Αὺι

2169 5771 2200 5809 a
2234 5762 2382 5810 textu
2424 5750 2597 5823 llebr.
