3996 6490
229 334 380 404 1849

1593 342 1673 402 ΙΝ
1713 339 1924 400 PSAL.
1970 340 2238 400 CXVIII.

3395 333 3531 435 18-50

225 471 351 510 νεν.
392 453 558 509 Ἀλλὰ
588 453 679 509 καὶ
711 453 846 524 ἡμῖν
884 453 997 508 τῶν
1031 454 1232 523 λογίων
1265 453 1472 507 τούτων
1505 451 1827 505 διδασκαλία

1956 453 2293 520 :xspectavit.
2338 450 2538 505 Verum
2567 451 2728 506 nobis
2763 449 2928 505 etiam
2954 448 3152 503 borum
3179 449 3528 502 oraculorum

227 547 662 618 χρησιμωτάτη.
698 547 976 618 Προσήκει
1022 547 1130 618 γὰρ
1177 549 1370 616 φυγεῖν
1411 545 1473 598 οὐ
1511 545 1672 615 μόνον
1703 545 1831 606 τοὺς

240 637 526 709 Ἑλλήνων
561 637 788 707 μύθους,
822 637 917 690 καὶ
943 637 1044 708 τὴν
1085 637 1352 691 Ἰουδαίων
1379 634 1658 699 ἀπιστίαν,
1693 634 1831 688 ἀλλὰ

228 728 336 781 καὶ
373 728 482 781 τῶν
514 727 809 797 αἱρετικῶν
835 727 906 780 τὰ
935 727 1233 798 βλάσφημα
1263 727 1511 797 δόγματα
1537 727 1602 779 ⁷⁸.

313 818 436 882 σις’.
469 835 488 869 ι
530 819 711 872 Πᾶσαι
735 820 793 871 αἱ
821 818 1035 872 ὲντολαί
1065 836 1158 872 σου
1196 819 1446 889 ἀλήθεια,
1477 837 1494 868 ι
1533 817 1635 870 Διὰ
1666 815 1826 871 τοῦτο

229 904 353 973 γάρ
384 921 477 956 σου
515 906 891 977 προαιροῦμαι
919 908 1012 960 τὸν
1045 908 1232 976 νόμον,
1268 907 1459 980 ἐπειδὴ
1498 908 1678 972 πάσας
1730 925 1824 962 σου

231 997 341 1060 τὰς
371 998 594 1062 ἐντολὰς
622 999 852 1070 ἀληθείᾳ
879 1001 1260 1071 κοσμουμένας
1285 1000 1417 1073 ὁρῶ.

241 1107 260 1139 ι
305 1089 535 1153 Ἀδίκως
562 1090 896 1155 κατεδίωξαν
930 1109 1015 1162 με,
1049 1092 1316 1163 βοήθησόν
1357 1111 1468 1162 μοι.
1501 1091 1637 1166 [πζ¹]
1669 1092 1830 1164 Παρὰ

236 1176 420 1249 βραχὺ
456 1179 810 1233 συνετέλεσάν
846 1198 914 1251 με
951 1182 1008 1235 ὲν
1033 1185 1096 1253 τῇ
1130 1185 1232 1253 γῇ·
1263 1183 1372 1252 ἐγὼ
1414 1185 1471 1237 δὲ
1503 1185 1604 1237 οὐκ
1627 1186 1828 1252 ἐγκατ-

235 1268 428 1322 έλιπον
458 1270 557 1331 τὰς
586 1270 807 1333 ἐντολάς
832 1288 946 1324 σου.
989 1290 1008 1324 ι
1047 1272 1246 1344 Πολλὴ,
1277 1275 1464 1344 φησιν,
1494 1274 1591 1343 ἡδο
1620 1275 1826 1338 ἀδικία,

237 1360 339 1414 καὶ
376 1361 410 1430 ή
455 1359 750 1415 δυναστεία
787 1362 896 1415 τῶν
924 1364 1238 1433 δυσμενῶν·
1276 1367 1370 1418 καὶ
1405 1367 1576 1436 αὐτῆς
1617 1365 1727 1437 γάρ
1761 1383 1829 1438 με

238 1453 447 1523 μικροῦ
479 1454 593 1507 δεῖν
624 1455 930 1525 ἐστέρησαν
958 1457 1058 1525 τῆς
1092 1457 1260 1528 ζωῆς.

313 1551 428 1615 my.
471 1565 491 1598 ι
530 1547 687 1600 Κατὰ
718 1547 778 1600 τὸ
808 1547 960 1611 ἔλεός
990 1566 1083 1602 σου
1125 1549 1289 1621 ζῆσόν
1335 1569 1424 1622 με,
1463 1553 1559 1607 καὶ
1608 1554 1830 1622 φυλάξω

239 1635 310 1687 τὰ
347 1635 632 1708 μαρτύρια
679 1635 774 1689 τοῦ
810 1637 1078 1707 στόματός
1123 1656 1240 1693 σου.
1275 1659 1293 1691 ι
1346 1642 1828 1714 Ταπεινοφροσύνῃ

240 1726 332 1778 τὸν
364 1726 530 1796 λόγον
553 1727 878 1798 ἐκόσμησεν.
915 1729 988 1782 Ού
1023 1730 1132 1801 γὰρ
1160 1731 1258 1801 τῆς
1295 1732 1646 1804 δικαιοσύνης
1676 1734 1827 1788 ἀντί-

1937 542 2189 596 doetrina
2219 544 2516 599 utilissima
2539 552 2643 599 est.
2675 543 2841 597 Decet
2873 543 3020 596 enim
3063 557 3166 597 nos
3209 539 3398 611 fugere
3423 557 3531 594 non

1938 636 2104 690 modo
2144 637 2430 707 gentilium
2474 637 2711 702 fabulas,
2748 635 3179 701 lumborumque
3223 635 3530 703 perlidiam,

1936 731 2030 784 sed
2054 731 2216 783 etiam
2243 731 2623 786 liareticorum
2653 731 2818 800 impia
2843 730 3128 799 dogmata.

2015 815 2181 872 Vsus.
2224 818 2312 872 86.
2364 837 2382 869 ι
2421 818 2618 872 Omnia
2649 818 2913 871 mandata
2953 824 3043 870 tua
3086 816 3315 868 veritas.
3353 833 3369 865 ι
3399 813 3536 866 Pro-

1942 919 2128 978 pterea
2169 910 2315 965 enim
2346 920 2493 964 tuam
2525 911 2698 980 legem
2729 910 2894 979 eligo,
2925 908 3194 979 quoniam.
3222 904 3409 961 omnia
3441 916 3530 960 tua

1943 1000 2200 1054 mandata
2231 1002 2461 1055 veritate
2484 1010 2680 1056 ornata
2709 1016 2895 1055 cerno.

2016 1111 2033 1145 ι
2065 1093 2257 1163 Inique
2280 1095 2550 1163 persecuti
2577 1102 2838 1157 suntme,
2861 1091 3060 1161 adjuva
3085 1080 3533 1161 nie.[Veus.'87.]

1937 1169 2360 1241 Parum'abfuit
2406 1188 2540 1256 quin
2596 1193 3052 1242 consummat-ent
3108 1199 3195 1237 me
3243 1183 3294 1235 in
3348 1191 3532 1234 terra:

1936 1291 2038 1345 ego
2068 1288 2248 1333 autem
2287 1295 2393 1334 non
2419 1279 2686 1348 dereliqui
2717 1280 2978 1334 mandata
3010 1288 3124 1331 tua.
3167 1294 3184 1326 ι
3229 1274 3416 1334 Multa,
3460 1273 3538 1326 in-

1937 1373 2076 1441 quit,
2126 1379 2210 1424 est
2259 1371 2544 1441 iniquitas,
2590 1371 2943 1440 hostiumque
2989 1368 3230 1439 putentia
3269 1386 3281 1420 :
3332 1365 3533 1421 etenim

1937 1464 2056 1532 ipsa
2094 1466 2496 1533 propemodum
2527 1464 2637 1518 vita
2667 1479 2751 1517 me
2778 1464 3084 1533 privarunt.

2008 1554 2176 1610 Vens.
2213 1556 2303 1610 88.
2340 1575 2358 1607 ι
2397 1556 2711 1610 Secundum
2751 1557 3190 1611 misericordiam
3225 1567 3370 1607 tuam
3401 1551 3536 1604 vivi-

1939 1648 2037 1703 tiea
2070 1662 2178 1708 me.
2207 1656 2261 1702 et
2292 1647 2594 1702 custodiam
2625 1649 2949 1701 testimonia
2972 1647 3088 1700 oris
3115 1645 3217 1700 tui.
3247 1665 3265 1697 ι
3304 1643 3538 1696 Humili-

1938 1750 2048 1796 tate
2076 1755 2384 1796 sermonem
2405 1741 2641 1795 ornavit.
2668 1740 2786 1794 Non
2819 1740 2964 1793 enim
2997 1740 3161 1792 vitam
3191 1753 3290 1806 pro
3309 1736 3538 1805 justitize

240 1817 391 1871 δοσιν
423 1818 596 1890 ᾔτησε
624 1820 723 1890 τὴν
750 1819 915 1892 ζωὴν,
944 1821 1082 1874 ἀλλὰ
1109 1822 1283 1894 δῶρον
1307 1824 1457 1878 ἐλέου
1489 1825 1696 1896 ταύτην
1729 1826 1827 1879 λα-

1956 1830 2379 1888 ‘emuneratione
2412 1831 2566 1900 petiit
2604 1847 2615 1884 :
2646 1831 2741 1885 sed
2773 1841 2828 1884 ut
2855 1830 3029 1884 instar
3061 1827 3308 1882 numeris
3333 1843 3397 1878 ev
3434 1825 3539 1878 mi-

242 1910 360 1964 δεῖν
405 1911 755 1983 ἡντιδόλησε,
806 1914 1099 1982 φυλάττειν
1143 1917 1521 1986 ὑποσχόμενος
1569 1918 1663 1972 τοῦ
1696 1917 1832 1972 Θεοῦ

242 2004 312 2056 τὰ
337 2005 646 2076 μαρτύρια.

315 2094 428 2172 πθξν.
467 2117 487 2149 ‹
517 2099 612 2161 Εἰς
632 2097 723 2151 τὸν
753 2098 946 2166 αἰῶνα,
984 2099 1175 2170 Κύριε,
1211 2101 1240 2152 ὁ
1269 2101 1430 2170 λόγος
1455 2118 1547 2157 σου
1584 2103 1835 2174 διαμένει

245 2189 302 2240 ὲν
327 2186 410 2258 τῷ
441 2189 678 2260 οὐρανῷ.
712 2208 730 2240 ι
769 2189 953 2245 Πάντα
983 2191 1113 2262 γὰρ,
1152 2195 1304 2262 φησὶ,
1333 2194 1493 2266 ῥᾴδια
1519 2211 1602 2248 σοι
1633 2195 1710 2265 τῷ
1736 2198 1834 2247 Δε-

248 2281 427 2354 σπότῃ
462 2282 558 2336 καὶ
585 2283 809 2339 δυνατά.
838 2284 912 2337 Τὸ
941 2285 1270 2355 πρόσταγμα
1308 2286 1416 2356 γὰρ
1443 2287 1504 2340 τὸ
1532 2288 1624 2341 σὺν
1650 2289 1840 2358 ἀκίνη-

245 2391 313 2428 τα
343 2375 605 2443 φυλάττει
637 2376 746 2430 τῶν
786 2378 1036 2447 οὐρανῶν
1075 2379 1140 2432 τὰ
1166 2379 1327 2451 κύτη.
1359 2380 1534 2433 Τοῦτο
1569 2383 1612 2412 ⁸⁸
1649 2382 1704 2434 δὲ
1745 2382 1840 2434 καὶ

246 2466 325 2536 τῷ
363 2467 646 2538 ἑκατοστῷ
681 2469 776 2522 καὶ
802 2471 1227 2542 τεσσαρακοστῷ
1259 2471 1430 2542 ὀγδόῳ
1470 2471 1574 2542 ἔφη
1601 2471 1802 2542 ψαλμῷ
1823 2490 1836 2504 ·

255 2577 273 2610 ι
299 2557 572 2629 Ἕστησεν
594 2560 754 2614 αὑτὸν
780 2562 861 2623 είς
882 2561 972 2615 τὸν
997 2563 1190 2627 αἰῶνα,
1214 2564 1308 2616 καὶ
1332 2565 1411 2628 εἰς
1432 2564 1524 2618 τὸν
1550 2565 1722 2618 αἰῶνα
1746 2565 1838 2617 τοῦ

248 2648 482 2713 αἰῶνοςο
520 2651 858 2721 πρόσταγμα
911 2652 1088 2717 ἔθετο,
1135 2656 1229 2708 καὶ
1271 2655 1333 2707 ού
1371 2654 1786 2725 παρελεύσεται.
1815 2675 1834 2708 ›

249 2743 564 2799 Αίνίττεται
593 2747 649 2800 δὲ
673 2748 816 2800 κατὰ
843 2749 1060 2815 ταύτὸν,
1088 2749 1164 2814 ὡς
1186 2750 1296 2803 τῶν
1325 2752 1574 2820 ἀγγέλων
1605 2753 1652 2806 οἱ
1679 2753 1841 2824 δῆμοι

248 2837 343 2890 τὸν
378 2837 610 2909 οὐρανὸν
658 2840 1044 2904 κατοικοῦντες
1095 2845 1188 2897 τὸν
1233 2843 1378 2898 θεῖον
1417 2845 1842 2912 διαφυλάττουσι

250 2928 442 2998 νόμον,
481 2931 575 2984 καὶ
603 2933 968 3002 παραϐάσεως
1000 2935 1138 2988 εἰσιν
1165 2935 1387 3007 ἁπάσης
1420 2937 1719 3008 ἐλεύθεροι.

321 3027 396 3088 ιιν.
432 3041 452 3073 ‹
478 3023 570 3087 Εἰς
601 3024 796 3092 γενεὰν
821 3027 914 3078 καὶ
941 3027 1136 3094 γενεὰν
1165 3030 1197 3098 ὴ
1237 3028 1470 3099 ἀλήθειά
1494 3047 1607 3084 σου.
1651 3049 1667 3082 ι
1702 3030 1844 3083 Ταύο

251 3131 352 3184 την
381 3117 492 3187 γὰρ
531 3117 627 3170 καὶ
672 3120 740 3188 τῇ
769 3118 878 3170 τῶν
908 3119 1178 3174 Ἰουδαίων
1216 3121 1491 3189 ἐφύλαξας
1533 3125 1717 3193 γενεᾷ,
1751 3124 1844 3176 καὶ

248 3175 318 3278 xii
345 3175 511 3279 ἑτέρᾳ
538 3211 602 3278 τῇ
636 3175 753 3278 μετ’
781 3211 996 3279 ἐκείνην
1021 3213 1066 3243 ⁶²
1093 3175 1438 3284 γεγενημένη
1459 3175 1653 3281 ’,λέγει
1869 3175 1912 3232 C

251 3300 313 3363 ἐξ
345 3299 517 3353 ἐθνῶν
551 3300 700 3366 λαὸν,
733 3302 823 3354 τὸν
855 3303 942 3355 διὰ
980 3302 1076 3356 τοῦ
1112 3305 1366 3377 Σωτῆρος
1407 3305 1563 3376 ἡμῶν
1596 3307 1770 3379 Ἰησοῦ
1798 3307 1844 3339 ⁸³

251 3391 496 3462 Χριστοῦ
520 3393 621 3462 τῆς
649 3395 921 3465 σωτηρίας
943 3397 1304 3466 τετυχηκότα.

329 3503 352 3536 ‹
385 3484 788 3554 Ἐθεμελίωσας
838 3487 938 3556 τὴν
992 3488 1116 3556 γῆν,
1150 3489 1244 3541 καὶ
1283 3489 1552 3558 διαμένει.
1591 3489 1726 3562 [Ly]
1763 3491 1843 3561 Τῇ

251 3580 497 3644 διατάξει
548 3597 640 3632 σου
671 3581 916 3650 διαμένει
960 3582 1162 3652 ἡμέρα.
1201 3603 1218 3634 ι
1259 3584 1508 3648 ’Έδεοκας
1555 3588 1621 3656 τῇ
1667 3589 1738 3656 γῇ
1782 3586 1844 3639 τὸ

255 3672 609 3726 ἐπιπλεῖστον
632 3668 874 3743 διαρκὲς,
909 3675 1005 3727 καὶ
1034 3675 1344 3745 μεμένηκεν
1373 3676 1448 3740 ὡς
1470 3677 1842 3747 προσέταξας

253 3761 521 3835 διώρισας
569 3763 678 3815 ἀπὸ
727 3763 829 3832 τῆς
884 3764 1079 3828 νυκτὸς
1133 3764 1232 3834 τὴν
1282 3765 1522 3836 ἡμέραν,
1563 3768 1658 3820 καὶ
1701 3766 1846 3821 κατὰ

253 3855 384 3916 τοὺς
417 3855 545 3918 σοὺς
574 3853 752 3907 ὁδεύει
780 3854 998 3924 νόμους.
1044 3873 1062 3906 ι
1090 3855 1211 3908 Ὀτι
1246 3855 1314 3909 τὰ
1350 3857 1644 3927 σύμπαντα
1683 3859 1845 3914 δοῦλα

254 3946 380 4017 qi.»
409 3945 598 4000 Πάντα
619 3946 730 4017 γάρ
758 3963 839 3999 σοι
859 3946 1127 4012 δουλεύει,
1160 3948 1253 4000 καὶ
1287 3950 1402 4012 τοῖς
1433 3952 1544 4013 σοῖς
1577 3950 1845 4022 νεύμασιν

253 4040 394 4093 εἴκει
419 4039 494 4070 “-
534 4039 598 4092 σὺ
635 4039 744 4108 γὰρ
772 4040 801 4092 ὁ
833 4040 877 4072 ⁸⁵
911 4040 1256 4110 Δημιουργὸς
1287 4041 1394 4094 τῶν
1428 4041 1583 4096 ὅλων.

287 4151 291 4155 ·
327 4128 436 4199 ιβ’⁸
469 4149 486 4181 ι
515 4131 578 4182 Et
611 4131 686 4200 μὴ
717 4132 797 4184 ὃτι
825 4133 852 4184 ὁ
873 4132 1036 4201 νόμος
1066 4148 1158 4183 σου
1193 4131 1392 4203 μελέτη
1430 4132 1530 4202 μού
1558 4135 1694 4200 ἐστι,
1721 4134 1847 4188 τότε

253 4223 322 4280 ἂν
345 4223 645 4293 ἀπωλόμην
675 4226 730 4277 ὲν
757 4227 822 4294 τῇ
849 4223 1179 4278 ταπεινώσει
1211 4242 1332 4292 μου.
1355 4243 1374 4276 ι
1406 4225 1592 4279 Ταῦτα
1615 4227 1848 4290 ἕκαστος

255 4315 406 4369 εἴποι
449 4314 516 4368 ἂν
564 4315 674 4368 τῶν
724 4314 963 4368 εὐσεϐῶν
1011 4316 1328 4387 περιπεσὼν
1371 4320 1714 4390 συμφοραῖς·
1754 4320 1848 4373 καὶ

268 4407 474 4476 Ἰωσὴφ
516 4407 785 4470 δουλείαν,
823 4407 1068 4478 μοιχείαν
1097 4409 1166 4473 ⁸⁸,
1199 4411 1294 4462 καὶ
1335 4411 1700 4480 συκοφαντίαν
1741 4429 1846 4480 φυ-

256 4500 405 4569 γών·
443 4500 538 4553 καὶ
579 4499 781 4570 Δανιὴλ
816 4498 1076 4564 εὔξασθαι
1120 4500 1411 4566 κωλυθεὶς,
1448 4502 1544 4555 καὶ
1590 4503 1641 4556 οί
1695 4505 1843 4574 τρεῖς

258 4596 462 4647 ἐκεῖνοι
485 4593 530 4624 ⁸⁷
555 4595 932 4664 προσκυνῆσαι
953 4593 1497 4664 καταναγκαζόμενοι
1514 4596 1613 4666 τὴν
1634 4595 1841 4649 εἰκόναο

257 4685 355 4738 καὶ
397 4686 447 4738 οἱ
504 4683 792 4755 νικηφόροι
846 4685 1124 4754 μάρτυρες
1170 4685 1520 4753 παντοδαπῆς
1567 4687 1845 4756 τιμωρίας

258 4777 657 4847 ὑπομείναντες
684 4777 820 4861 εἴδη.
842 4777 1088 4839 Εἰκότως
1110 4777 1164 4829 δὲ
1186 4776 1359 4830 ταῦτα
1387 4776 1489 4847 ἔφη
1515 4779 1543 4830 ὀ
1571 4779 1845 4848 μακάριος

259 4868 441 4932 Δασὶδ,
476 4867 782 4932 ἐξελασθεὶς
817 4867 916 4936 μὲν
947 4869 1052 4921 ὑπὸ
1081 4868 1173 4922 τοῦ
1209 4869 1401 4930 Σαοὺλ,
1424 4869 1770 4939 Ἀλλοφύλοις
1791 4869 1848 4923 δὲ

261 4959 356 5012 καὶ
369 4958 691 5013 δυσσεϐέσιν
711 4958 1021 5030 ἀνθρώποις
1045 4959 1353 5026 συνδιάγειν
1376 4961 1843 5032 ἀναγκαζόμενος.

273 5050 634 5122 Ἐκοινώνησε
661 5052 768 5123 γὰρ
802 5053 868 5106 ἂν
915 5053 1012 5123 τῆς
1046 5051 1324 5120 ἀσεϐείας,
1356 5054 1404 5105 εἰ
1442 5054 1516 5125 μὴ
1542 5053 1650 5107 τῶν
1687 5052 1849 5107 θείων

257 5144 445 5212 νόμων
467 5144 879 5216 ’συμπεριέφερε
907 5145 1006 5214 τὴν
1036 5145 1288 5214 μελέτην.

337 5372 362 5398 ν
396 5360 545 5417 Psal.
582 5379 807 5431 chvuI,
840 5366 894 5420 6.

1941 1923 2242 1978 sericordia
2288 1923 2462 1992 ipsam
2503 1922 2737 1991 accipiat
2785 1921 3136 1985 obsecravit,
3178 1934 3301 1974 sese
3343 1919 3536 1972 obser-

1939 2027 2191 2070 vaturum
2227 2014 2556 2083 promittens
2590 2013 2682 2068 Dei
2722 2012 3058 2067 testimonia.

2011 2109 2176 2163 Vens.
2219 2108 2310 2176 89.
2359 2127 2377 2159 ‹
2425 2109 2479 2161 lu
2513 2116 2802 2172 aeternum,
2838 2105 3089 2168 Domine,
3120 2103 3346 2157 verbum
3379 2111 3532 2154 tuum

1941 2210 2226 2271 permanet
2271 2200 2323 2253 in
2363 2197 2572 2270 1461
2607 2198 2768 2252 οωιθ.
2821 2215 2837 2247 ι
2879 2194 3075 2248 Omnia
3114 2194 3286 2256 enim,
3334 2193 3532 2260 inquit,

1944 2290 2038 2344 tibi
2069 2288 2304 2343 Domino
2335 2287 2516 2341 facilia
2551 2294 2701 2349 sunt,
2737 2294 2902 2354 atque
2937 2281 3216 2351 possibilia
3256 2298 3268 2332 :
3304 2281 3533 2332 manda-

1944 2394 2056 2437 tum
2102 2382 2248 2435 enim
2305 2389 2460 2434 tuum
2500 2379 2815 2432 immobiles
2851 2377 3116 2432 caelorum
3168 2375 3408 2427 ambitus
3439 2389 3506 2426 eu

1944 2475 2212 2529 smdiunt.
2251 2471 2363 2526 Iloc
2389 2481 2572 2526 autem
2603 2482 2656 2525 et
2684 2471 2735 2524 in
2772 2470 3080 2524 centesimo
3110 2465 3538 2535 quadragesimo

1945 2580 2142 2621 octavo
2176 2567 2251 2620 ait
2289 2566 2507 2636 psalmo
2543 2583 2554 2617 :
2595 2583 2612 2616 ι
2657 2562 2864 2618 Statuit
2891 2579 2951 2617 ea
2983 2563 3034 2616 in
3063 2571 3362 2630 :ctrruum,
3395 2568 3449 2612 (-t
3481 2560 3534 2612 in

1945 2659 2208 2712 Nerulum
2254 2646 2440 2712 saeculi
2475 2675 2487 2710 :
2522 2664 2852 2726 praeceptum
2889 2654 3100 2724 posuit,
3151 2664 3202 2707 et
3253 2669 3358 2706 non
3394 2667 3538 2719 pra!-

1945 2751 2133 2804 ti-ribit
2157 2759 2202 2802 γ.
2249 2769 2266 2800 ι
2305 2747 2491 2803 Iunuit
2521 2757 2704 2802 autem
2738 2747 2968 2817 pariter,
3010 2746 3331 2815 angelorum
3360 2752 3537 2796 reatus

1945 2844 2114 2898 cuelos
2161 2843 2468 2900 incolentes
2503 2841 2750 2895 divinam
2798 2839 3078 2895 custodire
3123 2838 3320 2910 legem,
3367 2845 3423 2890 et
3466 2837 3536 2890 ab

1945 2933 2093 2986 omni
2121 2932 2564 3002 transgressione
2591 2931 2866 2984 immunes
2892 2945 3036 2984 esse.

2022 3023 2183 3078 Vens.
2229 3023 2319 3078 90.
2370 3043 2387 3074 ι
2429 3022 2533 3078 Per
2577 3022 2988 3093 generationem
3027 3028 3084 3075 et
3128 3018 3535 3090 generalioumn

1949 3118 2153 3171 veritas
2186 3126 2295 3170 tua.
2337 3135 2354 3167 ι
2407 3114 2557 3171 Hanc
2593 3116 2742 3169 enim
2774 3114 3094 3170 Judceorum
3128 3113 3274 3184 genti
3306 3126 3534 3166 conscr-

1950 3210 2106 3272 rasti,
2142 3221 2195 3262 et
2236 3209 2418 3272 alteri,
2463 3224 2584 3278 quae.
2619 3215 2745 3280 post
2795 3208 2943 3262 illam
2998 3207 3122 3261 fuit.
3169 3203 3312 3260 Dicit
3352 3214 3534 3258 autem

1947 3303 2211 3370 populum
2244 3317 2308 3355 ex
2339 3301 2615 3372 gentibus,
2653 3301 2746 3372 qui
2785 3318 2880 3371 per
2910 3300 3254 3354 Salvatorem
3285 3307 3534 3353 nostrum

1946 3390 2223 3444 Christum
2262 3391 2497 3443 salutem
2533 3390 2768 3459 adeptus
2798 3400 2902 3444 est.

2027 3500 2043 3531 ι
2087 3479 2354 3534 Fundasti
2419 3489 2649 3544 terram,
2690 3489 2746 3534 et
2795 3488 3101 3549 permanet.
3163 3476 3355 3550 [Vnam
3421 3473 3536 3547 91.]

1947 3574 2313 3629 Ordinatione
2362 3583 2456 3627 tua
2508 3581 2828 3642 perseverat
2873 3573 3011 3626 dies.
3050 3591 3068 3623 ι
3124 3571 3330 3626 Dedisti
3381 3578 3540 3623 terra:

1948 3666 2306 3720 stabilitatem
2341 3665 2394 3719 in
2425 3664 2808 3735 longissimum
2843 3677 3078 3735 tempus,
3127 3673 3180 3716 et
3213 3662 3447 3732 perstitit
3481 3672 3542 3716 ut

1943 3758 2181 3827 jussisti.
2216 3757 2369 3810 Diem
2401 3773 2431 3811 a
2464 3766 2622 3811 nocte
2649 3757 2967 3826 sejunxisti,
2994 3765 3050 3809 et
3081 3755 3382 3808 secundum
3415 3763 3538 3809 tuas

1949 3852 2094 3920 leges
2128 3852 2495 3921 progreditur.
2535 3869 2553 3901 ι
2591 3849 2862 3916 Quoniam
2892 3849 3078 3903 omnia
3110 3847 3357 3902 serviunt
3383 3849 3533 3902 tibi.»

1948 3944 2143 3998 Omnia
2194 3945 2340 3998 enim
2382 3948 2400 3966 ί
2443 3945 2541 3998 tibi
2592 3944 2860 4006 serviunt,
2907 3942 3129 4013 tuisque
3172 3941 3394 3996 nutibus
3440 3941 3541 3996 ob—

1951 4048 2259 4108 temperant
2286 4057 2299 4092 :
2331 4047 2392 4092 tu
2421 4039 2566 4092 enim
2593 4041 2838 4092 omnium
2865 4037 3060 4108 Opifex
3085 4053 3164 4092 es.

2023 4130 2191 4186 Vens.
2233 4131 2322 4185 92.
2373 4151 2390 4180 c
2428 4129 2544 4184 Nisi
2591 4132 2677 4185 lex
2725 4141 2816 4186 tua
2871 4132 3154 4186 meditatio
3202 4147 3319 4186 mea
3371 4140 3538 4192 essm,

1948 4230 2079 4275 tunc
2109 4220 2248 4274 forte
2278 4221 2564 4289 periissem
2593 4221 2646 4274 in
2680 4221 2992 4275 humilitate
3024 4237 3166 4274 mea.
3209 4241 3227 4274 ι
3269 4221 3390 4276 Ilaec
3418 4222 3540 4291 pius

1947 4315 2205 4383 quisque,
2237 4327 2362 4367 cum
2409 4315 2460 4365 in
2489 4313 2838 4369 calamitates
2863 4315 3076 4378 incidit,
3109 4315 3292 4370 dicere
3319 4324 3495 4398 potest
3522 4332 3536 4344 ο

1948 4415 2002 4459 et
2043 4404 2248 4474 Joseph
2302 4407 2649 4469 servitutem,
2705 4405 3058 4472 adulterium,
3086 4416 3167 4460 'ct
3208 4408 3537 4461 calumniam

1952 4496 2202 4567 fugiens,
2255 4508 2310 4551 et
2360 4497 2554 4552 Daniel
2607 4514 2675 4552 ne
2719 4513 3039 4568 precaretur
3078 4500 3428 4568 prohibitus,
3485 4509 3539 4552 et

1951 4604 2060 4645 tres
2087 4592 2162 4643 illi
2193 4593 2287 4660 qui
2342 4593 2637 4663 imaginem
2665 4593 2914 4646 venerari
2948 4593 3312 4662 cogebantur,
3352 4593 3541 4645 trium-

1948 4685 2316 4755 phatoresque
2347 4695 2635 4749 martyres,
2670 4684 2762 4754 qui
2797 4685 2982 4738 omnia
3019 4685 3416 4754 suppliciorum
3451 4701 3542 4752 ge—

1947 4791 2078 4832 nera
2124 4779 2369 4847 perpessi
2420 4787 2571 4833 sunt.
2608 4777 2800 4831 Merito
2835 4787 3016 4830 autem
3068 4777 3184 4832 haec
3229 4777 3305 4830 ait
3348 4778 3541 4831 beatus

1946 4869 2143 4933 David,
2191 4884 2315 4925 cum
2364 4886 2392 4923 a
2438 4870 2604 4923 Saule
2645 4879 2871 4924 exactus
2903 4878 3069 4932 esset,
3120 4878 3174 4924 et
3219 4886 3343 4924 cum
3390 4872 3541 4921 Allo-

1947 4961 2127 5032 phylis
2181 4977 2244 5017 ac
2282 4962 2493 5033 1462
2528 4962 2713 5031 impiis
2762 4961 3085 5016 hominibus
3136 4962 3302 5016 simul
3363 4963 3542 5014 riu-re

1948 5066 2196 5112 coactus.
2249 5057 2532 5128 Partieeps
2580 5058 2726 5111 enim
2793 5057 3093 5126 impietatis
3160 5058 3380 5119 fuisset,
3435 5058 3537 5109 nisi

1949 5147 2262 5201 divinarum
2308 5149 2487 5218 legum
2529 5147 2942 5202 meditationem
2989 5163 3181 5203 secum
3239 5147 3541 5202 circumtu-

1954 5237 2127 5292 lisset.

1369 5484 1602 5542 VARle
1643 5490 2023 5547 LEGTIONICS
2064 5491 2150 5546 ET
2177 5491 2413 5546 ΝΟΤίΕ.

320 5671 366 5743 τῖ
404 5672 694 5743 Aeniam.
739 5672 886 5743 eod.
918 5673 938 5726 l
969 5672 1230 5743 στόματα,
1280 5674 1515 5740 ascripta
1561 5682 1745 5743 tamen
1792 5678 1838 5732 al

1956 5699 1962 5734 ι
2001 5681 2256 5736 lectione.

565 5742 768 5824 ila-3:6.
874 5742 920 5774 θ’
1060 5742 1336 5824 ἐκείνους.
1527 5742 1755 5811 Ἰησοῦ.
1813 5750 1998 5824 abest.
2037 5768 2066 5808 a
2099 5753 2220 5808 cod.
2268 5753 2320 5808 1.

251 5812 312 5900 1⁸⁵
350 5813 525 5883 Marx.
565 5813 638 5871 ib.
674 5828 861 5882 praem.
885 5814 998 5870 καί.
1060 5814 1104 5847 ⁸⁷
1142 5812 1407 5869 Ἐκεῖνοι.
1451 5813 1523 5872 ib.
1555 5830 1710 5885 sequ.
1754 5819 1954 5883 παῖδες.

267 5741 390 5795 md.
443 5742 467 5795 1
519 5741 581 5794 τὸ
617 5742 768 5795 αὑτό.

874 5742 920 5774 θ’
961 5744 1033 5799 ib.
1073 5742 1336 5805 ἐκείνους.

2336 5683 2381 5713 ⁸ο
2434 5681 2511 5736 Ἠ.
2550 5682 2689 5736 ‘cod.
2745 5681 2763 5733 I
2833 5697 3015 5751 prmm.
3054 5679 3165 5736 καί.
3243 5680 3285 5712 ⁸⁸
3336 5677 3538 5733 Τοῦτο.

2399 5751 2443 5783 5‘
2484 5751 2666 5806 Εἴκει.
2705 5753 2825 5806 cod.
2865 5756 2885 5806 ι
2927 5753 3070 5821 ἥκει.
3147 5752 3193 5784 ⁸⁵
3239 5753 3314 5805 Ὀ.
3349 5752 3421 5806 ib.
3468 5755 3536 5804 εὶ.
