3996 6492
259 356 396 419 1853

1580 358 1658 419 IN
1705 359 1913 420 PSAL.
1951 359 2216 420 CXVIII.

3403 347 3542 415 18.36

253 479 365 528 νεῖν
391 473 560 528 αὐτὸν
583 473 1019 544 παρεσκεύαζεν,
1056 474 1192 528 ἀλλά
1214 474 1304 529 τὸν
1329 465 1628 543 εύεργέτην
1647 474 1858 527 ἀνελεῖν

1982 471 2412 542 :oncupiscebat.
2450 470 2679 541 Magnus
2712 479 2892 525 antem
2931 469 3122 534 David,
3171 468 3312 521 inter
3340 466 3535 520 subdi-

257 562 547 633 ἐπεθύμει.
590 561 649 616 '0
677 563 732 616 δὲ
764 563 938 633 μέγας
973 563 1152 624 Δαυῖδ,
1179 567 1288 626 τοῖς
1327 563 1591 630 ὑπηκόοις
1619 562 1701 614 ἔτι
1725 578 1848 614 συν-

257 663 616 732 τεταγμένος,
647 665 742 717 καὶ
770 663 898 717 νέαν
937 665 1084 733 ἄγων
1111 662 1210 734 τὴν
1249 661 1600 734 ἡλικίαν,’τὴν
1631 658 1848 728 φιλοσο-

260 747 388 814 φίαν
412 749 695 820 ἠγάπησε,
742 749 838 802 καὶ
887 748 1011 802 οὔτε
1040 749 1202 821 ἄρξαι
1225 747 1424 820 χειρῶν
1453 745 1655 799 ἀδίκων
1686 744 1848 813 ἠνέσ-

260 857 408 910 χετο,
432 839 559 893 οὕτε
580 841 707 904 τοὺς
730 841 1051 904 ἀδικοῦντας
1082 839 1413 914 ἀμύνασθαι.

333 937 439 1002 ρα’.
476 949 496 982 ι
541 933 636 986 Ἐκ
664 934 846 998 πάσης
875 933 998 986 ὁδοῦ
1033 935 1278 1003 πονηρᾶς
1311 931 1564 986 ἐκώλυσα
1594 934 1720 994 τοὺς
1754 929 1851 982 πό-

261 1029 355 1090 δας
390 1044 518 1096 μου,
541 1028 688 1090 ὅπως
721 1028 786 1081 ἂν
845 1028 1069 1096 φυλάξω
1117 1029 1243 1091 τοὺς
1277 1027 1473 1095 λόγους
1501 1043 1616 1080 σου.
1651 1046 1668 1077 ι
1711 1024 1848 1078 Οὔτε

263 1121 372 1191 γάρ
399 1120 631 1173 δυνατὸν
661 1120 755 1174 δύο
783 1121 924 1174 κατά
956 1121 1149 1174 ταύτδν
1205 1120 1410 1174 ὁδεύειν
1445 1121 1616 1183 ὀδοὺς,
1653 1119 1851 1172 ἀκολα-

267 1218 389 1280 σίας
427 1220 522 1270 καὶ
561 1219 937 1289 σωφροσύνης,
984 1219 1329 1290 δικαιοσύνης
1361 1219 1452 1272 καὶ
1484 1203 1716 1281 ἀδικίας·
1758 1218 1852 1271 ἀλ·

266 1308 333 1362 λὰ
354 1309 438 1362 δεῖ
462 1310 564 1372 τὰς
580 1309 829 1372 ἐναντίας
844 1313 1057 1378 φυγεῖν,
1086 1311 1179 1362 καὶ
1196 1309 1293 1379 τὴν
1312 1309 1524 1362 εύθεῖαν
1546 1311 1591 1340 9'
1609 1305 1845 1361 ὁδεῦσαι·

268 1401 409 1456 οὕτω
432 1402 541 1475 γὰρ
561 1398 675 1456 οἷόν
703 1420 763 1456 τε
777 1403 1024 1471 γίνεσθαι
1046 1400 1154 1454 τῶν
1179 1400 1338 1454 θείων
1378 1400 1624 1470 φύλακας
1654 1399 1848 1468 λόγων.

341 1579 446 1650 ρ6⁹.
481 1598 500 1630 ι
549 1578 682 1632 Ἀπὸ
713 1578 822 1631 τῶν
850 1579 1134 1652 κριμάτων
1161 1595 1252 1630 σου
1307 1577 1408 1630 οὐκ
1458 1575 1726 1641 ἐξέκλινα,
1769 1576 1853 1628 ὅτι

273 1669 336 1722 σὺ
374 1667 778 1738 ἐνομοθέτησάς
811 1684 878 1737 με
912 1667 978 1720 ’⁸.
1021 1686 1038 1718 ι
1072 1667 1138 1719 Σὲ
1170 1666 1280 1737 γάρ
1306 1665 1515 1718 τούτων
1547 1665 1852 1734 ἐπιστάμε-

271 1779 360 1824 νος
393 1760 718 1832 νομοθέτην,
749 1760 888 1832 μετά
923 1759 1106 1830 πάσης
1128 1758 1268 1812 αὐτὰ
1297 1757 1592 1820 διαθέσεως
1612 1755 1856 1827 ἠσπαζὸ-

275 1872 406 1927 env-

347 1945 452 2014 ργ’.
495 1966 514 1997 ι
572 1947 660 2010 Ὡς
686 1945 894 2014 γλυκέα
926 1944 1004 2016 τῷ
1033 1943 1268 2017 λάρυγγί
1315 1961 1418 2014 μου
1450 1943 1519 1996 τά
1547 1943 1704 2009 λόγιά
1740 1959 1856 2004 σου,

275 2041 416 2110 ὑπὲρ
439 2041 562 2110 μέλι
581 2038 660 2110 τῷ
684 2038 914 2107 στόματί
981 2055 1105 2108 μου.
1139 2057 1156 2088 ι
1190 2037 1263 2089 Ού
1293 2039 1400 2108 γὰρ
1444 2036 1617 2097 οὕτως
1674 2034 1858 2103 ἡδύνει

279 2153 381 2205 μου
419 2135 518 2204 τὴν
552 2134 646 2186 τοῦ
682 2134 950 2202 στόματος
977 2131 1234 2202 αἴσθησιν
1255 2131 1288 2199 ἡ
1326 2129 1609 2198 γλυκύτης
1635 2127 1726 2180 τοῦ
1761 2127 1858 2197 μέ-

274 2227 443 2292 λιτος,
474 2227 550 2289 ῶς
593 2225 875 2294 εὐφραίνει
936 2241 1036 2293 μου
1087 2223 1185 2292 τὴν
1215 2221 1392 2293 ψυχὴν
1431 2222 1462 2290 ἡ
1498 2220 1606 2272 τῶν
1640 2220 1747 2272 σῶν
1776 2219 1862 2272 λο-

276 2315 411 2381 γέων
431 2314 652 2384 μελέτη.
686 2313 788 2366 Τὸν
802 2315 914 2382 γάῤ
940 2312 1211 2379 λάρυγγα
1239 2310 1507 2371 τέθεικεν,
1532 2309 1607 2369 ὡς
1628 2308 1860 2379 ὄργανον

276 2403 408 2457 ὄντα
433 2405 638 2474 φωνῆς·
663 2403 751 2456 διά
780 2405 964 2472 φωνῆς
985 2403 1038 2455 δέ
1062 2405 1095 2472 ἡ
1121 2401 1338 2472 μελέτη.
1355 2402 1574 2462 Τούτοις
1593 2401 1649 2454 δὲ
1718 2398 1862 2470 ψυχὴ

280 2497 600 2566 κεχρημένη
631 2495 733 2565 τὴν
760 2496 1011 2549 ἐντεῦθεν
1042 2494 1312 2562 ὠφέλειαν
1348 2493 1675 2563 καρποῦται.

351 2590 448 2659 ρδν.
487 2607 506 2638 ι
559 2589 692 2642 Ἀπὸ
726 2589 832 2641 τῶν
875 2588 1107 2641 ἐντολῶν
1160 2605 1252 2640 σου
1304 2589 1546 2656 συνῆκα·
1576 2585 1664 2638 διὰ
1707 2585 1865 2639 τοῦτο

279 2681 518 2750 ἐμίσησα
541 2683 722 2734 πᾶσαν
751 2680 867 2733 ὁδὸν
890 2679 1126 2742 ἀδικίας.
1163 2699 1180 2731 ι
1219 2680 1408 2741 Συνεὶς
1431 2678 1542 2748 γὰρ
1571 2678 1716 2730 τίσιν
1738 2677 1866 2747 ἀρέ-

282 2787 388 2843 σκῃ
410 2772 479 2837 ",
510 2772 873 2840 ἀπεστράφην
921 2770 1137 2826 ἅπαντα
1166 2770 1266 2839 τῆς
1299 2773 1496 2833 κακίας
1526 2768 1596 2822 τὰ
1620 2769 1756 2837 εἴδη.

355 2957 453 3020 ρε’.
498 2968 517 3001 ι
563 2950 768 3020 Λύχνος
797 2953 910 3015 τοῖς
938 2955 1186 3020 ποσίμου
1243 2953 1271 3004 6
1313 2950 1477 3021 νόμος
1533 2967 1624 3002 σου
1656 2952 1723 3013 ’3,
1773 2950 1867 3004 καὶ

282 3042 396 3110 φῶς
418 3045 539 3105 ταῖς
571 3042 775 3111 τρίϐοις
830 3060 952 3112 μου.
983 3061 1000 3092 ι
1053 3044 1126 3095 Ού
1178 3042 1287 3111 γὰρ
1323 3043 1378 3094 ἐν
1408 3041 1588 3094 σκότει
1644 3040 1864 3109 βαδίζω,

283 3128 395 3186 οἷόν
415 3151 519 3185 τινι
551 3132 729 3202 λύχνῳ
767 3132 845 3202 τῷ
896 3133 973 3202 σῷ
1020 3133 1394 3201 φωτιζόμενος
1447 3132 1622 3202 νόμῳ·
1655 3132 1865 3184 Εἰδέναι

288 3223 477 3292 μέντοι
499 3223 628 3292 χρὴ,
653 3223 727 3284 ὼς
751 3223 779 3274 6
811 3223 908 3292 μὲν
935 3221 1098 3291 νόμος
1128 3223 1358 3290 λύχνος
1386 3221 1728 3290 ὠνόμασται,
1756 3223 1782 3273 ὁ
1809 3221 1866 3273 δέ

285 3313 476 3383 Σωτὴρ
503 3314 597 3366 καὶ
625 3311 830 3382 Κύριος
859 3313 1014 3383 ἡμῶν
1043 3312 1437 3378 δικαιοσύνης
1461 3313 1650 3379 ἥλιος.
1679 3313 1735 3364 ’0
1770 3312 1868 3380 μὲν

286 3405 399 3474 γὰρ
433 3401 520 3457 οἶα
552 3404 615 3473 δὴ
641 3404 836 3474 λύχνος
879 3405 1041 3474 μόγις
1097 3404 1154 3456 ἓν
1208 3404 1558 3474 κατηύγασεν
1602 3404 1753 3467 ἔθνος
1785 3406 1828 3436 θ’

287 3499 316 3549 6
345 3497 403 3549 δέ
437 3498 618 3549 πᾶσαν
641 3496 740 3566 τὴν
767 3497 1098 3566 οἰκουμένην
1137 3495 1425 3565 ἐφώτισεν.
1456 3497 1613 3550 Οὕτω
1662 3499 1758 3551 καὶ
1780 3500 1871 3551 τὸν

291 3590 580 3643 θεσπέσιον
619 3589 875 3659 Ἰωάννην
907 3589 1103 3658 λύχνον
1145 3590 1586 3660 προσηγόρευσεν
1615 3592 1642 3642 6
1671 3592 1871 3644 Δεσπό-

292 3701 388 3752 της
420 3682 678 3753 Χριστδς,
703 3683 782 3736 ἐτι
817 3685 1009 3745 νυκτὸς
1039 3682 1205 3752 οὔσης
1237 3683 1569 3750 ἐπιφανέντα
1597 3687 1707 3747 τοῖς
1746 3685 1874 3736 Ίου-

292 3774 482 3836 δαίοις.
511 3775 748 3826 Ἔπειτα
775 3775 789 3806 ¹
822 3774 877 3826 δὲ
906 3774 965 3826 τὸ
998 3772 1114 3843 φῶς
1167 3773 1229 3826 τὸ
1267 3774 1549 3844 ἀληθινὸν,
1579 3777 1606 3827 ὃ
1647 3775 1872 3843 φωτίζει

295 3869 470 3922 πάντα
486 3868 776 3938 ἄνθρωπον
801 3868 1102 3938 ἐρχόμενον
1128 3868 1308 3931 εἰςτδν
1332 3870 1557 3938 κόσμον,
1577 3869 1868 3923 ἀνέτειλεν.

298 3962 404 4016 Καὶ
446 3961 572 4021 τοὺς
623 3959 802 4030 ἱεροὺς
852 3959 1190 4021 ἀποστόλους
1239 3958 1366 4026 φῶς
1409 3961 1870 4029 προσηγόρευσεν,

297 4051 369 4113 ὡς
393 4052 603 4104 ἐκείνου
665 4049 759 4104 τοῦ
825 4049 1000 4118 φωτὸς
1059 4049 1476 4118 μετειληφότας,
1532 4053 1623 4102 καὶ
1668 4053 1874 4114 πάντας

298 4141 622 4212 ἀνθρώπους
651 4141 993 4209 φωτίσαντας
1016 4140 1102 4193 διὰ
1138 4143 1156 4172 ¹
1189 4143 1288 4211 τῆς
1319 4142 1499 4195 αὐτῶν
1523 4143 1766 4212 διδαχῆς.

370 4240 482 4304 pg’.
513 4252 529 4283 ι
573 4234 805 4302 Ὤμοσα,
825 4233 918 4285 καὶ
976 4231 1223 4300 ἕστησα³
1273 4232 1366 4285 τοῦ
1405 4233 1746 4300 φυλάξασθαι
1809 4235 1876 4286 τὰ

297 4327 541 4397 κρίματα
594 4327 695 4395 τῆς
743 4324 1091 4394 δικαιοσύνης
1137 4341 1254 4379 σου.
1296 4345 1312 4376 ι
1355 4325 1468 4394 Τὴν
1503 4325 1732 4394 βεϐαίαν
1778 4327 1876 4396 τῆς

296 4419 476 4489 ψυχῆς
496 4417 676 4488 κρίσιν
709 4418 872 4488 ὅρκον
895 4417 1204 4485 ὠνόμασεν,
1238 4417 1429 4490 ἐπειδὴ
1458 4418 1604 4488 ὅρκῳ
1628 4418 1874 4488 βεϐαιοῦ-

299 4529 387 4564 ται
413 4509 523 4563 τῶν
555 4507 900 4580 πραγμάτων
930 4511 996 4559 τὰ
1021 4507 1269 4562 πλεῖστα.

369 4599 470 4672 ρξ’.
510 4619 527 4648 ι
577 4596 982 4668 Ἐταπεινῶθην
1005 4598 1108 4661 ἕως
1141 4598 1367 4668 σφόδρα,
1390 4600 1583 4670 Κύριε,
1621 4600 1783 4667 ςῆσόν
1811 4619 1878 4672 με

299 4692 442 4745 κατά
471 4693 563 4743 τὸν
593 4691 750 4756 λόγον
797 4706 914 4743 σου.
956 4710 974 4741 ι
1015 4691 1127 4760 Οὐχ
1182 4690 1368 4753 ἁπλῶς
1401 4690 1507 4760 ἔφη
1544 4692 1877 4745 τεταπεινῶ-

301 4782 449 4846 σθαι,
484 4781 622 4836 ἀλλά
647 4782 854 4851 σφόδρα
877 4782 1353 4836 τεταπεινῶσθαι·
1381 4785 1472 4836 καὶ
1502 4783 1676 4837 ταῦτα
1721 4785 1876 4854 βασι-

297 4875 423 4937 λεὺς
449 4873 526 4925 ὣν
573 4875 670 4926 καὶ
720 4874 1030 4946 προφήτης,
1097 4875 1192 4928 καὶ
1222 4875 1320 4945 τὴν
1359 4875 1468 4929 ἀπὸ
1519 4878 1615 4948 τῆς
1671 4877 1876 4946 ἀρετῆς

299 4966 616 5038 παρρησίαν
645 4964 806 5034 ἔχων,
841 4967 935 5018 καὶ
966 4965 1184 5037 πλούτῳ
1244 4967 1453 5038 κομῶν,
1488 4971 1584 5022 καὶ
1644 4969 1754 5021 τῶν
1789 4987 1884 5021 πο-

299 5058 504 5128 λεμίων
572 5057 850 5128 κρατῶνδ.
891 5056 1031 5110 Ἀλλ’
1083 5057 1205 5111 οὔτε
1259 5062 1326 5130 τῇ
1387 5062 1571 5129 σοφίᾳ,
1633 5060 1756 5114 οὔτε
1813 5065 1880 5131 τῇ

299 5150 545 5220 ἀνδρείᾳ,
623 5149 747 5202 οὔτε
795 5152 862 5221 τῇ
915 5149 1232 5222 δικαιοσύνῃ
1279 5151 1556 5223 θαρρῆσαι
1623 5154 1883 5223 ἠνέσχετο

304 5243 568 5297 πώποτε·
615 5244 716 5312 τῆς
765 5243 822 5296 δὲ
875 5241 1026 5305 θείας
1056 5243 1232 5296 ταῦτα
1277 5244 1498 5314 χάριτος
1530 5246 1880 5317 ὑπελάμϐανε

377 5375 402 5402 ι
435 5360 595 5416 Joan.
627 5378 668 5422 ι,
696 5361 810 5414 5-8.

1950 573 2037 618 tos
2070 564 2250 618 adhuc
2285 564 2497 624 vivens,
2539 573 2604 625 et
2631 562 2928 630 jnvenilem
2965 569 3179 614 attatem
3221 574 3410 628 agens,
3443 572 3539 624 pa-

1954 656 2194 710 tientiam
2238 656 2539 720 adamavit,
2562 664 2616 708 et
2639 670 2741 708 nec
2783 655 2933 722 prior
2965 653 3127 706 alicui
3164 652 3426 720 injuriam
3464 650 3541 702 in-

1952 747 2097 803 ferre
2138 750 2332 812 voluit,
2367 764 2542 817 neque
2579 747 2782 817 injuria
2813 745 3111 800 allicientes
3154 743 3368 798 ulcisci.

2031 925 2190 981 Vens.
2228 926 2349 980 l0l.
2401 947 2419 978 ι
2467 927 2544 980 Ab
2578 926 2728 979 omni
2763 925 2848 978 via
2901 923 3039 978 mala
3086 921 3338 992 prohilmi
3377 921 3542 988 pedes

1951 1033 2124 1080 meos,
2161 1027 2218 1071 nt
2244 1018 2551 1072 custodiam
2584 1017 2744 1069 verba
2782 1025 2896 1070 tua.
2949 1033 2968 1064 ι
3005 1013 3190 1081 Neque
3233 1017 3379 1065 enim
3427 1011 3540 1064 lieri

1954 1120 2136 1181 potest
2172 1120 2230 1164 nl
2257 1111 2449 1166 eodem
2493 1107 2738 1180 tempore
2787 1109 2924 1162 duas
2957 1118 3242 1162 teneamus
3291 1105 3422 1169 vias,
3457 1105 3542 1156 in-

1955 1206 2314 1260 continentia:
2349 1214 2405 1258 et
2441 1203 2832 1272 temperantiar,
2867 1200 3094 1268 jnstitiaa
3127 1209 3175 1252 et
3212 1198 3492 1264 injustitiae.
3527 1215 3540 1248 :

1955 1297 2048 1351 sed
2097 1304 2313 1365 oportet
2361 1295 2671 1349 contrarias
2728 1293 2931 1362 fugere,
2964 1299 3017 1344 et
3075 1287 3288 1360 1464
3342 1297 3541 1339 rectam

1957 1389 2243 1442 ambulare
2277 1407 2290 1442 :
2329 1403 2452 1441 nam
2494 1388 2600 1440 hoc
2633 1395 2791 1455 pacto
2833 1384 2944 1438 lieri
2974 1390 3179 1452 poterit
3241 1390 3299 1435 ut
3331 1381 3546 1435 divino-

1955 1497 2076 1535 rum
2109 1490 2504 1550 praeceptorum
2535 1479 2796 1532 custodes
2831 1477 3029 1530 simus.

2031 1572 2195 1628 Vens.
2233 1572 2354 1625 102.
2397 1589 2413 1623 ι
2461 1571 2501 1624 Α
2532 1570 2756 1640 jndiciis
2795 1569 2906 1623 tuis
2938 1583 3048 1622 non
3097 1566 3390 1628 declinavi,
3418 1564 3544 1632 quia

1957 1675 2012 1719 tu
2059 1665 2229 1733 legem
2266 1662 2499 1733 posuisti
2536 1660 2691 1713 mihi.
2732 1678 2750 1710 ι
2784 1657 2920 1713 Cum
2955 1658 3101 1712 enim
3135 1665 3186 1709 te
3237 1656 3428 1708 barum
3455 1668 3540 1705 re-

1960 1771 2080 1809 rum
2104 1755 2473 1825 legis’latorcm
2502 1751 2771 1816 noverim,
2804 1765 2927 1803 cum
2961 1749 3108 1802 omni
3141 1747 3321 1802 studio
3351 1761 3414 1799 ea
3433 1759 3547 1797 am-

1963 1851 2156 1919 plexus
2185 1865 2330 1903 sum.

2037 1939 2200 1994 Vens.
2232 1939 2353 1993 103.
2391 1958 2408 1989 ι
2443 1937 2618 2004 Quam
2652 1935 2832 1989 dulcia
2870 1933 3124 1988 faucibus
3167 1931 3305 1986 meis
3333 1929 3546 1998 eloquia

1963 2045 2076 2094 tua,
2117 2049 2226 2103 prre
2249 2032 2408 2085 melle
2445 2031 2526 2084 ori
2556 2044 2695 2083 meo.
2728 2048 2746 2080 ι
2785 2027 2905 2082 Νοιι
2932 2027 3077 2082 enim
3113 2024 3288 2079 mellis
3321 2023 3551 2077 dulcedo

1961 2123 2074 2176 oris
2109 2123 2210 2176 mei
2240 2103 2463 2176 sensum
2512 2128 2662 2173 tanta
2698 2118 2992 2172 dulcedine
3037 2114 3336 2185 perfundit,
3381 2129 3547 2181 quam

1965 2217 2190 2261 tuorum
2224 2209 2575 2264 oraculorum
2623 2206 2907 2261 meditatio
2947 2221 3123 2259 meam
3161 2205 3394 2258 laetiﬁcat
3427 2204 3548 2256 ani-

1965 2316 2131 2355 mam.
2182 2301 2378 2354 Gutlur
2422 2301 2566 2356 enim
2621 2299 2823 2370 posuit,
2858 2307 3117 2368 tanquam
3158 2299 3306 2352 vocis
3347 2297 3550 2350 instrn-

1944 2403 2213 2447 -mentnm
2249 2411 2260 2446 :
2294 2407 2388 2461 per
2419 2407 2608 2446 vocem
2659 2405 2786 2444 vero
2823 2390 3108 2444 meditatio
3153 2389 3230 2442 lit.
3287 2387 3380 2441 llis
3423 2402 3551 2440 vero

1966 2486 2149 2538 anima
2195 2495 2374 2547 utens,
2407 2485 2534 2539 hinc
2559 2484 2850 2537 utilitatem
2882 2482 3130 2551 percipit.

2039 2577 2056 2596 ‘
2095 2574 2260 2627 Vens.
2291 2574 2414 2627 104.
2442 2593 2460 2625 ι
2490 2573 2594 2628 Per
2623 2573 2881 2627 mandata
2915 2580 3006 2626 tua
3040 2572 3345 2640 intelligens
3377 2570 3552 2624 factus

1967 2682 2087 2721 Sum
2121 2684 2133 2718 :
2163 2675 2446 2735 propterea
2527 2666 2672 2718 odivi
2717 2680 2935 2718 omnem
2979 2665 3119 2717 viam
3157 2663 3482 2733 iniquitatis.
3525 2681 3544 2714 ι

1968 2758 2280 2827 lntelligens
2320 2759 2464 2812 enim
2502 2773 2625 2828 qure
2673 2757 2770 2812 tibi
2812 2758 3062 2826 placent,
3099 2767 3386 2810 aversatus
3430 2771 3551 2810 sum

1969 2867 2162 2904 omnes
2195 2850 2500 2920 iniquitatis
2538 2851 2768 2918 species.

2046 2942 2212 2997 Vens.
2263 2943 2386 2996 105.
2431 2961 2448 2991 ι
2510 2941 2758 2996 Lucerna
2806 2942 3036 3012 pedibus
3069 2942 3204 2997 meis
3243 2943 3323 2996 lex
3361 2952 3472 3004 tua,
3503 2951 3557 2996 et

1969 3037 2150 3090 lumen
2175 3037 2384 3090 scurrilis
2419 3035 2572 3089 meis.
2611 3056 2626 3085 ι
2671 3035 2786 3089 Non
2821 3035 2968 3089 enim
3004 3037 3056 3090 in
3093 3037 3328 3090 tenebris
3356 3038 3554 3090 ambu-

1894 3164 1936 3221 ε
1973 3131 2046 3192 lo,
2103 3129 2266 3183 veluti
2329 3128 2565 3198 quadam
2623 3128 2864 3192 lucerna,
2926 3129 3042 3198 lege
3085 3137 3173 3182 tua
3225 3129 3552 3185 illustratus.

1971 3223 2261 3278 Sciendum
2291 3231 2375 3276 est
2433 3223 2600 3292 legem
2630 3222 2848 3291 quidem
2887 3221 3171 3275 lucernam
3217 3237 3340 3276 esse
3377 3223 3554 3274 norni-

1974 3323 2182 3376 uatam,
2231 3313 2569 3366 Salvatorem
2609 3329 2740 3365 vero
2776 3296 2827 3366 et
2865 3312 3156 3366 Dominum
3197 3322 3446 3365 nostrum
3468 3312 3560 3379 ju-

1973 3407 2136 3460 stitia:
2161 3406 2344 3459 solem.
2372 3405 2505 3459 Nam
2529 3406 2617 3459 illa
2652 3405 2893 3474 quidem,
2924 3414 2983 3458 ut
3012 3406 3254 3469 lucerna,
3283 3404 3368 3456 vix
3394 3419 3557 3458 unum

1977 3497 2302 3550 illuminavit
2337 3505 2550 3566 gentem
2587 3513 2598 3548 :
2635 3496 2722 3550 hic
2763 3512 2891 3550 vero
2937 3505 3113 3549 totum
3155 3505 3422 3549 terrarum
3466 3511 3557 3546 or-

1974 3588 2096 3642 bem
2147 3589 2456 3642 illustravit.
2509 3588 2598 3642 Sic
2654 3588 2906 3643 divinum
2970 3588 3236 3643 Joannem
3295 3587 3560 3642 Dominus

1975 3681 2229 3737 Christus
2269 3681 2549 3736 lucernam
2600 3682 2849 3746 vocavit,
2901 3698 3018 3751 qme
3049 3699 3170 3737 cum
3233 3683 3410 3736 adhuc
3452 3697 3559 3734 nox

1975 3785 2115 3828 esset
2149 3774 2352 3829 Jndaﬁs
2383 3776 2638 3844 apparuit
2670 3793 2682 3828 :
2719 3786 2904 3843 postea
2939 3789 3090 3832 vero.
3131 3776 3222 3828 lux
3259 3791 3406 3836 vera,
3432 3791 3558 3844 qua)

1977 3866 2249 3919 illuminat
2275 3882 2492 3920 omnem
2519 3867 2799 3919 hominem
2827 3865 3135 3918 venientem
3158 3866 3209 3918 in
3235 3864 3377 3918 hunc
3403 3881 3562 3918 tutllt-

1977 3958 2130 4018 dum,
2163 3958 2343 4011 illuxit
2379 3972 2424 4010 ι.
2464 3955 2530 4009 Ει
2555 3972 2744 4010 sacros
2768 3956 3043 4027 apostolos
3069 3956 3238 4009 lucem
3270 3955 3429 4008 etiam
3461 3972 3562 4024 ap-

1979 4048 2214 4119 ρειιιιιιίι,
2255 4057 2510 4116 tanquam
2545 4047 2688 4101 illius
2725 4048 2833 4100 lum
2862 4047 2968 4099 inis
3003 4045 3316 4115 participes,
3349 4057 3399 4099 et
3441 4061 3562 4100 orn-

1979 4156 2076 4194 nes
2106 4138 2357 4192 homines
2386 4136 2634 4191 doctrina
2667 4153 2765 4192 sua
2798 4137 3154 4192 illustrantes.

2057 4233 2222 4286 Vens.
2273 4230 2396 4286 106.
2439 4249 2455 4280 ι
2517 4229 2721 4295 Juravi,
2763 4239 2816 4284 et
2845 4231 3009 4284 statui
3047 4230 3258 4302 1465
3293 4232 3564 4286 custodire

1975 4326 2180 4396 judicia
2233 4325 2459 4394 justitia:
2506 4335 2631 4379 tum.
2685 4345 2703 4376 ι
2754 4324 2996 4378 Firmum
3057 4325 3254 4379 animae
3297 4326 3563 4394 judicium

1977 4420 2359 4489 jusjurandum
2405 4419 2645 4482 voravit,
2712 4419 2973 4488 quoniam
3010 4435 3096 4474 res
3155 4429 3215 4473 ut
3267 4420 3562 4488 plurimum

1910 4507 1951 4560 D
1977 4512 2344 4583 jurejurando
2375 4512 2830 4566 corroborantur.

2061 4603 2220 4656 νειιε.
2265 4602 2386 4656 107.
2438 4621 2456 4653 ι
2498 4600 2831 4657 llumiliatus
2857 4617 2977 4656 sum
3012 4582 3424 4672 usquequaque,
3461 4603 3565 4658 Do‘

1987 4698 2158 4763 mine,
2191 4697 2402 4750 viviﬁca
2459 4711 2546 4750 mc
2572 4697 2871 4750 secundum
2915 4695 3136 4749 verbum
3174 4707 3349 4750 tuum.
3394 4716 3412 4748 ι
3450 4697 3564 4750 bon

1986 4791 2305 4860 simpliciter
2322 4805 2379 4844 se
2415 4789 2764 4843 humiliatum
2797 4804 2918 4844 esse
2954 4789 3118 4854 dixit,
3155 4790 3245 4844 sed
3276 4790 3538 4843 vehemen

1987 4892 2066 4937 ter
2099 4883 2468 4945 hutniliatum,
2505 4881 2666 4950 idque
2700 4898 2824 4936 cum
2867 4897 2960 4935 rex
2997 4891 3144 4936 esset
3178 4893 3232 4936 et
3279 4885 3563 4952 propheta,

1983 4983 2036 5026 et
2078 4973 2333 5028 ﬁduciam
2372 4989 2401 5026 a
2432 4971 2632 5026 virtute
2665 4972 2916 5036 haberet,
2969 4982 3023 5026 ct
3057 4973 3264 5026 divitiis
3304 4973 3565 5026 aﬂluereh

1985 5074 2038 5120 et
2070 5066 2257 5120 hostes
2292 5065 2552 5120 vinceret.
2580 5065 2684 5118 Sed
2731 5081 2833 5120 nec
2883 5065 3184 5135 sapientiae,
3225 5081 3322 5120 nec
3354 5066 3574 5119 fortitu-

1986 5159 2125 5224 dini,
2181 5174 2282 5212 nec
2327 5157 2557 5226 justiti-.9
2601 5156 2765 5212 lidere
2821 5157 2990 5212 voluit
3036 5173 3319 5228 unquam:
3353 5166 3406 5212 et
3458 5158 3573 5210 haic

1987 5251 2187 5306 divina:
2229 5251 2418 5321 gratia:
2466 5251 2606 5304 dona
2659 5266 2779 5306 esse
2809 5251 3167 5322 Opinabatur.
3210 5251 3277 5305 Et
3307 5253 3471 5305 vitam
3505 5253 3572 5304 ab

1399 5475 1628 5532 ΥΛΒΙᾹΞ
1675 5477 2058 5535 LECTlONES
2099 5482 2184 5536 ET
2217 5481 2451 5537 NOTAE.

374 5595 420 5672 ξ’
459 5594 625 5672 ὥρη
660 5593 858 5672 θείαν..
911 5594 957 5624 ⁹⁶
995 5592 1388 5672 _‘Ef0p00.1_(§.
1419 5593 1602 5672 llebr.:
1635 5595 1863 5651 Doruisti

1982 5616 2007 5648 ε.
2050 5600 2092 5629 ⁸⁷
2123 5597 2414 5672 -ᾋρέινκῃ,
2436 5599 2586 5653 Ilane
2615 5601 2899 5672 lectionem
2923 5603 3090 5656 codex
3125 5604 3140 5656 l
3187 5602 3574 5672 suppeditavit.

307 5664 463 5718 Prior
493 5664 661 5717 editio
704 5663 936 5718 habebat
983 5662 1232 5733 ἀρέσκει.

312 5736 327 5768 ³
374 5737 643 5786 Ἔπειτα.
686 5733 760 5786 ib.
788 5733 999 5800 ἐπειδή.

313 5803 485 5875 (quod
513 5803 743 5874 juravi).
860 5805 881 5835 δ
912 5805 1034 5858 eod.
1066 5804 1087 5857 1
1121 5805 1505 5874 κατακρατῶν.

1308 5664 1373 5733 ’3.
1427 5665 1479 5717 Ὀ
1507 5666 1689 5733 νόμος
1711 5684 1845 5722 σου.
1890 5669 2078 5722 Πριιικι
2123 5667 2284 5723 Verba
2325 5664 2436 5723 tua.

1079 5735 1097 5764 ’
1135 5733 1306 5785 Διὰ-
1336 5732 1605 5803 διδαχῆςί.
1647 5736 1748 5793 υρε
1814 5740 1944 5794 ibid.

2515 5672 2558 5702 9"
2603 5670 2862 5740 Κατηύγ.
2897 5674 3089 5737 ἔθνος.
3131 5670 3266 5728 lies.
3292 5676 3343 5726 in
3364 5675 3485 5726 eod.
3528 5684 3570 5725 ι.

2027 5741 2043 5769 ³
2087 5741 2188 5794 Καὶ
2221 5741 2476 5810 ἔστησα.
2519 5740 2702 5796 llebr.:
2745 5741 2812 5795 Et
2865 5745 3190 5810 conﬁrmabo
3223 5762 3268 5800 ε.
3303 5743 3572 5813 praestabo
