3996 6460
425 299 560 368 1855

1417 311 1906 374 THEODORETI
1941 311 2282 374 EPISCOPI
2321 315 2690 376 CYBENSIS

3548 325 3693 391 1856

417 437 484 474 eo
528 421 620 488 qui
653 434 774 476 eam
809 421 953 484 dare,
994 430 1173 490 potest
1224 423 1550 494 efﬂagitans,
1596 441 1704 479 non
1747 425 1992 481 absolute

2102 424 2272 496 δῶρα.
2308 430 2416 483 Καὶ
2447 429 2592 500 ζωὴν
2630 431 2689 484 δὲ
2737 431 2908 488 αίτῶν
2962 433 3185 489 δοῦναι⁸
3223 412 3546 509 δυνάμενον,
3580 445 3690 497 οὐκ

416 516 570 583 petit,
597 517 689 570 sed
722 515 953 571 rationis
974 527 1302 587 compotem,
1331 529 1385 573 et
1409 519 1512 591 legi
1545 529 1992 588 consentaneae),

415 617 471 661 et
500 624 528 660 a
558 607 742 663 divina
786 611 902 680 lege
937 612 1289 669 illustratam.

488 701 654 758 Vens.
694 703 815 762 108.
852 726 874 759 ι
908 706 1226 763 Voluntaria
1250 711 1364 764 oris
1388 711 1492 764 mei
1510 721 1734 780 accepta
1768 711 1991 776 habeas,

416 792 665 860 Domine,
702 806 756 851 et
784 798 991 867 judicia
1020 808 1110 854 tua
1141 801 1274 854 doce.
1309 816 1413 854 me.
1479 821 1497 853 ι
1532 801 1738 856 Divina
1772 804 1990 872 quidem

416 887 564 957 leges
599 889 834 957 plurima
883 892 1101 948 virtutis
1149 892 1322 948 ollicia
1363 894 1576 963 jubent,
1633 895 1816 964 aliqua
1861 911 1992 950 vero

417 979 671 1035 voluntas
710 982 979 1052 adjungit.
1035 981 1126 1038 Sic
1165 984 1329 1038 etiam
1362 999 1428 1040 ex
1479 985 1765 1042 sacriﬁciis
1809 987 1994 1057 aliqua

416 1088 480 1126 ex
512 1072 646 1142 legis
681 1075 1020 1144 praescripto,
1061 1077 1164 1130 alia
1201 1093 1328 1131 vero
1359 1093 1394 1132 a
1425 1078 1709 1134 voluntate
1761 1080 1978 1146 proﬁci-

415 1168 734 1222 scebantur;
761 1167 897 1222 Nam
942 1169 1091 1224 illius
1133 1171 1353 1240 quidem
1403 1172 1617 1239 generis
1655 1181 1811 1226 erant
1869 1190 1994 1243 quae

411 1273 511 1327 pro
545 1271 768 1328 peccato
794 1271 846 1315 et
880 1254 1101 1324 delicto,
1135 1272 1185 1317 et
1219 1279 1316 1332 pro
1343 1259 1745 1330 involuntariis,
1777 1266 1859 1320 lex
1905 1265 1989 1319 of-
2029 1295 2033 1298 ~

414 1350 559 1405 ferre
612 1355 889 1424 praecepit,
945 1371 1067 1426 quae
1098 1367 1152 1409 et
1207 1357 1376 1410 vel-uti
1427 1358 1699 1427 quoddam
1747 1359 1985 1413 debitum

411 1447 838 1502 exsolvebantnr
879 1448 1027 1503 Deo:
1059 1465 1179 1518 quae
1224 1465 1355 1504 vero
1403 1466 1468 1504 ex
1511 1453 1709 1506 mentis
1748 1452 1990 1506 liberali-

413 1551 522 1594 tate.
570 1541 974 1603 oﬂerebanlur,
1033 1559 1258 1596 munera
1309 1544 1618 1612 appellavit.
1677 1544 1767 1599 Sic
1825 1546 1986 1598 etiam

418 1648 565 1687 nunc
621 1631 1036 1702 teirperantiam
1088 1643 1140 1688 et
1185 1635 1452 1700 justitiam
1508 1635 1807 1706 evangelici
1869 1652 1988 1690 ser-

2098 518 2368 588 ἀορίστως
2393 522 2556 587 αίτεῖ,
2586 522 2725 575 ἀλλά
2758 523 2858 595 τὴν
2883 524 3130 598 λογικὴν,
3170 529 3269 601 τὴν
3301 533 3552 605 ἔννομον,
3580 538 3688 608 τὴν

2096 610 2174 682 τῷ
2204 611 2335 684 θείῳ
2370 614 2522 684 νόμῳ
2557 615 3048 690 λαμπρυνομένην.

2168 704 2273 776 ρη’.
2318 726 2338 759 ι
2387 709 2467 761 Τά
2506 708 2732 762 ἑκούσια
2767 710 2864 763 τοῦ
2900 712 3170 783 στόματός
3225 734 3330 786 μου
3383 720 3690 792 εὐδόκησον

2095 801 2180 865 δὴ,
2213 800 2409 872 Κύριε,
2440 804 2536 855 καὶ
2566 804 2632 857 τὰ
2666 803 2915 876 κρίματά
2968 825 3063 861 σου
3097 809 3310 875 δίδαξόν
3358 832 3449 883 με.
3496 836 3515 869 ι
3557 820 3686 872 Τῶν

2094 889 2196 957 τῆς
2222 889 2424 958 ἀρετῆς
2446 892 2894 964 κατορθωμάτων
2925 897 2996 950 τὰ
3036 898 3270 955 πλεῖστα
3302 904 3403 972 μὲν
3439 909 3486 958 οἱ
3538 907 3684 962 θεῖοι

2100 980 2256 1050 νόμοι
2279 981 2696 1052 διαγορεύουσιν
2722 1003 2736 1018 ·
2767 986 2885 1041 ἔνια
2917 988 2975 1042 δὲ
3015 992 3112 1044 καὶ
3142 995 3174 1062 ή
3214 993 3408 1067 γνώμη
3448 1002 3684 1066 προστί-

2095 1071 2271 1144 θησιν.
2302 1072 2459 1126 Οὕτω
2485 1075 2580 1129 καὶ
2609 1077 2717 1130 τῶν
2754 1079 2954 1133 θυσιῶν
2990 1082 3059 1136 τὰ
3105 1083 3204 1154 μὲν
3236 1088 3456 1155 νομικὰ.
3499 1089 3570 1143 τὰ
3618 1091 3686 1144 δὲ

2093 1166 2373 1235 γνωμικά.
2407 1167 2489 1222 Τά
2519 1169 2615 1238 μὲν
2648 1172 2756 1242 γὰρ
2782 1175 2909 1244 περὶ
2939 1176 3238 1245 ἁμαρτίας,
3275 1180 3372 1232 καὶ
3414 1182 3684 1252 πλημμε-

2093 1257 2260 1326 λείας,
2291 1261 2535 1332 καὶπερὶ
2558 1264 2803 1332 ἀγνοίας,
2833 1269 2861 1319 ὁ
2883 1269 3054 1338 νόμος
3089 1273 3425 1342 προσφέρειν
3454 1276 3684 1329 ἐκέλευ-

2095 1373 2206 1422 σεν,
2230 1357 2324 1409 καὶ
2355 1357 2529 1411 ταῦτα
2561 1354 2674 1412 οἷόν
2699 1376 2749 1412 τι
2782 1361 2944 1432 χρέος
2971 1364 3256 1420 ἀπεδίδοτο
3302 1366 3381 1437 τῷ
3417 1369 3553 1440 Θεῷ.
3589 1371 3684 1423 Τὰ

2091 1448 2146 1501 δὲ
2170 1451 2235 1519 τῇ
2288 1451 2569 1523 φιλοτιμίᾳ
2613 1452 2714 1521 τῆς
2767 1453 2994 1528 γνώμης
3041 1460 3484 1531 προσφερόμενα,
3519 1462 3682 1532 δῶρα

2093 1543 2553 1613 προσηγόρευσεν.
2597 1545 2750 1600 Οὕτω
2803 1549 2897 1601 καὶ
2950 1549 3044 1603 νῦν
3081 1551 3180 1623 τὴν
3243 1553 3343 1623 μὲν
3380 1556 3681 1625 σωφροσύ-

2092 1652 2211 1704 νην,
2257 1637 2352 1690 ml.
2402 1637 2500 1708 τὴν
2547 1638 2920 1712 δικαιοσύνην,
2973 1645 3023 1696 οί
3085 1646 3432 1714 εύαγγελικοὶ
3486 1651 3682 1720 διαγο-

416 1738 604 1776 mones
633 1723 646 1744 ‘
695 1725 1057 1793 priecipiunt;
1105 1725 1387 1792 virginitas
1435 1741 1584 1786 vero,
1617 1735 1671 1780 et
1724 1729 1861 1796 'post
1897 1743 1990 1780 nu-

2101 1729 2310 1800 ρεύουσι
2340 1730 2487 1800 λόγοι
2508 1747 2524 1764 ⁸
2556 1732 2828 1799 παρθενία
2855 1735 2932 1800 δὲ,
2960 1737 3055 1789 καὶ
3089 1739 3225 1808 μετὰ
3255 1741 3434 1811 γάμον
3469 1744 3684 1814 ὲγκρά-

415 1818 560 1886 ptias
583 1806 945 1880 continentia,
977 1825 1030 1870 et
1058 1826 1369 1886 paupertas,
1407 1827 1460 1872 et
1489 1819 1733 1873 solitaria
1764 1819 1891 1884 vita,
1932 1829 1984 1874 et

413 1914 466 1964 in
522 1911 741 1965 deserto
792 1910 1175 1971 commoratio,
1227 1911 1431 1964 mentis
1474 1927 1636 1980 opera
1687 1924 1831 1974 sunt,
1864 1927 1986 1981 qum

411 2005 584 2073 legem
624 2004 1041 2059 transcendunt.
1069 2002 1220 2056 Talia
1250 2004 1411 2074 igitur
1431 2005 1702 2074 Propheta
1736 2004 1984 2059 volunta-

410 2101 492 2151 ria
552 2099 908 2166 nuncupavit.
943 2097 1074 2162 Quae
1118 2096 1263 2150 enim
1319 2098 1455 2166 legis
1504 2101 1814 2154 necessitati
1875 2115 1981 2153 non

411 2190 803 2257 Sttltjit'ltlltlllt'.
849 2189 940 2243 sed
979 2190 1078 2257 pize
1103 2196 1157 2242 et
1185 2189 1454 2258 religiosae
1485 2191 1683 2244 mentis
1705 2201 1832 2246 sunt
1866 2191 1983 2246 fru-

409 2294 552 2345 ctus,
599 2282 812 2354 1466
841 2284 958 2350 iure
999 2281 1308 2334 voluntaria
1342 2292 1628 2352 vocantur.

477 2373 643 2431 Vens.
687 2376 809 2428 109.
857 2393 874 2425 ‹
917 2375 1110 2427 Anima
1162 2391 1280 2428 mea
1330 2375 1383 2428 in
1417 2377 1670 2434 manibus
1702 2380 1806 2434 tuis
1841 2397 1984 2438 sem-

406 2485 525 2540 per,
555 2480 607 2523 et
641 2468 777 2538 legis
810 2477 918 2522 tuae
958 2481 1065 2521 non
1113 2483 1235 2522 sum
1288 2469 1511 2525 oblitus.
1551 2489 1570 2522 ι
1621 2472 1666 2525 Α
1697 2483 1784 2528 tua
1835 2475 1980 2530 enim

2093 1840 2234 1886 τεια,
2261 1827 2353 1878 καὶ
2383 1826 2758 1898 ἀκτημοσύνη,
2787 1829 2883 1882 καὶ
2950 1831 3194 1902 μονήρης
3222 1831 3356 1902 βίος,
3382 1836 3477 1888 καὶ
3521 1837 3554 1906 ὴ
3609 1839 3681 1891 ὲν

2089 1919 2618 1991 ἐρήμοιςτδιαγωγὴ.
2673 1922 2774 1991 τῆς
2811 1921 3038 1994 γνώμης
3090 1924 3250 1996 ἔργα,
3307 1927 3400 1980 τοῦ
3450 1929 3620 1997 νόμου
3650 1931 3677 1961 ⁸

2091 2012 2513 2083 ύπερπηδῶντα.
2545 2013 2626 2066 Τὰ
2654 2014 2881 2068 τοιαῦτα
2907 2015 3132 2069 τοίνυνὸ
3172 2017 3470 2090 Προφήτης
3485 2019 3670 2075 ἐκού-

2087 2119 2193 2160 σία
2226 2105 2686 2176 προσηγόρευσεν.
2741 2107 2806 2158 Ἃ
2845 2107 2954 2176 γὰρ
3007 2106 3103 2178 οὐχ
3147 2108 3436 2162 ὑπόκειται
3481 2110 3674 2180 νόμων

2087 2198 2322 2270 ἀνάγκῃ,
2383 2197 2519 2251 ἀλλὰ
2565 2197 2810 2266 φιλοθέου
2856 2198 3083 2270 γνώμης
3134 2201 3371 2271 ὑπάρχει
3425 2203 3667 2273 καρπὸς,

2087 2290 2314 2352 εἰκότως
2348 2288 2571 2343 ἑκούσια
2606 2290 3064 2362 προσηγόρευταιζ

2162 2382 2263 2452 ρθ’.
2293 2402 2311 2433 ‹
2359 2383 2421 2436 Ἡ
2442 2383 2586 2452 ψυχή
2623 2401 2724 2452 μου
2763 2385 2821 2435 ὲν
2847 2387 2966 2448 ταῖς
3005 2386 3162 2458 χερσί
3192 2403 3285 2440 σου
3315 2386 3405 2440 διὰ
3436 2387 3666 2455 παντὸς,

2086 2476 2297 2531 καὶτοῦ
2328 2477 2495 2548 νόμου
2533 2495 2624 2530 σου
2643 2478 2744 2530 οὐκ
2769 2478 3138 2550 ἐπελαθόμην.
3183 2497 3201 2529 ι
3254 2478 3391 2532 Ὑπὸ
3423 2480 3522 2548 τῆς
3562 2483 3667 2548 σῆς

417 2562 758 2633 providentia
791 2560 1120 2624 custoditus,
1175 2569 1391 2615 tuarum
1442 2562 1619 2635 legum
1651 2566 1979 2622 oblivionem

2101 2567 2192 2638 γὰρ
2239 2569 2497 2637 προνοίας
2552 2567 2980 2638 φρουρούμενος,
3025 2567 3124 2636 τὴν
3173 2565 3344 2638 λήθην
3392 2565 3505 2619 τῶν
3551 2567 3663 2618 σῶν

403 2668 595 2734 abjeci.

476 2757 641 2813 Vens.
679 2759 794 2814 110.
837 2778 855 2809 ι
896 2760 1202 2813 Posuernnt
1242 2767 1557 2827 peccatores
1586 2757 1839 2826 laqueum
1879 2757 1982 2810 mi-

403 2851 480 2910 hi.
513 2861 564 2904 et
597 2866 624 2903 a
671 2851 945 2905 mandatis
979 2850 1087 2904 tuis
1126 2866 1233 2903 non
1280 2850 1547 2903 aberravi.
1583 2869 1600 2900 υ
1639 2849 1836 2903 Multas
1892 2866 1982 2902 va-

2084 2658 2321 2730 ὲξώρισα
2345 2660 2542 2728 νόμων.

2155 2759 2242 2822 ρι’.
2281 2772 2299 2804 ι
2335 2752 2561 2806 Ἐθεντο
2591 2752 2911 2823 ἀμαρτωλώ⁹
2943 2751 3146 2820 παγίδα
3178 2770 3292 2823 μοι,
3319 2753 3414 2806 καὶ
3449 2755 3513 2807 ὲκ
3545 2753 3664 2808 τῶν

2081 2846 2308 2900 ἐντολῶν
2339 2863 2432 2899 σου
2465 2847 2564 2899 οὐκ
2602 2842 2930 2915 ἐπλανήθην.
2983 2864 2999 2896 ι
3047 2843 3258 2909 Πολλὰς
3304 2846 3403 2898 καὶ
3453 2862 3662 2900 παντο-

405 2943 626 3012 riasqne
655 2951 708 2996 et
741 2943 988 2997 homines
1019 2952 1071 2996 et
1105 2941 1378 2995 (launones
1423 2941 1645 2995 insidias
1683 2951 1870 2994 contra
1897 2955 1981 2993 me

2101 2939 2256 3000 ῖαπὰς
2305 2938 2399 2991 καὶ
2456 2937 2733 3007 ἄνθρωποι
2781 2938 2874 2990 καὶ
2910 2937 3164 3006 δαίμονες
3219 2937 3519 3001 ἐπιϐουλάς
3568 2957 3662 3008 μοι

402 3043 619 3089 struunt
649 3053 662 3089 :
689 3035 787 3106 ego
828 3051 957 3088 vero
1003 3043 1221 3089 tuorum
1263 3036 1642 3089 mandatorum
1695 3034 1796 3088 iter
1834 3034 1976 3088 haud

403 3123 567 3177 fallax
607 3124 820 3178 decrevi
870 3124 1177 3179 instituere.

477 3215 640 3271 Vens.
678 3218 797 3271 111.
835 3236 852 3268 ι
893 3217 1217 3271 Ιιίενριιίιοιο
1251 3216 1514 3286 acquisivi
1548 3216 1859 3270 testimonia
1888 3225 1976 3270 tua

403 3311 457 3362 in
510 3318 812 3371 aeternum,
859 3309 989 3379 quia
1025 3310 1318 3364 exsultatio
1367 3310 1548 3364 cordis
1599 3309 1698 3363 mei
1749 3319 1896 3362 sunt.
1955 3330 1972 3360 ι

405 3399 787 3456 Hmrcditatem
821 3403 1213 3470 sempiternam
1247 3409 1300 3459 et
1337 3411 1504 3454 tutam
1547 3412 1636 3455 tua
1671 3402 1976 3455 testimonia

2081 3030 2397 3102 τυρεύουσιν
2423 3045 2435 3058 ·
2490 3029 2599 3096 ἐγὼ
2643 3030 2701 3083 δὲ
2733 3029 2831 3099 τὴν
2865 3031 3075 3102 ἀπλανῆ
3116 3029 3226 3084 τῶν
3263 3030 3370 3083 σῶν
3424 3030 3665 3084 ἐντολῶν

2003 3113 2047 3169 C
2082 3123 2308 3194 πορείαν
2338 3122 2666 3192 προειλόμην
2698 3122 2926 3177 ὁδεύειν.

2153 3223 2274 3287 ρια’.
2310 3235 2329 3266 ‹
2374 3215 2820 3285 Ἐκληρονὸμησα
2864 3216 2934 3268 τὰ
2985 3213 3263 3285 μαρτύριὰ
3296 3231 3391 3267 σου
3443 3216 3524 3277 είς
3568 3212 3666 3266 τὸν

2081 3310 2271 3374 αἰῶνα,
2330 3309 2411 3361 ὅτι
2458 3308 2771 3377 ἁγαλλίαμα
2841 3306 2942 3375 τῆς
2997 3307 3226 3376 καρδίας
3281 3305 3382 3375 μού
3437 3307 3599 3359 εἰσιν.
3636 3325 3654 3352 ο

2080 3402 2298 3471 Κλῆρον
2357 3400 2576 3455 αἰώνιόν
2625 3418 2684 3453 τε
2734 3400 2826 3454 καὶ
2875 3400 3076 3453 ἄσυλον
3113 3398 3182 3452 τὰ
3233 3397 3514 3468 μαρτύριά
3566 3414 3662 3450 σου

402 3511 524 3549 esse
553 3497 802 3560 credens,
852 3498 921 3550 ob
969 3495 1164 3549 borum
1217 3495 1617 3564 possessionem
1670 3496 1884 3550 exsulto
1928 3507 1980 3549 et

2101 3490 2218 3548 ιῖναι
2252 3493 2545 3558 πιστεύων,
2579 3493 2672 3546 ἐπὶ
2694 3495 2760 3564 τῇ
2797 3493 2990 3564 κτήσει
3014 3491 3219 3546 τούτων
3249 3490 3562 3561 ἀγάλλομαί
3601 3507 3662 3542 τε

402 3593 573 3645 lmtor.

475 3683 636 3740 Vens.
664 3686 787 3741 “2.
815 3707 832 3738 ι
853 3687 1110 3743 inclinavi
1129 3701 1225 3741 cor
1247 3701 1425 3740 meum
1447 3686 1511 3740 ad
1532 3664 1983 3754 l‘aciemlasjusti-

400 3777 686 3832 Beationes
719 3789 839 3835 tuas
865 3780 919 3834 in
953 3790 1212 3834 aeternum
1251 3789 1472 3847 propter
1504 3777 1973 3832 retributionem.»

2081 3586 2176 3639 καὶ
2204 3584 2590 3657 εύφραίνομαι.

2153 3677 2279 3748 ρι6’.
2329 3695 2348 3728 ι
2392 3676 2621 3730 Ἔκλινα
2653 3674 2751 3746 τὴν
2789 3674 3018 3743 καρδίαν
3049 3692 3152 3744 μου
3201 3673 3296 3726 τοῦ
3340 3672 3568 3742 ποιῆσαι
3593 3671 3666 3724 τὰ

2081 3768 2427 3840 δικαιώματά
2453 3785 2545 3821 σου
2595 3770 2674 3832 είς
2722 3768 2811 3821 τὸν
2849 3767 3045 3831 αἰῶνα,
3095 3766 3165 3819 δι’
3192 3765 3525 3836 ἀντάμειψιν
3544 3765 3590 3819 ⁷.
3638 3782 3658 3816 ο

401 3865 646 3925 Trutina:
672 3872 849 3927 simile
878 3881 962 3928 est
981 3873 1175 3927 animm
1193 3872 1502 3934 Consilium,
1525 3885 1676 3924 mens
1694 3884 1843 3933 vero,
1860 3885 1980 3938 qua:

2101 3860 2369 3933 Γρυτάνῃ⁸
2397 3860 2541 3912 ἔοικε
2566 3860 2628 3912 τὸ
2650 3860 2747 3930 τῆς
2769 3859 2950 3930 ψυχῆς
2979 3858 3368 3928 βουλευτήριον
3385 3875 3400 3888 ο
3439 3858 3664 3926 κατέχει

404 3962 563 4016 ducis
593 3965 713 4017 vice
741 3964 1006 4035 fungitur,
1051 3965 1312 4018 trutinam
1343 3973 1509 4018 tenet.
1563 3964 1620 4017 Si
1683 3962 1847 4029 igitur
1877 3961 1981 4032 piis

2101 3954 2136 4005 ἑὲ
2165 3952 2260 4023 τὴν
2292 3951 2594 4023 τρυτάνην⁹
2627 3951 2796 4014 ὁνοῦς
2856 3951 3222 4022 ἡγεμονεύειν
3272 3950 3475 4021 λαχών.
3530 3951 3663 4004 Ἐὰν

403 4055 830 4124 cogitationibus
853 4056 1278 4126 se'applicuerit,
1307 4072 1529 4111 necesse
1549 4065 1633 4109 est
1661 4055 1726 4108 ad
1756 4055 1979 4109 meliora

402 4146 587 4206 fauces
639 4165 885 4218 vergere.
953 4149 1064 4204 llnc
1086 4167 1144 4205 se
1200 4148 1399 4204 fecisse
1457 4149 1606 4203 dicit.
1645 4147 1912 4218 PrOpheta
1962 4165 1976 4202 :

2081 4044 2260 4098 τοίνυν
2288 4045 2401 4106 τοῖς
2443 4042 2695 4095 εὐσεϐέσι
2739 4042 3047 4114 προσθῆται
3084 4043 3399 4112 λογισμοῖς,
3445 4043 3661 4112 ἀνάγκη

2081 4135 2282 4190 κλίνειν
2317 4135 2410 4187 ἐπὶ
2431 4133 2499 4187 τά
2529 4133 2738 4204 ἀμείνω
2764 4133 2833 4186 τά
2876 4132 3037 4203 ζυγά.
3078 4132 3251 4187 Τοῦτο
3283 4131 3605 4204 δεδρακέναι
3634 4133 3664 4184 ὁ

408 4257 428 4291 ι
470 4238 729 4292 lnelinavi
778 4255 875 4292 ror
904 4255 1085 4293 meum
1134 4241 1199 4293 ad
1255 4240 1532 4294 faciendas
1563 4239 1980 4307 iustiﬁcationes

2101 4228 2375 4298 ἶροιρὴτης
2406 4225 2569 4296 φησίν
2594 4241 2608 4255 ο
2653 4245 2671 4277 ι
2726 4225 2954 4279 Ἔκλινα
2993 4225 3093 4295 τὴν
3129 4223 3356 4295 καρδίαν
3400 4242 3524 4296 μου,
3563 4223 3661 4278 τοῦ

401 4339 522 4384 tuas
555 4332 607 4384 in
659 4339 946 4396 :ctcrnum,
977 4342 1194 4400 propter
1237 4333 1674 4387 retributionem.
1706 4349 1724 4381 ›
1767 4331 1978 4384 Etenim

2082 4319 2304 4388 ποιῆσαι
2333 4317 2402 4371 τὰ
2435 4317 2784 4386 δικαιώματά
2816 4335 2911 4370 σου
2946 4319 3025 4376 εἰς
3057 4317 3150 4369 τὸν
3179 4316 3373 4378 αἰῶνα,
3427 4316 3495 4369 δι’
3533 4318 3662 4368 ἀντ-

401 4424 614 4478 lucrum
673 4424 818 4493 quod
861 4423 989 4477 hinc
1015 4425 1220 4492 percipi
1252 4425 1410 4487 solet,
1438 4441 1560 4478 cum
1593 4424 1850 4488 viderem,
1891 4440 1978 4475 vo-

2101 4412 2326 4482 ίμειψιν.
2367 4431 2384 4462 ι
2415 4410 2489 4463 Τὸ
2514 4410 2623 4481 γὰρ
2655 4411 2719 4462 ὲκ
2762 4407 2969 4461 τούτων
3015 4408 3284 4477 φυόμενον
3323 4405 3662 4475 θεασάμενος

401 4512 517 4566 lens
556 4512 836 4579 libensque
866 4527 964 4580 pro
999 4513 1082 4567 bis
1120 4512 1349 4567 sudores
1378 4513 1616 4580 suscepi.
1655 4512 1719 4566 Et
1777 4514 1980 4568 docens

400 4603 681 4674 quomodo
716 4619 804 4659 res
835 4604 1050 4658 divinas
1080 4605 1324 4674 elegerit,
1365 4604 1642 4674 subiunxit
1680 4623 1693 4657 :

475 4778 641 4833 Vens.
687 4779 808 4833 115.
869 4797 888 4830 ι
933 4781 1154 4850 lniquos
1205 4783 1330 4836 odio
1383 4783 1585 4844 habui,
1637 4785 1802 4855 legem
1856 4803 1984 4843 vero

399 4883 547 4924 tuam
581 4871 774 4926 dilexi.
823 4891 841 4924 ι
882 4871 1258 4944 Cogitationes
1282 4878 1426 4931 enim
1459 4878 1527 4930 ad
1552 4877 1976 4950 delinquendum

400 4964 1046 5036 ἰιιειὶεζοιιιοελιῇίοἰοηε,
1078 4977 1224 5022 tuam
1255 4968 1426 5039 legem
1459 4970 1691 5039 praetuli.

480 5141 645 5195 Vens.
685 5141 806 5196 114.
845 5160 864 5194 ι
902 5143 1133 5213 Adjutor
1163 5160 1342 5211 meus,
1397 5155 1448 5201 et
1494 5156 1779 5216 susceptor
1820 5161 1974 5203 mens

2083 4502 2295 4572 κέρδος,
2327 4499 2613 4561 ἀσπασίως
2649 4497 2776 4560 τοὺς
2819 4497 2959 4567 ὑπὲρ
3007 4498 3213 4549 τούτων
3255 4494 3599 4563 ἀνεδεξάμην
3617 4494 3662 4524 ¹⁶

2084 4591 2334 4664 ἱδρῶτας.
2373 4591 2481 4643 Καὶ
2518 4588 2786 4642 διδάσκων
2818 4586 3028 4650 ὃπως¹¹
3069 4585 3138 4638 τὰ
3189 4583 3312 4638 θεῖα
3350 4583 3659 4655 προείλετο,

2081 4685 2349 4754 ἐπήγαγεο

2153 4783 2278 4846 ριγ’.
2327 4793 2346 4826 ‹
2393 4773 2809 4845 Παρανόμους¹¹
2850 4771 3110 4842 ἐμίσησα,
3153 4769 3247 4822 τὸν
3275 4769 3332 4821 δὲ
3364 4768 3533 4836 νόμον
3566 4784 3663 4820 σου

2082 4869 2366 4938 ἠγάπησα.
2400 4886 2418 4918 ι
2440 4866 2578 4930 Τοὺς
2603 4866 2644 4896 ⁸³
2672 4864 2783 4934 γὰρ
2843 4864 3186 4934 παρανομεῖν
3230 4859 3665 4929 ὑποτιθεμένους

2085 4959 2522 5030 ἀποσεισάμενος
2586 4955 2911 5027 λογισμοὺς,
2975 4953 3068 5030 τὸν
3125 4953 3217 5006 σὺν
3275 4951 3663 5023 προτετίμηκα

2084 5053 2267 5123 νόμον.
2368 5029 2372 5030 7
2995 5029 3011 5047 ‘

2158 5144 2276 5214 pt6’.
2310 5163 2327 5195 ι
2369 5142 2571 5212 Βοηθός
2588 5140 2634 5173 ¹⁸
2657 5156 2782 5212 μου,
2801 5138 2896 5192 καὶ
2917 5136 3266 5207 ἀντιλήπτωρ
3299 5149 3401 5204 μου
3423 5127 3556 5198 εἴη,
3584 5132 3664 5194 είς

1511 5351 1744 5408 νΑιιιΑῑ
1761 5317 1767 5322 ’
1786 5350 2165 5408 LECTiom-zs
2197 5347 2286 5404 ΕΤ
2314 5344 2546 5402 Noua.

475 5509 498 5543 ⁵
533 5507 772 5584 Agilem.
808 5511 878 5564 ib.
930 5529 1094 5582 praem
1143 5554 1154 5584 .
1193 5515 1303 5567 τόν.
1383 5516 1403 5545 ⁶
1434 5515 1504 5570 ib.
1539 5517 1666 5578 τοὺς
1722 5515 1938 5584 νόμους.

593 5579 616 5609 ⁸
651 5581 814 5654 ῇουτ.
845 5577 965 5637 cod.
1009 5585 1033 5636 1
1063 5583 1238 5654 τούτῳ
1263 5585 1348 5639 ἄν.

401 5785 535 5843 add.
571 5786 657 5841 σύ.

2047 5515 2066 5544 ⁷
2098 5513 2176 5565 Δι’
2206 5509 2420 5594 ᾀῼντᾲμ.
2481 5507 2648 5594 Hebr.
2677 5517 2792 5594 2P3:
2829 5507 2883 5594 iit

661 5583 814 5658 ζλουτ.
845 5585 965 5637 cod.
1009 5585 1033 5636 1
1063 5583 1238 5658 τούτῳ
1263 5585 1348 5639 ἄν.
1451 5589 1472 5616 ν
1495 5590 1705 5658 μΊξρυτ.
1737 5583 1811 5638 11).
1882 5587 2107 5658 ἀρετήν.
2216 5583 2260 5613 ¹⁰

412 5649 1034 5724 llelu_n,_inconstantes,
1103 5671 1149 5710 s.
1209 5649 1317 5709 huc
1377 5665 1430 5710 et
1493 5649 1620 5709 illuc
1677 5649 1936 5724 vagantes
1987 5649 2193 5710 animo.

407 5717 572 5795 (39rd.
689 5738 738 5777 c.
770 5739 822 5793 p.
865 5723 991 5780 «175.
1022 5717 1030 5720 ⁷
1071 5725 1113 5756 ⁸³
1143 5725 1369 5791 Βοηθὸς
1403 5757 1468 5766 -—
1535 5717 1937 5782 drudfllebr.
1974 5743 1987 5780 :

2101 5723 2311 5795 fugiunt
2341 5736 2510 5776 meum
2569 5732 2616 5776 et
2678 5719 2887 5788 clypeus
2960 5734 3122 5772 meus.

2945 5509 3103 5576 ﬁnem
3154 5522 3335 5576 usque,
3398 5514 3457 5557 ut
3517 5519 3658 5557 vers.

2338 5582 2416 5657 ib_._
2465 5576 2766 5657 _é6e€dp:qi1.
2875 5578 2915 5610 ¹¹
3109 5576 3242 5657 πῶς.
3299 5576 3364 5657 ,⁸³
3423 5578 3667 5657 Πείρως.-

2292 5651 2337 5683 ¹³
2375 5648 2528 5715 Τοὺς
2580 5645 2649 5690 -ἑ
2691 5645 2897 5716 νόμον.
2951 5647 3248 5702 Athanasio
3299 5647 3412 5698 lure
3475 5645 3661 5697 tribuit

2295 5736 2510 5769 imeum
2569 5732 2616 5769 et
2678 5719 2887 5769 clunem
2960 5734 3122 5769 meus.
3227 5718 3269 5750 ³⁸
3315 5711 3405 5769 EI.
3471 5711 3655 5769 cod.l
