3996 6490
484 346 620 412 1859

1435 344 1926 405 TIIEODORETI
1968 344 2308 406 EPISCOPI
2347 345 2715 406 CYRENSIS

3635 341 3660 402 1
3670 341 3780 402 860

479 466 703 517 Christo
755 462 920 518 simul
971 461 1289 516 cruciﬁxus
1335 477 1497 527 sum;
1558 463 1684 515 vivo
1737 470 1918 514 autem
1966 476 2068 515 non

2185 464 2359 532 τρεία.
2404 482 2420 513 ι
2469 463 2579 516 Καὶ
2618 462 2805 527 πάλιν,
2854 482 2872 511 ι
2914 461 3138 532 Χριστῷ
3180 462 3663 534 συνεσταύρωμαι,
3694 464 3785 524 ζῶ

481 555 717 623 amplius
743 570 863 624 ego,
893 556 1025 610 vivit
1061 571 1190 608 vero
1226 556 1279 608 in
1312 571 1398 609 me
1433 555 1688 609 Christus
1721 565 1764 609 ι.
1801 575 1818 606 ι

561 645 722 698 Vens.
763 645 858 697 121
895 665 912 695 ι
953 644 1078 698 Feci
1107 644 1378 713 judicium
1415 654 1468 698 et
1495 645 1788 713 justitiam,
1823 663 1931 699 non
1967 657 2076 700 tra-

477 741 577 791 das
613 753 700 790 me
739 737 1209 792 calumniantibus
1245 753 1354 791 me.
1394 756 1411 786 ι
1451 739 1468 758 ⁴
1509 736 1676 798 Tuas,
1720 739 1916 807 inquit,
1950 755 2073 793 cum

479 827 636 896 sequi
675 827 1015 881 decreverim
1071 827 1238 894 leges,
1292 841 1360 880 ne
1407 825 1662 881 hostibus
1697 829 1876 897 praeda
1927 831 2071 883 liam.

481 919 616 981 Quis
648 932 781 970 vero
810 933 957 971 nunc
988 918 1186 970 attint-.1;
1225 927 1429 970 tantam
1464 919 1751 984 puritatem
1784 920 1969 981 habet,
2018 928 2075 973 ut.

481 1026 605 1062 cum
647 1010 844 1064 ﬁducia
875 1011 957 1064 his
988 1010 1170 1064 verbis
1213 1011 1440 1064 utatur?
1482 1010 1694 1064 Similia
1737 1011 1889 1065 hisce
1938 1012 2075 1065 dixit

481 1107 646 1158 etiam
677 1105 898 1159 divinus
923 1103 1222 1172 Apostolus
1257 1121 1270 1156 :
1311 1120 1327 1152 I
1369 1102 1502 1154 Nam
1536 1102 1709 1172 gloria
1738 1113 1926 1158 nostra
1962 1105 2076 1158 haec

481 1208 584 1263 est,
620 1200 996 1254 testimonium
1015 1195 1367 1252 conscientia:
1395 1196 1716 1251 nostraea-b.
1759 1215 1776 1247 ι

559 1380 721 1436 Vens.
775 1380 898 1435 ΗΞ.
940 1397 958 1430 ι
1025 1378 1254 1449 Suscipe
1304 1393 1522 1434 servum
1578 1388 1732 1434 tuum
1771 1378 1985 1450 1469
2022 1383 2072 1435 in

479 1476 709 1529 bonum.
747 1493 763 1525 ι
807 1470 1198 1543 Symmachus,
1229 1472 1418 1541 Recipe
1448 1489 1526 1525 me
1559 1473 1611 1525 in
1644 1472 1836 1525 bonum
1870 1489 2073 1526 servum

483 1580 652 1622 tuum.
684 1568 880 1636 Aquila
933 1576 1114 1620 autem
1146 1576 1199 1619 et
1229 1565 1553 1628 Theodolio,
1590 1565 1724 1618 Fide
1756 1567 1882 1634 jube
1917 1581 1936 1618 :
1973 1568 2074 1619 hoc

478 1666 564 1710 est
601 1671 614 1708 :
648 1655 844 1709 Verum
897 1656 1038 1720 dico,
1084 1671 1190 1708 non
1252 1657 1520 1720 utentior,
1563 1656 1722 1709 crede
1768 1672 1928 1709 servo
1981 1665 2075 1710 tuo

479 1749 840 1820 promittenti,
883 1749 999 1816 ipse
1039 1757 1159 1802 esto
1191 1763 1426 1817 Sponsor
1478 1766 1611 1802 mea:
1645 1749 2054 1818 promissionis,

480 1843 743 1910 quoniam
776 1851 898 1894 tuas
924 1840 1148 1906 implere
1183 1840 1330 1909 leges
1365 1839 1618 1893 studebo.
1651 1858 1669 1888 ι
1707 1838 1822 1892 Non
1856 1841 2063 1893 calnm-
2104 1839 2140 1891 Β

481 1933 702 1986 nicntur
741 1948 826 1985 me
855 1933 1097 2001 superbi.
1142 1951 1160 1982 ›
1194 1933 1403 1984 Acerba
1439 1947 1522 1984 res
1551 1939 1633 1985 est
1681 1932 1974 1994 calumnia,
2007 1932 2071 1985 li-

479 2034 564 2078 cet
617 2040 870 2092 magnam
927 2024 1232 2077 mercedem
1281 2023 1334 2075 in
1389 2039 1448 2077 se
1490 2022 1704 2077 habeat.
1748 2023 1801 2076 In
1842 2024 1983 2077 hanc
2018 2035 2072 2079 et

479 2117 824 2170 admirabilis
859 2117 1049 2169 incidit
1093 2114 1317 2184 Joseph,
1351 2123 1404 2168 et
1449 2115 1540 2168 alii
1572 2115 1882 2195 jnnumeri.
1910 2113 2073 2171 Jubet

481 2222 666 2265 autem
707 2210 870 2264 etiam
934 2210 1198 2264 Dominus
1238 2221 1294 2263 ut
1329 2225 1554 2263 oremus
1603 2226 1670 2264 ne
1714 2211 1979 2266 intrenms
2015 2213 2068 2265 in

485 2306 862 2359 tentationem.
898 2301 1045 2356 Nihil
1090 2303 1257 2370 igitur
1288 2303 1586 2356 absurdum
1623 2302 1895 2373 Propheta
1918 2304 2066 2369 fecit,

481 2417 612 2454 cum
648 2401 750 2454 hoe
792 2409 1020 2469 peteret.
1059 2399 1338 2468 Siquidem
1374 2400 1748 2467 arrogantium
1781 2409 1833 2454 ct
1875 2409 2068 2468 potem-

483 2497 617 2549 timn
655 2494 942 2548 hominum
987 2492 1265 2546 calumnia
1311 2491 1881 2560 longe'acerbiorest.
1922 2493 2069 2562 inju-

480 2589 630 2642 stitia
660 2587 806 2641 enim
857 2601 980 2638 eum
1019 2585 1260 2653 potentia
1293 2586 1585 2654 conjuncta
1619 2584 1882 2652 majorem
1906 2585 2069 2640 ellitrit

479 2693 800 2749 permerem.

556 2855 716 2908 Vens.
763 2851 885 2907 125.
941 2869 959 2903 ι
999 2851 1156 2906 Oculi
1210 2851 1314 2904 tnei
1363 2848 1684 2904 defecerunt.
1733 2850 1785 2902 in
1844 2849 2068 2903 salutari

482 2958 600 3010 tuo,
627 2956 680 3000 et
711 2946 763 2998 in
796 2945 1018 3014 eloquio
1066 2944 1298 3014 justitia:
1352 2953 1478 2997 tuae.
1517 2963 1533 2993 ι
1578 2943 1791 2996 ltursus
1837 2943 1923 2995 hic
1959 2943 2069 2995 elo-

488 3039 671 3108 quium
713 3037 1138 3105 premissionem
1174 3044 1350 3089 vocat.
1381 3032 1677 3098 Continue,
1722 3033 1924 3102 inquit,
1964 3050 1992 3086 a
2021 3043 2071 3088 te

490 3131 722 3183 salutem
751 3135 1034 3196 eupecto,
1065 3134 1118 3180 et
1149 3123 1561 3195 pollicitationis
1600 3125 1762 3177 tinem
1793 3125 2067 3178 desidero.

486 3222 677 3277 Posuit
719 3231 902 3276 autem
950 3219 1290 3289 defecerunt,
1343 3227 1400 3272 ut
1429 3218 1706 3271 intensum
1757 3217 2070 3272 ostenderet

491 3317 842 3372 desiderium.

559 3518 723 3572 Vens.
768 3516 891 3570 ιιι.
933 3534 950 3565 ι
990 3513 1096 3568 Fac
1122 3529 1246 3567 eum
1295 3527 1452 3567 servo
1487 3521 1580 3564 tuo
1624 3510 1924 3564 secundum
1963 3509 2066 3562 mi-

483 3609 840 3665 sericordiam
875 3618 1046 3670 tuam,
1072 3603 1565 3674 etjustitieationes
1588 3610 1706 3656 tuas
1741 3602 1877 3656 doce
1905 3618 2010 3654 me.
2041 3620 2058 3652 ι

483 3706 671 3759 Tanta:
722 3701 938 3756 virtutis
969 3700 1256 3770 operarius
1307 3706 1447 3759 orat,
1498 3706 1557 3749 ut
1617 3695 2055 3750 misericordiam

483 3803 880 3863 consequatur,
917 3802 968 3845 et
995 3805 1092 3860 per
1129 3790 1273 3843 illam
1303 3788 1436 3857 petit
1476 3787 1708 3841 salutem
1745 3804 1758 3839 :
1791 3802 1890 3840 nec
1924 3801 2068 3838 mer-

483 3887 668 3941 cedem
703 3883 900 3955 poscit,
929 3883 1026 3937 sed
1063 3879 1454 3949 benignitatem
1487 3876 1760 3946 implorat.

550 4070 716 4126 Vens.
750 4068 873 4121 1‘25.
920 4085 938 4117 ι
975 4064 1178 4119 Servus
1218 4074 1346 4116 tuus
1372 4076 1494 4116 smn
1534 4073 1657 4129 ego,
1702 4057 1768 4111 da
1805 4057 1935 4109 mihi
1987 4057 2064 4109 in-

482 4164 778 4224 tellectum,
819 4167 878 4211 ut
917 4158 1088 4212 sciam
1127 4153 1442 4210 testimonia
1481 4161 1590 4204 tua.
1641 4169 1658 4200 ι
1715 4150 1917 4203 Omnes
1943 4149 2067 4217 qui-

481 4258 603 4310 dem
637 4254 884 4307 homines
929 4261 1122 4304 natura
1153 4258 1283 4302 sunt
1319 4246 1463 4301 seni
1519 4245 1632 4310 Dei,
1670 4243 1864 4298 atl'ectu
1914 4257 2064 4305 vero,

481 4347 576 4418 qui
621 4342 991 4399 libentissime
1038 4339 1130 4393 Dei
1185 4338 1474 4406 imperium
1526 4337 1826 4404 elegerunt.
1859 4332 2066 4385 Harum

480 4456 613 4508 ergo
647 4434 884 4507 partium
915 4447 1038 4486 cum
1095 4430 1166 4484 sit
1210 4429 1504 4497 Propheta,
1541 4441 1601 4480 se
1632 4426 1807 4494 ipsum
1848 4438 2065 4478 servum

2179 555 2235 607 δὲ
2265 555 2366 607 οὑκ
2395 556 2478 608 ἔτι
2514 555 2649 622 ἐγὼ,
2683 554 2748 625 ζῇ
2783 555 2841 606 δέ
2872 556 2929 606 ἐν
2952 556 3076 625 ἐμοὶ
3105 554 3362 625 Χριστός.
3413 575 3430 606 ι

2254 654 2394 716 ρκα’.
2436 667 2455 698 ‹
2510 647 2774 718 Ἐποίησα
2802 650 2976 716 κρῖμα
3004 649 3098 700 καὶ
3129 647 3506 718 δικαιοσύνην,
3556 647 3633 718 μὴ
3663 664 3776 699 πα-

2181 741 2356 813 ραδῷς
2390 759 2456 811 με
2479 743 2596 804 τοῖς
2626 741 2881 794 ἀδικοῦσί
2918 759 3008 811 με.
3048 761 3066 793 ι
3103 743 3227 804 Τοῖς
3255 745 3387 805 σοῖς,
3419 743 3614 812 φησιν,
3642 743 3778 795 ἁκο-

2177 836 2388 889 λουθεῖν
2420 836 2786 907 προελόμενος
2815 836 3024 906 νόμοις,
3064 836 3140 907 μὴ
3172 836 3426 907 γένωμαι
3481 840 3597 900 τοῖς
3643 837 3775 888 δυσο

2183 929 2401 999 μενέσιν
2433 929 2729 992 εὐάλωτος.
2769 930 2869 992 Τίς
2902 929 2959 981 δὲ
2991 929 3086 980 νῦν
3135 929 3251 999 ἔχει
3276 930 3553 999 τοσαύτης
3591 929 3778 1000 ψυχῆς

2177 1019 2550 1090 καθαρότητα,
2570 1017 2710 1072 ὥστε
2728 1019 2827 1072 σὺν
2849 1019 3139 1091 παρρησία
3163 1020 3430 1082 τοιούτοις
3452 1022 3776 1091 χρήσασθαι

2177 1113 2389 1182 λόγοιςς
2444 1113 2669 1177 Τούτοις
2728 1113 2828 1184 μέν
2863 1130 2944 1166 τοι
3002 1113 3098 1166 καὶ
3148 1115 3176 1166 6
3228 1113 3370 1178 θεῖος
3438 1115 3776 1173 Ἀπύστολος

2178 1205 2490 1277 προσόμοια
2525 1206 2773 1278 εἴρηκεν,
2817 1226 2836 1257 ι
2881 1207 2949 1259 Ἥ
2972 1206 3082 1278 γὰρ
3109 1206 3378 1278 καύχησις
3427 1207 3592 1278 ἡμῶν
3629 1206 3773 1276 αὔτη

2177 1300 2316 1364 ἐστὶ,
2355 1300 2417 1352 τὸ
2448 1300 2754 1372 μαρτύριον
2775 1300 2880 1370 τῆς
2908 1300 3268 1370 συνειδήσεως
3297 1302 3476 1372 ἡμῶν.

2189 1393 2192 1397 ’
2253 1391 2390 1462 ρκβ’·
2427 1410 2446 1442 ι
2505 1392 2766 1458 Ἐκδεξαι
2795 1393 2886 1445 τὸν
2914 1392 3100 1445 δοῦλόν
3129 1409 3225 1445 σου
3264 1395 3308 1425 ³³
3353 1395 3436 1456 είς
3472 1393 3705 1462 ἀγαθόν.
3747 1414 3767 1445 ι

2189 1484 2247 1536 Ὀ
2265 1486 2307 1515 ³⁸
2344 1484 2400 1537 δὲ
2437 1485 2756 1554 Σύμμαχος,
2823 1484 3224 1553 Ἀνάδεξαίμε
3253 1487 3341 1551 εἷς
3382 1487 3618 1555 ἀγαθὸν
3662 1486 3774 1538 t6:-

2176 1575 2406 1628 δοῦλόν
2421 1592 2559 1630 σου.
2606 1576 2664 1628 Ὀ
2697 1576 2754 1628 δὲ
2820 1576 3076 1639 Ἀκύλας,
3112 1579 3208 1630 καὶ
3239 1580 3266 1630 ὁ
3297 1577 3622 1641 Θεοδοτίων,
3673 1580 3772 1646 ἐγ-

2177 1668 2398 1736 Triviam
2429 1683 2447 1713 ·.
2477 1669 2600 1722 ἀντὶ
2641 1668 2760 1731 τού,
2825 1669 3157 1739 Ἀληθεύων,
3197 1671 3259 1722 ού
3318 1668 3616 1741 ψεύδομαι,
3673 1674 3773 1723 πί-

2180 1776 2404 1813 στευσον
2437 1761 2798 1830 ὑποσχομένῳ
2819 1759 2895 1830 τῷ
2923 1761 3094 1831 δούλῳ
3127 1779 3220 1814 σου
3249 1779 3261 1791 ο
3279 1763 3442 1826 αὑτὸς
3484 1763 3770 1832 ἐγγυητὴς

2173 1853 2334 1922 γενοῦ
2362 1852 2464 1921 τῆς
2486 1853 2629 1922 ἐμῆς
2662 1854 3038 1922 ὑποσχέσεως,
3063 1855 3143 1906 ὅτι
3166 1871 3259 1907 σου
3281 1854 3572 1924 πληρῶσαι
3607 1872 3772 1906 σπου-

2174 1943 2322 1995 δάσω
2352 1945 2477 2006 τοὺς
2522 1943 2747 2012 νόμους.
2785 1961 2803 1992 ι
2843 1944 2934 2013 Μὴ
3001 1946 3585 2014 συκοφαντησατωσάν
3623 1962 3692 2014 με
3721 1947 3765 1975 ³¹

2176 2033 2539 2102 ὑπερήφανοι.
2582 2051 2600 2082 ι
2647 2032 2922 2100 Ἀλγεινὺν
2960 2035 2993 2103 ἡ
3024 2034 3384 2101 συκοφαντία,
3441 2034 3547 2087 κᾶν
3588 2035 3766 2104 μέγαν

2173 2127 2275 2198 ἔχῃ
2310 2126 2522 2196 μισθόν.
2559 2125 2746 2195 Ταύτῃ
2776 2126 2872 2180 καὶ
2905 2128 2932 2179 6
2982 2126 3286 2196 θαυμάσιος
3333 2131 3765 2196 περιπέπτωκεν

2188 2221 2410 2290 Ἰωσὴφ,
2442 2220 2535 2272 καὶ
2567 2219 2746 2290 ἐτεροι
2776 2221 2819 2251 ³²
2847 2220 3057 2290 μυρίοι.
3095 2219 3543 2290 Παρακελεύεται
3579 2219 3636 2271 δὲ
3668 2220 3765 2272 καὶ

2175 2314 2203 2364 ὁ
2224 2313 2430 2383 Κύριος
2460 2312 2717 2384 εὔχεσθαι
2750 2312 2825 2383 μὴ
2847 2313 3112 2366 εἰσελθεῖν
3136 2315 3213 2375 εἰς
3235 2313 3568 2383 πειρασμόν.
3591 2313 3762 2365 Ούδέν

2173 2402 2266 2458 οὖν
2316 2406 2544 2470 ἀπεικὸς
2595 2406 2713 2458 οὑδέ
2769 2405 2796 2456 6
2856 2407 3152 2475 Προφήτης
3208 2405 3501 2475 πεποίηκε,
3556 2406 3763 2474 ταύτην

2174 2498 2405 2567 αἰτήσας
2445 2497 2544 2568 τὴν
2576 2497 2814 2567 αἴτησιν.
2852 2497 3232 2569 Διαφερόντως
3265 2500 3374 2569 γὰρ
3421 2501 3455 2568 ἡ
3484 2498 3595 2551 τῶν
3630 2499 3766 2552 ἁλα-

2175 2590 2346 2651 ζὸνων
2369 2589 2464 2642 καὶ
2486 2590 2729 2642 δυνατῶν
2756 2591 3098 2656 συκοφαντία
3130 2589 3513 2661 χαλεπωτέρα.
3544 2591 3762 2644 Ἀδικία

2174 2683 2284 2754 γὰρ
2313 2683 2699 2752 προσλαϐοῦσα
2751 2684 2849 2751 τὴν
2899 2683 3218 2735 δυναστείαν
3248 2684 3475 2753 μείζονα
3528 2681 3626 2755 τὴν
3657 2682 3766 2737 λώ-

2174 2776 2276 2845 ϐην
2311 2776 2353 2805 ³³
2379 2775 2695 2845 ἐργάζεται.
3461 2772 3463 2774 ’

2248 2872 2387 2936 ρκγ’.
2427 2885 2444 2916 ι
2483 2868 2545 2918 Οἱ
2573 2865 2842 2936 ὀφθαλμοί
2873 2883 2974 2936 μου
3000 2866 3246 2930 ἐξέλιπον
3276 2868 3354 2929 εἰς
3393 2866 3453 2919 τὸ
3491 2867 3767 2936 σωτήριόν

2177 2976 2292 3018 σου,
2329 2960 2425 3012 καὶ
2457 2959 2535 3021 είς
2570 2960 2630 3011 τὸ
2659 2959 2840 3028 λόγιον
2863 2958 2964 3027 τῆς
2992 2959 3343 3027 δικαιοσύνης
3377 2977 3492 3015 σου.
3532 2978 3551 3011 ι
3589 2959 3767 3012 Πάλιν

2173 3049 2410 3103 ἐνταῦθα
2460 3051 2670 3120 λόγιον
2720 3052 2820 3121 τὴν
2870 3051 3164 3120 ὑπόσχεσιν
3229 3051 3403 3104 καλεῖ.
3458 3042 3766 3120 Διῂνεκῶς,

2174 3143 2330 3213 φησὶ,
2374 3143 2472 3214 τὴν
2519 3143 2670 3213 παρὰ
2710 3142 2804 3194 σοῦ
2841 3143 3118 3212 σωτηρίαν
3162 3143 3480 3212 προσμένω,
3521 3143 3615 3194 καὶ
3661 3132 3780 3210 τῆς

2174 3237 2523 3306 ὑποσχέσεως
2576 3235 2834 3305 ἀναμένω
2865 3236 2925 3288 τὸ
2953 3234 3126 3297 τέλος.
3161 3235 3234 3286 Τὸ
3263 3235 3319 3286 δὲ
3347 3234 3638 3298 ἐξέλιπον
3676 3236 3768 3286 τέ-

2177 3330 2346 3393 θεικε,
2376 3330 2475 3398 τὴν
2505 3329 2911 3398 ἐπιτεταμένην
2947 3327 3245 3396 ἐπιθυμίαν
3275 3326 3470 3397 δηλῶν.

2253 3510 2384 3579 ρκδν.
2415 3529 2432 3560 ι
2462 3509 2693 3577 Ποίησον
2728 3508 2868 3576 μετὰ
2892 3507 2987 3560 τοῦ
3017 3507 3204 3561 δούλου
3241 3525 3334 3560 σου
3369 3507 3593 3560 κατὰτὸ
3615 3506 3768 3570 ἔλεός

2178 3624 2292 3672 σου,
2327 3605 2421 3657 καὶ
2450 3602 2518 3656 τὰ
2543 3601 2891 3672 δικαιώματὰ
2920 3618 3012 3654 σου
3041 3601 3252 3665 δίδαξόν
3285 3618 3375 3670 με.
3418 3622 3437 3652 ι
3489 3600 3548 3653 Ὀ
3571 3601 3768 3653 τοσαύ-

2173 3714 2273 3766 της
2317 3697 2520 3767 ἀρετῆς
2571 3694 2812 3765 ἐργάτης
2858 3693 3042 3756 ἐλέους
3086 3697 3272 3763 τυχεῖν
3330 3692 3493 3758 ἀξιοῖ,
3548 3695 3643 3746 καὶ
3676 3693 3766 3745 δια

2173 3790 2365 3845 τούτου
2402 3788 2678 3858 σωτηρίας
2707 3785 3016 3840 ἀπολαῦσαι
3059 3788 3221 3840 αἰτεῖ.
3260 3787 3372 3838 Καὶ
3409 3787 3511 3838 οὐκ
3540 3787 3769 3840 ἀπαιτεῖ

2179 3882 2392 3951 μισθὸν,
2420 3879 2556 3932 ἀλλὰ
2586 3878 3004 3948 φιλανθρωπίαν
3035 3878 3198 3930 αἰτεῖ.

2251 4061 2382 4127 ρκε’.
2436 4073 2453 4105 ι
2486 4053 2681 4114 Δοῦλος
2731 4052 2826 4105 σού
2872 4053 2989 4121 είμι
3037 4051 3167 4118 ἐγὼ,
3223 4049 3502 4103 συνέτισόν
3541 4067 3629 4119 με,
3665 4049 3765 4101 καὶ

2175 4149 2457 4216 γνώσομαι
2484 4146 2552 4199 τὰ
2584 4143 2864 4215 μαρτύριά
2897 4160 3014 4196 σου.
3043 4163 3059 4194 ι
3095 4143 3300 4204 Πάντες
3343 4143 3444 4212 μὲν
3480 4141 3767 4210 ἄνθρωποι

2177 4241 2335 4309 φύσει
2357 4239 2532 4292 δοῦλοι
2553 4237 2713 4303 Θεοῦ,
2736 4235 2974 4288 διαθέσει
3009 4235 3065 4287 δὲ
3083 4237 3132 4288 οἱ
3153 4234 3243 4288 τοῦ
3262 4233 3398 4287 Θεοῦ
3430 4233 3533 4303 τὴν
3563 4232 3768 4286 δεσίιτο⁶

2177 4336 2327 4387 τείαν
2361 4333 2646 4393 ἀσπασίως
2681 4329 3019 4401 αἱρούμενοι.
3057 4327 3274 4397 Ταύτης
3303 4325 3378 4379 ὢν
3407 4327 3507 4396 τῆς
3541 4343 3766 4395 συμμο-

2181 4425 2302 4495 ρίας
2327 4426 2354 4478 6
2386 4423 2682 4493 Προφήτης
2714 4419 2899 4472 δοῦλον
2934 4419 3126 4472 ἑαυτὸν
3157 4417 3449 4487 ὀνομάζει,
3486 4418 3583 4469 καὶ
3632 4433 3766 4468 συν-

483 4534 751 4592 nominat,
787 4539 841 4585 et
867 4539 926 4583 ut
961 4526 1252 4598 prudentia
1289 4525 1526 4578 donetur
1571 4521 1847 4584 obsecrat,
1886 4531 1945 4573 ut
1971 4518 2066 4573 Dei

2185 4519 2343 4579 ἐσεως
2372 4513 2668 4582 ἀξιωθῆναι
2705 4515 3048 4582 παρακαλεῖ,
3076 4511 3219 4564 ὥστε
3252 4510 3455 4578 γνῶναι
3491 4508 3585 4561 τοῦ
3619 4509 3766 4561 Θεοῦ

485 4624 800 4680 testimonia
830 4622 989 4675 sciat.

558 4716 773 4789 1470
809 4713 978 4768 Vens.
1024 4711 1148 4766 1'26.
1190 4729 1208 4763 ι
1251 4708 1498 4777 Tempus
1528 4704 1763 4761 faciendi
1813 4704 2061 4767 Domino,

483 4810 892 4876 diSsipaverunt
922 4808 1094 4874 legem
1125 4813 1296 4858 tuam.
1331 4821 1349 4852 ι
1389 4799 1554 4863 Dens,
1580 4797 1675 4868 qui
1718 4797 1899 4849 omnia
1933 4809 2069 4864 pona‘

485 4900 614 4952 dere
666 4905 719 4949 et
768 4909 1023 4948 mensura
1083 4893 1373 4960 gubernat,
1421 4890 1523 4943 fert
1583 4888 1804 4956 quidem
1856 4885 2066 4940 diutius

484 4998 712 5060 peccata
737 4985 1022 5040 hominum
1057 5003 1069 5038 :
1105 4999 1228 5038 cum
1255 4997 1387 5035 vero
1414 4980 1736 5051 pravitatem
1764 4995 1828 5032 ex
1861 4979 2070 5047 patien-

485 5084 558 5136 tia
591 5090 806 5135 auctam
837 5077 1059 5138 viderit,
1089 5086 1221 5130 tunc
1249 5074 1468 5145 pinnam
1498 5074 1718 5143 irrogat.
1761 5070 1874 5126 Hoc
1905 5072 2069 5141 igitur

488 5184 544 5229 et
581 5174 684 5228 hoc
734 5173 786 5225 in
834 5173 955 5226 loco
1005 5171 1080 5223 ait
1108 5187 1121 5223 :
1149 5167 1390 5236 Tempus
1429 5173 1514 5220 est.
1563 5163 1930 5232 consurgendi
1965 5166 1979 5184 ⁶
2012 5162 2066 5214 in

493 5265 760 5319 auxilium
814 5277 1003 5316 eorum
1040 5259 1134 5330 qui
1158 5259 1357 5328 injuria
1383 5255 1562 5311 allecti
1584 5261 1731 5321 sunt,
1753 5270 1785 5307 o
1813 5254 2070 5318 Domine;

489 5369 819 5428 magnopere
851 5354 996 5408 enim
1025 5361 1172 5406 tuam
1200 5351 1370 5420 legem
1407 5349 1594 5402 hOStes
1643 5346 2056 5402 conculcarunt.

562 5504 585 5533 ι
615 5493 795 5549 Galat.
826 5509 886 5557 n,
916 5490 1005 5546 20.
1087 5488 1176 5531 εισι»
1204 5487 1246 5540 ll
1277 5488 1405 5542 Cor.
1437 5502 1476 5550 ι,
1507 5485 1594 5539 12.

2170 4606 2242 4660 τὰ
2275 4605 2572 4677 μαρτύρια.

2247 4697 2395 4769 ρκς’.
2436 4715 2454 4747 ι
2502 4695 2706 4766 Καιρὺς
2733 4693 2826 4746 τοῦ
2857 4691 3082 4762 ποιῆσαι
3121 4691 3196 4761 τῷ
3229 4691 3451 4761 Κυρίῳ,
3481 4690 3767 4743 διεσκέδα-

2175 4807 2273 4842 σαν
2311 4788 2400 4841 τὸν
2431 4788 2596 4857 νόμον
2632 4803 2748 4838 σου.
2781 4803 2799 4835 ι
2846 4785 2905 4835 '0
2953 4783 3132 4837 πάντα
3181 4780 3408 4850 σταθμῷ
3442 4781 3537 4834 καὶ
3573 4781 3766 4851 μέτρῳ

2176 4881 2530 4954 πρυτανεύων
2577 4880 2707 4942 Θεὸς
2744 4880 2900 4949 φέρει
2940 4877 3038 4946 μὲν
3086 4875 3180 4928 ἐπὶ
3236 4875 3492 4928 πλεῖστον
3524 4876 3638 4927 τῶν
3671 4877 3769 4926 ἀν-

2177 4975 2410 5047 θρώπων
2443 4974 2543 5037 τὰς
2598 4971 2873 5043 ἁμαρτίας
2894 4987 2907 5001 ο
2938 4971 3066 5022 ὅταν
3104 4968 3158 5020 δὲ
3193 4968 3524 5036 αὑξηθείσαν
3579 4968 3665 5040 ἴδῃ
3696 4971 3764 5037 τῇ

2179 5063 2535 5136 μακροθυμίᾳ
2580 5064 2680 5132 τὴν
2733 5060 3033 5130 πονηρίαν,
3068 5058 3190 5110 τότε
3222 5057 3320 5129 τὴν
3354 5058 3631 5126 τιμωρίαν
3666 5062 3767 5109 ἐττ-

2176 5155 2321 5220 άγει.
2357 5150 2528 5203 Τοῦτο
2544 5150 2723 5202 τοίνυν
2757 5147 2852 5200 καὶ
2886 5145 3125 5200 ἐνταῦθα
3147 5163 3312 5216 φησι.
3333 5147 3543 5217 Καιρὸς
3579 5147 3765 5199 διαναο

2180 5248 2372 5316 στῆναι
2404 5246 2492 5310 ,ἱείς
2545 5242 2870 5312 ἐπικουρίαν
2888 5239 2997 5292 τῶν
3014 5238 3410 5309 ἀδικουμένων,
3427 5233 3473 5292 ὧ
3490 5239 3764 5292 Δέσποτα’

2175 5338 2372 5408 κομιδῆ
2400 5337 2510 5406 γάρ
2539 5352 2634 5388 σου
2667 5335 2754 5386 τὸν
2785 5333 2948 5402 νόμον
2989 5330 3271 5401 ἐπάτησαν
3303 5332 3353 5383 nl
3381 5331 3654 5402 πολέμιοι.

1608 5617 1846 5674 VAHUE
1887 5615 2274 5674 LECTIONES
2313 5612 2400 5666 ET
2435 5607 2671 5665 NOTAE.

563 5743 608 5775 ’θ
643 5739 923 5802 Ἔκδεξαι
974 5738 1084 5791 τὸν
1126 5736 1353 5791 δοῦλόν
1402 5749 1537 5788 σου.
1570 5732 1990 5803 llebr.:Sponde
2043 5750 2068 5799 ρ

2187 5746 2332 5785 servo
2346 5799 2358 5803 _
2392 5737 2499 5803 tuo.

2613 5724 2659 5756 ³ο
2695 5723 2755 5776 '0
2782 5753 2852 5764 --
2880 5720 3105 5775 δοῦλόν
3137 5736 3274 5774 σου.
3311 5718 3434 5774 Des.
3471 5721 3523 5772 in
3551 5719 3672 5774 cod.
3716 5720 3762 5774 l.

491 5811 536 5845 ⁸⁸
562 5791 917 5880 Μὴᾞυκόφξ
937 5826 1033 5879 με.
1065 5806 1252 5862 llebr.:
1286 5805 1368 5860 Ne
1398 5805 1694 5872 opprimant
1727 5791 1834 5860 me.
1903 5805 1947 5837 ⁸²
1980 5791 2068 5858 "E'a

2189 5821 2224 5855 t.
2260 5799 2384 5855 cod.
2413 5799 2434 5850 l
2467 5795 2591 5850 add.
2631 5795 2706 5848 δέ.
2785 5793 2829 5825 ³³
2857 5791 3086 5860 Λώϐην.
3120 5798 3241 5846 cod.
3278 5793 3299 5846 1
3335 5791 3584 5860 γνώμην.
