3996 6486
255 355 378 420 ιειιι

321 472 459 540 ρκςκ
503 487 520 519 ι
558 467 654 520 Διὰ
687 467 843 521 τοῦτο
881 466 1144 537 ἠγάπησα
1179 465 1276 530 τὰς
1321 465 1538 524 ὲντολά;
1568 479 1662 514 σου
1689 460 1829 527 ὑπὲρ
1859 463 1902 518 Α

251 563 477 634 χρυσίον
529 563 623 614 καὶ⁸
670 559 954 626 τοπάζιον.
995 579 1012 610 ι
1055 560 1285 612 Ἐκεῖνοι
1335 557 1432 628 μὲν
1461 553 1554 609 οὖν
1580 553 1672 606 τοῦ
1737 551 1830 604 σού

252 654 667 725 κατεφρόνησαν
697 653 886 722 νόμου.
917 649 1057 716 Ἐγὼ
1083 650 1138 704 δὲ
1170 647 1627 719 ἁξιεραστοτέρας
1671 644 1834 714 ἡγοῦ-

254 765 350 818 μαι
380 749 481 810 τὰς
510 746 609 810 σάς
640 745 860 807 ἐντολὰς
894 744 1115 814 χρυσίου
1163 744 1258 794 καὶ
1282 741 1446 794 λίθων
1500 738 1828 792 πολυτελῶν.

250 837 368 891 Τῶν
397 838 508 909 γὰρ
539 837 736 917 τιμίων
779 836 942 890 λίθων
989 833 1288 900 τοπάζῖοςο
1322 835 1429 886 ἀπὸ
1471 833 1528 885 δὲ
1574 832 1667 885 τοῦ
1714 831 1832 893 ἑνὸς

252 928 640 998 παρεδήλωσεν
681 927 948 989 ἅπαντας.
1000 925 1160 988 Εἰκὸς
1208 924 1265 977 δὲ
1314 925 1435 976 κατ’
1486 925 1694 976 ἐκεῖνον
1741 922 1832 974 τὸν

253 1022 442 1092 καιρὸν
473 1021 663 1073 τοῦτον
694 1019 1064 1090 προτιμᾶσθαι
1095 1018 1204 1071 τῶν
1233 1018 1432 1072 ἄλλων.

322 1111 465 1183 ρκη’.
506 1130 525 1164 ι
555 1111 652 1165 Διὰ
681 1112 842 1164 τοῦτο
875 1113 1012 1181 πρὸς
1030 1111 1074 1142 ³⁸
1120 1111 1300 1173 πάσας
1343 1110 1438 1173 τάς
1476 1107 1698 1170 ἐντολάς
1737 1124 1831 1160 σου

249 1205 650 1276 κατωρθούμην
672 1220 684 1233 ·
717 1205 896 1257 πᾶσαν
926 1203 1042 1256 ὁδὸν
1074 1204 1256 1257 ἄδικον
1289 1202 1550 1272 ἐμίσησα.
1585 1220 1604 1252 ι
1643 1201 1701 1252 ὐ
1726 1201 1833 1270 γάρ

251 1300 416 1361 πόθος
443 1297 540 1368 τὴν
572 1295 885 1368 προθυμίαν
910 1294 1204 1367 ἐργάζεται
1224 1311 1236 1324 °
1273 1296 1304 1364 ἡ
1337 1295 1393 1348 δὲ
1423 1293 1704 1364 προθυμία
1733 1295 1833 1362 τὴν

253 1391 350 1461 μὲν
383 1392 601 1446 εὐθεῖαν
627 1393 918 1461 παραινεῖν
942 1391 1060 1444 ὁδὸν
1093 1387 1497 1461 παρεσκεύαζε,
1527 1387 1624 1458 τὴν
1649 1386 1704 1438 δὲ
1733 1388 1834 1456 τῆς

249 1480 469 1544 ἀδικίας
500 1481 838 1551 ἐμυσάττετο
859 1479 1067 1550 τρίϐον.

321 1568 463 1641 ρκθ’.
497 1589 515 1622 ι
551 1570 854 1640 Θαυμαστὰ
883 1569 952 1622 τὰ
981 1570 1257 1642 μαρτύριά
1285 1585 1411 1622 σου·
1443 1567 1530 1621 διά
1557 1565 1714 1619 τοῦτο
1744 1563 1832 1630 ἐξ·

248 1663 522 1734 ηρεύνησε
543 1663 588 1694 ³⁵
620 1663 854 1716 mina“
886 1665 920 1735 ἡ
947 1662 1092 1734 ψυχή
1140 1679 1266 1733 μου.
1311 1682 1328 1714 ι
1375 1662 1622 1726 Ἐδειξεν
1659 1660 1734 1724 ὡς
1771 1659 1833 1712 ού

251 1757 432 1827 μάτην
458 1755 660 1807 τούτων
685 1754 925 1826 ἠράσθη.
967 1753 1298 1822 Ἀξιάγαστα
1321 1753 1451 1821 γάρ,
1483 1754 1670 1822 φησιν,
1694 1752 1831 1816 ἐστὶ,

249 1850 346 1902 καὶ
379 1848 541 1903 ἱκανά
573 1848 903 1915 καταθέλξαι
924 1887 938 1912 ,
976 1847 1070 1900 καὶ
1095 1851 1175 1911 εις
1204 1847 1382 1918 ἔρωτα
1410 1847 1676 1917 διεγεῖραι
1707 1845 1833 1908 τοὺς

249 1941 494 1994 κατιδεῖν
537 1941 893 2011 δυναμένους.
941 1942 1052 1994 Καὶ
1091 1941 1254 1994 πόθεν
1287 1939 1492 1994 τούτων
1516 1940 1558 1971 ³⁷
1588 1938 1833 2008 κατέμα-

251 2030 344 2095 θες
379 2033 586 2103 ἀρετήν
609 2049 624 2097 ;

321 2126 424 2195 ρλ’.
492 2143 510 2176 ι
558 2125 620 2178 'Il
664 2124 898 2196 δήλωσις
953 2125 1062 2178 τῶν
1117 2125 1292 2194 λόγων
1341 2142 1436 2178 σου
1487 2125 1700 2194 φωτιεῖ,
1740 2124 1834 2176 καὶ

251 2221 492 2271 συνετιεῖ
521 2219 750 2288 νηπίους
771 2220 835 2272 ³⁸.
877 2237 898 2270 ι
936 2217 1026 2288 Τῷ
1058 2217 1135 2287 σῷ
1159 2257 1174 2280 ,
1211 2218 1367 2287 φησὶ,
1418 2215 1834 2284 καταυγαζόμε-

250 2329 338 2372 vo;
371 2311 510 2378 φωτὶ
545 2310 752 2380 ταύτην
786 2311 1057 2380 ἐδεξάμην
1098 2310 1197 2380 τὴν
1228 2309 1459 2377 γνῶσιν·
1492 2310 1584 2362 καὶ
1625 2310 1835 2370 πάντας

248 2403 303 2452 δὲ
329 2404 455 2464 τοὺς
486 2403 677 2472 ἀγνοίᾳ
707 2402 1129 2472 κατεχομένους,
1155 2403 1248 2454 καὶ
1280 2401 1538 2472 βρέφεσιν
1563 2402 1832 2464 ἐοικότας.

248 2496 274 2544 ό
299 2494 392 2556 σὸς
423 2494 584 2564 νόμος
618 2495 886 2556 συνέσεως
913 2496 1167 2564 ὲμφορεῖ.

325 2586 462 2655 ρλα’.
508 2605 526 2636 ι
561 2586 635 2638 Τὸ
668 2587 843 2656 στόμα
879 2604 982 2656 μου
1014 2585 1226 2657 ἤνοιξα.
1270 2587 1364 2640 καὶ
1395 2587 1624 2639 εἵλκυσα
1670 2586 1834 2638 πνεῦ-

251 2696 328 2748 μα
350 2680 430 2741 ³⁹τ
459 2679 539 2730 ὅτι
567 2679 664 2740 τὰς
699 2679 919 2743 ἐντολάς
961 2697 1054 2732 σου
1103 2679 1424 2733 ὲπεπόθουν.
1465 2701 1484 2733 ι
1525 2681 1720 2748 Στόμα
1751 2682 1835 2732 ὲν-

247 2770 428 2822 ταῧθα
461 2769 618 2821 καλεῖ
639 2772 737 2839 τῆς
769 2769 1010 2833 διανοίας
1040 2770 1137 2840 τὴν
1185 2769 1516 2841 προθυμίαν.
1545 2769 1696 2840 Αὕτη
1727 2771 1836 2839 γὰρ

249 2861 399 2913 ἕλκει
435 2860 533 2931 τὴν
551 2860 709 2932 χάριν
738 2859 831 2912 τοῦ
867 2860 1196 2930 πνεύματος.
1230 2862 1339 2913 Καὶ
1368 2862 1474 2931 γάρ
1513 2862 1559 2892 ⁸ο
1600 2860 1834 2930 ἀλλαχοῦ

249 2967 420 3020 φησι·
460 2970 478 3000 ι
515 2951 791 3003 Πλάτυνον
819 2949 880 3002 τὸ
919 2949 1092 3019 στόμα
1135 2965 1253 3012 σου,
1304 2950 1396 3002 καὶ
1432 2949 1707 3020 πληρώσω
1735 2949 1835 3000 αὺ-

247 3043 328 3095 τό.
367 3061 385 3093 ι
440 3042 601 3094 Καὶὸ
635 3040 779 3104 θεῖος
844 3039 1170 3103 Ἀπόστολος
1217 3042 1276 3094 ἐν
1312 3041 1514 3104 ἀνοίξει
1542 3042 1602 3093 τὸ
1635 3042 1834 3110 στόμαο

1546 350 1625 410 ΙΝ
1681 347 1883 408 PSAL.
1941 347 2204 407 CXVlll.

3387 349 3518 409 1862

2008 458 2172 512 Vens.
2210 460 2331 512 1‘27.
2375 479 2390 510 ι
2436 459 2559 511 Ιιιιι)
2594 459 2756 513 dilexi
2788 461 3043 514 mandata
3096 471 3187 514 tua
3227 475 3391 530 super
3425 477 3520 513 an-

1935 566 2050 602 rum
2088 563 2136 605 et
2168 553 2462 620 tepazium.
2509 571 2526 602 ι
2576 553 2655 604 Illi
2683 554 2898 621 quidem
2949 564 3100 606 tuam
3149 554 3519 622 despexerunt

1936 641 2108 711 legem
2160 661 2172 695 :
2215 659 2316 710 ego
2362 659 2490 694 vero
2532 653 2620 696 tua
2672 645 2924 696 mandata
2961 658 3096 697 auro
3139 643 3520 711 lapidibusque

1935 736 2191 802 pretiosis
2223 735 2547 789 amabiliora
2581 737 2742 790 duco.
2786 735 3046 803 Topazius
3079 737 3224 788 cutim
3259 736 3397 804 lapis
3436 743 3520 785 est

1935 831 2230 897 pretiosus,
2266 846 2358 896 per
2383 845 2550 881 unum
2588 839 2768 882 autem
2799 844 2991 882 omnes
3024 829 3369 897 significavit.
3406 828 3519 878 (la-z-

1937 928 2110 972 terum
2164 919 2460 972 verisimile
2512 929 2598 973 est
2674 918 2765 972 illa
2823 930 2858 972 lt
2879 929 3147 989 mpestate
3201 920 3346 972 hunc
3395 919 3520 970 aliis

1935 1012 2218 1079 praclnlttm
2259 1010 2450 1064 fuisse.

2009 1109 2175 1163 Vens.
2220 1109 2344 1162 1‘28.
2388 1128 2405 1159 ι
2459 1108 2754 1177 l’roptcrea
2789 1107 2854 1160 ad
2895 1109 3077 1162 omnia
3120 1108 3371 1161 mandata
3426 1117 3516 1160 tua

1935 1201 2234 1270 dirigehar,
2267 1215 2488 1253 omnem
2515 1201 2660 1253 viam
2696 1201 2940 1270 iniquam
2976 1201 3102 1253 odio
3127 1201 3314 1252 habui.
3357 1219 3376 1251 ι
3413 1198 3515 1252 De-

1935 1295 2197 1348 siderium
2225 1294 2368 1346 enim
2389 1293 2554 1347 animi
2579 1294 3066 1362 promptitudinem
3089 1294 3251 1348 ellicit
3283 1312 3295 1346 :
3328 1307 3508 1362 prom-

1934 1385 2150 1454 ptitudo
2187 1401 2316 1438 vero
2349 1386 2516 1437 animi
2554 1385 2788 1439 faciebat
2839 1395 2896 1437 ιιι
2922 1395 3121 1438 lectam
3153 1387 3292 1439 viam
3315 1386 3511 1440 suade-

1935 1488 2038 1535 ret.
2067 1489 2122 1531 et
2157 1479 2439 1548 injustiliae
2479 1479 2730 1531 semitam
2769 1479 2895 1531 odio
2937 1478 3181 1531 haberet.

2007 1571 2174 1624 Vtilis.
2213 1571 2334 1625 129.
2373 1590 2390 1621 ι
2424 1571 2700 1623 Mirabilia
2733 1570 3045 1622 testimonia
3075 1581 3186 1630 tua,
3215 1569 3334 1622 ideo
3361 1583 3518 1622 scru-

1939 1675 2050 1719 tata
2090 1675 2171 1720 cst
2205 1680 2268 1717 ra
2302 1667 2485 1717 anima
2523 1680 2665 1716 mea.
2703 1681 2719 1712 ι
2784 1660 3036 1716 Ostendit
3080 1681 3137 1715 se.
3182 1679 3286 1714 non
3318 1661 3519 1714 frustra

1941 1759 2136 1811 horum
2167 1758 2479 1851 studipsnm
2518 1756 2710 1810 fuisse.
2742 1755 3119 1808 Admiratione
3168 1756 3314 1808 enim
3357 1753 3519 1818 digna

1937 1861 2085 1914 sunt,
2120 1851 2216 1912 ait,
2251 1848 2456 1918 etquae
2489 1851 2703 1918 possint
2741 1851 3074 1911 demulcere,
3105 1857 3156 1900 et
3194 1848 3245 1900 in
3275 1860 3518 1898 amorem

1936 1946 2177 1998 excitare
2208 1960 2302 1995 eos
2340 1943 2432 2010 qui
2469 1959 2526 1995 ea
2568 1943 2881 2012 perspicere
2922 1943 3117 1994 valent.
3153 1939 3216 1992 Et
3247 1940 3516 1992 undenam

1939 2037 2140 2088 horum
2179 2037 2436 2088 virtutem
2466 2055 2511 2087 ιιι
2538 2035 2645 2089 sti?

2013 2127 2176 2181 Vnus.
2227 2127 2347 2181 l50.
2391 2147 2407 2176 ι
2445 2126 2748 2180 Βοιιωοιίο
2788 2139 3102 2180 sermonum
3134 2134 3349 2178 tuorum
3389 2123 3515 2176 illn-

1942 2218 2138 2282 minat,
2193 2229 2245 2271 et
2281 2220 2615 2271 intellectum
2652 2218 2744 2270 dat
2771 2216 3034 2287 parvulis.
3077 2234 3094 2266 ι
3131 2213 3271 2279 Τιιο,
3315 2214 3514 2283 inquit,

1939 2311 2146 2364 lumine
2200 2311 2506 2364 illustratus
2568 2311 2707 2364 hanc
2752 2324 3038 2363 selenuam
3085 2308 3286 2376 accepi,
3339 2317 3394 2360 et
3429 2316 3521 2358 tua

1939 2403 2024 2456 lex
2051 2402 2344 2471 prudentia
2379 2403 2574 2470 implet
2603 2418 2793 2456 omnes
2844 2402 2936 2471 qui
2969 2402 3273 2472 ignorantia
3298 2399 3521 2464 detenti,

1937 2505 1991 2548 et
2022 2495 2195 2548 instar
2235 2493 2526 2548 infantium
2559 2509 2708 2549 sunt.

2012 2585 2178 2640 Vens.
2216 2587 2335 2640 151.
2375 2605 2392 2636 ι
2425 2589 2497 2641 Us
2531 2603 2708 2640 meum
2739 2588 2949 2656 aperui,
2981 2586 3190 2658 1471
3237 2596 3291 2640 ct
3323 2584 3521 2639 attraxi

1941 2678 2219 2748 spiritum,
2260 2679 2386 2747 quia
2416 2680 2672 2732 mandata
2705 2689 2795 2732 tua
2823 2679 3225 2734 desiderabam.
3261 2700 3282 2731 ιν
3322 2678 3393 2732 Os
3421 2679 3525 2732 hoc

1942 2771 1994 2824 in
2030 2773 2151 2825 lOCo
2182 2781 2344 2825 vocat
2377 2770 2573 2824 mentis
2605 2771 2968 2824 alacritatem.
3009 2770 3134 2824 Hice
3174 2771 3320 2824 enim
3365 2771 3529 2840 spiri-

1943 2875 2031 2918 tus
2071 2864 2302 2934 gratiam
2353 2863 2597 2916 attrahit.
2636 2862 2850 2915 Etenim
2896 2863 3024 2915 alibi
3061 2864 3194 2917 dicit
3233 2882 3244 2915 :
3283 2880 3302 2913 ι
3348 2862 3527 2917 Dilata

1939 2976 2001 3013 os
2031 2968 2210 3016 tuum.
2239 2967 2293 3010 et
2331 2956 2572 3025 implebo
2604 2955 2733 3008 illud
2766 2966 2812 3011 ε.
2860 2975 2878 3006 ι
2919 2957 2986 3010 Ει
3031 2955 3254 3010 divinus
3294 2957 3528 3026 Aposto—

1943 3053 2027 3105 lus
2103 3059 2362 3119 precatur
2408 3059 2468 3102 ut
2517 3048 2738 3102 verbum
2798 3047 2901 3101 sibi
2948 3049 3108 3102 detur
3152 3051 3204 3103 in
3249 3050 3530 3119 apertionc

247 3150 341 3194 τος
371 3132 527 3200 λόγον
561 3133 783 3204 δοθῆναι
814 3133 1180 3202 παρεκάλεσε.
1213 3133 1324 3186 Καὶ
1359 3133 1522 3191 αὐτὸς
1553 3132 1611 3184 δὲ
1644 3135 1672 3185 ό
1701 3133 1839 3203 Προ-

1954 3142 2062 3194 uris
2089 3138 2140 3194 ά.
2178 3140 2321 3193 ldem
2363 3155 2492 3194 vero
2537 3139 2802 3208 l’ruphcta
2845 3139 2896 3191 in
2934 3140 3043 3192 alio
3074 3140 3329 3209 psalmo:
3369 3161 3386 3193 ι
3425 3141 3531 3194 Do-

249 3226 433 3293 φήτης
464 3228 520 3277 ἐν
547 3223 713 3294 ἑτέρῳ
751 3223 855 3294 ἔφη
887 3222 1121 3294 ψαλμῷ·
1162 3241 1180 3273 ι
1220 3221 1422 3294 Κύριος
1469 3222 1632 3275 δώσει
1686 3224 1837 3292 ρἧα

248 3321 365 3379 τοῖς
398 3316 908 3387 εύαγγελιζομένοις
943 3315 1176 3386 δυνάμει
1200 3315 1390 3386 πολλῇ.
1428 3334 1446 3366 ι
1478 3315 1709 3368 Τοῦτο⁴¹
1744 3317 1838 3369 καὶ

251 3410 493 3464 ἐνταῦθα
528 3410 630 3481 ἔφη
657 3453 671 3477 ,
709 3429 726 3461 ι
764 3411 838 3462 To
867 3410 1044 3479 στόμα
1081 3426 1184 3480 μου
1211 3410 1399 3478 ήνοιξα
1425 3448 1438 3472 ,
1487 3409 1580 3462 καὶ
1611 3410 1837 3462 εἴλκυσα

251 3504 498 3574 πνεῦμα,
529 3505 611 3556 ὅτι
638 3504 737 3566 τάς
765 3503 982 3564 ἐντολάς
1019 3519 1112 3555 σου
1153 3502 1479 3556 ὲπεπόθουν.
1522 3521 1540 3554 ι
1577 3501 1838 3572 Γλιχόμε-

251 3597 345 3649 νόν
403 3612 471 3665 με
518 3595 624 3666 γὰρ
659 3595 768 3647 τῶν
803 3595 910 3647 σῶν
967 3593 1198 3648 ἐντολῶν
1235 3594 1569 3664 θεασάμενος
1603 3595 1701 3664 τῆς
1738 3595 1838 3664 σῆς

253 3689 500 3757 ἠξίωσας
529 3689 771 3759 χάριτος.

327 3778 465 3849 ρλβ’.
538 3797 555 3830 ι
629 3779 947 3849 Ἐπίῧλεψον
994 3780 1082 3834 ἐπ’
1138 3780 1258 3851 ἐμὲ,
1301 3780 1397 3834 καὶ
1445 3780 1667 3851 ἐλέησόν
1723 3798 1791 3852 με
1821 3822 1837 3848 ,

253 3873 401 3924 κατὰ
436 3872 479 3901 ⁸⁵⁸
517 3871 577 3924 τὸ
612 3873 786 3942 κρῖμα
822 3871 932 3924 τῶν
979 3871 1318 3940 ἀγαπώντων
1360 3875 1419 3926 τὸ
1450 3872 1626 3944 ὄνομά
1658 3890 1771 3926 σου.
1813 3893 1832 3926 ι

254 3965 372 4032 Τῆς
400 3965 553 4027 θείας
582 3965 871 4034 εὐμενείας
937 3965 1176 4018 ἱκετεύει
1236 3968 1444 4035 τυχεῖν,
1488 3966 1584 4035 οὐχ
1627 3963 1836 4031 ἁπλῶς,

253 4057 370 4110 ἀλλ’
399 4056 474 4119 ὼς
503 4055 723 4120 εἴωθας,
741 4058 896 4127 φησι,
920 4061 1031 4120 τοῖς
1059 4057 1312 4126 ἀγαπῶσι
1356 4077 1416 4111 σε
1450 4059 1713 4130 παρέχειν
1749 4059 1838 4112 τδν

256 4151 432 4203 ἔλεον.
464 4149 636 4202 Τοῦτο
666 4151 779 4218 γὰρ
810 4146 952 4214 εἷπε,
995 4170 1012 4202 ι
1074 4153 1231 4205 Κατὰ
1260 4152 1322 4204 τὸ
1360 4155 1535 4224 κρῖμα
1564 4152 1672 4205 τῶν
1703 4153 1840 4220 ἀγα-

255 4242 489 4292 πώντων
523 4238 586 4292 τὸ
604 4239 776 4307 ὄνομά
811 4256 904 4292 σου
928 4255 940 4269 °
985 4260 1002 4293 ι
1038 4240 1160 4294 ἀντὶ
1190 4240 1308 4308 τοῦ,
1340 4243 1449 4312 Τῆς
1488 4241 1604 4313 ἴσης
1632 4241 1838 4307 τούτοις

253 4333 569 4387 ἀπολαῦσαι
603 4333 786 4402 ψήφου
815 4333 1144 4404 παρακαλῶ.

332 4423 471 4493 ph".
517 4443 534 4474 ι
605 4423 688 4476 Τὰ
730 4424 1046 4496 διαϐήματά
1076 4444 1177 4497 μου
1234 4426 1564 4482 κατεύθυνον
1605 4429 1746 4484 κατὰ
1780 4429 1840 4482 τὸ

257 4517 438 4583 λόγιόν
462 4533 555 4568 σου
580 4531 594 4546 ⁸
629 4517 726 4569 καὶ
771 4517 846 4588 μὴ
891 4521 1380 4588 κατακυριευσάτω
1410 4537 1511 4591 μου
1541 4523 1689 4575 πᾶσα
1711 4523 1838 4575 άνο-

259 4610 382 4677 μία.
417 4627 434 4658 ι
493 4607 682 4678 Ἥμῶν
735 4608 844 4680 γὰρ
875 4611 1333 4680 προεκφερόντων
1377 4611 1474 4678 τὴν
1504 4613 1838 4682 προθυμίαν,

257 4702 356 4752 καὶ
375 4699 511 4752 Θεοῦ
546 4701 882 4772 παρέχοντος
908 4703 1006 4773 τὴν
1044 4704 1318 4773 βοήθειαν,
1360 4705 1453 4756 καὶ
1487 4703 1581 4774 τὴν
1609 4706 1838 4775 πορείαν

255 4793 602 4860 εὐθύνοντος,
639 4794 830 4866 χώραν
886 4795 985 4847 οὐκ
1018 4795 1132 4866 ἔχει
1163 4797 1258 4866 τῆς
1288 4798 1564 4867 ἁμαρτίας
1608 4800 1642 4868 ἡ
1677 4781 1836 4851 δυνα-

257 4885 434 4939 στεία.

329 4977 462 5048 ρλδ¹.
502 4994 520 5028 ι
555 4975 846 5048 Δύτρωσαί
879 4995 945 5047 με
982 4977 1090 5030 ἀπὸ
1121 4978 1484 5046 συκοφαντίας
1510 4979 1836 5051 ἀνθρώπων,

257 5071 352 5120 καὶ
421 5067 644 5138 φυλάξω
692 5067 792 5132 τὰς
829 5068 1050 5132 ἐντολάς
1101 5085 1218 5124 σου.
1265 5090 1283 5122 ι
1321 5072 1429 5124 Καὶ
1483 5071 1512 5124 ό
1563 5072 1840 5142 Δεσπότης

256 5161 494 5229 Χριστὸς
555 5161 686 5225 τοὺς
735 5158 1162 5227 ὀνειδιζομένους
1223 5164 1317 5216 καὶ
1375 5164 1840 5232 συκοφωτιζομέ-

1873 4475 1920 4530 Ι)

1943 3237 2124 3289 minus
2170 3234 2324 3288 dabit
2353 3235 2578 3288 verbum
2619 3233 3122 3302 evangelizantihns
3150 3234 3355 3290 virtute
3389 3237 3532 3288 mul-

1942 3337 1992 3381 ta
2035 3337 2081 3380 ε.
2127 3344 2143 3376 ι
2182 3326 2319 3379 lllud
2353 3325 2519 3380 etiam
2568 3326 2669 3378 hoc
2711 3325 2918 3379 inloco
2959 3326 3112 3389 dicit,
3156 3344 3174 3375 ι
3221 3324 3295 3379 Os
3345 3341 3528 3379 meum

1941 3421 2153 3491 aperui,
2203 3429 2257 3473 et
2290 3419 2488 3473 attraxi
2523 3419 2798 3486 spiritum,
2836 3419 3097 3487 quoniam
3150 3419 3400 3470 mandata
3439 3427 3528 3471 tua

1941 3509 2343 3566 desiderabam.
2408 3527 2428 3558 δ
2477 3507 2615 3560 Cum
2669 3506 2816 3559 enim
2874 3514 3094 3559 tuorum
3149 3508 3540 3584 mandatorum

1943 3602 2216 3658 desiderio
2248 3617 2332 3656 me
2361 3600 2533 3655 teneri
2569 3599 2828 3664 vidisses,
2859 3607 2949 3652 tua
2997 3598 3171 3668 gratia
3207 3615 3294 3652 me
3323 3599 3521 3670 digna-

1945 3705 2034 3749 tus
2066 3709 2147 3748 es.

2013 3786 2180 3842 Vsus.
2221 3784 2344 3840 132.
2401 3804 2419 3836 ι
2461 3783 2692 3853 Respice
2733 3783 2800 3837 ad
2853 3798 2959 3848 me,
3002 3793 3055 3838 et
3099 3781 3362 3839 miserere
3405 3784 3528 3847 mei,

1935 3877 2242 3932 secundum
2263 3875 2528 3944 judicium
2554 3874 2896 3943 diligentiutn
2926 3890 3123 3927 nomen
3150 3885 3325 3929 tuum.
3354 3895 3372 3926 ι
3403 3877 3533 3930 Orat

1944 3980 2001 4023 nt
2026 3970 2266 4022 divinam
2297 3977 2671 4036 consequatur
2704 3967 3160 4030 benevolentiam,
3187 3983 3294 4021 non
3323 3967 3534 4037 simpli-

1943 4064 2099 4126 citer,
2133 4062 2225 4115 sed
2264 4070 2324 4113 ut
2355 4060 2710 4128 diligentibus
2740 4067 2812 4124 lc,
2855 4059 3054 4127 inquit,
3092 4059 3530 4113 misericordiam

1946 4158 2190 4224 praebere
2223 4154 2388 4208 soles.
2424 4152 2541 4207 Hoc
2575 4151 2718 4205 enim
2753 4151 2894 4204 dixit
2932 4169 2944 4204 :
2978 4170 2996 4202 ι
3035 4149 3346 4206 Secundum
3383 4153 3532 4222 judi-

1943 4249 2090 4302 cium
2119 4245 2464 4315 diligentium
2501 4259 2698 4299 nomen
2730 4245 2744 4263 '
2766 4253 2944 4307 tuum,
2973 4263 2991 4294 ι
3027 4245 3184 4313 quasi
3212 4245 3359 4298 dicat
3385 4263 3397 4300 :
3428 4243 3537 4298 0b-

1948 4357 2108 4394 secro
2169 4349 2225 4393 ut
2253 4338 2517 4408 aequalem
2557 4338 2641 4392 his
2675 4337 3000 4391 sententiam
3029 4347 3319 4407 reportem.

2022 4431 2190 4485 Vnus.
2223 4431 2343 4486 155.
2389 4449 2404 4480 ι
2445 4429 2681 4484 GreSSIIs
2713 4445 2863 4484 meos
2879 4429 3052 4498 dirige
3085 4430 3386 4484 secundum
3419 4430 3534 4484 elo-

1949 4523 2139 4592 quium
2180 4533 2359 4583 tuum,
2409 4530 2462 4575 et
2500 4537 2568 4574 ne
2601 4522 2916 4574 dominetur
2977 4522 3029 4574 in
3066 4537 3152 4574 me
3188 4523 3291 4575 ulla
3328 4523 3532 4592 iniqui-

1951 4624 2056 4667 tas.
2105 4633 2122 4664 ι
2158 4611 2332 4665 Nobis
2363 4612 2510 4664 enim
2561 4595 3040 4680 promptitudi'nem
3096 4612 3530 4680 praeferentibus,

1946 4714 2000 4758 et
2031 4706 2138 4757 Deo
2182 4719 2340 4772 opem
2376 4702 2606 4767 ferente,
2644 4713 2806 4770 atque
2838 4703 2978 4755 viam
3006 4703 3292 4771 dirigente,
3325 4709 3531 4774 peccati

1951 4800 2032 4854 vis
2063 4809 2116 4854 et
2147 4799 2395 4869 tyrannis
2422 4787 2844 4865 haudquaquam
2881 4796 3056 4850 locum
3091 4797 3273 4851 habet.

2021 4978 2188 5034 Vsus.
2215 4977 2338 5032 154.
2375 4997 2392 5028 ι
2431 4977 2653 5031 Iledime
2677 4993 2763 5031 me
2785 4992 2812 5030 a
2844 4977 3118 5031 columnia
3147 4977 3452 5044 hominum,
3477 4989 3535 5034 ut

1950 5073 2256 5128 custodiam
2310 5071 2565 5125 mandata
2623 5079 2739 5125 tua.
2793 5090 2810 5122 ι
2862 5069 2929 5123 Et
2963 5069 3224 5125 Dominus
3277 5071 3532 5129 Christus

1952 5167 2262 5238 Oppi-ebriis
2285 5175 2335 5222 et
2360 5164 2650 5220 calumniis
2669 5163 2894 5221 affectos
2921 5163 3110 5220 beatos
3139 5173 3193 5219 et
3222 5163 3407 5222 felices
3432 5183 3527 5220 vo-

333 5347 356 5375 ε
383 5335 529 5391 l’sal.
558 5352 724 5403 Lux,
767 5338 852 5392 lt).
890 5336 917 5376 ἀ
942 5337 1142 5408 Ephes.
1177 5354 1251 5404 vr,
1287 5339 1374 5393 l9.
1423 5351 1445 5378 ο
1478 5339 1622 5396 Psal.
1666 5359 1833 5411 uvn,
1867 5345 1954 5400 ll.

1399 5475 1640 5531 VARI/1:.
1678 5480 2065 5540 LECTIONES
2102 5476 2186 5530 ET
2221 5474 2432 5531 ΝΟΤᾸΕ

331 5599 380 5632 τι
399 5601 877 5672 Πρὸςτξιατῳρρ.
912 5597 1099 5672 llebr.:
1135 5597 1328 5672 Omnia
1365 5599 1617 5672 mandata
1645 5610 1755 5662 tua,
1783 5620 1839 5656 om

1954 5623 1982 5668 ι,
2000 5605 2235 5672 inquam,
2270 5601 2631 5672 rectajttdico.
2658 5601 2700 5634 ⁸⁵
2731 5602 2929 5670 Ἔξηρ.
2957 5601 3161 5656 ταῦτα.
3187 5600 3371 5672 ΙΙοΙιι-.;
3393 5602 3535 5656 Con--

260 5679 434 5724 servat
463 5687 546 5722 ea.
598 5669 643 5701 "
674 5670 793 5722 cod.
834 5670 852 5719 1
891 5669 1048 5740 αύτὰ,
1081 5669 1422 5740 prmmissoy
1443 5669 1639 5740 sepelit.
1670 5688 1792 5740 qua-
1822 5691 1839 5726 ι

1954 5691 2041 5730 ec.
2073 5669 2253 5727 lectio.

263 5741 457 5801 llebr.,
477 5739 760 5807 simplices.
823 5740 866 5771 δ’
887 5739 1055 5791 Εῖλκ.
1082 5739 1338 5805 πνεῦμα.
1360 5738 1544 5808 llelir.:
1582 5738 1648 5791 Et
1676 5738 1839 5796 inritet.

1971 5760 2018 5799 s.
2046 5745 2268 5796 inhiavi.

2333 5672 2374 5702 ³⁷
2408 5670 2663 5725 Τούτων.
2696 5675 2811 5725 eod.
2843 5676 2860 5724 l
2899 5674 3224 5742 'prarmmﬁv.
3294 5671 3337 5704 "‘
3372 5676 3529 5739 Νηπ.

2350 5742 2392 5771 ὀ
2411 5743 2554 5809 Γίίρ.
2587 5743 2705 5796 eod.
2747 5743 2767 5794 l
2805 5743 2928 5796 add.
2961 5743 3078 5797 καί.
3137 5746 3178 5775 ⁸⁸
3212 5742 3408 5798 Τοῦτο.
3450 5744 3523 5797 ib.

262 5813 510 5880 sequitur
541 5809 616 5864 δέ.
657 5809 702 5839 δ’
735 5808 952 5862 [ι’(ιτίι-
993 5808 1178 5878 ὄνομά
1209 5826 1345 5862 σου.
1392 5807 1578 5864 Helm:
1607 5808 1718 5864 Pro
1757 5829 1839 5865 mo

1956 5831 2020 5867 uo
2047 5831 2168 5881 ergo
2195 5829 2278 5866 eos
2311 5829 2400 5883 qut
2427 5807 2606 5864 (unqu
2644 5829 2828 5864 nomen
2869 5824 3035 5866 tuum.
