3996 6458
217 354 351 417 1865

1518 343 1599 405 ΙΝ
1633 343 1836 404 PSAL.
1884 341 2149 402 CXVIII.

3344 332 3480 394 1806

213 470 305 522 τοῦ
359 469 558 521 Ἰεσσαὶ
594 467 818 537 βασιλέα
852 462 1252 537 χειροτονῆσαι,
1286 462 1413 525 τοὺς
1469 462 1568 532 μὲν
1593 461 1786 521 ἄλλους

1934 471 2061 510 num
2098 471 2163 510 ex
2196 454 2320 511 liliis
2348 449 2500 509 Jesse
2529 466 2711 523 regem
2734 462 2966 513 crearet,
3002 450 3139 507 alios
3171 448 3395 519 quidem
3426 458 3472 499 et

214 564 305 614 καί
335 559 539 633 ῥώμῃ,
561 560 655 613 καὶ
689 558 942 629 δυνάμει,
971 557 1066 610 καὶ
1099 556 1285 609 κάλλει
1318 553 1569 624 σώματος
1625 568 1788 605 κεκο-

218 651 537 723 σμημένους
592 651 1002 721 ἀπεδοκίμασεν
1028 648 1297 712 ἅπαντας,
1331 647 1495 717 ἤρετο
1539 644 1597 698 δὲ
1621 642 1717 697 τοῦ
1746 644 1788 675 ⁵⁸

229 743 426 795 Ἰεσσαὶ
454 743 502 793 εί
536 740 844 794 ἐκλελοίπει
881 741 926 772 ³³
956 741 1024 795 τὰ
1083 739 1380 809 παιδάρια³
1414 736 1508 789 τοῦ
1542 735 1599 788 δὲ
1640 736 1791 806 εἰρη-

222 836 379 898 κότος
404 836 475 899 ⁸⁸,
513 832 903 903 ὑπολελεῖφθαι
945 832 1233 903 μειράκιον
1277 830 1531 901 σμικρὸν,
1590 828 1618 879 ὃ
1674 844 1795 879 ποι-

221 924 503 993 μαίνειτὰ
548 925 799 995 ποίμνια,
858 924 953 978 καὶ⁸
1003 923 1471 994 ὠςςάνάρμοστον
1525 919 1793 990 βασιλείᾳ,

219 1012 507 1067 ἐκέλευσεν
546 1015 573 1066 6
617 1014 903 1085 προφήτης
938 1012 1136 1067 τοῦτον
1184 1012 1452 1082 ἀχθῆναι,
1502 1011 1594 1065 καὶ
1644 1009 1794 1081 ἔχρι-

224 1121 312 1156 σεν
340 1105 678 1173 ἀφικόμενον
729 1106 1096 1175 παραχρῆμα.
1131 1103 1350 1174 Ταύτης
1411 1103 1644 1157 ἐνταῦθα
1697 1102 1796 1172 τῆς

225 1193 439 1262 δωρεᾶς
477 1196 505 1246 6
537 1195 833 1264 Προφήτης
860 1195 1134 1264 ἐμνήσθη,
1176 1194 1272 1248 καὶ
1300 1192 1454 1262 φησί’
1517 1192 1628 1244 Καὶ
1678 1191 1797 1246 νέον

222 1284 350 1335 ὄντα
402 1301 495 1353 με,
524 1285 617 1336 καὶ
651 1287 763 1346 τοῖς
789 1283 1179 1353 γεγεννηκὸσιν
1231 1282 1421 1351 εὐτελῆ
1452 1280 1796 1351 νομισθέντα,

226 1372 289 1424 σὺ
311 1371 585 1442 τοσαύτης
622 1371 862 1442 ἠξίωσας
889 1374 1130 1442 χάριτος,
1163 1371 1258 1425 καὶ
1318 1372 1607 1443 προφήτην
1663 1370 1799 1439 ὁμοῦ

225 1462 316 1513 καὶ
344 1461 571 1532 βασιλέα
612 1461 920 1532 πεποίηκας
950 1479 963 1492 '
994 1456 1054 1516 οὗ
1081 1462 1143 1534 δὴ
1164 1464 1323 1534 χάριν
1359 1462 1455 1516 σὺν
1494 1463 1645 1535 πάσῃ
1668 1478 1801 1533 προ-

226 1550 399 1622 θυμίᾳ
432 1553 503 1605 τὰ
529 1552 597 1605 σὰ
625 1553 917 1620 φυλάττειν
946 1554 1170 1624 ἐφίεμαι
1198 1552 1562 1625 δικαιώματα.

296 1643 441 1714 ρμβ’.
484 1663 502 1695 ι
553 1644 615 1697 Ἦ
639 1644 952 1715 δικαιοσύνη
982 1663 1076 1697 σου
1102 1645 1414 1717 δικαιοσύνη
1441 1648 1522 1709 είς
1551 1646 1640 1699 τὸν
1669 1646 1801 1699 αἰῶ-

226 1751 312 1795 να,
349 1734 445 1787 καὶ
473 1735 500 1786 6
524 1733 689 1802 νόμος
714 1752 809 1786 σου
845 1734 1099 1804 ἀλήθεια.
1144 1754 1162 1786 ι
1208 1735 1266 1787 '0
1298 1736 1406 1797 τοῖς
1441 1734 1802 1804 ἀνθρωπίνοις

1893 547 2112 611 rubore,
2149 552 2204 599 et
2242 544 2507 615 potentia,
2541 552 2596 599 et
2620 542 2870 611 corporis
2902 541 3311 612 pulchritudine
3344 556 3479 608 prae-

1892 637 2037 690 ditos
2103 650 2297 690 omnes
2358 633 2661 705 praeteriit;
2731 640 3081 702 percontatus
3133 642 3216 687 est
3291 641 3477 684 autem

1893 727 2065 793 .Iesse,
2103 744 2170 781 an
2221 726 2419 798 reliqui
2469 726 2604 780 nulli
2654 734 2839 780 essent
2879 726 2994 789 lilii,
3043 726 3155 793 ipse
3204 738 3333 778 vero
3390 738 3478 776 te—

1896 818 2116 887 Spondit
2170 833 2397 887 parvum
2432 833 2661 887 puerum
2690 818 2959 886 reliquum
2994 832 3135 881 esse,
3168 815 3260 886 qui
3287 831 3475 887 greges

1897 919 2162 980 pasceret,
2192 919 2354 980 atque
2377 910 2443 964 ad
2485 925 2707 978 regnum
2732 909 3223 963 administrandum
3261 910 3477 979 ineptus

1897 1010 2063 1053 esset.
2085 997 2358 1067 Propheta
2399 1008 2581 1052 autem
2629 1000 2777 1054 hunc
2816 999 2882 1052 ad
2915 1013 2971 1053 se
2994 999 3187 1053 adduci
3213 999 3398 1067 jussit,
3424 1008 3481 1053 et

1901 1103 2024 1142 cum
2048 1089 2305 1153 venisset,
2325 1088 2471 1142 illico
2492 1089 2666 1142 unxit.
2694 1087 2872 1157 Hujus
2898 1088 3143 1142 muneris
3163 1088 3263 1141 hoc
3283 1088 3336 1141 in
3357 1088 3479 1142 loco

1901 1179 2173 1251 Propheta
2209 1180 2479 1244 meminit,
2513 1189 2566 1234 et
2593 1180 2668 1233 ait
2716 1197 2728 1231 :
2766 1178 2829 1231 Et
2874 1194 2998 1233 cum
3028 1177 3248 1247 juvenis
3275 1193 3478 1242 essem,

1903 1281 2065 1340 atque
2104 1285 2133 1324 a
2167 1272 2504 1341 genitoribus
2551 1271 2777 1325 minime
2832 1271 3062 1324 idoneus
3096 1269 3312 1324 habitus
3346 1268 3481 1322 fuis-

1904 1380 2042 1431 sem,
2076 1372 2225 1419 tanta
2256 1366 2426 1435 gratia
2452 1381 2538 1420 me
2564 1364 2817 1434 dignatus
2841 1379 2921 1428 es,
2952 1378 3015 1417 ac
3046 1364 3369 1433 prophetam
3402 1364 3481 1416 si-

1904 1452 2019 1507 tnul
2057 1460 2111 1508 et
2160 1469 2346 1523 regem
2398 1468 2483 1509 me
2523 1454 2697 1508 fecisti
2741 1471 2753 1505 :
2808 1461 3138 1521 quapropter
3170 1468 3294 1506 cum
3331 1452 3481 1506 omni

1905 1545 2186 1601 alacritate
2222 1555 2313 1601 tua
2347 1547 2603 1601 mandata
2633 1544 2912 1600 custodire
2944 1545 3214 1599 desidero.

1978 1636 2144 1695 Vens.
2182 1638 2305 1692 142.
2344 1657 2361 1690 ι
2393 1637 2611 1695 Justitia
2643 1637 2858 1709 1474,
2890 1646 2978 1689 tua
3006 1637 3217 1707 justitia
3246 1638 3298 1689 in
3330 1647 3489 1691 aeter-

1907 1746 2063 1799 num,
2086 1738 2142 1786 et
2175 1730 2259 1785 lex
2292 1740 2382 1785 tua
2406 1731 2629 1785 veritas.
2671 1749 2687 1780 »
2725 1728 2827 1794 Qui
2862 1728 3118 1783 humanis
3147 1728 3358 1798 legibus
3387 1730 3486 1782 ob—

229 1823 415 1892 νόμοις
448 1823 769 1892 πειθόμενος
804 1825 923 1876 οὐδὲ
952 1823 1093 1877 κατὰ
1141 1822 1231 1875 τὸν
1266 1823 1511 1893 παρόντα
1564 1822 1677 1892 βίον
1705 1821 1806 1892 τῆς

1933 1836 2195 1898 emperat,
2232 1843 2333 1882 nec
2364 1827 2417 1880 in
2449 1825 2703 1896 praesenti
2736 1824 2845 1877 vita
2875 1838 2903 1874 a
2959 1823 3269 1904 legislatore
3313 1823 3487 1878 hono-

233 1914 379 1982 παρὰ
408 1913 518 1965 τῶν
547 1911 989 1981 νομοθετούντων
1028 1913 1293 1967 ἀπολαύει
1315 1916 1481 1983 τιμῆς
1506 1930 1519 1942 ’
1540 1915 1566 1965 6
1593 1913 1649 1967 δὲ
1686 1916 1805 1977 ταῖς

232 2004 403 2066 θείαις
418 2003 729 2058 ἀκολουθῶν
756 2005 1019 2068 ἐντολαῖς,
1046 2005 1233 2075 μισθὸν
1252 2005 1483 2075 ἔχειτῶν
1506 2005 1682 2057 πόνων
1711 2006 1807 2077 τὴν

232 2096 376 2168 ζωὴν
402 2095 499 2165 τὴν
541 2094 781 2149 αἰώνιον.
816 2097 926 2149 Καὶ
954 2099 1003 2149 et
1037 2097 1191 2166 νόμοι
1227 2097 1284 2149 δὲ
1314 2099 1361 2149 οἱ
1391 2096 1720 2167 ἅνθρώπειοι
1746 2096 1806 2149 οὐ

236 2189 455 2251 πάντως
505 2189 706 2251 πάντες
749 2189 808 2241 τὸ
852 2189 1059 2242 δίκαιον
1108 2189 1324 2259 ἔχουσι’
1358 2191 1386 2242 6
1434 2188 1490 2242 δὲ
1540 2188 1632 2241 τοῦ
1673 2187 1807 2242 Θεοῦ

234 2281 397 2350 νόμος
455 2280 681 2350 ἀληθείᾳ
733 2280 1137 2351 λαμπρύνεται.
1174 2282 1411 2345 Εἰκότως
1460 2282 1641 2334 τοίνυν
1682 2282 1806 2353 ἔφη’

241 2391 258 2423 ι
316 2372 384 2424 Ἦ
430 2372 746 2441 δικαιοσύνη
790 2390 881 2424 σου
946 2373 1262 2442 δικαιοσύνη
1323 2376 1403 2437 είς
1452 2373 1542 2426 τὸν
1597 2374 1809 2439 αἰῶνα,

237 2467 332 2518 καὶ
363 2467 389 2519 6
417 2465 579 2536 νόμος
623 2482 714 2518 σου
745 2466 995 2536 ἀλήθεια.
1032 2485 1051 2516 ι
1202 2458 1208 2463 ’

310 2563 459 2625 ρμγ¹.
500 2574 518 2605 ι
550 2554 771 2624 Θλίψεις
807 2557 903 2609 καὶ
938 2556 1429 2628 ἀνάγκαιεῢροσάν
1450 2575 1539 2626 με.
1572 2578 1590 2608 ι
1629 2558 1813 2612 Ταῦτα

240 2650 348 2718 γὰρ
382 2648 735 2712 συνέζευκται
762 2652 875 2713 τοῖς
904 2651 1163 2720 ἐρασταῖς
1196 2648 1244 2682 ⁵⁸
1274 2650 1373 2720 τῆς
1406 2650 1631 2720 ἀρετῆς.
1697 2669 1716 2701 ι
1748 2653 1814 2709 At

241 2739 454 2792 ἐντολαί
487 2757 581 2792 σου
616 2740 813 2809 μελέτη
846 2757 968 2810 μου.
1014 2759 1031 2791 ι
1081 2741 1175 2793 Ἐκ
1203 2743 1303 2811 τῆς
1349 2740 1459 2811 γὰρ
1497 2741 1703 2794 τούτων
1747 2741 1817 2792 δι-

241 2831 541 2894 δασκαλίας
562 2831 659 2903 τὴν
688 2832 911 2903 ἀνδρίαν
946 2832 1222 2903 μανθάνω,
1253 2833 1344 2885 καὶ
1375 2832 1527 2902 φέρω
1552 2831 1817 2900 γενναίως

241 2924 309 2976 τὰ
336 2922 579 2995 λυπηρά.
870 2908 875 2913 ’

320 3013 461 3083 ρμδ’.
512 3031 528 3063 ι
560 3011 887 3080 Δικαιοσύνη
915 3011 983 3064 τὰ
1037 3011 1311 3081 μαρτύριὰ
1341 3029 1432 3064 σου
1464 3013 1541 3074 εἰς
1572 3011 1660 3064 τὸν
1684 3010 1820 3064 αἰῶ-

246 3123 329 3159 να.
364 3123 382 3156 ο
454 3105 600 3156 Ἀντὶ
642 3104 761 3165 τοῦ,
827 3103 1069 3174 Πρόξενα
1092 3102 1198 3156 τῶν
1226 3102 1459 3155 αἰωνίων
1503 3101 1651 3155 ἐστὶν
1680 3103 1814 3168 ἀγα-

245 3199 379 3252 θῶν.
414 3215 434 3249 ι
474 3198 757 3251 Συνέτισόν
794 3198 887 3266 με,
925 3198 1016 3249 καὶ
1045 3194 1300 3266 ζήσομαι.
1333 3214 1350 3245 ι
1406 3194 1543 3246 Ὑπὸ
1574 3192 1666 3246 σοῦ
1712 3195 1817 3264 γὰρ

250 3289 617 3359 φωτιζόμενος
641 3289 741 3357 τῆς
768 3286 1004 3358 ἀληθοῦς
1034 3286 1179 3358 ζωῆς
1207 3284 1588 3354 ἀπολαύσομαί
1610 3285 1677 3339 ⁸⁵.

324 3386 469 3450 ρμε’.
498 3400 516 3431 ι
566 3378 871 3450 Ἐκέκραξα
905 3380 962 3431 ὲν
999 3380 1096 3450 ὅλῃ
1126 3377 1322 3448 καρδίᾳ
1356 3394 1480 3447 μου,
1516 3375 1825 3429 ὲπάκουσόν

256 3492 378 3545 μου,
404 3473 606 3542 Κύριε,
630 3472 699 3525 τὰ
726 3472 1078 3542 δικαιώματὰ
1114 3488 1208 3523 σου
1235 3469 1542 3540 ὲκζητήσω.
1585 3487 1602 3519 ι
1639 3472 1827 3536 Κραυ-

253 3565 370 3635 Thr
403 3564 566 3619 πάλιν
594 3563 692 3632 τὴν
728 3562 829 3633 τῆς
861 3563 1044 3631 ψυχῆς
1111 3560 1424 3631 προθυμίαν
1482 3558 1675 3612 καλεῖ·
1739 3558 1829 3610 διὰ

255 3655 413 3709 τοῦτο
443 3653 802 3725 προστέθεικε
843 3653 903 3707 τὸ
938 3655 1009 3705 ἐν
1042 3653 1153 3721 ὅλῃ
1211 3650 1421 3717 καρδίᾳ
1482 3667 1621 3718 μου.
1672 3647 1830 3701 Οὕτω

255 3748 350 3799 καὶ
378 3747 586 3817 Μωσῆς
625 3746 754 3799 ἐϐόα
797 3746 1003 3814 σιγῶν⁹
1069 3744 1159 3797 καὶ
1210 3741 1634 3814 προσευχομένῳ
1690 3739 1830 3793 κατὰ

262 3837 502 3890 διάνοιαν
537 3840 565 3890 6
595 3836 728 3899 Θεὸς
760 3835 887 3904 ἔφη.
928 3855 946 3887 ι
980 3835 1045 3887 Τί
1078 3834 1207 3904 βοᾷς
1253 3834 1389 3904 πρὸς
1420 3832 1554 3900 ὲμές
1596 3851 1613 3881 ι

330 3935 487 3999 ρμς’.
530 3946 549 3978 ι
600 3927 905 3998 Ἐκέκραξά
945 3945 1049 3991 σοι,
1090 3926 1264 3979 σῶσόν
1325 3942 1412 3994 με,
1466 3923 1561 3976 καὶ
1611 3921 1832 3991 φυλάξω

257 4018 325 4072 τὰ
355 4017 637 4090 μαρτύριά
666 4036 779 4072 σου.
819 4037 836 4069 ι
881 4017 1039 4086 Παρὰ
1090 4016 1182 4069 σού
1242 4015 1350 4085 γὰρ
1406 4015 1504 4084 τὴν
1561 4016 1841 4083 σωτηρίαν,

259 4111 569 4182 δεχόμενος,
600 4109 774 4179 φύλαξ
805 4108 915 4162 τῶν
943 4108 1052 4161 σῶν
1080 4108 1386 4179 γενήσομαι
1423 4107 1618 4173 νόμων.

332 4198 478 4269 ρμξ.
515 4216 533 4249 ι
572 4197 902 4269 Προέφθασα
927 4198 983 4248 ἐν
1002 4194 1181 4265 ἀωρίᾳ
1212 4194 1281 4257 ⁸⁸,
1313 4192 1407 4245 καὶ
1427 4190 1722 4262 ἐκέκραξα,
1748 4190 1826 4251 είς

262 4289 387 4351 τοὺς
411 4274 604 4357 λόγους
632 4304 724 4340 σου
752 4287 1052 4357 ὲπήλπισα.
1093 4305 1111 4337 ι
1150 4284 1413 4344 Βασιλεὺς
1439 4281 1514 4334 ὢν
1549 4281 1578 4333 6
1621 4279 1836 4350 Προφή⁹

262 4396 382 4450 της,
424 4380 518 4433 καὶ
547 4378 773 4450 μυρίαις
798 4378 1046 4449 φροντίσι
1084 4373 1570 4446 περικλυζόμενος,
1601 4371 1700 4422 καὶ
1742 4387 1837 4421 πο-

1909 1936 2024 1976 rem
2057 1921 2418 1989 consequitur
2453 1936 2465 1970 :
2502 1917 2594 1993 qui
2626 1926 2807 1969 autem
2840 1915 3024 1968 divina
3053 1916 3301 1984 sequitur
3330 1930 3489 1969 man-

1909 2013 2058 2077 data,
2104 2012 2353 2066 laborum
2408 2009 2715 2063 mercedem
2770 2006 2935 2071 habet
2986 2009 3152 2059 vitam
3206 2014 3486 2061 aeteinani.

1909 2102 2081 2157 Porro
2124 2105 2375 2157 humanae
2418 2102 2562 2169 leges
2603 2112 2710 2151 non
2754 2098 2979 2151 omnino
3010 2111 3201 2152 omnes
3235 2099 3492 2167 aequitate

1911 2203 1965 2249 et
1995 2194 2207 2264 justitia
2240 2195 2495 2247 nitUntur
2537 2210 2551 2246 :
2589 2199 2644 2244 at
2675 2188 2768 2243 Dei
2800 2190 2884 2242 lex
2930 2190 3163 2243 veritate
3218 2191 3489 2259 splendet.

1911 2284 2041 2339 .Ittre
2081 2285 2246 2354 igitur
2296 2283 2474 2352 inquit
2506 2300 2518 2335 :
2560 2300 2576 2331 ι
2615 2280 2833 2335 Justitia
2868 2290 2959 2333 tua
2987 2279 3202 2347 justitia
3248 2284 3307 2346 ἱιι
3334 2291 3491 2335 aeter-

1914 2395 2068 2444 num,
2092 2388 2145 2434 et
2179 2380 2259 2432 lex
2293 2386 2385 2432 tua
2411 2377 2635 2431 veritas.
2679 2394 2697 2426 ι

1987 2564 2153 2620 Vnns.
2196 2566 2317 2618 HS.
2383 2582 2401 2613 ι
2438 2560 2743 2617 Tribulatio
2785 2570 2838 2615 et
2869 2560 3135 2629 angustia:
3171 2561 3497 2613 invenerunt

1920 2671 2027 2711 me.
2067 2676 2085 2708 ι
2116 2656 2241 2709 "me
2262 2654 2483 2709 virtutis
2508 2653 2787 2708 studiosos
2813 2652 3165 2705 comitantur.
3200 2669 3217 2700 ι
3247 2650 3496 2703 Mandata

1920 2752 2012 2797 tua
2041 2751 2170 2797 sunt
2207 2742 2488 2796 meditatio
2517 2755 2659 2793 mea.
2696 2758 2716 2791 ι
2760 2737 2896 2793 Nam
2930 2754 2995 2793 ex
3028 2739 3221 2793 horum
3250 2741 3495 2793 doctrina

1918 2832 2298 2889 fortitudinem
2321 2834 2496 2900 disco,
2528 2830 2872 2902 viriliterque
2913 2831 3093 2886 tristia
3122 2830 3256 2884 fere.

1993 3012 2159 3068 Vens.
2209 3014 2390 3067 ML'c
2426 3012 2581 3068 Justa
2612 3022 2741 3069 sunt
2775 3013 3081 3068 testimonia
3128 3022 3215 3067 tua
3250 3016 3301 3067 in
3343 3026 3499 3070 teter-

1922 3121 2076 3160 num.
2114 3125 2132 3157 ι
2188 3105 2302 3160 lloe
2329 3114 2412 3161 est
2449 3123 2462 3158 :
2500 3106 2731 3161 Faciunt
2766 3113 2826 3159 ut
2864 3114 3065 3159 aeterna
3100 3121 3502 3176 consequamur

1924 3196 2086 3249 bona.
2135 3216 2152 3246 ι
2188 3197 2520 3251 Intellectum
2552 3197 2617 3250 da
2647 3196 2805 3259 mihi,
2837 3204 2890 3250 et
2917 3195 3116 3250 vivam.
3148 3216 3165 3247 ›
3197 3197 3239 3251 A
3269 3206 3320 3252 te
3357 3200 3501 3253 enim

1926 3286 2256 3347 illustratus,
2287 3302 2471 3341 veram
2497 3288 2664 3342 vitam
2690 3288 2984 3357 adipiscar.

1999 3378 2163 3432 Vens.
2194 3379 2316 3432 “'5.
2347 3398 2363 3428 ι
2398 3380 2638 3433 Clamavi
2673 3388 2786 3432 toto
2821 3380 2987 3435 corde
3005 3395 3146 3443 meo,
3168 3382 3363 3434 exaudi
3396 3398 3503 3444 me,

1927 3468 2197 3522 Domine:
2238 3470 2661 3538 justiﬁcatioucs
2696 3480 2818 3524 tuas
2868 3472 3170 3540 requiram.
3218 3491 3235 3522 ι
3290 3473 3508 3526 Clamo-

1929 3576 2037 3613 rem
2073 3576 2261 3614 rursus
2290 3562 2484 3615 anima:
2509 3561 2842 3616 alacritatem
2876 3571 3033 3617 vocat
3059 3582 3070 3616 :
3107 3574 3388 3634 propterea
3414 3582 3510 3634 ap-

1930 3652 2113 3720 posnit
2149 3661 2257 3705 toto
2308 3654 2465 3706 corde
2501 3669 2636 3707 meo.
2687 3651 2777 3707 Sic
2812 3653 2973 3707 etiam
3008 3653 3188 3710 Moses
3237 3658 3505 3711 clamabat

1932 3752 2139 3806 tacens,
2171 3751 2223 3795 et
2260 3742 2307 3796 ei
2342 3753 2519 3798 mente
2550 3745 2723 3799 oranti
2762 3744 2905 3800 Deus
2939 3746 3073 3801 dixit
3110 3764 3123 3799 :
3161 3767 3179 3799 ι
3216 3746 3358 3814 Quid
3395 3750 3508 3804 cla-

1935 3847 2051 3886 mas
2079 3833 2144 3887 ad
2178 3849 2262 3887 me
2288 3832 2299 3882 i
2328 3834 2350 3887 ?
2382 3853 2399 3885 ι

2006 3922 2173 3978 Vens.
2214 3924 2329 3979 146.
2381 3945 2398 3976 ι
2435 3925 2678 3979 Clamavi
2719 3929 2785 3981 ad
2837 3936 2908 3993 te,
2945 3929 3156 3984 salvum
3190 3946 3277 3985 me
3312 3929 3419 3996 fac,
3454 3942 3513 3986 ιιι

1935 4014 2244 4067 custodiam
2281 4017 2540 4070 mandata
2575 4026 2688 4070 tua.
2724 4035 2742 4067 ι
2772 4018 2815 4070 Α
2845 4026 2896 4072 te
2936 4018 3082 4073 enim
3115 4019 3344 4076 salutem
3382 4037 3515 4077 con~

1937 4117 2180 4171 secutus,
2217 4116 2433 4161 tuarutn
2467 4108 2642 4178 legum
2679 4120 2865 4165 custos
2885 4124 3004 4164 ero.

2009 4194 2175 4253 Vens.
2213 4197 2335 4253 M7.
2385 4217 2403 4250 ι
2443 4198 2686 4253 Prteveni
2742 4199 2795 4252 in
2844 4198 3256 4265 immaturitate,
3305 4213 3360 4257 et
3403 4205 3517 4256 cla-

1939 4286 2109 4349 mavi,
2144 4288 2271 4357 quia
2303 4288 2356 4341 in
2406 4288 2586 4343 verbis
2632 4289 2743 4343 tuis
2775 4304 2926 4358 spem
2957 4290 3138 4359 posui.
3180 4311 3199 4343 ι
3246 4290 3520 4360 Propheta

1941 4394 2064 4432 cum
2101 4395 2191 4433 rex
2234 4389 2404 4444 esset,
2439 4389 2492 4433 et
2537 4381 2841 4436 innumeris
2883 4382 3031 4437 curis
3067 4382 3517 4447 circumdaretur,

264 4470 524 4539 λεμικοὺς
557 4469 694 4538 πρὸς
744 4472 971 4531 ταύταις
1024 4465 1449 4535 ἀναδεδεγμένος
1493 4463 1729 4531 ἀγῶνας,
1777 4464 1817 4514 οι

1946 4481 2000 4525 et
2043 4481 2303 4541 praeterea
2344 4473 2557 4544 1475
2593 4475 2785 4528 bellica
2825 4476 3125 4530 certamina
3164 4476 3519 4543 suscepisset.

268 4561 429 4630 μόνον
476 4560 692 4629 ἡμέρας
718 4556 1158 4628 ὑπολαμπούσης
1181 4555 1256 4626 τῷ
1281 4553 1400 4623 Θεῷ
1447 4555 1544 4616 τὰς
1604 4552 1842 4614 ἱκετείας

263 4652 611 4721 προσέφερεν
640 4667 655 4683 ·
685 4650 820 4704 ἀλλὰ
877 4649 971 4703 καὶ
998 4648 1272 4720 μεσούσης
1299 4646 1515 4708 νυκτὸς,
1555 4645 1657 4697 οὐκ
1710 4644 1842 4696 ἀνα-

272 4742 449 4811 μένων
496 4742 596 4806 τὰς
624 4741 735 4795 τῶν
779 4739 1156 4809 ἀλεκτρυόνων
1214 4737 1373 4808 ᾠδάς.
1429 4733 1614 4795 Οὕτως
1661 4732 1844 4784 ὲπόθει

266 4833 357 4884 τὸν
389 4832 731 4900 πεποιηκότα
761 4830 917 4897 Θεὸν,
951 4828 1095 4882 οὕτω
1124 4826 1425 4898 προθύμως
1476 4824 1573 4892 τὴν
1636 4821 1845 4875 ἐκεῖθεν

266 4920 388 4992 ᾔτει
430 4919 706 4991 βοήθειαν.

340 5018 493 5084 ρμην.
530 5030 550 5063 ι
589 5010 953 5083 Προέφθασαν
1002 5012 1049 5063 οί
1103 5009 1371 5079 ὀφθαλμοί
1424 5024 1524 5077 μου
1571 5005 1707 5077 πρὸς
1752 5005 1844 5074 ὅρ-

236 5092 400 5174 νθρον
442 5104 513 5167 ⁵⁷,
543 5102 639 5155 τοῦ
672 5102 904 5173 μελετᾷν
943 5103 1010 5153 τὰ
1034 5100 1194 5167 λόγιά
1239 5116 1352 5155 σου.
1395 5116 1413 5149 ι
1460 5097 1533 5149 Οὐ
1579 5097 1736 5166 μόνον
1792 5095 1850 5147 δὲ

271 5194 418 5248 κατὰ
448 5194 539 5246 τὸν
561 5194 655 5246 τοῦ
683 5193 931 5263 γλυκέως
960 5191 1131 5244 ὕπνου
1172 5189 1385 5259 καιρὸν,
1422 5186 1557 5241 ἀλλὰ
1585 5187 1679 5240 καὶ
1698 5185 1849 5255 παρὰ

270 5284 360 5339 τὸν
395 5284 610 5355 ὄρθρον,
641 5284 749 5336 τῶν
779 5272 940 5336 θείων
960 5283 1141 5353 νόμων
1179 5280 1473 5351 ἐπεποίητο
1502 5280 1547 5312 ³³
1591 5279 1844 5349 μελέτην.

311 5446 327 5486 1
402 5437 578 5493 Exod.
617 5455 729 5503 xiv,
766 5438 851 5492 15.

1944 4579 2050 4617 non
2078 4562 2240 4616 modo
2272 4564 2621 4623 illucescente
2647 4566 2731 4618 die
2763 4565 2871 4618 Deo
2903 4580 3090 4633 preces
3117 4564 3395 4631 oti’cr'ebat,
3428 4581 3523 4622 ve-

1944 4668 2064 4706 rum
2101 4653 2262 4707 etiam
2320 4655 2372 4707 in
2424 4655 2600 4709 noctis
2654 4654 2831 4709 medio
2868 4654 3141 4725 gallorum
3188 4665 3384 4709 cantus
3414 4672 3523 4710 non

1946 4753 2295 4812 exspectans.
2347 4745 2497 4798 Adeo
2551 4743 2722 4798 Deum
2779 4755 3079 4799 creatorem
3155 4746 3521 4811 desiderabat,

1948 4833 2085 4887 adeo
2114 4844 2363 4903 prompte
2385 4851 2539 4904 opem
2566 4836 2714 4890 illinc
2744 4836 3092 4906 efﬂagitabat.

2021 5006 2186 5059 Vens.
2225 5005 2344 5059 148.
2375 5024 2394 5056 ι
2429 5006 2813 5061 Praevenerunt
2853 5008 2997 5062 oculi
3030 5010 3136 5062 mei
3166 5018 3218 5062 te
3247 5008 3349 5064 sub
3381 5009 3527 5082 dilu-

1952 5098 2095 5161 Culo,
2122 5106 2181 5151 ut
2215 5099 2509 5153 meditarer
2533 5100 2751 5168 eloquia
2790 5108 2903 5155 tua.
2942 5120 2960 5150 ι
2994 5098 3110 5154 Non
3139 5102 3314 5155 solum
3346 5114 3529 5155 autem

1952 5187 2252 5242 dulcissimi
2301 5190 2479 5243 somni
2516 5200 2777 5260 tempore,
2807 5191 2898 5246 sed
2943 5193 3116 5261 prima
3152 5206 3370 5261 quoque
3408 5191 3531 5246 luce

1952 5278 2165 5333 divinas
2194 5280 2557 5334 meditabatur
2584 5280 2749 5351 leges.
2776 5278 2887 5335 Nos
2919 5296 3045 5335 vero
3080 5296 3369 5350 pauperes,
3392 5289 3447 5334 et
3465 5280 3535 5334 ab

1362 5522 1598 5577 vanus
1638 5503 2155 5577 LECTIONES’ET
2193 5517 2422 5574 NOTAE.

360 5668 404 5701 ⁶¹
444 5666 579 5720 Τοῦ.
607 5667 679 5720 ib.
729 5667 841 5719 τόν.

947 5668 988 5738 f”
1024 5666 1092 5718 ib.
1126 5665 1425 5738 ἐκλέλοιπε.
1478 5664 1547 5738 _"
1580 5661 1651 5715 il).
1681 5660 1817 5713 είπόι

1932 5701 1943 5713 .
1967 5658 2070 5738 _“_
2109 5656 2453 5738 ’βέλεα-ταῖςι
2589 5658 2866 5738 ὲργᾲταις.
2924 5660 2986 5738 ,ξ’
3008 5661 3128 5738 cod.
3166 5658 3537 5738 [ἀπολαύσω.

274 5736 319 5767 ⁵⁸
353 5736 455 5792 Ἐν
474 5738 678 5805 ἀωρίᾳ.
713 5734 900 5801 llebr.,
942 5736 995 5788 in
1031 5739 1142 5804 ipsa
1177 5733 1431 5816 diluculo.
1472 5732 1595 5804 Syr.
1640 5747 1809 5785 mane.

1957 5729 2115 5797 Πρὸς
2142 5727 2374 5795 ὄρθρον.
2408 5727 2571 5785 Hebr.
2616 5727 2845 5799 uigilias.
2922 5729 2969 5762 ⁸⁸
3013 5730 3134 5810 cog.
3184 5731 3207 5783 1
3253 5730 3538 5799 πεποίητο.

476 5834 750 5895 ΡΑτειοι..
798 5834 914 5919 Gn.
954 5833 1177 5892 LXXX
1194 5876 1209 5893 .

3135 5824 3213 5883 59
