3996 6456
490 345 622 410 1867

1451 341 1941 405 THEODORETI
1991 340 2328 402 EPISCOPI
2371 342 2738 405 CYRENSIS

3641 341 3790 409 1868

483 462 636 517 omni
687 476 821 518 cura
872 460 1050 526 liberi,
1084 460 1138 514 in
1183 458 1390 514 lectulo
1441 469 1832 529 pernoctamus
1869 457 1977 510 huc
2024 465 2072 509 et

2192 456 2388 526 Ἡμεῖς
2419 456 2476 508 δὲ
2526 455 2689 527 πενίᾳ
2747 456 3046 523 συζῶντες,
3089 458 3186 510 καὶ
3252 457 3434 528 πάσης
3490 455 3787 527 φροντίδος

487 555 616 610 illnc
656 569 756 610 nos
794 553 1124 617 volutantes,
1163 566 1341 621 neque
1373 552 1654 608 exoriente
1687 550 1777 606 die
1807 549 2079 605 bonorum

486 647 734 718 largitori
765 647 1031 719 hymnum
1059 646 1366 702 oﬂerimus.

557 827 724 885 Vens.
759 828 882 884 149.
919 846 937 880 ι
968 826 1175 883 Vocem
1205 828 1384 880 meam
1416 821 1544 877 audi
1574 821 1876 877 secundum
1911 820 2079 876 mise-

487 922 784 977 ricordiam
834 929 1016 984 tuam,’
1041 917 1293 979 Domine,
1340 923 1396 970 et
1457 913 1763 968 secundum
1808 912 2078 983 judicium

489 1023 648 1069 tuum
688 1012 906 1067 viviﬁca
941 1025 1050 1065 me.
1090 1027 1109 1060 ι
1147 1007 1251 1074 Qui
1281 1015 1360 1060 tot
1385 1006 1662 1076 tantisque
1692 1003 1852 1058 bonis
1887 1001 2078 1066 afﬂuit,

487 1105 928 1164 misericordiam
954 1112 1014 1158 ut
1043 1110 1419 1173 consequatur
1445 1100 1744 1156 obsecrat:
1777 1107 1831 1153 et
1855 1112 1962 1152 non
1991 1097 2081 1151 ab-

486 1199 663 1257 solute
718 1197 1155 1253 misericordiam
1204 1194 1466 1266 postulat,
1524 1193 1620 1248 sed
1674 1192 1834 1262 juxta
1868 1186 2078 1246 'utilem

486 1294 840 1348 sententiam.
1881 1330 1884 1332 γ

557 1383 723 1440 Vens.
772 1382 895 1438 150.
931 1400 951 1434 ι
998 1380 1529 1452 Appropinquarunt
1561 1385 1954 1450 persequentes
1991 1389 2079 1430 me

487 1476 788 1548 iniquitati,
817 1490 848 1530 a
892 1473 1008 1544 lege
1057 1481 1240 1528 autem
1277 1481 1368 1526 tua
1419 1472 1577 1541 longe
1621 1470 1816 1526 remoti
1863 1479 2013 1525 sunt.
2052 1488 2071 1520 ι

485 1569 670 1640 Longe
709 1566 856 1622 enim
889 1579 921 1620 a
946 1564 1149 1619 divinis
1179 1561 1390 1634 legibus
1417 1562 1641 1630 absunt,
1671 1561 1764 1632 qui
1785 1561 1934 1630 justo
1965 1559 2082 1613 hel-

487 1665 598 1717 lum
647 1660 851 1715 inferre
887 1665 1181 1714 conantur.
1229 1674 1247 1708 ‹
1282 1655 1384 1722 Qui
1415 1656 1560 1710 enim
1592 1670 1690 1710 vos
1725 1653 1956 1725 spernit,
1990 1654 2078 1706 in—

485 1756 626 1824 quit,
659 1767 767 1807 non
813 1765 909 1806 vos
951 1747 1181 1818 spernit,
1218 1749 1313 1802 sed
1361 1762 1486 1801 eum
1519 1747 1615 1815 qui
1661 1746 1812 1800 misit
1845 1759 1942 1799 vos
1967 1741 2014 1796 κ.
2051 1761 2069 1793 ι

2181 547 2622 619 ἀπηλλαγμένοι,
2664 549 2759 602 ἐπὶ
2790 550 2892 616 τῆς
2921 549 3116 621 κλίνης
3143 548 3647 621 διανυκτερεύομεν
3675 565 3788 600 κα-

2180 639 2632 711 λινδούμενοι⁸⁸’,
2668 644 2763 697 καὶ
2803 643 2925 696 οὐδὲ
2958 642 3272 714 ἀρχομένης
3312 641 3532 712 ἡμέρας
3561 641 3639 707 τῷ
3689 640 3783 694 δο⁶

2179 731 2307 803 τῆρι
2342 732 2450 786 τῶν
2471 733 2696 802 ἀγαθῶν
2722 735 2815 788 τδν
2855 734 3026 806 ὕμνον
3076 733 3488 806 προσφέρομεν.

2256 821 2402 891 ρμθ¹.
2443 840 2461 872 ι
2503 820 2615 892 Τῆς
2662 823 2847 893 φωνῆς
2880 839 2983 893 μου
3017 823 3276 888 ἄκουσον,
3302 822 3501 894 Κύριε,
3543 821 3691 877 κατὰ
3720 820 3788 874 τὸ

2181 907 2333 972 ἐλεός
2372 927 2490 977 σου,
2523 912 2667 966 κατὰ
2699 912 2762 966 τὸ
2802 913 2984 984 κρῖμά
3011 929 3106 966 σου
3137 914 3182 948 ⁵³
3212 912 3381 982 ζῆσόν
3409 929 3503 982 με.
3542 931 3562 965 ι
3595 913 3656 965 '0
3693 928 3784 964 το-

2183 1002 2395 1066 σούτοις
2441 1003 2628 1074 κομῶν
2684 1003 2916 1074 ἀγαθοῖς
2957 1004 3110 1059 ἐλέου
3149 1007 3335 1076 τυχεῖν
3363 1005 3524 1070 ἀξιοῖ,
3552 1007 3648 1060 καὶ
3678 1005 3789 1058 οὐκ

2181 1093 2452 1166 ἀορίστως
2476 1098 2622 1149 αἰτεῖ
2675 1096 2770 1151 τὸν
2813 1095 2966 1152 ἐλεον
2997 1114 3013 1129 ⁸
3045 1095 3183 1153 ἀλλὰ
3211 1096 3357 1152 κατὰ
3380 1097 3482 1168 τὴν
3514 1097 3794 1168 ὀνησιφόο

2183 1203 2276 1255 ρον
2298 1186 2501 1258 ψῆφον.

2257 1382 2355 1446 ρν’.
2393 1395 2412 1428 ι
2443 1376 2840 1448 Προσήγγισαν
2866 1377 2916 1431 οί
2939 1375 3373 1440 καταδιώκοντές
3399 1395 3467 1448 με
3485 1379 3691 1450 ἀνομίᾳ
3714 1377 3788 1443 ⁸⁸,

2180 1467 2290 1521 ἀπὸ
2327 1467 2386 1521 δὲ
2415 1468 2512 1521 τοῦ
2545 1470 2714 1540 νόμου
2761 1486 2857 1523 σου
2897 1469 3345 1541 ἐμακρύνθησαν.
3385 1489 3404 1522 ι
3440 1471 3636 1543 Πόρῤω
3667 1473 3792 1544 γὰρ

2178 1559 2292 1612 τῶν
2317 1559 2482 1614 θείων
2510 1562 2693 1630 νόμων
2717 1561 2857 1614 εἰσὶν
2885 1562 2935 1613 oi
2964 1559 3042 1631 τῷ
3063 1561 3259 1631 δικαίῳ
3300 1561 3636 1631 πειρώμενοι
3676 1579 3792 1615 ποι

2178 1649 2389 1721 λεμεῖν.
2428 1669 2449 1704 ι
2493 1651 2552 1705 '0
2571 1651 2784 1705 ἀθετῶν
2804 1652 2913 1724 γὰρ
2943 1653 3112 1724 ὑμᾶς,
3141 1653 3329 1723 φησιν,
3356 1654 3456 1722 οὐχ
3478 1654 3622 1724 ὑμᾶς
3639 1653 3789 1708 ἀθε-

2177 1745 2282 1810 τεῖ,
2343 1744 2480 1798 ἀλλὰ
2530 1745 2622 1800 τὸν
2663 1745 3068 1799 ἀποστείλαντα
3133 1746 3298 1815 ὑμᾶς.
3340 1767 3358 1798 ι
3393 1746 3541 1799 Καί·
3583 1765 3600 1796 ι
3650 1747 3787 1817 Ἐχ-

486 1846 552 1900 Et
575 1861 586 1895 :
612 1843 908 1899 «inimicus
938 1854 1034 1897 ero
1065 1840 1309 1896 inimicis
1339 1839 1468 1904 tuis,
1515 1848 1569 1894 et
1601 1839 1933 1892 adversabor
1975 1835 2072 1890 ad-

2186 1803 2399 1908 θρεύσω
2421 1840 2533 1900 τοῖς
2565 1837 2785 1910 ἐχθροῖς
2818 1855 2936 1904 σου,
2984 1838 3080 1892 καὶ
3113 1803 3496 1910 ἀντικείσομαι
3532 1842 3648 1902 τοῖς
3679 1803 3790 1892 ἁῖο

488 1937 835 1993 versantibus
870 1935 970 1990 tibi
997 1931 1042 1988 ι.
1079 1953 1097 1986 ι

555 2022 722 2079 Vens.
759 2023 882 2078 151.
927 2042 945 2075 ι
973 2021 1150 2092 Prope
1182 2037 1240 2076 es
1275 2031 1356 2086 tu,
1393 2020 1638 2084 Domine,
1673 2028 1730 2075 et
1753 2035 1944 2075 omnes
1974 2019 2076 2074 viae

485 2129 591 2172 tuae
613 2117 867 2172 veritas.»
898 2116 1111 2182 Cernis,
1138 2115 1234 2178 ait,
1268 2115 1474 2179 omnia,
1502 2113 1753 2168 Domine.
1786 2111 1904 2168 Non
1927 2113 2072 2168 enim

483 2228 513 2270 a
550 2209 713 2266 nobis
749 2206 1054 2274 recessisti,
1099 2208 1192 2263 sed
1236 2216 1408 2261 totum
1442 2215 1714 2261 terrarum
1748 2205 1938 2260 orbem
1973 2205 2072 2258 im-

485 2305 622 2372 ples,
671 2309 728 2356 et
779 2299 1005 2353 veritate
1034 2303 1238 2350 ‘utens
1290 2295 1541 2350 universa
1583 2294 1908 2349 moderaris.
1959 2292 2074 2348 Hoc

481 2394 649 2449 etiam
710 2391 845 2461 ipse
881 2390 1026 2444 Deus
1085 2384 1302 2459 1476
1339 2403 1436 2456 per
1494 2387 1812 2457 prophetam
1865 2385 1997 2442 dicit
2055 2403 2070 2441 :

489 2506 509 2536 ι
567 2484 712 2540 Deus
749 2480 1196 2554 apprOpinquans
1230 2495 1330 2550 ego
1363 2495 1508 2542 sum,
1554 2495 1665 2534 non
1707 2486 1890 2534 autem
1927 2479 2073 2534 Deus

486 2580 1001 2646 tongeremotus".
1034 2571 1102 2626 Et
1141 2572 1330 2626 beatus
1371 2570 1618 2626 Paulus:
1670 2588 1686 2620 ι
1729 2569 1784 2624 In
1816 2571 1956 2642 ipso,
1991 2570 2072 2623 in-

483 2672 620 2740 quit,
653 2670 909 2734 vivimus,
940 2675 994 2720 et
1022 2679 1324 2729 movemur,
1353 2675 1406 2717 et
1425 2678 1621 2718 sumus
1641 2671 1692 2719 ιι.
1729 2683 1748 2716 ι

560 2760 721 2817 Vens.
774 2758 894 2814 152.
941 2775 959 2808 ι
1002 2757 1160 2813 lnitio
1205 2756 1437 2828 cognovi
1482 2771 1513 2811 e
1559 2755 1890 2811 testimoniis
1934 2756 2065 2822 tuis,

483 2853 630 2924 quod
670 2852 725 2906 in
756 2858 1021 2906 aeternum
1054 2847 1374 2904 fundaveris
1409 2862 1494 2902 ea.
1534 2866 1553 2898 ι
1605 2845 1927 2901 Τεδιὶηιοηία
1955 2863 2068 2902 coe-

484 2949 596 3002 lum
619 2955 670 3000 et
697 2954 899 2999 terram
928 2952 1232 3012 nuncupat.
1263 2960 1282 2992 ‹
1313 2940 1678 3003 Descendens.
1709 2939 1907 3011 inquit,
1937 2956 2067 2995 eon-

487 3048 686 3094 testare
734 3052 831 3092 eos
879 3050 974 3106 per
1007 3035 1208 3089 coelum
1241 3049 1303 3088 ac
1327 3042 1537 3088 terram
1591 3039 1638 3088 ο.
1688 3053 1706 3086 ι
1758 3033 1967 3088 Idcirco
2017 3043 2071 3087 et

487 3129 662 3185 Moses
715 3143 947 3198 magnus
993 3127 1267 3182 canticum
1311 3126 1606 3181 exordiens
1648 3127 1793 3182 fatur

485 3222 664 3287 tende,
687 3221 911 3285 coelum,
943 3227 998 3275 et
1028 3219 1243 3289 loquar,
1274 3226 1329 3273 et
1366 3219 1554 3274 audiat
1588 3227 1732 3274 terra
1763 3219 1930 3274 verba
1959 3221 2071 3276 oris

484 3313 660 3369 meir.
695 3334 713 3364 ι
751 3313 808 3367 In
841 3313 925 3368 his
950 3323 1132 3367 autem
1165 3311 1424 3367 continue
1451 3310 1548 3366 Dei
1580 3312 1924 3382 providentia
1953 3330 2071 3368 cer-

484 3408 635 3461 nitur
671 3426 685 3461 :
724 3422 848 3460 cum
882 3405 1054 3459 multo
1087 3404 1235 3459 enim
1260 3403 1454 3458 ordine
1486 3405 1670 3460 omnia
1705 3407 2070 3477 progrediunn

486 3512 595 3556 tur.
633 3498 792 3564 l-linc,
823 3497 921 3561 ait,
956 3496 1266 3551 cer-tissime
1307 3497 1580 3566 cognovi,
1622 3505 1675 3552 te
1721 3513 1887 3567 prope
1922 3514 2066 3563 esse,

485 3601 646 3662 atque
673 3590 742 3645 iis
771 3603 895 3660 qum
925 3587 1063 3642 [inut
1096 3587 1384 3650 interesse,
1422 3603 1520 3642 nec
1553 3590 1848 3660 quidquam
1878 3605 2066 3646 eorum

484 3700 605 3755 quae
643 3691 907 3754 geruntur
939 3689 991 3735 te
1017 3679 1210 3734 latere.

556 3775 721 3831 Vitas.
770 3775 894 3830 155.
957 3792 976 3826 ι
1012 3770 1150 3828 Vide
1191 3776 1552 3831 humilitatem
1599 3791 1797 3840 meam,
1841 3785 1895 3830 et
1920 3775 2068 3844 eripe

483 3884 591 3933 nte,
633 3867 759 3937 quia
795 3866 934 3937 legis
962 3875 1070 3922 tua:
1103 3882 1212 3921 non
1244 3883 1367 3922 sum
1399 3869 1625 3924 oblitus.
1663 3885 1680 3920 ι
1717 3895 1788 3906 --
1820 3885 1838 3918 ι
1871 3865 1976 3933 Qui
2009 3883 2067 3921 se

482 3960 877 4034 bu-miliaverit,
921 3959 1273 4029 exaltabitur,
1323 3981 1342 4014 ι
1376 3963 1679 4018 secundum
1719 3961 1936 4018 Domini
1966 3977 2066 4016 vo-

483 4067 598 4106 cem
621 4061 670 4107 (ι.
693 4051 790 4107 Ει;
816 4072 834 4103 ι
861 4051 1009 4106 Beati
1028 4067 1296 4123 pauperes
1311 4055 1529 4124 spiritu,
1547 4056 1805 4125 quoniam
1821 4056 2063 4125 ipsorum

481 4149 564 4195 est
591 4156 817 4211 regnum
839 4141 1100 4196 caelorum
1121 4151 1167 4196 τ.
1197 4162 1215 4194 ›
1240 4142 1352 4198 Hac
1375 4145 1537 4199 etiam
1561 4144 1781 4200 divinus
1801 4145 2064 4215 propheta

482 4232 621 4286 alias
647 4231 880 4287 virtutes
902 4232 1207 4299 decoravit,
1233 4245 1289 4290 et
1309 4235 1451 4291 hanc
1472 4236 1793 4303 obtendens,
1819 4236 2061 4291 divinum

483 4324 748 4379 auxilium
777 4326 1070 4394 promittit.

488 4516 501 4524 -
551 4481 720 4537 Vens.
772 4481 893 4537 154.
941 4503 959 4535 ι
996 4481 1187 4538 Judica
1225 4483 1494 4555 judicium
1530 4502 1730 4552 meum,
1762 4496 1817 4542 et
1861 4489 2067 4546 redime
2097 4487 2144 4545 D

482 4591 594 4640 rue,
622 4583 844 4645 propter
875 4576 1154 4644 eloquium
1188 4585 1342 4632 tuum
1378 4577 1591 4636 viviﬁca
1629 4595 1736 4636 me.
1777 4602 1795 4633 ι
1830 4581 1906 4637 De
1937 4599 2065 4654 pro--

481 4669 840 4724 missionibus
862 4669 1154 4724 Dominum
1187 4667 1468 4737 admonet,
1497 4681 1552 4727 et
1587 4672 1654 4726 ab
1689 4673 1807 4743 ipso
1829 4676 2061 4731 salutem

479 4759 648 4830 petit,
717 4769 1086 4833 precaturque
1155 4769 1216 4816 ut
1271 4760 1447 4832 ipsius
1513 4770 1566 4818 et
1624 4765 2060 4824 adversariorum

479 4865 700 4907 causam
729 4851 1018 4924 disceptet.

547 4942 715 5001 Vens.
747 4945 869 5000 155.
909 4963 928 5000 ι
961 4944 1144 5016 Longe
1172 4961 1201 5002 a
1226 4949 1606 5017 peccatoribus
1633 4954 1800 5019 satus,
1826 4956 1951 5026 quia
1970 4958 2061 5027 ju-

547 5123 574 5163 ¹ί
602 5122 730 5182 Luc.
764 5141 818 5192 x,
861 5125 947 5182 15.

1062 5126 1080 5166 ι
1107 5126 1277 5184 Exod.
1314 5146 1474 5196 χχιιι,
1505 5134 1597 5192 22.

477 5209 645 5260 xxxn,
682 5195 731 5251 1.

841 5206 872 5245 ιι
901 5195 1041 5254 Luc.
1075 5214 1185 5266 xw,
1224 5199 1309 5254 11.
1425 5195 1675 5264 τΜιιιιΙι,
1711 5225 1762 5277 v,
1794 5195 1846 5267 3.

1699 5151 1737 5178 ι’·
1765 5139 1967 5200 Jerem.
2012 5160 2172 5213 xxm,
2207 5151 2297 5210 23,

2176 1930 2512 2002 τικειμένοις
2543 1948 2646 1984 σοι.
2690 1950 2708 1983 ι

2249 2022 2386 2094 ρνα’.
2423 2043 2441 2076 ι
2504 2024 2704 2093 Ἐγγὺς
2745 2018 2798 2078 εἷ
2825 2024 2914 2091 σὺ,
2939 2024 3138 2096 Κύριε,
3174 2023 3271 2078 καὶ
3299 2026 3476 2078 πᾶσαι
3506 2024 3564 2076 αἱ
3587 2023 3703 2077 όδυί
3736 2023 3786 2056 ⁶⁶

2177 2131 2271 2168 σου
2310 2113 2562 2185 ἀλήθεια.
2596 2134 2614 2166 ι
2654 2115 2844 2186 Ὁρᾷς,
2887 2115 3074 2186 φησιν,
3111 2114 3349 2179 ἅπαντα,
3387 2115 3561 2186 Κύριε
3583 2133 3596 2145 ·
3632 2117 3681 2146 ⁶²
3716 2117 3785 2168 οῦ

2175 2207 2284 2277 γὰρ
2310 2207 2650 2277 ἀφέστηκας,
2677 2207 2815 2261 ἀλλὰ
2859 2207 2961 2279 τὴν
2997 2206 3326 2278 οἰκουμένην
3375 2207 3628 2278 πληροῖς,
3676 2209 3785 2262 καὶ

2176 2299 2408 2371 ἀληθείᾳ
2468 2290 2759 2372 χρώμενος
2814 2299 3178 2372 πρυτανεύεις
3227 2302 3328 2371 τὴν
3366 2305 3568 2355 κτίσιν.
3600 2301 3785 2364 Τοῦτο

2173 2391 2270 2444 καὶ
2297 2391 2459 2455 αὐτὸς
2487 2396 2515 2445 ό
2539 2393 2672 2457 Θεὸς
2701 2393 2790 2448 διὰ
2812 2393 2907 2447 τοῦ
2939 2395 3224 2464 προφήτου
3253 2393 3423 2465 φησί·
3464 2413 3482 2445 ι
3517 2395 3651 2458 Θεὸς
3682 2397 3783 2463 ἐγ-

2175 2482 2346 2552 γίζων
2371 2483 2483 2552 ἐγὼ
2514 2487 2653 2556 ειμι,
2695 2486 2792 2540 καὶ
2829 2485 2891 2538 οῦ
2917 2485 3052 2548 Θεὸς
3082 2484 3387 2557 πόρρωθεν.
3426 2504 3444 2537 ι
3478 2487 3637 2539 Καὶό
3669 2505 3784 2557 μα-

2173 2573 2364 2644 κάριος
2425 2573 2661 2642 Παῦλος,
2715 2594 2735 2627 ι
2794 2576 2884 2629 Ἑν
2924 2575 3076 2645 αὐτῷ
3107 2616 3123 2642 ,
3161 2575 3318 2647 φησὶ,
3356 2574 3543 2648 ζῶμεν
3576 2577 3644 2641 ⁸³,
3679 2578 3781 2630 καὶ

2109 2691 2112 2694 ’
2173 2666 2497 2736 κινούμεθα,
2533 2669 2628 2721 καὶ
2667 2669 2856 2739 ἐσμέν.
2903 2686 2922 2719 ι

2250 2759 2382 2832 ρνβ’.
2423 2778 2442 2812 ι
2483 2763 2622 2815 Κατ’
2672 2762 2846 2834 ἀρχὰς
2878 2763 2924 2794 ⁸⁸
2980 2762 3154 2833 ἔγνων
3193 2765 3258 2818 ἐκ
3307 2762 3418 2816 τῶν
3450 2761 3782 2835 μαρτυρίων

2173 2870 2290 2919 σου,
2330 2853 2413 2906 ὅτι
2439 2854 2518 2914 είς
2543 2853 2633 2906 τὸν
2666 2853 2842 2908 αἰῶνα
2890 2853 3264 2925 ἐθεμελίωσας
3314 2855 3475 2909 αὑτά.
3544 2874 3562 2906 ι
3608 2858 3781 2921 Μαρ-

2169 2948 2342 3016 τύρια
2374 2947 2530 3000 καλεῖ
2567 2948 2658 3000 τὸν
2683 2947 2940 3018 οὐρανὸν,
2988 2947 3086 3000 καὶ
3133 2946 3231 3019 τὴν
3260 2947 3384 3017 γῆν.
3425 2966 3442 2998 ι
3480 2946 3777 3010 Καταϐὰς,

2171 3038 2308 3108 φησὶ
2334 3039 2398 3102 ⁸³,
2414 3037 2755 3110 διαμάρτορε
2781 3039 2967 3103 αὐτοῖς
2988 3039 3081 3092 τὸν
3103 3039 3353 3111 οὐρανὸν,
3373 3039 3468 3091 καὶ
3488 3037 3589 3108 τὴν
3605 3038 3738 3107 γῆν.
3753 3060 3772 3090 ο

1845 3145 1859 3182 :
1903 3144 1922 3177 ι
1971 3127 2066 3180 At-
2098 3154 2139 3210 ο
2174 3131 2272 3182 Διὰ
2299 3127 2460 3181 τοῦτο
2485 3129 2578 3181 καὶ
2611 3129 2818 3199 Μωσῆς
2856 3129 2884 3182 ὁ
2927 3129 3101 3199 μέγας
3139 3129 3240 3200 τῆς
3281 3128 3424 3199 ᾠδῆς
3460 3128 3779 3199 ἀρχόμενος

2175 3220 2280 3292 ἔφη
2307 3237 2322 3252 θ
2366 3240 2383 3272 ι
2417 3222 2685 3293 Πρόσεχε,
2719 3221 2917 3293 οὖρανέ
2937 3261 2952 3288 ,
2984 3222 3082 3274 καὶ
3113 3222 3367 3292 λαλήσωο
3405 3222 3500 3274 καὶ
3520 3221 3778 3274 ἀκουέτω

2173 3312 2249 3383 γῆ
2284 3315 2507 3385 ῥήματα
2533 3316 2596 3368 ἐκ
2631 3314 2902 3385 στόματός
2959 3331 3082 3383 μου.
3119 3333 3139 3367 ι
3188 3315 3276 3367 Ἐν
3306 3314 3363 3367 δὲ
3400 3314 3616 3376 τούτοις
3639 3315 3776 3383 ὁρᾶο

2171 3423 2265 3460 ται
2300 3406 2570 3476 διηνεκῶς
2613 3408 2645 3477 ἡ
2673 3406 2768 3459 τοῦ
2794 3405 2930 3459 Θεοῦ
2956 3407 3185 3478 πρόνοια
3207 3422 3221 3437 ·
3255 3405 3401 3476 μετὰ
3430 3405 3637 3474 πολλῆς
3657 3406 3772 3475 γὰρ

2170 3497 2567 3564 όδεύειτάξεως
2587 3499 2827 3553 ἅπαντα.
2859 3498 3162 3564 Ἐντεῦθεν,
3187 3501 3372 3570 φησιν,
3392 3498 3570 3568 ἔγνων
3604 3502 3772 3569 ἀκρι-

2179 3591 2313 3656 ϐῶς,
2345 3591 2422 3656 ὡς
2457 3593 2623 3660 ἐγγὺς
2663 3587 2714 3644 εἴ
2745 3592 2811 3645 σὺ
2839 3593 2906 3659 ⁸⁸,
2944 3592 3040 3646 καὶ
3071 3592 3238 3661 παρεῖ
3269 3594 3382 3654 τοῖς
3429 3593 3766 3662 γινομένοις,

2171 3686 2267 3736 καὶ
2290 3683 2546 3738 λανθάνει
2583 3701 2643 3736 σε
2673 3684 2782 3739 τῶν
2813 3683 3160 3754 πραγμάτων
3190 3683 3364 3736 οὐδέν.

2243 3776 2378 3847 ρνγ’.
2413 3794 2431 3826 ι
2474 3776 2580 3829 Ἴδε
2631 3776 2732 3846 τὴν
2786 3776 3125 3831 ταπείνωσίν
3161 3793 3288 3845 μου,
3319 3776 3416 3829 καὶ
3445 3775 3634 3841 ἐξελοῦ
3668 3794 3765 3847 με,

2167 3867 2249 3920 ὃτι
2279 3867 2373 3920 τοῦ
2405 3867 2572 3937 νόμου
2591 3883 2684 3920 σου
2705 3868 2806 3921 οὐκ
2834 3868 3203 3939 ἐπελαθόμην.
3231 3887 3249 3920 ι
3269 3897 3340 3910 -—
3358 3887 3378 3919 ι
3403 3869 3462 3921 Ὁ
3485 3871 3767 3923 ταπεινῶν

2167 3959 2359 4013 ἐαυτὸν
2386 3959 2756 4031 ὑψωθήσεται,
2798 3978 2817 4011 ι
2855 3961 2999 4015 κατὰ
3027 3959 3127 4031 τὴν
3169 3960 3268 4014 τοῦ
3295 3961 3510 4030 Κυρίου
3552 3964 3763 4032 φωνήν.

2166 4052 2280 4106 Καί
2315 4068 2331 4084 ο
2373 4069 2392 4103 ι
2437 4053 2719 4124 Μακάριοι
2750 4054 2799 4106 οἱ
2844 4053 3054 4123 πτωχοὶ
3101 4052 3180 4124 τῷ
3217 4053 3516 4124 πνεύματι,
3548 4054 3634 4115 ὅτι
3664 4056 3770 4107 αὺ-

2165 4145 2274 4198 τῶν
2303 4146 2504 4216 ἐστινὴ
2549 4143 2804 4216 βασιλεία
2842 4145 2953 4198 τῶν
2990 4145 3261 4216 οὐρανῶν.
3310 4163 3328 4196 ι
3362 4145 3555 4219 Ταύτῃ
3595 4147 3689 4200 καὶ
3718 4149 3765 4179 ⁸⁷

2167 4235 2194 4290 ὁ
2223 4235 2366 4298 θεῖος
2394 4236 2689 4307 Προφήτης
2717 4234 2817 4298 τὰς
2843 4235 3011 4300 ἄλλας
3047 4236 3356 4308 ἐκόσμησεν
3388 4238 3594 4309 ἀρετάς
3621 4257 3635 4271 ο
3663 4239 3767 4292 καὶ

2165 4329 2370 4401 ταύτην
2427 4330 2825 4402 προϊσχόμενος
2889 4331 2992 4402 τὴν
3043 4330 3195 4386 θείαν
3246 4331 3577 4401 ἐπαγγέλλει
3627 4332 3767 4402 βοή-

2167 4421 2341 4476 θειαν.
2431 4457 2433 4459 ι

2240 4511 2369 4582 ρνδ’.
2409 4531 2431 4562 ι
2471 4513 2514 4565 Κ
2525 4514 2669 4584 ρῖνον
2697 4512 2794 4584 τὴν
2843 4513 3025 4587 κρίσιν
3073 4531 3197 4585 μου,
3222 4515 3318 4569 καὶ
3339 4515 3619 4587 λύτρωσαί
3647 4533 3717 4585 με
3746 4533 3760 4546 ν

2165 4603 2254 4658 διὰ
2283 4603 2375 4658 τὸν
2403 4604 2560 4673 λόγον
2597 4622 2688 4658 σου
2721 4605 2888 4675 ςῆσόν
2935 4624 3023 4677 με.
3063 4600 3090 4660 ι’
3121 4607 3242 4660 Τῶν
3280 4608 3633 4678 ὑποσχέσεων
3669 4608 3761 4660 τὸν

2167 4697 2449 4768 Δεσπότην
2487 4699 2920 4769 ἀναμιμνήσκει,
2968 4699 3061 4753 καὶ
3092 4701 3224 4770 παρ’
3247 4699 3414 4753 αὐτοῦ
3441 4701 3540 4771 τὴν
3583 4717 3760 4769 σωτη-

2169 4790 2294 4860 ρίαν
2323 4791 2490 4856 αἰτεῖ,
2522 4791 2617 4843 καὶ
2642 4792 2824 4861 κρῖναι
2857 4791 3006 4862 αὐτῷ
3049 4791 3145 4845 καὶ
3169 4793 3284 4854 τοῖς
3306 4791 3634 4862 δυσμενέσιν
3663 4795 3758 4846 ἁν-

2163 4878 2380 4934 τιὸολεῖ.

2244 4979 2371 5040 ρνεθ.
2420 4991 2440 5024 ι
2483 4974 2721 5046 Μακρὰν
2757 4973 2867 5028 ἀπὸ
2893 4974 3246 5045 ἁμαρτωλῶν
3281 4976 3550 5044 σωτηρία,
3579 4979 3659 5031 ὅτι
3685 4976 3755 5030 τὰ

2401 5166 2427 5194 υ
2459 5158 2580 5212 Aet.
2621 5172 2754 5223 xvn,
2786 5156 2876 5212 28.
2954 5168 2980 5192 ι’
3015 5156 3186 5212 Exod.
3214 5172 3329 5223 xux,
3351 5157 3444 5213 21.
3526 5167 3554 5207 ι)
3595 5156 3748 5211 Deut.

1539 5321 1772 5380 VABUE
1820 5327 2209 5389 LECTIONES
2252 5332 2342 5388 ET
2381 5332 2621 5390 ΝΟΤᾸΞ.

549 5423 618 5520 ἓν
663 5421 740 5520 1⁸13.
759 5425 1200 5520 (κρλινρδρῦμενοι.
1247 5434 1323 5520 ,⁵³
1358 5436 1614 5520 ιςατάειτρ
1642 5440 1820 5520 κρζμά
1851 5458 1990 5520 σου.
2026 5443 2070 5498 H

2186 5487 2191 5500 .
2222 5445 2333 5502 Pro
2370 5463 2514 5501 more
2548 5459 2666 5520 tuo.
2735 5447 2894 5520 Conl'.
2927 5463 3070 5504 vers.
3105 5449 3330 5504 132.1ta
3362 5465 3587 5520 quoque
3612 5467 3751 5508 vers.

745 5499 848 5590 93..
870 5494 1183 5590 mia?
1228 5503 1462 5590 erantr-
1498 5494 2072 5590 Ηθυτ-’Ᾰρρτριίίῖιάυῐ

2186 5528 2198 5570 t
2233 5526 2519 5590 ῥοθίοισι-εις
2561 5519 2793 5590 sceleris.
2843 5517 2966 5590 Syr.
3015 5520 3182 5589 Appr.
3236 5494 3601 5590 persecutores
3645 5524 3749 5574 ini-

471 5566 715 5652 ιιςιὶιαιίεἶ
877 5565 1202 5652 interpretes
1229 5565 1435 5652 Δ(ἓιιξξίιῖ
1465 5590 1657 5633 omnes
1696 5565 1798 5651 le'g'.
1843 5565 2072 5652 Itaque

471 5639 641 5690 altera
697 5636 950 5694 lectione.

474 5705 676 5777 ζῶμεν,
711 5708 866 5777 φησί.
941 5707 988 5740 ⁸⁸
1023 5711 1162 5765 Κατ’

473 5777 514 5808 ⁸⁷
553 5773 742 5845 Tth
775 5773 894 5834 irai.
925 5778 998 5833 ib.
1025 5779 1113 5833 διὰ
1139 5773 1360 5853 ταῦἑῆςξ

1359 5586 1435 5658 εει·
1465 5590 1657 5633 omnes
1696 5586 1798 5651 leg.
1843 5586 1919 5637 Ita
1949 5600 2072 5674 ‘quo

2233 5586 2380 5674 Hier.
2407 5657 2423 5674 ⁸
2460 5588 2531 5674 ﬂ"
2559 5588 2726 5644 '0601.
2759 5586 2898 5674 cod-z'
2931 5589 2972 5674 il
3009 5586 3246 5674 “folii,
3279 5593 3521 5674 ascripta
3569 5604 3750 5674 tamen

1045 5642 1162 5723 ξὺν.
1203 5647 1404 5723 ,οηιῃῖιι
1443 5661 1716 5723 praecepta
1747 5642 1858 5704 ἷιια.
1949 5642 1994 5684 ⁶ί
2024 5642 2221 5723 Κύριε.
2252 5642 2373 5711 cod.
2403 5657 2424 5711 1
2466 5642 2734 5712 Δέσποτα.

1183 5713 1392 5801 rigide.
1443 5713 1761 5774 HebrfJam
1801 5723 2024 5790 pridem.

2186 5727 2354 5794 Φησί.
2396 5728 2522 5784 cod.
2560 5731 2577 5784 Ι
2608 5744 2798 5799 prtem.
2834 5730 2965 5801 γάρ.
2988 5713 3014 5728 γ’
3036 5713 3492 5787 σι’ΣῦῘΑδεειὰ
3513 5713 3664 5788 ἰθύ..
3693 5713 3744 5787 1³.

2849 5660 2898 5732 "_
2931 5660 3108 5732 Φησὶ,
3151 5659 3356 5732 (rbiter.
3399 5659 3524 5715 cbd-
3570 5663 3593 5714 ί
3641 5663 3752 5732 γὰρ
