3996 6486
281 360 420 426 1869

1590 367 1672 427 IN
1712 366 1916 427 PSAL.
1967 368 2227 429 CXVIII.

3392 372 3530 436 1870

279 468 627 541 δικαιώματά
668 486 762 526 σου
806 470 907 525 οὐκ
946 471 1300 546 ἐξεζήτησαν.
1335 492 1353 524 ι
1385 474 1495 545 Τῆς
1548 476 1703 546 παρὰ
1735 477 1854 542 σοῦ,

1982 479 2316 537 ;ῑίῐίοειιίοηεε
2359 490 2482 541 tuas
2510 496 2619 538 non
2659 482 3091 553 exquisiverunt.
3138 501 3155 536 ι
3195 483 3407 550 Salute,
3446 486 3529 537 in-

282 562 438 633 φησὶ,
462 562 739 635 σωτηρίας
763 565 808 598 ⁸⁸
832 566 973 636 σφᾶς
1015 567 1215 631 αὐτοὺς
1262 569 1568 639 ἐπέρησαν
1601 570 1653 622 οἱ
1678 587 1854 640 παρα-

1956 571 2095 639 quit,
2128 585 2307 641 quam
2354 582 2407 629 te
2437 573 2706 643 procedit,
2761 574 2945 645 inique
2990 575 3237 632 viventes
3272 590 3331 631 se
3384 575 3533 644 ipsos

283 652 446 723 νομίᾳ
474 651 767 719 συζῶντες,
812 653 887 725 μὴ
941 653 1296 727 βουληθέντες
1346 656 1684 726 καταμαθεῖν
1734 656 1856 709 τινα

1982 663 2261 733 ιτίνονυιιι,
2287 666 2536 722 nolentes
2573 665 2785 723 discere
2814 682 2936 737 qua:
2981 666 3163 723 facere
3200 666 3529 738 praecepisti.

283 744 550 815 πράττειν
585 744 1004 817 ὲνομοθέτησας.

355 842 496 906 ρνς’.
540 854 560 885 α
607 838 670 889 Ol
696 836 976 907 οἰκτιρμοί
1025 855 1118 891 σου
1166 838 1595 911 πολλοὶ,Κύριε,
1628 840 1771 894 κατὰ
1798 840 1859 893 τὸ

282 927 460 997 κρῖμά
484 944 578 981 σου
600 927 765 998 ζῆσόν
797 945 885 999 με.
924 947 943 979 ι
982 928 1159 993 Πολὺς
1206 932 1307 1001 τῆς
1335 930 1433 1002 σῆς
1483 932 1527 963 ⁶⁹
1560 931 1859 1003 φιλανθρω-

284 1019 421 1082 πίας
453 1020 483 1073 ὁ
514 1018 749 1083 πλοῦτος
773 1035 787 1049 ’
819 1019 1005 1074 δικαία
1031 1023 1176 1093 σουή
1213 1022 1412 1092 ψῆφος.
1438 1022 1549 1093 Τὴν
1574 1023 1682 1076 ἀπὸ
1734 1022 1859 1075 τού-

281 1128 393 1165 των
427 1112 706 1182 σωτηρίαν
732 1112 891 1168 αἰτῶ.
972 1132 979 1135 ·

362 1203 494 1276 ρνζ.
531 1222 551 1256 ε
585 1203 782 1257 Πολλοὶ
830 1207 882 1258 οἱ
933 1206 1290 1270 ὲκδιώκοντές
1330 1224 1422 1278 με,
1451 1207 1545 1261 καὶ
1584 1206 1862 1271 θλίϐοντές

288 1312 385 1366 με·
418 1296 485 1347 ὲκ
532 1295 643 1348 τῶν
704 1296 1022 1367 μαρτυρίων
1068 1314 1162 1350 σου
1209 1298 1310 1351 οὐκ
1351 1297 1621 1365 ἐξέκλινα.
1654 1316 1673 1349 ι
1727 1298 1862 1353 Οὐδὲ

288 1388 533 1451 πολλαῖς,
569 1387 723 1456 φησὶ,
784 1388 1319 1458 περιστοιχιζόμενος
1368 1390 1696 1459 συμφοραῖς,
1754 1387 1863 1442 τῶν

286 1480 392 1533 ὑπὸ
420 1479 514 1532 σοῦ
545 1471 1058 1549 νενομοθετημένων
1092 1480 1400 1552 ἠνεσχόμην
1424 1498 1477 1533 τι
1522 1481 1859 1553 παραϐῆναι.

288 1572 400 1624 Καὶ
429 1572 525 1624 τοῦ
559 1570 776 1642 ψαλμοῦ
806 1571 906 1641 τὴν
931 1571 1191 1626 ὑπόθεσιν
1222 1572 1505 1643 εἰρηκότες
1531 1572 1765 1644 ἔφαμεν,
1790 1573 1865 1636 ὡς

286 1663 469 1717 πάντα
506 1662 538 1712 ὁ
580 1661 722 1725 θεῖος
756 1661 921 1714 Δαϐὶδ
956 1660 1026 1713 τὰ
1058 1660 1444 1731 συμϐεϐηκότα
1466 1661 1616 1733 αύτῷ
1650 1663 1708 1715 ὲν
1730 1662 1864 1731 τῷδε

289 1758 567 1827 συνήγαγε
592 1755 669 1826 τῷ
695 1753 898 1825 ψαλμῷ
923 1769 937 1783 ⁸
971 1754 1065 1807 καὶ
1098 1754 1179 1808 ὅτι
1214 1754 1284 1807 τὰ
1311 1754 1411 1824 μὲν
1457 1754 1719 1824 ἁρμόττει
1751 1756 1865 1817 τοῖς

2029 830 2197 888 Vens.
2258 833 2381 889 156.
2420 852 2440 885 ‹
2477 832 2862 889 Misericordia
2893 842 3000 890 tua;
3030 834 3235 899 multae,
3277 832 3529 891 Domine.

1964 923 2173 996 1477
2224 926 2522 981 secundum
2563 926 2833 997 judicium
2871 935 3026 982 tuum
3086 927 3300 982 viviﬁca
3354 941 3462 980 me.
3510 944 3526 975 ι

1959 1013 2139 1068 Multae
2163 1024 2291 1071 sunt
2334 1016 2687 1088 benignitatis
2724 1026 2831 1074 tua:
2874 1018 3097 1085 divitiae,
3134 1019 3283 1088 justa
3316 1025 3403 1073 est
3443 1026 3534 1071 tua

1960 1106 2251 1172 sententia,
2282 1106 2535 1163 ﬂuentem
2567 1109 2634 1163 ab
2659 1109 2746 1165 bis
2773 1112 3002 1166 salutem
3029 1112 3282 1184 emagito.

2033 1196 2199 1252 Vens.
2244 1198 2368 1255 157.
2423 1219 2441 1250 ι
2486 1199 2637 1254 Multi
2694 1210 2822 1255 sunt
2860 1202 2952 1272 qui
2993 1212 3400 1274 persequuntur
3448 1219 3535 1259 me

1961 1297 2015 1342 et
2040 1288 2302 1344 tribulant
2337 1306 2443 1356 me,
2469 1306 2497 1345 a
2536 1292 2863 1348 testimoniis
2895 1294 3003 1349 tuis
3041 1310 3152 1350 non
3188 1295 3475 1351 declinavi.
3511 1316 3529 1347 ι

1962 1378 2095 1444 Nec,
2132 1381 2330 1451 inquit,
2367 1398 2493 1437 cum
2539 1384 2726 1440 multis
2762 1385 3167 1442 calamitatibus
3198 1387 3411 1443 cinctus
3452 1402 3540 1444 es-

1964 1485 2101 1537 sem,
2133 1472 2337 1542 aliquid
2368 1487 2561 1527 eorum
2610 1490 2732 1543 quae
2761 1490 2793 1529 a
2833 1486 2885 1530 te
2913 1476 3123 1531 saucita
3154 1476 3327 1543 fuere,
3357 1485 3539 1531 trans-

1966 1563 2114 1632 gredi
2142 1563 2310 1619 volui.
2333 1563 2471 1620 Cum
2492 1575 2874 1635 argumentum
2902 1569 3097 1636 psalmi
3121 1584 3539 1639 exponeremus,

1967 1654 2324 1722 asseruimus,
2363 1656 2549 1710 omnia
2580 1657 2824 1711 divinum
2861 1656 3120 1713 Davidem
3167 1675 3288 1729 qua:
3318 1660 3421 1715 sibi
3452 1674 3543 1713 ac-

1968 1745 2220 1800 ciderunt
2275 1747 2331 1801 in
2381 1747 2484 1802 hoc
2530 1748 2745 1816 psalmo
2779 1750 3159 1820 congessisse:
3207 1758 3261 1804 et
3300 1750 3402 1803 alia
3437 1751 3543 1803 illis

289 1849 395 1902 ὑπὸ
415 1848 509 1903 τοῦ
527 1848 701 1901 Σαοὺλ
724 1863 1030 1917 προγεγενη
1039 1845 1221 1915 μένοις
1242 1845 1392 1916 αὑτῷ
1417 1846 1704 1917 λυπηροῖς·
1723 1846 1791 1899 τὰ
1812 1846 1867 1899 δὲ

1982 1837 2281 1901 :onvenire,
2322 1852 2444 1906 quae
2475 1853 2504 1890 a
2540 1837 2703 1893 Saule
2729 1839 2833 1908 ipsi
2864 1840 3049 1909 gravia
3093 1848 3147 1895 et
3181 1841 3375 1895 acerba
3408 1855 3542 1895 con-

288 1941 403 2001 τοῖς
433 1938 539 1991 ὑπὸ
594 1936 690 1990 τοῦ
728 1934 1109 2006 ’Δϐεσσαλώμ.
1156 1936 1341 1989 Ταῦτα
1383 1936 1567 2007 μέντοι
1605 1938 1762 2007 δῆλον
1793 1937 1869 2001 ὡς

291 2029 399 2084 ὑπὸ
421 2028 514 2082 τοῦ
544 2028 719 2081 Σαοὺλ
739 2028 1075 2098 διωκόμενος
1102 2026 1294 2099 εἴρηκε
1314 2028 1383 2080 ⁷⁸.
1416 2027 1731 2098 Τηνικαῢτα
1760 2028 1868 2099 γὰρ

289 2126 393 2195 τῆς
426 2124 703 2197 ἁμαρτίας
732 2125 1063 2196 ἀπείραστος
1083 2121 1170 2196 ἦν.

370 2314 502 2379 ρνηθ.
548 2327 567 2357 ι
600 2303 751 2359 Εἶδον
784 2306 1175 2369 ἀσυνετοῦντας
1201 2307 1265 2372 τί,
1309 2308 1401 2359 καὶ
1439 2307 1776 2379 ἐξετηκόμην
1799 2311 1866 2375 ⁷³,

291 2402 373 2453 ὅτι
401 2399 474 2452 τὰ
506 2398 660 2466 λόγιὰ
703 2414 797 2450 σου
836 2398 937 2450 οὐκ
965 2396 1322 2467 ἐφυλάξαντο.
1352 2416 1370 2450 ι
1412 2392 1599 2462 Οὕτως
1630 2402 1659 2453 ό
1689 2400 1869 2471 μακά-

296 2509 411 2562 ριος
455 2489 665 2553 Παῦλος
700 2488 991 2552 Ἰουδαίους
1022 2490 1065 2520 ⁷³
1106 2488 1377 2559 ὠδύρετο·
1436 2489 1609 2554 οὕτως
1646 2493 1811 2555 αὐτὸς
1841 2495 1869 2546 ό

292 2582 576 2652 Δεσπότης
635 2581 733 2652 τὴν
794 2580 1149 2651 Ἰερουσαλὴμ
1186 2581 1536 2653 ὠλοφύρετο’
1606 2584 1779 2648 οὕτως
1841 2586 1870 2637 ό

296 2678 438 2737 θεῖος
498 2672 768 2743 Ἱερεμίας
820 2670 920 2741 τὴν
976 2671 1071 2725 τοῦ
1123 2672 1256 2727 λαοῦ
1304 2676 1653 2745 παρανομίαν
1705 2676 1871 2748 ἐθρή-

295 2783 480 2837 νηοεν.

371 2856 504 2927 ρνθ’.
541 2875 560 2908 ι
589 2855 694 2909 Ἴδε
728 2856 811 2908 ὅτι
844 2854 941 2917 τὰς
972 2854 1190 2919 ἐντολάς
1230 2874 1325 2909 σου
1362 2858 1647 2928 ἠγάπησα,
1678 2860 1870 2931 Κύριε,

297 2948 356 2999 ὲν
393 2945 471 3016 τῷ
500 2945 640 2999 ἐλέει
683 2961 775 2998 σου
812 2944 977 3013 ζῆσόν
1013 2961 1105 3015 με.
1149 2963 1168 2996 ι
1207 2946 1455 3018 Συνεχῶς
1488 2947 1737 3011 ἐντολῶν,
1781 2951 1875 3002 καὶ

298 3039 498 3108 νόμων,
524 3038 620 3091 καὶ
641 3037 1026 3107 δικαιωμάτων
1049 3037 1403 3108 μνημονεύει,
1419 3041 1871 3112 καὶξμαρτυριῶν,

297 3130 406 3182 τῶν
431 3128 561 3198 περὶ
590 3127 765 3182 ταῦτα
790 3126 957 3180 πόθον
985 3127 1225 3193 δεικνύς.

370 3302 466 3373 ρξ’.
496 3323 514 3354 ι
542 3303 714 3374 Ἀρχὴ
731 3304 841 3357 τῶν
857 3304 1033 3371 λόγων
1051 3321 1146 3358 σου
1167 3304 1417 3376 ἀλήθεια,
1434 3303 1528 3359 καὶ
1544 3306 1623 3369 είς
1644 3307 1734 3359 τὸν
1750 3306 1880 3361 αἰῶ-

281 3377 366 3450 ’να
398 3400 575 3451 πάντα
610 3398 677 3451 τὰ
716 3397 960 3467 κρίματα
985 3398 1081 3467 τῆς
1103 3398 1451 3468 δικαιοσύνης
1483 3416 1596 3453 σου.
1636 3419 1654 3450 ι
1687 3398 1880 3467 Ἀψευ-

299 3491 413 3552 δεῖς
439 3488 484 3519 ⁷⁸
515 3488 659 3558 ἔχεις
682 3488 779 3551 τὰς
810 3488 1136 3558 ὑποσχέσεις
1158 3505 1174 3522 ⁸
1202 3490 1431 3562 ἀληθείᾳ
1457 3491 1554 3554 τὰς
1589 3492 1688 3555 σὰς
1718 3494 1760 3525 ⁷⁸
1784 3495 1879 3545 επ-

304 3577 566 3646 αγγελίας
591 3579 838 3647 κοσμεῖς,
866 3576 1011 3647 έργῳ
1035 3577 1273 3647 βεϐαιοῖς
1305 3578 1431 3641 τοὺς
1455 3579 1501 3609 ⁷⁸
1528 3578 1739 3645 λόγους.
1762 3580 1878 3645 Ἀρ-

303 3671 427 3739 χὴν
455 3670 512 3724 δὲ
536 3670 735 3738 λόγων
760 3669 917 3723 καλεῖ
941 3670 1039 3732 τὰς
1073 3669 1209 3740 πρὸς
1239 3669 1328 3723 τὸν
1360 3670 1609 3740 ’Δϐραὰμ
1638 3672 1878 3739 ἐπαγγε-

304 3761 447 3823 λίας.
492 3758 582 3823 Ἐξ
618 3759 825 3811 ἐκείνου
874 3759 982 3829 γὰρ
1022 3761 1084 3812 τὸ
1126 3758 1391 3812 Ἰουδαίων
1432 3759 1659 3831 συνέστη
1703 3760 1875 3828 γένος.

316 3851 459 3905 Ἀλλ’
484 3850 771 3921 ἐπλήρωσε
792 3850 893 3913 τὰς
923 3850 1263 3919 ὑποσχέσεις,
1289 3850 1383 3903 καλ⁵
1411 3848 1615 3921 ηὔξησε
1643 3852 1735 3903 τὸν
1757 3851 1880 3904 λαὸν

300 3943 442 3996 ὡσεὶ
477 3941 548 3994 τὰ
582 3942 759 4009 ἄστρα
797 3940 892 3993 τοῦ
934 3940 1161 4011 ούρανοῦ
1209 3941 1287 4012 τῷ
1330 3941 1543 4012 πλήθει,
1576 3943 1669 3995 καλ⁵
1703 3944 1761 3995 ὲν
1803 3942 1881 4012 τῷ

304 4033 586 4101 σπέρματι
621 4031 789 4085 αὑτοῦ
818 4033 860 4063 ⁷⁷
891 4032 1164 4103 ηύλόγησε
1223 4032 1365 4085 κατὰ
1407 4033 1506 4096 τὰς
1547 4034 1880 4102 ἐπαγγελίας

300 4127 484 4180 πάντα
523 4126 591 4179 τὰ
638 4124 788 4196 ἔθνη.
835 4124 1005 4178 Τοῦτο
1049 4125 1156 4197 γὰρ
1196 4126 1579 4197 παρεδήλωσεν
1620 4127 1878 4197 εἰρηκὼς,

307 4239 327 4270 ι
361 4220 457 4283 Εἰς
490 4217 583 4271 τὸν
612 4217 786 4271 αἰῶνα
830 4217 1010 4271 πάντα
1035 4217 1100 4271 τὰ
1134 4217 1377 4289 κρίματα
1409 4218 1508 4287 τῆς
1533 4217 1880 4287 δικαιοσύνης

302 4328 419 4365 σου.
459 4328 477 4361 ι
518 4310 814 4381 Προφήτης
839 4309 950 4380 γὰρ
979 4309 1054 4361 ὢν
1076 4308 1221 4379 ἑώρα
1248 4308 1343 4362 τοῦ
1376 4308 1613 4380 Χριστοῦ
1649 4309 1713 4361 τὸ
1746 4307 1879 4362 αἰώ-

300 4419 415 4455 νιον
456 4400 679 4473 κράτος.
720 4400 811 4454 Διὸ
848 4401 941 4454 καὶ
976 4399 1205 4471 ἀληθείᾳ
1237 4399 1341 4471 ἔφη
1378 4399 1755 4471 κεκοσμῆσθαι
1781 4401 1880 4470 τὴν

298 4493 411 4547 τῶν
442 4492 605 4545 θείων
635 4490 834 4560 λογίων
864 4492 1063 4563 ἀρχήν.

374 4583 510 4655 ρξα’σ
541 4603 559 4636 ι
588 4585 886 4654 Ἄρχοντες
929 4582 1263 4647 κατεδίωξάν
1291 4600 1357 4653 με
1385 4582 1615 4653 δωρεὰν,
1648 4584 1741 4637 καὶ
1770 4583 1880 4636 ἀπὸ

298 4674 408 4727 τῶν
437 4674 612 4742 λόγων
642 4691 735 4727 σου
761 4673 1059 4727 ὲδειλίασεν
1098 4676 1131 4744 ή
1170 4674 1367 4745 καρδία
1406 4691 1528 4744 μου.
1560 4693 1577 4726 ι
1612 4675 1752 4738 Τοὺς
1783 4693 1865 4728 πο-

297 4763 625 4833 λεμοῦντας,
656 4765 814 4834 φησὶ,
845 4764 939 4817 καὶ
964 4763 1262 4827 διώκοντας
1293 4764 1394 4817 οὐκ
1422 4764 1717 4835 ἐφοϐήθην,
1750 4766 1877 4830 τοὺς

294 4854 353 4907 δὲ
381 4858 509 4918 σοὺς
537 4855 718 4909 ἔδεισα
744 4855 962 4925 νόμους.
993 4855 1083 4907 Διὸ
1112 4855 1204 4907 καὶ
1237 4854 1569 4909 καθεύδοντα
1593 4857 1685 4909 τὸν
1718 4856 1877 4910 πολέ-

298 4962 424 5013 μιον
480 4944 677 5015 εὑρὼν,
720 4946 943 5001 ἀνελεῖν
993 4944 1093 4998 ούκ
1149 4945 1521 5017 ἐτολμήθηνη
1548 4965 1561 4980 ·
1624 4948 1717 5001 καὶ
1782 4946 1872 5001 τὸν

296 5034 635 5103 πατραλοίαν
657 5034 712 5087 δὲ
744 5035 951 5087 ἐκεῖνον
972 5034 1067 5087 καὶ
1098 5034 1344 5106 μυσαρὸν
1368 5037 1535 5090 παῖδα
1565 5037 1868 5108 οἰκτείρων,

297 5123 504 5192 ἔλεγον·
550 5143 567 5176 ι
597 5125 894 5178 Φείσασθαί
936 5143 1028 5196 μοι
1056 5124 1148 5179 τοῦ
1180 5126 1487 5198 παιδαρίου.
1521 5146 1539 5177 ι

365 5276 385 5301 ⁸
422 5267 461 5319 ll
486 5267 617 5337 Reg.
648 5281 801 5329 xvm,
832 5266 885 5319 5.

1972 1928 2242 1999 tigerunt;
2280 1929 2387 1983 alia
2446 1945 2575 1984 vero
2616 1931 2684 1985 iis
2735 1947 2856 2001 quae
2895 1932 2965 1986 ab
2995 1932 3291 1986 Absalomo
3333 1942 3543 2001 patrata

1970 2029 2117 2075 sunt.
2146 2019 2373 2075 Constat
2406 2030 2587 2076 autem
2644 2021 2759 2077 haec
2783 2037 2931 2089 eum,
2962 2038 3085 2077 cum
3117 2039 3147 2077 a
3174 2022 3336 2077 Saule
3362 2038 3544 2092 perse—

1969 2112 2245 2167 cutionem
2290 2116 2306 2133 ⁶
2335 2122 2635 2184 pateretur,
2692 2115 3075 2185 deprecantem
3122 2115 3347 2171 dixisse.
3389 2114 3544 2170 Tunc

1968 2202 2113 2257 enim
2139 2203 2345 2272 peccati
2377 2219 2571 2273 expers
2596 2214 2732 2260 erat.

2041 2291 2209 2348 Vens.
2264 2293 2389 2349 158.
2434 2314 2452 2345 ι
2492 2294 2612 2349 Vidi
2653 2296 3046 2365 imprudentes,
3083 2308 3136 2352 et
3174 2298 3543 2361 tabescebam,

1970 2384 2096 2453 quia
2125 2384 2341 2455 eloquia
2377 2394 2469 2439 tua
2502 2386 2612 2441 non
2654 2388 3090 2443 custodiverunt.
3140 2408 3158 2441 ι
3213 2391 3304 2444 Sic
3352 2390 3546 2446 beatus

1969 2476 2172 2533 Paulus
2218 2474 2458 2541 Iudaeos,
2508 2477 2591 2533 sic
2644 2478 2761 2549 ipse
2818 2478 3080 2535 Dominus
3114 2479 3546 2552 Hierosolymam

1971 2570 2289 2641 deplorabat
2324 2589 2338 2625 :
2386 2571 2467 2627 sic
2500 2570 2723 2627 divinus
2762 2570 3029 2629 Jeremias
3067 2573 3251 2644 populi
3290 2574 3551 2644 iniquita-

1972 2671 2079 2717 tem
2118 2661 2542 2717 lamentabatur.

2046 2844 2209 2901 Vens.
2258 2845 2380 2899 159.
2416 2863 2434 2896 ι
2480 2842 2613 2900 Vide
2648 2846 2909 2914 quoniam
2950 2846 3202 2901 mandata
3238 2855 3330 2901 tua
3359 2848 3550 2914 dilexi,

1977 2934 2223 3001 Demine,
2256 2935 2309 2988 in
2347 2934 2725 2990 misericordia
2770 2943 2862 2990 tua
2904 2937 3117 2993 vivitica
3163 2955 3268 2994 me.
3310 2960 3327 2993 ι
3361 2940 3551 2995 Conti-

1975 3040 2083 3080 nue
2120 3026 2526 3090 mandatorum,
2575 3034 2629 3079 et
2670 3026 2868 3096 legum,
2900 3036 2953 3082 et
2991 3028 3465 3097 justiticationum,
3498 3043 3552 3085 et

1979 3116 2416 3172 testimoniorum
2460 3117 2793 3172 mentionem
2834 3118 2986 3185 facit,
3031 3120 3362 3177 desiderium
3413 3123 3549 3178 isto.

1902 3180 1947 3238 ε
1982 3220 2100 3259 rum
2127 3220 2239 3274 pra:
2268 3221 2327 3260 se
2348 3205 2549 3261 ferens.

2044 3296 2211 3352 Vens.
2246 3297 2368 3351 160.
2406 3316 2424 3349 ι
2462 3298 2804 3370 Principium
2840 3302 3129 3357 verborum
3164 3314 3379 3358 tuorum
3412 3306 3553 3359 veri-

1982 3398 2086 3452 tas,
2122 3398 2177 3444 et
2208 3389 2263 3442 in
2308 3398 2572 3444 aeternum
2608 3392 2792 3445 omnia
2830 3391 3037 3460 judicia
3081 3392 3308 3460 iustitiae
3334 3399 3549 3454 tutam

1981 3478 2264 3535 mendacio
2299 3480 2506 3536 alienas
2545 3482 2967 3551 pollicitationes
3008 3484 3197 3551 babes,
3230 3496 3281 3540 et
3328 3487 3554 3542 veritate

1980 3569 2249 3639 promissa
2298 3585 2483 3637 ornas,
2534 3586 2701 3641 reque
2749 3586 3029 3629 sermones
3062 3584 3185 3630 tuos
3236 3579 3551 3632 conﬁrmas.

1982 3659 2312 3731 Principium
2367 3670 2549 3717 autem
2604 3663 2877 3717 verborum
2933 3674 3089 3721 vocat
3140 3667 3554 3735 pollicitationes

1982 3753 2213 3807 Abrahae
2246 3753 2436 3811 factas.
2472 3754 2548 3807 Ex
2584 3755 2675 3809 illo
2705 3757 2849 3809 enim
2878 3756 3093 3827 1478
3115 3758 3424 3812 Iudaeorum
3460 3777 3554 3829 ge—

1982 3861 2086 3899 nus
2112 3846 2371 3900 constitit.
2422 3846 2527 3901 Sed
2563 3848 2806 3916 implevit
2849 3850 3139 3918 promissa,
3181 3858 3235 3904 et
3274 3852 3427 3905 auxit
3457 3867 3553 3922 po-

1981 3939 2190 4007 pulum,
2228 3938 2369 3992 sicut
2399 3940 2586 3994 stellas
2624 3941 2747 3995 οωὶὶ
2779 3942 3143 4003 multitudine.
3174 3952 3228 3997 et
3262 3943 3313 3995 in
3346 3945 3554 3997 semine

1980 4029 2101 4097 ejus
2127 4028 2422 4082 secundum
2455 4031 2847 4099 promissiones
2874 4032 3129 4087 omnibus
3177 4033 3429 4102 gentibus
3462 4033 3553 4086 bc-

1983 4119 2206 4173 nedixit.
2237 4118 2349 4174 Hoc
2383 4121 2525 4175 enim
2558 4121 2837 4186 indicavit,
2867 4123 3056 4177 dicens
3090 4137 3105 4176 :
3142 4142 3161 4174 ι
3206 4125 3259 4177 In
3290 4133 3551 4177 aeternum

1981 4213 2163 4267 omnia
2200 4213 2403 4282 judicia
2431 4215 2657 4285 iustitia:
2698 4224 2821 4270 tuae.
2862 4234 2878 4266 ι
2912 4215 3049 4270 Cum
3074 4217 3217 4270 enim
3256 4227 3398 4270 esset
3424 4232 3553 4286 pro-

1982 4304 2168 4373 pheta,
2201 4308 2567 4376 prospiciebat
2596 4308 2988 4377 sempiternum
3012 4307 3215 4362 Christi
3241 4310 3552 4378 imperium.

1984 4394 2188 4451 idcirco
2225 4406 2279 4450 et
2322 4398 2548 4453 veritate
2599 4400 2675 4453 ait
2723 4399 3036 4454 decoratum
3073 4414 3195 4453 esse
3244 4399 3552 4452 divinorum

1911 4510 1955 4563 ι)
1985 4503 2298 4544 sermonum
2334 4490 2682 4560 principium.

2058 4578 2221 4635 Vens.
2253 4582 2373 4635 161.
2407 4599 2424 4633 ι
2466 4580 2742 4651 Principes
2767 4581 3035 4650 persecuti
3066 4588 3300 4634 suntme
3328 4589 3551 4643 temere,

1980 4681 2032 4726 et
2058 4687 2088 4726 a
2119 4674 2299 4729 verbis
2324 4675 2432 4729 tuis
2457 4674 2650 4728 metuit
2677 4688 2772 4728 cor
2804 4688 3007 4727 meum.
3049 4691 3067 4721 ι
3110 4670 3324 4736 Hostes,
3354 4672 3552 4742 inquit,

1977 4771 2030 4817 et
2070 4778 2460 4835 persequentes
2494 4781 2580 4820 me
2613 4766 2839 4819 minime
2878 4764 3061 4827 timui,
3097 4772 3221 4817 tuas
3254 4779 3383 4817 vero
3411 4765 3555 4832 leges

1977 4855 2181 4908 veritus
2221 4870 2365 4909 smn.
2428 4852 2579 4910 Unde
2611 4871 2732 4910 cum
2760 4854 3115 4909 dormientem
3152 4854 3364 4908 hostem
3408 4856 3556 4909 inve-

1980 4945 2210 5011 nissem,
2252 4961 2453 5001 necare
2492 4961 2662 5001 ausus
2705 4962 2812 5001 non
2852 4962 2995 5013 sum,
3028 4959 3079 5002 et
3114 4948 3438 5017 parricidam
3490 4948 3555 4999 il-

1979 5038 2093 5091 lttm
2127 5047 2179 5093 et
2216 5037 2473 5093 infestum
2511 5039 2679 5092 tilium
2721 5039 3013 5095 miseratus
3045 5040 3289 5095 dicebam
3320 5058 3332 5093 :
3367 5057 3385 5091 ι
3419 5037 3553 5091 Par-

1981 5131 2087 5185 cite
2115 5130 2246 5185 mihi
2272 5131 2499 5201 puerulo
2523 5139 2568 5184 ι.
2611 5151 2627 5180 ι

1380 5354 1615 5411 VABLE
1656 5354 2045 5413 LECTIONES
2093 5356 2181 5411 ET
2211 5357 2443 5414 ΝΟΤίΕ.

365 5470 599 5553 segnia-1
626 5485 844 5553 αρε-ηρ.
882 5471 955 5553 εει.
1001 5470 1428 5553 φιλανθρωπίαῇ
1499 5473 1543 5505 ⁸⁸
1585 5472 1726 5538 Σῆς.
1761 5473 1871 5553 ρος.

2014 5471 2136 5553 cod.
2172 5475 2220 5551 ί.
2298 5474 2343 5505 ⁷ο
2373 5474 2612 5553 Ezpnxs.
2641 5474 2762 5553 cod.
2794 5474 2819 5553 1
2866 5488 3053 5553 ρι’έξηι.
3093 5474 3546 5553 προσευχόμενος.

292 5542 335 5614 τῇ
377 5541 666 5614 γἈσρνετ.
694 5538 858 5594 Hebr.
895 5538 1358 5614 Prwrariicatores.
1393 5539 1688 5614 Symmaet
1721 5544 1865 5597 edita

1983 5613 1988 5614 γ
2012 5540 2356 5614 ἀθετοῦντας.
2375 5612 2384 5614 _
2404 5538 2613 5614 Reliqui
2652 5538 3096 5614 ἀσυνθετοῦντας.

3174 5545 3219 5573 ’³
3253 5544 3362 5597 Καὶ
3392 5545 3543 5607 ἑξεῖ.

296 5611 459 5684 Hebr.
490 5608 558 5684 Et
581 5620 852 5684 aversgltts
887 5627 1023 5684 sunt.
1103 5608 1528 5684 ’ξ’ζουδαίοὺς.
1559 5612 1728 5684 Abest
1754 5631 1779 5663 ιι
1809 5628 1871 5684 c0

1982 5613 2023 5665 Ι.
2098 5613 2152 5684 ⁷⁵.
2182 5612 2484 5684 Ἀψευδεῖς
2520 5608 2585 5653 ὲ-
2611 5614 2751 5678 τοὺς
2779 5614 3018 5681 λόγοιις.
3052 5612 3176 5666 Ilzec
3206 5613 3379 5667 desid.
3406 5618 3545 5684 apud

293 5681 459 5733 Curti.
497 5681 531 5733 Ι.
564 5696 699 5751 (κβ.
726 5680 851 5735 504.
888 5680 1114 5747 Reliqua
1143 5680 1215 5734 ibi
1247 5689 1481 5735 exstant.
1556 5683 1599 5713 ⁷⁸
1631 5681 1765 5747 Σάς.
1794 5683 1871 5736 Al)

1991 5698 2019 5736 a
2054 5680 2177 5736 cod.
2212 5683 2261 5736 Ι.
2342 5684 2387 5717 ⁷⁸
2424 5684 2586 5749 Τούς.
2620 5684 2742 5737 c0tl.
2780 5684 2798 5736 i
2833 5680 3016 5751 praem.
3050 5698 3163 5736 σου.
3243 5685 3285 5718 ⁷⁷
3326 5680 3545 5741 Adfor).

295 5752 369 5805 ib.
408 5766 592 5819 praem.
617 5750 693 5803 δέ.
772 5752 816 5781 ⁷⁸
844 5752 964 5806 cod.
998 5751 1018 5803 l
1048 5751 1343 5820 ἐτόλμησα.
