3996 6500
445 359 573 423 1871

512 470 675 526 V'sas.
709 469 831 524 162.
873 489 890 521 ι
925 468 1174 524 Laetabor
1205 481 1306 538 ego
1335 466 1403 522 de
1439 467 1676 537 eloquiis
1704 466 1834 531 tuis,
1873 464 2018 521 sicut
2045 467 2089 524 A

440 564 534 632 qui
559 562 766 617 invenit
787 561 964 632 spolia
990 561 1183 615 multa.
1211 579 1228 611 ι
1262 560 1401 625 Quia
1423 560 1665 614 hostium
1688 571 2022 628 persequen-

444 656 580 709 tium
613 655 948 709 mentionem
981 652 1128 716 fecit,
1185 652 1305 720 iure
1338 662 1393 708 et
1421 652 1721 721 spoliorum
1752 648 2020 704 meminit.

444 744 584 798 Dicit
625 753 807 797 autem
840 761 853 797 :
887 741 952 795 Et
977 742 1024 798 si
1061 741 1386 796 occidissem
1417 754 1606 795 omnes
1635 739 1780 805 illos,
1807 747 1861 793 et
1889 753 2026 806 pra:-

443 837 606 891 datus
629 851 807 890 essem
837 849 1178 905 quaecunque
1205 833 1377 903 spolia
1416 832 1674 902 colligere
1697 831 2023 901 potuissem,

448 943 555 983 non
593 929 669 983 sic
705 927 918 983 laetatus
959 942 1164 991 essem,
1211 925 1357 980 sicut
1404 922 1514 978 tuis
1555 921 1767 992 legibus
1807 920 2027 992 gavisus

450 1037 568 1075 sum
580 1061 592 1074 .

527 1109 690 1164 Vens.
722 1110 846 1165 165.
890 1127 909 1160 ε
945 1107 1290 1176 lniquitatem
1327 1104 1456 1159 odio
1485 1103 1648 1158 habui
1680 1111 1735 1157 et
1757 1101 2031 1157 abomina-

452 1213 539 1257 tus
571 1218 715 1266 sum,
746 1201 916 1270 legem
951 1207 1131 1253 autem
1187 1206 1336 1251 tuam
1385 1195 1570 1249 dilexi.
1604 1212 1621 1245 ι
1655 1191 1834 1246 Verus
1867 1190 2027 1245 etiam

448 1304 531 1348 est
562 1295 649 1348 hic
691 1307 891 1346 sermo.
926 1290 1028 1356 Qui
1068 1290 1212 1344 enim
1260 1286 1648 1342 ardentissimo
1689 1284 1872 1339 studio
1903 1297 2030 1353 erga

449 1386 664 1436 divinas
697 1396 786 1436 res
814 1381 1039 1434 alfectus
1070 1387 1177 1442 est,
1206 1377 1484 1432 contraria
1522 1376 1647 1429 odio
1674 1375 1854 1428 habet.

521 1472 685 1527 Vens.
721 1472 843 1527 1641.
888 1490 905 1522 ι
948 1469 1158 1539 Septies
1202 1468 1254 1522 in
1287 1469 1374 1522 die
1402 1467 1614 1521 Iaudem
1646 1467 1757 1520 dixi
1789 1465 1909 1530 tibi,
1949 1479 2036 1518 su-

1389 348 1884 411 THEODORE'I‘I
1949 345 2288 406 EPISCOPI
2349 348 2720 408 CYRENSIS

3557 342 3705 408 1872

2194 463 2324 534 ρξβν.
2367 483 2386 514 ‹
2411 462 2844 532 Ἀγαλλιάσομαι
2871 460 2983 530 ἐγὼ
3006 463 3100 515 ἐπὶ
3127 462 3196 516 τὰ
3224 462 3381 531 λόγιά
3416 479 3532 525 σου,
3565 463 3645 525 ὡς
3679 465 3709 515 ὁ

2124 554 2394 626 εὑρίσκων
2426 555 2600 610 σκῦλα
2620 552 2813 608 πολλά.
2846 572 2866 606 ι
2909 553 3128 624 Ἐπειδὴ
3154 554 3433 624 πολεμίων
3465 554 3716 625 ἐμνημό-

2123 663 2282 700 νευσε
2315 645 2641 711 διωκόντων,
2676 645 2899 707 εἰκότως
2921 646 3016 698 καὶ
3043 643 3152 697 τῶν
3181 645 3394 699 σκύλων
3437 647 3537 715 τὴν
3567 646 3715 715 μνήο

2129 754 2236 806 μην
2265 739 2578 808 παρήγαγε.
2635 737 2799 804 Λέγει
2828 737 2905 797 δὲ,
2953 737 3033 789 ὅτι
3085 737 3299 800 Πάντας
3338 739 3387 790 εί
3419 740 3463 770 ⁷³
3497 738 3716 790 ἀνεῖλον

2125 829 2392 892 ἐκείνους,
2417 829 2513 883 καὶ
2541 827 2847 891 σκυλεύσας
2880 829 3108 881 πλεῖστα
3137 829 3235 881 ὅσα
3263 830 3573 899 συνήγαγον
3605 827 3717 880 λά-

2128 938 2298 990 φυρα,
2345 923 2445 973 οὐκ
2494 920 2561 973 ἂν
2610 919 2781 983 οὕτως
2813 919 3153 991 ηὐφράνθην,
3187 921 3264 984 ὠς
3301 923 3413 984 τοῖς
3450 923 3565 983 σοῖς
3603 922 3718 973 ἑπ-

2129 1012 2334 1080 αγαλλό
2341 1029 2498 1082 μενος
2520 1012 2566 1043 ⁸ο
2599 1013 2805 1081 νόμοις.

2204 1104 2338 1174 ρξγν.
2372 1122 2390 1155 t
2415 1103 2655 1157 Ἀδικίαν
2687 1104 2923 1173 ἐμίσησα
2958 1103 3052 1156 καὶ
3091 1103 3462 1173 ἐϐδελυξάμην
3483 1121 3496 1134 .
3529 1103 3625 1156 τὸν
3656 1102 3722 1155 δὲ

2131 1199 2294 1266 νόμον
2331 1212 2422 1247 σου
2455 1195 2742 1266 ἠγάπησα.
2783 1214 2800 1246 ι
2831 1194 3064 1265 Ἀληθὴς
3085 1197 3176 1250 καὶ
3197 1192 3352 1260 οὗτος
3380 1198 3407 1248 ὁ
3431 1196 3610 1263 λόγος.
3654 1195 3723 1245 '0

2129 1289 2238 1358 γὰρ
2275 1286 2492 1357 θερμῶς
2528 1286 2659 1357 περὶ
2697 1286 2764 1339 τὰ
2793 1285 2911 1339 θεῖα
2937 1287 3280 1357 διακείμενος
3310 1288 3572 1341 τάναντία
3608 1303 3725 1355 μυ-

2135 1379 2414 1430 σάττεται.

2207 1469 2332 1540 ρξδ’.
2368 1489 2387 1521 t
2419 1470 2683 1532 Ἐπτάκις
2735 1470 2832 1540 τῆς
2881 1469 3092 1539 ἡμέρας
3139 1470 3308 1540 ᾔνεσά
3358 1485 3440 1533 σε,
3497 1468 3590 1521 ἐπὶ
3649 1470 3728 1521 τὰ

453 1581 546 1634 per
579 1565 788 1633 judicia
827 1531 1053 1632 iustitiae
1085 1571 1209 1615 tuae.
1242 1579 1260 1611 ι
1293 1562 1310 1582 ¹
1338 1559 1596 1614 Nonnulli
1636 1559 1824 1626 septies
1865 1558 2035 1611 inter-

2154 1531 2380 1634 ιρίματα
2431 1564 2532 1633 τῆς
2579 1531 2934 1634 δικαιοσύνης
2959 1531 3073 1615 σου.
3101 1581 3119 1614 ι
3148 1531 3320 1627 τΓίνὲς
3349 1562 3409 1615 τὸ
3428 1531 3727 1627 νέπτάκις,

450 1657 643 1723 pretati
679 1663 809 1709 sunt
851 1653 1160 1721 swpissime.
1195 1649 1308 1704 Hoc
1338 1661 1543 1710 autem,
1569 1657 1623 1703 et
1655 1648 1807 1714 illud,
1836 1646 2035 1701 arden-

456 1758 561 1796 tem
593 1757 832 1796 amorem
885 1742 1166 1810 Prophetze
1223 1740 1561 1794 demonstrat
1601 1758 1615 1794 :
1654 1739 1853 1793 divina:
1889 1738 2034 1792 enim

455 1834 632 1888 laudis
660 1834 884 1887 satietas
927 1833 1350 1900 haudquaquam
1386 1831 1562 1898 ipsum
1595 1828 1864 1897 capiebat.

527 1926 690 1978 Vens.
720 1924 839 1978 165.
867 1943 884 1974 ι
911 1922 1016 1975 Pax
1052 1922 1219 1975 multa
1239 1929 1321 1974 est
1342 1919 1688 1988 diligentibus
1721 1917 1936 1987 1479
1956 1931 2042 1971 no-

458 2031 576 2070 men
600 2023 775 2078 tuum,
805 2025 856 2067 et
893 2031 996 2066 non
1031 2022 1114 2067 est
1141 2013 1245 2065 illis
1276 2011 1613 2065 scandalum.
1664 2027 1682 2059 ι
1719 2007 1820 2073 Qui
1856 2007 2039 2061 divino

457 2124 643 2163 amore
688 2108 938 2177 ﬂagrant,
979 2116 1032 2159 et
1066 2120 1252 2174 pacem
1309 2119 1432 2157 cum
1480 2103 1597 2170 ipso
1635 2116 1726 2169 per
1757 2100 2041 2154 observan-

458 2201 588 2251 tiam
624 2197 1008 2250 mandatorum
1050 2196 1352 2264 possident,
1403 2193 1528 2247 licet
1558 2193 1625 2244 ah
1657 2190 1912 2244 omnibus
1939 2190 2039 2242 ho-

455 2288 696 2340 minibus
724 2285 1072 2349 infestentur,
1104 2285 1373 2354 placidam
1412 2284 1723 2352 transigunt
1757 2283 1941 2339 vitam.
1975 2281 2039 2334 Et

459 2379 614 2433 testis
655 2387 740 2432 est
771 2378 992 2430 divinus
1027 2375 1232 2430 Paulus
1279 2375 1522 2429 clamans
1567 2390 1579 2425 :
1623 2393 1640 2424 ι
1675 2371 1730 2424 In
1780 2371 2036 2425 omnibus

454 2471 871 2526 tribulationem
933 2472 1194 2538 patimur,
1252 2467 1344 2521 sed
1383 2481 1491 2520 non
1547 2467 1797 2534 angustia
1845 2465 2040 2532 premi-

460 2574 618 2624 mur;
644 2573 889 2629 egemus,
924 2559 1018 2612 sed
1049 2574 1156 2611 non
1187 2556 1575 2617 destituimur;
1605 2555 2037 2622 persecutionem

465 2647 722 2715 patimur,
765 2644 860 2699 sed
905 2659 1012 2697 non
1083 2643 1545 2710 derelinquimur;
1599 2642 1906 2708 dejicimur,
1943 2643 2038 2696 sed

459 2752 570 2788 non
601 2735 846 2802 perimus
881 2733 927 2785 ι.
961 2751 980 2784 ι
1017 2731 1081 2785 Ει
1112 2732 1395 2796 Dominus,
1439 2747 1561 2784 cum
1595 2746 1782 2783 sacros
1813 2744 2038 2800 aposto-

462 2828 563 2886 los.
604 2825 749 2879 sicut
776 2838 907 2878 oves
946 2823 998 2875 in
1043 2823 1220 2876 medio
1254 2823 1528 2890 luporum,
1570 2821 1624 2873 in
1667 2829 1839 2874 totum
1875 2829 2040 2874 terra-

463 2934 583 2972 rum
613 2919 799 2972 orbem
831 2917 1069 2970 mitteret
1093 2928 1142 2982 ιι,
1171 2917 1308 2971 dixit
1337 2917 1416 2970 eis
1445 2935 1457 2969 :
1498 2933 1517 2966 ι
1545 2915 1741 2970 Pacem
1769 2931 1942 2970 meam
1968 2916 2038 2970 do

462 3011 637 3074 vobis,
679 3001 868 3079 pacem
901 3024 1076 3062 meam
1118 3010 1369 3077 relinquo
1403 3008 1557 3062 vobis
1587 3016 1635 3060 ν.
1682 3027 1700 3057 ι

539 3101 699 3156 Vens.
747 3101 868 3155 166.
908 3119 926 3152 ι
972 3101 1368 3168 Exspectabam
1419 3099 1658 3195 salutare
1697 3099 2036 3195 tuum,‘Do-
2065 3140 2108 3195 ϐ

467 3196 634 3257 mine,
667 3203 722 3246 et
758 3191 1017 3243 mandata
1051 3201 1140 3242 tua
1181 3190 1369 3244 dilexi.
1412 3209 1429 3240 ι
1482 3187 1670 3256 Neque
1713 3188 2040 3242 calamitati—

467 3287 568 3337 bus
615 3284 852 3344 cinctus,
909 3282 1112 3335 bonam
1168 3281 1341 3350 abjeci
1393 3294 1565 3349 spem,
1622 3278 1714 3333 sed
1766 3288 1916 3333 tuam
1961 3295 2049 3333 sa-

467 3373 632 3426 lutem
693 3379 1016 3438 exspectare
1066 3385 1178 3425 non
1227 3367 1445 3435 destiti,
1510 3377 1606 3423 tua
1654 3369 1908 3424 mandata
1962 3383 2051 3424 se»

468 3478 661 3532 quens.

544 3554 706 3609 Vsus.
753 3553 880 3618 167,
919 3554 1042 3608 168.
1083 3572 1102 3604 ι
1138 3553 1446 3608 Custodivit
1495 3554 1678 3607 anima
1729 3567 1850 3608 mea
1896 3553 2048 3608 testi-

470 3647 655 3699 monia
685 3654 800 3709 tua,
837 3653 892 3698 et
914 3645 1108 3698 dilexit
1142 3661 1204 3698 ea
1237 3647 1608 3700 vehementer.
1644 3645 1870 3699 Servavi
1892 3659 2048 3699 man-

469 3741 594 3793 data
631 3748 744 3802 tua,
781 3747 833 3792 et
862 3738 1176 3791 testimonia
1227 3748 1342 3802 tua,
1374 3738 1504 3807 quia
1542 3752 1733 3792 omnes
1779 3737 1882 3790 viae
1913 3752 2046 3790 mete

471 3831 524 3881 in
575 3837 874 3896 conspectu
923 3836 1018 3880 tuo
1067 3835 1216 3890 sunt,
1278 3842 1313 3880 ο
1367 3827 1612 3881 Domine.
1654 3845 1672 3876 ι
1708 3826 1846 3879 Cum
1897 3827 2044 3880 enim

473 3921 748 3975 novissem
812 3929 862 3974 te
893 3921 1077 3973 omnia
1109 3920 1450 3990 conspicere,
1485 3930 1539 3974 et
1582 3934 1668 3973 me
1717 3919 1898 3973 vivere
1944 3919 2045 3974 sub

472 4023 524 4063 te
559 4021 887 4080 spectatore,
924 4027 1032 4065 non
1071 4012 1233 4066 modo
1264 4021 1356 4066 tua
1389 4012 1641 4065 mandata
1682 4011 1908 4080 perfeci,
1948 4026 2043 4066 ve-

474 4121 592 4156 rum
623 4105 785 4157 etiam
818 4118 942 4156 cum
973 4102 1219 4174 ﬂagranti
1255 4102 1436 4158 studio
1469 4102 1574 4156 hoc
1607 4100 1731 4155 feci.

546 4193 706 4248 Vens.
758 4193 882 4247 169.
925 4211 942 4244 ι
993 4193 1411 4264 Appropinquet
1452 4192 1767 4262 deprecatio
1818 4207 1941 4247 mea
1986 4193 2040 4247 in

477 4293 776 4354 conspectu
814 4295 929 4349 tuo,
971 4284 1238 4349 Domine;
1271 4287 1425 4353 juxta
1457 4285 1737 4354 eloquium
1787 4293 1942 4339 tuum
1974 4285 2042 4340 da

480 4376 616 4430 mihi
671 4376 1026 4430 intellectum.
1078 4395 1095 4426 ι
1153 4375 1349 4429 Totam
1411 4377 1855 4445 deprecationem
1915 4392 2039 4431 cum

2135 1653 2488 1719 πλειστάκις
2529 1655 2902 1724 ἡρμήνευσαν.
2951 1653 3061 1706 Καὶ
3097 1653 3255 1706 τοῦτο
3289 1653 3347 1706 δὲ
3377 1654 3603 1706 κάκεῖνο
3624 1652 3728 1704 τὸν

2138 1747 2340 1818 θερμὸν
2389 1747 2567 1817 ἔρωτα
2609 1746 2704 1798 τοῦ
2741 1746 3028 1817 Προφήτου
3060 1746 3210 1816 δηλοῖ
3234 1762 3246 1774 ’
3282 1745 3386 1815 τῆς
3419 1745 3528 1816 γὰρ
3562 1743 3730 1806 θείας

2142 1838 2417 1908 ύμνῳδίας
2448 1839 2547 1890 οὐκ
2578 1837 2853 1907 ἐλάμϐανε
2885 1838 3067 1908 κόρον.

2214 1929 2342 1999 ρξε’,
2384 1949 2401 1979 t
2433 1929 2639 1999 Εἰρήνη
2668 1927 2838 1995 πολλὴ
2866 1930 2979 1990 τοῖς
3009 1927 3265 1994 ἀγαπῶσι
3289 1926 3381 1978 τὸν
3403 1925 3570 1996 νόμον
3601 1940 3727 1985 σου.

2142 2021 2234 2074 καὶ
2269 2022 2370 2072 οὐκ
2401 2020 2547 2073 ἔστιν
2593 2020 2779 2082 αὐτοῖς
2814 2019 3124 2072 σκάνδαλον.
3158 2038 3176 2070 ι
3214 2019 3276 2069 Οἱ
3303 2017 3380 2086 τῷ
3423 2015 3553 2084 θείῳ
3586 2033 3733 2084 πυρ-

2148 2113 2462 2182 πολούμενοι
2491 2111 2722 2182 φίλτρῳ,
2756 2113 2848 2164 καὶ
2876 2113 2974 2179 τὴν
3010 2110 3144 2182 πρὸς
3181 2109 3344 2162 αὐτὸν
3377 2110 3602 2179 είρήνην
3633 2109 3732 2161 διὰ

2139 2203 2240 2272 τῆς
2269 2203 2376 2255 τῶν
2408 2203 2635 2256 ἐντολῶν
2681 2202 3094 2273 προσκτώμενοι
3144 2201 3417 2270 φυλακῆς,
3476 2201 3578 2254 κᾶν
3619 2201 3732 2252 ὑπο

2141 2295 2358 2348 πάντων
2397 2292 2699 2364 ἀνθρώπων
2733 2292 3096 2361 πολεμῶνται,
3130 2291 3355 2360 θυμήρη
3385 2290 3517 2353 ζῶσι
3557 2290 3729 2358 ζωήν.

2141 2386 2250 2439 Καὶ
2296 2386 2505 2455 μάρτυς
2551 2387 2579 2437 ὁ
2634 2385 2918 2447 θεσπέσιος
2950 2383 3161 2446 Παῦλος
3204 2385 3363 2454 βοῶν,
3394 2403 3413 2436 t
3449 2384 3539 2435 Ἐν
3563 2383 3734 2435 παντὶ

2146 2473 2481 2543 θλιϐόμενοι,
2517 2474 2630 2525 ἀλλ’
2657 2475 2793 2526 ούθί
2835 2475 3365 2545 στενοχωρούμενοι·
3410 2475 3730 2546 ἀπορούμε-

2139 2583 2242 2630 νοι,
2272 2567 2388 2619 ἀλλ’
2423 2566 2522 2619 οὐκ
2571 2564 3026 2636 ἐξαπορούμενοι·
3078 2566 3423 2636 διωκόμενοι,
3467 2568 3584 2620 ἀλλ’
3620 2569 3729 2620 οὐκ

2139 2658 2750 2729 ὲγκαταλιμπανόμενοι
2773 2674 2787 2688 ·
2821 2659 3308 2728 καταϐαλλόμενοι,
3341 2660 3458 2713 ἀλλ’
3483 2662 3584 2714 οὐκ
3611 2661 3728 2714 ἀπ-

2139 2751 2442 2818 ολλύμενοι.
2469 2771 2486 2802 ι
2516 2753 2624 2804 Καὶ
2643 2753 2670 2803 ὁ
2689 2751 2893 2821 Κύριος
2915 2749 2972 2802 δὲ
2998 2752 3124 2814 τοὺς
3155 2753 3332 2821 ἱεροὺς
3361 2754 3724 2818 ἀποστόλους,

2138 2841 2213 2904 tit;
2245 2842 2493 2912 πρόϐατα
2524 2842 2582 2892 ὲν
2615 2840 2767 2910 μέσῳ
2812 2838 3011 2902 λύκων,
3048 2841 3128 2902 είς
3167 2843 3348 2894 πᾶσαν
3391 2843 3730 2902 ἀποστείλας

2138 2932 2236 3001 τὴν
2295 2931 2643 3001 οἰκουμένην,
2696 2930 2802 3001 ἔφη
2849 2930 2985 3000 πρὸς
3016 2931 3246 2993 αύτούς·
3291 2950 3308 2981 ι
3349 2931 3586 3004 Εἰρήνην
3623 2935 3730 3004 τὴν

2140 3022 2280 3092 ἐμὴν
2309 3021 2502 3092 δίδωμι
2541 3023 2692 3090 ὑμῖν,
2729 3022 2952 3092 εἰρήνην
2983 3020 3082 3090 τὴν
3113 3023 3252 3091 ἐμὴν
3284 3023 3491 3092 ἀφίημι
3513 3025 3667 3093 ὑμῖν.
3705 3043 3725 3075 ι

2215 3114 2355 3183 ρξς’.
2396 3131 2415 3163 ι
2456 3114 2809 3184 Προσεδόκων
2839 3114 2899 3166 τὸ
2934 3114 3199 3182 σωτήριόν
3250 3115 3589 3184 σου,Κύριε,
3630 3119 3737 3169 καὶ

2148 3205 2245 3267 τὰς
2275 3204 2494 3267 ἐντολάς
2535 3222 2629 3256 σου
2661 3206 2930 3275 ἠγάπησα
2955 3206 3022 3258 ⁸³.
3064 3205 3197 3256 Οὐδὲ
3232 3210 3539 3276 συμφοραῖς
3572 3225 3735 3276 περι-

2152 3296 2552 3366 στοιχιζόμενος
2601 3296 2856 3366 ἀπέκοψα
2907 3298 3005 3360 τὰς
3041 3299 3415 3368 χρηστοτέρας
3461 3299 3731 3362 ἐλπίδαςο

2147 3386 2282 3438 ἀλλὰ
2304 3387 2402 3456 τὴν
2435 3387 2532 3456 σὴν
2561 3388 2847 3454 ἀναμένων
2865 3387 3141 3440 διετέλεσα
3171 3389 3467 3458 σωτηρίαν,
3492 3391 3588 3445 καὶ
3603 3393 3731 3455 ταῖς

2152 3482 2274 3540 σαῖς
2311 3479 2577 3546 ἑπόμενος
2597 3476 2643 3508 ⁸³
2669 3479 2932 3541 ἐντολαῖς.

2221 3570 2351 3640 ρξζ’,
2395 3571 2526 3640 ρξη⁹.
2576 3589 2594 3620 ι
2630 3570 2929 3638 Ἐφύλαξεν
2959 3573 2990 3642 ἡ
3024 3573 3168 3640 ψυχή
3215 3589 3316 3641 μου
3346 3573 3415 3624 τὰ
3447 3571 3735 3643 μαρτύριά

2150 3678 2265 3719 σου,
2320 3663 2415 3712 καὶ
2463 3662 2750 3729 ἠγάπησεν
2809 3663 2949 3714 αὐτὰ
3007 3664 3232 3731 σφόδρα.
3303 3663 3579 3728 Ἐιρύλαξα
3631 3665 3736 3725 τὰς

2147 3751 2368 3813 ἐντολάς
2411 3768 2526 3815 σου,
2576 3752 2672 3804 καὶ
2716 3752 2787 3804 τὰ
2824 3753 3104 3822 μαρτύριὰ
3154 3771 3268 3816 σου,
3321 3755 3403 3806 ὅτι
3450 3757 3624 3808 πᾶσαι
3674 3757 3734 3808 at

2147 3841 2254 3894 ὁδοί
2280 3860 2379 3910 μου
2403 3843 2650 3896 ἐναντίον
2670 3843 2994 3914 σου,Κύριε.
3028 3865 3044 3894 ι
3078 3845 3248 3906 Εἰδὼς
3269 3846 3378 3916 γὰρ
3407 3847 3481 3908 ὡς
3511 3847 3732 3901 ἅπαντα

2148 3935 2370 4004 ἐφορᾷς,
2406 3934 2482 3996 ὡς
2511 3935 2629 3987 ὑπο
2652 3937 2735 3988 σοὶ
2780 3935 2947 4007 θεατῇ
2974 3937 3418 4007 πολιτευόμενος,
3451 3939 3512 3990 ού
3569 3940 3730 4008 μόνον

2146 4023 2443 4092 ἐπλήρωσά
2473 4042 2566 4076 σου
2609 4024 2706 4087 τὰς
2745 4025 2985 4092 ἐντολὰς,
3017 4026 3152 4080 ἀλλὰ
3191 4029 3288 4080 καὶ
3330 4027 3470 4097 μετὰ
3517 4027 3729 4100 θερμῆς

2145 4114 2304 4167 τοῦτο
2338 4115 2576 4185 δέδρακα
2607 4115 2918 4178 διαθέσεως.

2217 4203 2346 4273 ρξθ’.
2379 4225 2396 4256 t
2421 4205 2722 4273 Ἐγγισάτω
2752 4209 2783 4277 ἡ
2818 4207 3005 4276 δέησίς
3041 4225 3143 4278 μου
3184 4207 3415 4263 ἐνώπιόν
3460 4229 3579 4272 σου,
3616 4213 3732 4265 Κύο

2148 4310 2251 4363 ριε,
2288 4296 2430 4348 κατὰ
2477 4296 2537 4347 τὸ
2586 4295 2766 4364 λόγιόν
2817 4314 2908 4348 σου
2947 4299 3222 4351 συνέτισόν
3271 4319 3358 4370 με.
3399 4321 3414 4351 ι
3470 4304 3655 4356 Ιῐᾶσαν
3679 4304 3730 4334 ⁸³

2142 4386 2242 4454 τὴν
2291 4387 2531 4438 ἱκετείαν
2577 4389 2982 4458 προσενεγκὼν,
3014 4391 3284 4443 ἀντιϐολεῖ
3327 4394 3590 4462 δεχθῆναι
3636 4401 3730 4451 καὶ
3765 4374 3770 4377 Δ

480 4466 818 4536 protulisset,
853 4475 972 4520 orat
1003 4474 1060 4519 ut
1092 4481 1281 4534 preces
1313 4466 1690 4532 admittantur,
1736 4474 1791 4520 et
1819 4466 2041 4520 minime

2154 4476 2223 4545 μὴ
2250 4477 2656 4546 ἀπορῤιφθῆναι
2683 4479 2780 4547 τὴν
2809 4481 2991 4549 δέησιν
3016 4496 3029 4508 ·
3059 4482 3151 4534 καὶ
3175 4486 3490 4552 παρακαλεῖ
3513 4486 3729 4541 σύνεσιν

479 4557 817 4628 rejiciantur.
869 4556 936 4611 Et
973 4569 1247 4628 precatur,
1294 4566 1353 4612 ut
1394 4558 1740 4627 prudentiam
1792 4558 2043 4626 accipiat,

476 4665 582 4702 non
621 4650 942 4716 humanam,
979 4652 1072 4706 sed
1123 4651 1434 4705 divinorum
1477 4649 1827 4704 oraculorum
1869 4650 2048 4704 scien-

475 4742 628 4793 tiam.

551 4833 714 4886 Vens.
753 4832 873 4886 170.
933 4833 1159 4887 tlntret
1210 4833 1505 4901 postulatio
1554 4831 1768 4902 1480
1821 4847 1942 4886 mea
1992 4832 2046 4885 in

475 4934 827 4992 conspectum
868 4935 1044 4988 tuum,
1103 4927 1373 4992 Domine;
1418 4930 1716 4982 secundum
1771 4929 2045 4998 eloquium

479 5025 630 5068 tuum
668 5018 817 5086 eripe
850 5033 954 5070 tne.
995 5037 1010 5066 ι
1047 5018 1470 5072 Posmlatioucm
1511 5030 1665 5072 vorat
1714 5020 2048 5074 obsecratio-

556 5213 570 5245 ι
617 5209 656 5261 Il
691 5211 816 5263 Cor.
849 5226 920 5268 IV,
947 5210 998 5272 8,
1027 5208 1078 5261 9.

1164 5217 1187 5242 ιλ
1231 5209 1419 5263 Matth.
1464 5228 1518 5275 x,
1557 5211 1641 5264 16.
1671 5221 1692 5246 ν
1732 5211 1891 5265 Juan.
1926 5211 2132 5275 xrv,27

2148 4568 2355 4631 λαϐεῖν,
2384 4571 2483 4623 οὐκ
2513 4571 2882 4642 ἀνθρωπίνην,
2915 4574 3051 4628 ἀλλὰ
3083 4575 3190 4628 τῶν
3221 4576 3380 4629 θείων
3409 4579 3610 4646 λογίων
3635 4583 3731 4653 τὴν

2150 4676 2373 4726 γνωσιν.

2224 4844 2318 4907 ρο⁹⁸
2361 4857 2377 4886 t
2421 4835 2662 4888 Είσέλθοι
2690 4838 2735 4870 ⁸³
2780 4836 2842 4890 τὸ
2884 4837 3104 4907 ἀξίωμά
3161 4857 3263 4908 μου
3321 4841 3556 4896 ἐνώπιόν
3614 4865 3726 4908 σου,

2158 4929 2329 4993 Κύριε
2352 4929 2417 4958 ⁸⁸·
2452 4929 2591 4980 κατὰ
2627 4927 2687 4978 τὸ
2723 4927 2900 4994 λόγιόν
2947 4944 3040 4980 σου
3087 4930 3245 5000 ῥῦσαί
3275 4949 3364 5002 με.
3406 4952 3426 4984 ι
3471 4936 3731 5005 Ἀξίωμα

2156 5021 2254 5090 τὴν
2301 5020 2534 5072 ἱκετείαν
2564 5018 2721 5071 καλεί
2741 5036 2753 5051 ⁸
2785 5019 2942 5075 τοῦτο
2969 5021 3076 5092 γὰρ
3110 5025 3205 5076 καὶ
3234 5026 3383 5095 παρὰ
3408 5031 3522 5091 τοῖς
3553 5030 3729 5092 ἄλλοις

1558 5410 1790 5463 VARI/li
1834 5408 2220 5463 LECTIONES
2268 5411 2352 5463 ET
2385 5410 2621 5467 ΝΟΤᾸΞ.

544 5584 590 5615 ⁷³
615 5587 703 5638 Εἰ.
750 5586 867 5638 llos.
910 5587 1035 5640 ibid.

478 5652 535 5724 “fi
554 5657 675 5708 (toil.
717 5657 738 5707 1
773 5656 1026 5724 εἱπόμην.

477 5722 643 5776 Abest
669 5740 698 5777 a
732 5734 878 5778 textu
904 5722 1080 5777 'llt'hr.

1114 5591 1154 5616 ’λθ
1195 5589 1319 5643 ibid.
1361 5590 1754 5656 ὲπαγάλλομαι.

1870 5590 1907 5617 ⁸¹
1945 5591 2024 5641 Οὐ
2056 5620 2120 5628 ——-
2153 5592 2310 5643 (mn
2360 5594 2480 5644 Des.

1107 5660 1146 5688 ""
1178 5661 1474 5713 lltiaar—
1499 5659 1745 5729 γνῶσιν.
1786 5657 1908 5713 Des.
1942 5659 1992 5712 in
2027 5660 2123 5712 cod
2185 5663 2231 5711 1.

2349 5594 2480 5666 Des.
2506 5592 2592 5666 in
2618 5591 2742 5644 eod.
2783 5593 2837 5666 1.
2934 5594 2978 5666 ξ’
3020 5594 3348 5666 Eri-mota.
3409 5595 3571 5652 llebr.
3611 5599 3728 5665 feri.

2312 5662 2354 5690 ⁸⁵
2375 5661 2650 5713 [cecat-.100;
2676 5678 2739 5701 -‘—-
2761 5663 2949 5729 ῥῦσαί
2971 5681 3065 5732 με.
3099 5664 3220 5719 Des.
3253 5665 3383 5720 ibid.
3461 5669 3508 5699 ⁸⁸
3537 5661 3714 5737 Κύριε
