3996 6488
302 309 440 376 1873

1668 323 1749 382 ΙΝ
1777 323 1987 383 PSAL.
2023 322 2229 384 CXIX.

3446 321 3582 408 1874

299 422 460 498 εὖρον
519 431 905 501 έρμηνευταῖς.
976 437 1270 506 Διαφόροις
1339 439 1525 505 μέντοι
1597 441 1881 511 χρώμενος

2013 455 2115 494 rem
2150 457 2162 492 :
2201 439 2305 493 hoc
2347 437 2492 494 enim
2549 437 2692 508 apud
2727 436 2865 492 alios
2910 434 3075 492 etiam
3124 435 3454 506 interpretes
3498 437 3582 490 iu-

297 519 502 590 λόγοις,
531 524 624 576 τὸν
655 526 931 612 Δεσπότην
961 527 1302 598 μειλίσσεται
1325 532 1392 584 ⁸⁷.

373 706 509 766 ροα’.
552 720 571 752 ι
607 701 1011 771 Ἐξερεύξαιντο
1051 707 1120 760 τὰ
1164 708 1316 780 χείλη
1370 727 1472 779 μου
1524 708 1713 779 ὕμνον,
1761 713 1889 765 ὅταν

296 790 515 863 διδάξῃς
537 811 607 864 με
630 795 698 848 τὰ
715 795 1065 868 δικαιώματά
1087 817 1202 854 σου.
1237 821 1256 853 ι
1289 801 1642 872 Κατάλληλος
1665 805 1698 872 ή
1716 803 1887 875 ὲρυγὴ

299 883 364 952 τῇ
395 887 573 954 τροφῇ
602 899 618 915 ⁵
662 884 734 938 τὰ
776 887 886 958 γὰρ
932 889 1022 954 σὰ,
1059 891 1217 961 φησὶ,
1257 891 1542 961 μανθάνων
1568 891 1614 924 ⁸⁸
1665 893 1886 946 δικαιώ-

304 993 475 1055 ματα,
515 977 599 1030 σοὶ
625 978 704 1048 τῷ
726 979 834 1032 τῶν
859 980 1118 1036 τοιούτων
1147 983 1454 1054 διδασκάλῳ
1485 985 1763 1054 προσοίσω
1787 986 1887 1053 τήν

299 1068 600 1139 ὑμνῳδίαν.

375 1162 508 1232 ροβ⁹.
541 1181 559 1213 ι
595 1163 899 1233 Φθέγξαιτο
932 1168 966 1237 ή
1000 1167 1222 1236 γλῶσσά
1257 1186 1357 1236 μου
1398 1170 1468 1222 τα
1496 1168 1651 1238 λόγιά
1669 1188 1784 1234 σου,
1807 1171 1888 1224 ὅτι

302 1255 475 1306 πᾶσαι
521 1257 577 1306 αί
631 1256 842 1309 ὲντολαί
893 1273 990 1311 σου
1046 1260 1380 1331 δικαιοσύνη.
1425 1282 1443 1313 ι
1512 1263 1605 1325 Εἰς
1658 1263 1888 1333 μελέτην

296 1345 409 1396 τῶν
449 1345 561 1398 σῶν
607 1347 805 1415 λογίων
853 1349 951 1420 τήν
996 1351 1244 1419 γλῶτταν
1292 1355 1590 1424 ἀφιερώσω
1613 1358 1683 1419 ⁸³³,
1734 1355 1889 1420 εἰδὼς

299 1437 451 1508 πασῃ
485 1454 579 1490 σου
613 1439 931 1513 δικαιοσύνη
968 1445 1398 1518 κεκοσμημένας
1435 1448 1534 1512 τὰς
1570 1448 1813 1511 ἐντολάς.

379 1618 515 1689 ρογ’.
547 1639 565 1671 t
603 1622 852 1678 Γενέσθω
887 1627 920 1697 ή
946 1628 1066 1700 χείρ
1095 1646 1190 1683 σου
1221 1629 1316 1684 τοῦ
1349 1632 1523 1685 σῶσαί
1549 1650 1637 1702 με,
1671 1634 1754 1688 ὅτι
1783 1632 1884 1698 τὰς

302 1712 528 1775 ἐντολάς
591 1730 685 1767 σου
741 1717 1104 1791 ᾑρετισόιμην.
1144 1740 1162 1771 ι
1232 1723 1290 1776 '0
1316 1724 1364 1755 ⁹⁰
1433 1723 1534 1794 μὲν
1591 1725 1888 1795 Σύμμαχος

1992 531 2134 584 veni.
2191 529 2439 587 Diversis
2488 530 2655 599 igitur
2695 530 2877 586 verbis
2933 539 3094 584 utens
3138 529 3435 584 Dominum
3483 529 3582 583 de-

1990 623 2211 676 mulcet.

2063 711 2228 768 Vens.
2265 713 2388 767 171.
2431 732 2450 763 ι
2489 713 2752 769 Eructent
2785 715 2926 769 labia
2971 729 3092 769 mea
3127 714 3416 785 hymnum,
3451 727 3575 767 cum

1990 804 2245 859 docueris
2293 821 2381 860 me
2429 805 2859 875 justiﬁcationes
2908 816 3056 862 tuas.
3109 825 3128 858 ι
3192 805 3403 862 Ructus
3452 807 3576 861 cibo

1990 906 2394 954 consentaneus
2424 907 2526 954 est.
2551 897 2699 953 Tuas
2727 899 2899 963 enim,
2924 898 3124 968 inquit,
3149 898 3574 967 iustiﬁcationes

1989 992 2239 1054 edoctus,
2281 991 2376 1045 tibi
2414 991 2731 1061 huiusmodi
2777 1007 2963 1046 rerum
2994 992 3317 1061 praaceptori
3344 991 3576 1062 hymno-

1990 1096 2111 1134 rum
2147 1082 2475 1135 cantilenam
2509 1080 2756 1136 oli‘eram.

2064 1173 2079 1191 ⁶
2113 1168 2279 1224 Vens.
2317 1169 2441 1224 172.
2496 1189 2513 1221 ‹
2559 1169 2886 1225 Pronuntiet
2937 1169 3120 1239 lingua
3177 1183 3297 1224 mea
3358 1169 3571 1239 eloquia

1990 1270 2103 1327 tua,
2139 1263 2264 1332 quia
2295 1263 2480 1316 omnia
2512 1264 2766 1317 mandata
2803 1273 2896 1317 tua
2939 1264 3172 1332 aequitas
3220 1270 3367 1317 sunt.
3401 1280 3419 1313 ι
3465 1261 3574 1314 Me-

1987 1354 2238 1408 ditationi
2273 1363 2495 1410 tuorum
2530 1355 2886 1409 oraculorum
2926 1356 3169 1426 linguam
3211 1357 3571 1416 consecrabu,

1990 1461 2114 1502 cum
2147 1446 2318 1501 sciam
2368 1457 2458 1503 tua
2515 1448 2770 1503 mandata
2840 1448 2992 1502 omni
3049 1448 3261 1518 justitia
3308 1459 3572 1503 exornata

1989 1551 2134 1592 esse.
3015 1540 3019 1545 '

2062 1629 2227 1685 Vens.
2261 1633 2384 1688 175.
2421 1653 2440 1684 ι
2481 1633 2565 1688 Sit
2609 1649 2808 1688 manus
2859 1641 2951 1687 tua
2998 1632 3262 1703 (parata)
3297 1642 3355 1687 ut
3401 1633 3576 1686 salvet

1992 1739 2113 1784 me.
2166 1725 2430 1793 quoniam
2486 1724 2746 1779 mandata
2796 1735 2888 1779 tua
2939 1723 3097 1794 elegi.
3137 1742 3156 1774 ›
3209 1722 3574 1794 Symmachus

301 1805 574 1872 εἱλόμην,
625 1807 652 1858 ὁ
697 1806 755 1858 δὲ
784 1809 1020 1873 Ἀκύλας
1051 1811 1145 1863 καὶ
1175 1811 1468 1867 Θεοδοτίων
1513 1815 1890 1884 ἐξελεξάμην

2013 1817 2208 1886 [uidem
2265 1816 2453 1882 malui,
2514 1818 2712 1888 Aquila
2749 1832 2876 1872 vero
2927 1827 2982 1871 et
3019 1815 3364 1871 Theodotion
3417 1814 3575 1883 selegi

301 1895 581 1965 εἰρήκασι.
623 1897 800 1964 Χεῖρα
873 1899 930 1952 δὲ
976 1901 1133 1954 καλεί
1194 1903 1294 1974 τήν
1351 1903 1500 1958 θείαν
1552 1903 1839 1976 ἐνέργειαν
1870 1945 1884 1970 ,

303 1985 395 2053 ὑφ’
429 1979 496 2055 ἧς
526 1987 801 2042 ἀντισολεί
825 1990 926 2061 τῆς
959 1991 1113 2057 θείας
1169 1995 1446 2064 σωτηρίας
1469 2000 1673 2067 τυχεῖν.

377 2164 502 2232 ροδν.
553 2183 571 2217 ι
612 2167 964 2239 Ἐπεπόθησα
1010 2170 1068 2224 τὸ
1104 2173 1374 2243 σωτήριόν
1421 2191 1537 2234 σου.
1566 2174 1762 2246 Κύριε,
1797 2179 1890 2231 καὶ

304 2255 335 2304 ὁ
367 2256 528 2324 νόμος
587 2275 679 2312 σου
735 2261 938 2331 μελέτη
973 2279 1075 2332 μου
1122 2264 1256 2317 ἐστί.
1302 2283 1320 2317 ι
1364 2267 1697 2338 Ίμείρομαι,
1730 2270 1887 2339 φησὶ,

307 2348 458 2418 παρὰ
482 2349 524 2381 θί
555 2351 649 2403 σοῦ
682 2354 956 2424 σωτηρίας
983 2357 1188 2426 τυχεῖν,
1223 2357 1314 2410 τὸν
1349 2358 1440 2410 σὺν
1461 2359 1627 2428 νόμον
1660 2359 1891 2431 μελέτην

307 2436 448 2506 ἔχων
482 2440 756 2511 ἐνδελεχῆ.

380 2537 507 2600 ροε’.
554 2549 572 2581 t
610 2533 843 2604 Ζήσεται
878 2536 910 2606 ή
945 2536 1091 2607 ψυχή
1125 2555 1249 2609 μου,
1288 2540 1382 2592 καὶ
1421 2541 1624 2595 αἰνέσει
1680 2560 1760 2606 σε,
1796 2545 1892 2598 καὶ

307 2620 374 2672 tit
420 2620 665 2691 κρίματα
710 2640 802 2676 σον
851 2624 1112 2696 βοηθήσει
1159 2645 1271 2695 μοι.
1309 2648 1328 2680 ι
1383 2627 1516 2684 Οἶδα
1562 2632 1619 2685 δὲ
1660 2634 1735 2696 ὡς
1795 2636 1892 2705 οὐχ

309 2711 705 2782 ἁμαρτήσομαι
737 2713 838 2784 τῆς
868 2715 1106 2784 ἐλπίδος,
1135 2719 1272 2773 ἀλλὰ
1302 2725 1400 2793 τῆς
1425 2723 1659 2793 ἀληθοῦς
1677 2726 1722 2757 θ’
1748 2724 1895 2796 ζωῆς

306 2802 462 2872 παρὰ
495 2803 592 2857 σοῦ
620 2805 902 2877 τεύξομαι,
952 2810 1048 2862 καὶ
1091 2812 1292 2867 αἰνέσω
1328 2831 1386 2866 σε
1417 2814 1510 2869 τὸν
1547 2817 1754 2889 δοτῆρα
1787 2818 1894 2872 τῶν

309 2893 553 2960 ἀγαθῶν.
1594 2908 1630 2930 ἠε

383 2994 525 3057 ροςν.
555 3008 574 3039 ι
600 2988 1036 3066 Ἑπλανήθηνῶς
1057 2997 1332 3067 πρόϐατον
1352 2999 1652 3065 ἀπολωλός.
1682 3022 1699 3054 ι
1725 3004 1897 3059 Τοῦτο

312 3079 407 3130 καὶ
430 3078 506 3158 τῷ
527 3080 783 3154 Προφήτῃ
811 3084 992 3152 λέγειν
1014 3089 1152 3157 μετὰ
1174 3088 1270 3161 τὴν
1298 3091 1574 3162 ἁμαρτίαν
1596 3093 1892 3164 ἥρμοττεν,

315 3170 409 3223 καὶ
451 3171 595 3243 πάσῃ
632 3176 696 3245 τῇ
741 3175 851 3228 τῶν
885 3179 1192 3248 ἀνθρώπων
1240 3181 1422 3250 φύσει.
1471 3202 1488 3234 ι
1525 3187 1770 3256 Ζήτησον
1799 3189 1893 3242 τὸν

311 3261 501 3314 δοῦλόν
543 3281 658 3331 σου,
701 3267 782 3320 ὅτι
815 3269 915 3332 τὰς
946 3270 1164 3336 ἐντολάς
1199 3289 1294 3326 σου
1336 3275 1437 3328 οὐκ
1472 3277 1840 3350 ἐπελαθόμην.
1866 3297 1885 3330 ι

317 3354 380 3406 El.
414 3356 522 3425 γὰρ
561 3358 656 3410 καὶ
687 3360 902 3432 παρέϐη
950 3364 1124 3428 τινὰς,
1174 3365 1308 3419 ἀλλὰ
1359 3365 1526 3439 λήθην
1559 3369 1764 3422 τούτων
1798 3371 1898 3425 οὐκ

317 3445 540 3509 ἐδέξατο
593 3451 854 3522 παντελῆ.
906 3452 1058 3508 Ἀλλὰ
1109 3457 1316 3528 ταύτην
1376 3458 1476 3525 μὲν
1533 3463 1561 3512 ὁ
1596 3463 1890 3533 Προφήτης

318 3539 683 3610 προσενήνοχε
713 3543 811 3611 τὴν
844 3545 1012 3617 εὐχήν
1043 3563 1055 3578 ·
1086 3549 1352 3620 τετύχηκε
1381 3552 1437 3605 δὲ
1480 3555 1632 3608 πᾶσα
1669 3554 1776 3607 τῶν
1807 3555 1900 3608 ἀν-

319 3629 555 3699 θρώπων
599 3635 630 3704 ή
682 3633 847 3703 φύσις,
877 3637 975 3708 τῆς
1016 3643 1313 3711 σωτηρίας.
1365 3645 1609 3714 Ἔδραμε
1634 3648 1680 3678 9³
1722 3648 1832 3718 γὰρ
1867 3649 1896 3700 ὁ

319 3721 484 3786 καλὸς
534 3724 741 3797 ποιμὴν
785 3728 878 3780 ἐπὶ
931 3730 990 3782 τὸ
1041 3732 1390 3803 πλανώμενον
1446 3737 1741 3808 πρόϐατον,
1807 3742 1900 3792 καὶ

321 3815 627 3884 περιελθὼν
669 3817 738 3871 τὰ
778 3819 880 3890 ὅρη
943 3822 1037 3875 καὶ
1083 3825 1208 3888 τοὺς
1240 3824 1464 3894 βουνούς
1496 3843 1508 3857 ·
1539 3830 1692 3899 παρὰ
1723 3827 1896 3882 ταῦτα

320 3905 428 3975 γὰρ
448 3907 717 3961 ἐπλανᾶτο
746 3910 1007 3983 λατρεῦον
1039 3917 1153 3979 τοῖς
1177 3915 1428 3987 δαίμοσιν
1460 3934 1472 3947 ·
1509 3914 1655 3989 εὗρε,
1685 3922 1778 3974 καὶ
1810 3922 1902 3974 ἐπὶ

319 3997 427 4048 τῶν
484 3998 651 4068 ὤμων
695 4003 1045 4072 ἐπανήγαγεν
1076 4022 1088 4034 ·
1138 4007 1232 4060 καὶ⁸
1280 4009 1564 4079 εὐφράνθη
1613 4011 1700 4063 ἐπ’
1754 4011 1902 4081 αὐτῷ

326 4089 526 4159 μᾶλλον
553 4093 586 4163 ῆ
618 4094 709 4147 ἐπὶ
735 4098 846 4158 τοῖς
862 4099 1219 4168 ἐννενήκοντα
1243 4103 1400 4155 ἐννέα
1436 4105 1547 4166 τοῖς
1586 4104 1660 4173 μὴ
1689 4104 1901 4158 πεπλα-

322 4185 577 4255 νημένοις
599 4187 664 4241 οδ.
715 4189 904 4260 Ἡμεῖς
931 4191 986 4244 δὲ
1019 4192 1115 4245 τοῦ
1141 4193 1364 4262 ψαλμοῦ
1396 4196 1496 4264 τὴν
1524 4197 1820 4266 ἑρμηνείαν
1847 4199 1904 4250 ἐν

323 4279 608 4350 κεφαλαίῳ
679 4285 1088 4352 ποιησάμενοι,
1142 4288 1575 4358 παρακαλοῦμεν
1622 4289 1750 4351 τοὺς
1814 4291 1904 4341 ὲν-

323 4369 716 4437 τυγχάνοντας,
765 4374 841 4442 μὴ
895 4375 1231 4445 ἀρκεσοῆναι
1289 4379 1401 4439 τοῖς
1468 4376 1902 4447 γεγραμμένοις.

1990 1909 2329 1978 interpretati
2385 1918 2533 1966 sunt.
2576 1910 2798 1964 Manum
2863 1921 3042 1965 autem
3113 1919 3271 1964 vocat
3331 1909 3573 1963 divinam

1989 2000 2123 2065 vim,
2172 2015 2268 2070 per
2305 2017 2468 2070 quam
2524 2001 2776 2056 obsecrat
2815 2009 2874 2055 ut
2920 2001 3164 2055 divinant
3201 2008 3576 2067 consequatur

1993 2109 2172 2162 opem.

2068 2185 2229 2240 Vens.
2271 2188 2389 2241 17.1.
2431 2208 2447 2238 ι
2485 2187 2786 2258 Concupivi
2823 2188 3069 2242 salutare
3105 2196 3282 2252 tuum,
3322 2185 3571 2249 Domine,

1993 2289 2045 2330 et
2075 2278 2159 2332 lex
2203 2288 2290 2332 tua
2325 2278 2606 2334 meditatio
2637 2295 2757 2333 mea
2789 2287 2893 2332 est.
2927 2297 2944 2328 ι
2991 2277 3272 2342 Desidero,
3316 2278 3412 2339 ait,
3449 2293 3478 2330 a
3522 2286 3574 2329 te

1996 2369 2224 2424 salutem
2253 2371 2502 2440 adipisci,
2531 2370 2791 2425 continue
2817 2378 2964 2422 tuam
2995 2369 3164 2438 legem
3199 2367 3492 2422 meditans.

2066 2545 2231 2600 Vens.
2273 2546 2390 2600 I75.
2427 2566 2444 2598 ι
2482 2545 2640 2601 Vivet
2688 2546 2869 2600 anima
2920 2561 3074 2610 mea,
3115 2553 3169 2598 et
3214 2541 3462 2606 laudabit
3499 2551 3572 2606 te,

1997 2647 2050 2692 et
2097 2639 2303 2708 judicia
2351 2649 2442 2694 tua
2489 2639 2829 2709 adiuvabunt
2882 2652 2989 2691 me.
3029 2655 3048 2688 ι
3095 2635 3268 2690 Porro
3315 2634 3438 2689 novi
3490 2648 3577 2686 me

1999 2729 2422 2798 haudquaquam
2464 2744 2560 2799 spe
2601 2727 3000 2792 frustrandum,
3047 2726 3140 2780 sed
3175 2740 3357 2778 veram
3405 2723 3575 2775 vitam

2000 2837 2028 2876 a
2064 2832 2116 2878 te
2143 2831 2592 2886 consecuturum,
2619 2832 2672 2877 et
2718 2833 2769 2876 te
2797 2822 3069 2875 bonorum
3116 2815 3432 2885 largitorem
3461 2815 3579 2868 lau-

2000 2915 2256 2968 daturum
2303 2929 2444 2970 esse.

2071 3001 2234 3057 Vens.
2292 3003 2414 3056 176.
2467 3023 2483 3052 ‹
2527 3001 2711 3057 Erravi
2771 3001 2913 3056 sicut
2963 3001 3083 3055 ovis
3148 3014 3270 3070 quae
3318 2997 3496 3068 periit.
3556 3015 3571 3045 ι

2007 3097 2121 3152 Hoc
2149 3108 2201 3152 et
2230 3096 2516 3165 Prophetae
2543 3096 2724 3150 dicere
2751 3104 2872 3164 post
2903 3101 3190 3163 peccatum
3219 3090 3576 3162 congruebat.

2003 3198 2056 3242 ct
2100 3189 2194 3242 toti
2237 3189 2518 3240 hominum
2573 3197 2801 3238 naturae.
2846 3202 2863 3234 ι
2899 3185 3092 3249 Οιιςθνθ
3131 3196 3350 3261 servum
3399 3187 3576 3237 tuum.

2002 3279 2131 3349 quia
2179 3281 2562 3331 mandatorum
2607 3282 2830 3328 tuorum
2871 3271 3080 3342 1481
3119 3285 3227 3323 non
3271 3284 3393 3323 sum
3443 3267 3581 3319 obli-

2005 3377 2112 3422 tus.
2157 3387 2174 3418 ι
2215 3367 2325 3419 Etsi
2361 3366 2506 3420 enim
2541 3365 2722 3432 aliqua
2756 3361 3012 3416 mandata
3053 3370 3438 3428 transgressus
3474 3364 3580 3417 est,

2004 3468 2186 3513 tamen
2218 3460 2413 3512 horum
2445 3455 2773 3510 oblivionem
2805 3452 3022 3522 penitus
3055 3465 3161 3502 non
3197 3447 3438 3502 admisit.
3472 3445 3577 3498 Sed

2005 3551 2338 3620 hasquidem
2371 3565 2559 3618 preces
2585 3547 2854 3616 Propheta
2885 3541 3152 3614 profudit,
3181 3552 3235 3596 et
3259 3551 3368 3593 tota
3403 3537 3588 3592 homi-

2006 3659 2134 3695 lllllll
2189 3652 2382 3695 natura
2427 3641 2660 3696 8311110111
2717 3648 3012 3692 consecuta
3069 3641 3172 3687 εει.
3222 3632 3354 3685 Nam
3407 3631 3584 3682 bOIHIS

2005 3741 2193 3802 pastor
2226 3731 2290 3783 ad
2329 3730 2601 3799 palantem
2635 3742 2793 3780 ovem
2826 3722 3092 3785 cucurrit,
3129 3729 3184 3774 et
3214 3733 3337 3773 cum
3364 3728 3580 3770 montes

2005 3833 2059 3877 ct
2100 3823 2267 3877 colles
2317 3821 2580 3875 obivisset
2611 3818 2703 3886 (in
2753 3817 2838 3870 his
2887 3815 3032 3868 enim
3067 3811 3344 3865 daemones
3394 3807 3583 3861 colens

2006 3915 2278 3986 errabat),
2314 3913 2542 3978 invenit,
2569 3921 2621 3965 et
2647 3925 2814 3973 super
2848 3904 3092 3960 humeris
3124 3901 3360 3965 reduxit,
3392 3908 3447 3953 et
3470 3914 3587 3951 ma-

2007 4007 2090 4076 gis
2120 4007 2190 4060 ob
2229 4007 2402 4074 ipsam
2436 4005 2647 4057 lmtatus
2684 4010 2788 4065 est,
2835 4013 2998 4067 quam
3036 3995 3108 4049 ob
3140 3991 3440 4060 nonaginta
3486 4005 3585 4042 no-

2007 4115 2128 4155 vcm
2158 4114 2268 4153 non
2301 4106 2557 4168 vagantes
2575 4103 2622 4148 ι.
2644 4091 2754 4147 Nos
2777 4081 2956 4146 autem
2977 4085 3362 4156 explanatione
3385 4080 3584 4152 psalmi

2010 4191 2323 4247 summatim
2367 4199 2633 4258 pertexta,
2683 4186 2916 4239 lectores
2980 4182 3332 4235 obsecramus
3368 4189 3436 4228 ne
3478 4172 3589 4226 sint

2011 4284 2250 4340 contenti
2299 4284 2464 4338 rebus
2513 4297 2542 4333 a
2589 4278 2745 4332 nobis
2798 4274 3042 4343 scriptis,
3085 4284 3260 4339 neque
3302 4274 3591 4320 autument

2013 4379 2128 4432 haec
2169 4375 2452 4445 Propheta:
2506 4373 2607 4428 soli
2648 4383 2948 4439 congruere
2988 4384 3001 4420 :
3051 4362 3145 4419 sed
3209 4358 3590 4428 unusquisque

329 4463 464 4529 μηδὲ
491 4463 712 4532 νομίσαι
739 4466 961 4533 μόνονθδ
991 4466 1164 4519 ταῦτα
1190 4466 1268 4538 τῷ
1289 4469 1553 4540 Προφήτῃ
1578 4468 1892 4538 προσήκειν

2013 4477 2376 4538 opportunam
2411 4465 2701 4518 utilitatem
2733 4477 2799 4514 ex
2835 4459 2985 4513 hisce
3041 4453 3322 4525 percipiat,
3377 4447 3589 4503 saluta-

325 4552 441 4604 ἀλλ’
479 4553 710 4607 ἕκαστον
753 4555 853 4627 τὴν
905 4558 1216 4628 πρόσφορον
1267 4561 1330 4611 ἐκ
1376 4559 1582 4611 τούτων
1633 4558 1906 4627 ὠφέλειαν

327 4641 556 4708 λαϐεῖν,
618 4647 713 4699 καὶ
764 4650 1060 4718 φάρμακον
1126 4650 1484 4721 ἀλεξητήριον
1531 4653 1644 4714 τοῖς
1683 4650 1907 4713 οἰκείοις

331 4739 741 4792 κατασκευάσαι
775 4740 1115 4811 παθήμασιν.

641 4853 902 4909 ΕΡΜΗΝ.
942 4855 1080 4909 ΤΟΥ
1115 4854 1240 4910 ΡΙΘ¹
1273 4856 1592 4910 ΨᾹΛΜΟΥ.

403 4952 471 4998 α’.
521 4947 672 5017 ιᾨδὴ
703 4946 812 5001 τῶν
847 4948 1197 5018 ἀναϐαθμῶν.
1242 4968 1260 5000 ι
1311 4948 1366 4999 Ὀ
1412 4945 1705 5000 Θεοδοτίων
1749 4941 1914 5014 ᾆσμα

335 5039 453 5094 τῶν
476 5040 849 5094 ἀνίιίῖιίσεωνο
877 5042 905 5093 ὀ
943 5041 1001 5094 δὲ
1018 5039 1315 5110 Σύμμαχος
1348 5038 1443 5090 καὶ
1472 5039 1499 5089 ὁ
1529 5034 1786 5101 Ἀκύλας,
1822 5037 1910 5098 είς

369 5253 400 5284 -"-
441 5241 627 5297 Malth.
671 5258 823 5302 xvm,
867 5241 952 5305 12,
1001 5243 1085 5296 15.

2015 4577 2239 4629 remque
2289 4558 2611 4614 medicinam
2673 4570 2778 4624 qua
2820 4552 3038 4606 dolores
3081 4562 3211 4602 suos
3263 4540 3587 4612 propulset,

2016 4651 2228 4708 cﬂiciat.

2422 4844 2694 4901 lNTERP.
2725 4838 2974 4897 PSALMI
3009 4833 3195 4890 CXIX.

2094 4940 2254 4996 Vens.
2298 4940 2345 4992 1.
2387 4957 2404 4988 ι
2443 4937 2728 4992 Canticum
2759 4931 3048 5002 graduum.
3084 4946 3101 4977 ι
3139 4920 3446 4977 Theodotio
3476 4935 3596 4970 car-

2022 5052 2139 5089 men
2167 5049 2499 5097 ascensuum,
2540 5026 2905 5101 Symmachus
2940 5031 2993 5076 ct
3027 5019 3222 5088 Aquila
3259 5017 3310 5069 in
3344 5027 3595 5066 ascensus

1444 5351 1675 5406 VARI/E
1714 5347 2096 5404 LECTIONES
2134 5345 2222 5399 ET
2270 5344 2506 5400 NOT/E.

410 5472 452 5502 ⁸⁷
489 5472 610 5524 cod.
641 5470 656 5522 1
684 5469 1109 5538 ἐκμειλίσσεται.
1185 5467 1240 5538 ⁸⁸7
1271 5467 1401 5538 ibid.
1446 5464 1653 5534 μαθών.
1697 5467 1892 5538 "39cm:

2019 5460 2320 5530 ἀφιέρωσα.
2397 5457 2442 5487 ⁹⁰
2481 5456 2544 5506 '0
2576 5483 2644 5507 —-.
2672 5451 2894 5518 τυχεῖν.
2929 5448 3010 5538 £11)
3046 5446 3130 5500 his
3164 5458 3357 5538 (parum
3389 5441 3604 5538 'diversla

340 5550 471 5595 sunt
1140 5537 1199 5610 5]
1213 5515 1598 5610 ὅίῖῖῖέςὸέιῖῃῤ
1614 5515 1861 5610 ςῌίτίιιυίίί
1880 5515 1892 5586 l

2013 5515 2098 5584 od.
2134 5515 2166 5610 Δἱ
2202 5529 2338 5610 Αιιῇ
2377 5541 2574 5610 praeni._
2605 5524 2672 5610 ,τὸ
2726 5515 3604 5610 ᾑρετισάμηνέωοίηςζαρά.φ

347 5614 365 5665 1
416 5627 603 5681 prtem.
637 5611 755 5678 τῆς.

831 5611 876 5641 οι
921 5592 1119 5674 Ἀλήθ.
1159 5592 1279 5660 Des.
1318 5605 1451 5660 ibid.
1527 5606 1572 5635 93
1613 5606 1869 5672 Ἕδραμε

2013 5603 2252 5656 τεπλαν.
2287 5592 2575 5674 H_:cc_apud
2602 5595 2765 5648 Curti.
2809 5592 2844 5644 i.
2879 5604 2924 5642 α.
2967 5603 3020 5656 p.

3058 5584 3178 5641 516.
3211 5583 3374 5637 etiam
3429 5579 3602 5637 Theo.

343 5668 480 5737 duro
521 5668 836 5736 tribuuntur
891 5678 936 5710 “
960 5668 1082 5734 cod.
1130 5680 1150 5732 1
1189 5677 1560 5747 πλανηθεῖσιν.
1641 5675 1685 5706 ⁸⁵
1718 5668 1887 5728 -Μόνο

2013 5675 2144 5727 ιιωει
2177 5687 2205 5722 :1
2237 5668 2356 5722 cod.
2402 5669 2448 5720 1.
