3996 6490
444 335 583 402 i875

1420 325 1909 391 THEODORETI
1962 321 2304 383 EPISCOPI
2346 317 2715 380 CYRENSIS

3568 302 3707 365 1876

439 452 741 501 verterunt.
774 441 1022 499 Indicant
1050 443 1268 512 quidem
1301 459 1585 508 ascensus,
1627 442 1741 498 sive
1781 438 2005 510 gradus,

2130 439 2217 501 τὰς
2246 434 2591 497 ἀναϐάσεις.
2632 428 2863 500 Δηλοῦσι
2904 425 3088 497 μέντοι
3125 425 3182 476 αί
3232 420 3549 483 ἀναϐάσεις,
3587 420 3622 487 ἢ
3660 418 3712 470 oi

440 529 641 604 captivi
680 530 883 604 populi
935 549 967 589 e
1010 532 1287 605 Babylone
1330 537 1347 556 ‘
1393 534 1651 589 reditum.
1704 529 2017 584 Praevidens

440 627 588 681 enim
624 625 799 695 gratia
837 625 1076 697 Spiritus
1107 626 1281 682 sancti
1326 635 1384 681 et
1416 624 1809 695 captivitatem,
1846 629 1901 676 et
1930 619 2018 675 fu-

443 728 621 772 turam
654 718 984 784 libertatem,
1034 725 1089 774 et
1136 719 1278 773 hanc
1307 728 1362 773 et
1404 717 1552 772 illam
1580 714 1851 788 praedixit,
1894 712 2017 767 illo-

441 824 563 863 rum
618 808 909 863 utilitatem
962 823 1288 878 procurans,
1318 817 1374 864 et
1420 806 1578 863 nobis
1625 805 1753 861 hinc
1804 804 2015 858 lucrum

442 900 697 957 aﬂerens.
731 900 935 956 Verum
965 916 1075 955 non
1101 901 1291 957 eadem
1322 901 1555 971 quilibet
1583 914 1614 955 e
1643 898 1870 969 psalmis
1896 911 2018 964 gra-

440 994 607 1048 duum
643 993 972 1048 vaticinatur
1003 1011 1015 1046 :
1054 993 1147 1049 sed
1187 994 1329 1048 alius
1358 993 1702 1047 calamitates
1737 1004 1861 1059 qua:
1911 989 2017 1041 Ba-

441 1086 638 1156 bylone
682 1084 817 1155 ipsis
845 1086 1195 1151 acciderunt,
1250 1085 1390 1139 alius
1420 1086 1600 1139 laetum
1638 1082 1848 1138 reditus
1875 1095 2017 1134 nun-

444 1177 599 1239 tium,
649 1175 861 1246 1482
902 1175 1042 1230 alius
1075 1183 1383 1245 perceptam
1429 1175 1483 1229 in
1515 1174 1710 1229 itinere
1750 1171 2015 1235 laetitiam,

441 1276 495 1321 ct
540 1266 681 1321 alius
710 1266 844 1321 bella
888 1280 1010 1335 qua:
1053 1277 1174 1334 post
1211 1266 1587 1320 reversionem
1638 1270 1790 1333 gesta
1840 1260 2015 1323 fuere,

444 1355 585 1410 alius
610 1353 803 1437 templi
835 1354 1311 1410 instaurationem.
1360 1355 1425 1409 Et
1472 1354 1710 1420 varietas
1749 1348 2016 1405 vaticina-

444 1446 612 1500 tionis
647 1445 954 1500 satietatem
1005 1446 1337 1516 hymnorum
1368 1453 1567 1500 cantus
1606 1443 1801 1512 abigit.
1837 1439 2018 1495 Unus—

442 1534 675 1603 quisque
726 1542 910 1591 autem
963 1536 1301 1605 psalmorum
1350 1535 1582 1590 istorum
1632 1533 1903 1588 formatus
1935 1537 2019 1585 est

441 1642 510 1680 ex
540 1640 777 1695 persona
808 1636 1147 1691 sanctorum,
1188 1642 1423 1697 quorum
1456 1642 1518 1682 ea
1552 1632 1876 1695 tempestate
1901 1630 2020 1677 erat

442 1717 670 1773 chorus.
716 1717 845 1773 Illos
885 1719 1029 1773 enim
1078 1719 1433 1789 propheticus
1476 1732 1659 1773 sermo
1700 1714 2016 1784 supradicta

444 1808 690 1864 dicentes
718 1807 947 1864 inducit.
974 1808 1190 1864 Primus
1221 1809 1439 1878 quidem
1472 1809 1761 1879 graduum,
1792 1815 1847 1859 et
1875 1804 2019 1858 cala-

444 1901 682 1967 mitates,
735 1910 789 1956 et
839 1900 1080 1956 divinam
1129 1901 1563 1956 benevolentiam
1616 1909 1821 1953 narrat.
1882 1914 1902 1947 ι
1940 1894 2020 1947 Ad

446 1990 737 2045 Dominum
794 2006 918 2046 cum
972 1992 1265 2046 tribularer
1315 1991 1587 2054 clamavi,
1636 2000 1690 2042 et
1741 1986 2023 2042 exaudivit

447 2097 559 2135 me.
597 2100 615 2134 ι
659 2081 959 2137 Exordium
1012 2083 1268 2137 mmroris
1315 2080 1784 2152 magnitudinem,
1832 2086 1886 2131 et
1933 2076 2020 2131 di-

447 2174 589 2227 vina:
616 2172 972 2244 benignitatis
1012 2188 1297 2227 excessum
1331 2172 1536 2227 docuit.
1582 2169 1819 2225 Maerens
1850 2168 2019 2231 enim,

449 2266 568 2329 ait,
621 2264 915 2319 Dominum
970 2265 1162 2329 oravi,
1224 2262 1771 2330 benevolentiamque
1827 2273 2023 2314 conse-

448 2364 611 2409 cutus
646 2370 790 2409 sum.
849 2354 1055 2410 Deinde
1103 2362 1291 2409 narrat
1345 2354 1548 2423 quibus
1591 2352 1772 2407 verbis
1815 2348 2022 2403 orando

450 2461 584 2500 usus
627 2445 717 2500 sit.

522 2562 686 2618 Vitas.
718 2563 773 2616 2.
820 2581 837 2614 ι
873 2562 1123 2627 Domine,
1174 2562 1342 2616 libera
1378 2561 1613 2614 animam
1650 2574 1826 2613 meam
1871 2572 1900 2610 a
1946 2556 2004 2609 Ia-

452 2655 560 2709 biis
594 2654 802 2723 iniquis
831 2664 885 2708 et
933 2670 963 2707 a
990 2654 1178 2724 lingua
1219 2653 1427 2707 dolosa.
1462 2671 1479 2703 ι
1521 2650 1783 2711 Obsecro,
1827 2647 1931 2712 ait,
1968 2656 2027 2700 ut

452 2746 522 2801 ab
552 2746 758 2815 injuste
782 2746 1191 2810 insidiantibus,
1214 2745 1530 2812 dolosisque
1552 2741 1833 2796 fraudibus
1862 2748 2024 2794 uten-

450 2832 600 2889 tibus
631 2848 720 2888 me.
746 2833 966 2890 liberes.
993 2833 1153 2889 Tales
1184 2840 1344 2888 erant
1366 2833 1401 2886 ii
1424 2832 1517 2901 qui
1539 2832 1610 2885 ob
1655 2828 2023 2899 precationem

452 2925 679 2995 laqueos
713 2924 920 2981 Danieli
957 2934 1277 2995 posuerunt,
1328 2924 1507 2980 acerbi
1555 2931 1899 2978 accusatores
1929 2934 2025 2974 eo-

452 3033 575 3072 rum
608 3018 700 3087 qui
735 3033 859 3073 eum
896 3017 1106 3071 Anania
1136 3027 1311 3072 erant.

2119 526 2466 595 ἀναϐαθμοὶ,
2513 523 2609 577 τοῦ
2658 516 3203 591 αίχμαλωτευθέντος
3259 513 3393 567 λαοῦ
3448 511 3552 581 τὴν
3601 511 3710 565 ἀπὸ

2120 617 2441 680 Βαϐυλῶνος
2488 613 2771 669 ἐπάνοδον.
2828 608 3121 682 Προειδυῖα
3167 606 3277 676 γὰρ
3319 605 3355 675 ἡ
3405 604 3573 675 χάρις
3616 602 3708 654 τοῦ

2118 711 2462 782 Πνεύματος,
2492 707 2591 763 καὶ
2621 706 2723 778 τὴν
2752 700 3155 774 αἰχμαλωσίαν,
3187 698 3284 751 καὶ
3309 698 3410 768 τὴν
3438 692 3711 763 ἐσομένην

2118 802 2457 874 ἐλευθερίαν,
2509 795 2808 854 καὶταῦτα
2842 795 3074 849 κάκεῖνα
3115 790 3418 862 προείρηκε
3452 801 3468 816 ⁸
3516 784 3711 837 κάκεί-

2120 912 2226 949 νων
2263 893 2534 963 ὠφέλειαν
2582 886 2981 961 μηχανωμένη,
3041 883 3138 936 καὶ
3172 883 3308 953 ἡμῖν
3351 878 3413 931 τὸ
3456 875 3711 930 ἐντεῦθεν

2120 983 2507 1057 προσφέρουσα
2553 980 2769 1051 κέρδος.
2803 978 2880 1031 Οὐ
2923 976 2993 1029 τὰ
3034 972 3175 1028 αὐτὰ
3220 972 3277 1024 δέ
3318 970 3555 1030 ἕκαστος
3600 967 3711 1020 τῶν

2119 1073 2453 1144 ἀναϐαθμῶν
2483 1067 2863 1143 προθεσπίζει,
2885 1065 3021 1131 ἀλλά
3050 1066 3079 1118 6
3098 1064 3196 1134 μὲν
3227 1061 3324 1125 τὰς
3347 1062 3405 1113 ἐν
3424 1058 3711 1118 Βαϐυλῶνι

2122 1166 2425 1239 συμφορὰς,
2445 1165 2474 1218 6
2504 1163 2563 1216 δέ
2592 1161 2694 1232 τῆς
2714 1158 2980 1215 ἐπανόδου
3008 1156 3078 1210 τά
3106 1154 3431 1225 εύαγγέλια’
3464 1153 3493 1205 ό
3524 1152 3583 1205 δέ
3612 1151 3709 1222 τὴν

2119 1258 2263 1313 κατά
2297 1257 2396 1328 τὴν
2428 1255 2548 1309 όδδν
2581 1251 2925 1324 εὐφροσύνην
2954 1267 2969 1281 ·
3004 1247 3161 1311 ἄλλος
3212 1247 3342 1310 τοὺς
3410 1244 3552 1315 μετά
3610 1242 3709 1312 τὴν

2119 1348 2376 1403 ἐπάνοδον
2391 1343 2798 1415 γεγενημένους
2816 1334 3111 1410 πολέμους*
3128 1336 3219 1389 ἐτε
3228 1351 3321 1406 ρος
3343 1333 3437 1386 τοῦ
3464 1331 3599 1385 ναοῦ
3610 1330 3709 1402 τὴν

2119 1439 2431 1509 οἰκοδομήν.
2458 1436 2568 1490 Καὶ
2597 1435 2659 1489 τὸ
2683 1431 2931 1487 ποικίλον
2960 1430 3062 1501 τῆς
3099 1424 3453 1499 προφητείας
3484 1422 3709 1487 ἐξελαύ·

2119 1550 2200 1585 νει
2243 1530 2339 1599 τῆς
2391 1526 2659 1598 μελῳδίας
2710 1524 2802 1577 τὸν
2848 1522 3032 1593 κόρον.
3065 1521 3337 1580 Ἕκαστος
3390 1516 3447 1568 δέ
3500 1514 3707 1567 τούτων

2119 1619 2521 1690 ἐσχημάτισται
2538 1615 2647 1669 τῶν
2674 1611 2906 1684 ψαλμῶν
2924 1612 3005 1675 είς
3023 1609 3115 1663 τὸν
3143 1608 3251 1661 τῶν
3272 1603 3587 1677 τηνικαῦτα
3615 1620 3706 1670 γε·

2120 1709 2435 1781 γενημένων
2456 1707 2627 1776 ἁγίων
2655 1706 2836 1777 χορόν.
2862 1700 3137 1763 Ἐκείνους
3169 1697 3277 1768 γὰρ
3306 1699 3336 1750 ό
3362 1693 3709 1767 προφητικὸς

2123 1800 2334 1868 εἰσάγει
2346 1798 2503 1867 λόγος
2518 1796 2586 1850 τά
2611 1795 2949 1867 προκείμενα
2961 1790 3245 1860 λέγοντας.
3264 1787 3320 1840 '0
3339 1785 3530 1856 μέντοι
3557 1783 3708 1854 πρῶ-

2124 1908 2212 1952 τος
2229 1890 2337 1943 τῶν
2355 1886 2711 1956 ἀναϐαθμῶν,
2735 1883 2833 1937 καὶ
2856 1882 2954 1947 τὰς
2973 1878 3259 1952 συμφορὰς
3280 1876 3587 1947 ἐξηγεῖται,
3614 1873 3709 1925 καὶ

2122 1982 2219 2053 τὴν
2246 1981 2397 2035 Θείαν
2425 1980 2735 2051 εὐμένειαν.
2769 1994 2788 2026 ι
2812 1974 2956 2046 Πρὸς
2979 1971 3183 2042 Κύριον
3221 1972 3278 2023 ἐν
3311 1968 3390 2039 τῷ
3420 1964 3706 2019 θλίϐεσθαί

2127 2092 2193 2145 με
2223 2073 2530 2143 ἐκέκραξα,
2562 2070 2656 2125 καὶ
2684 2065 2971 2139 είσήκουσέ
3014 2081 3138 2135 μου.
3173 2081 3192 2114 ι
3236 2061 3348 2113 Καὶ
3376 2058 3438 2111 τὸ
3476 2056 3707 2127 μέγεθος

2123 2166 2220 2235 τῆς
2258 2163 2413 2226 ἀνίας
2443 2161 2648 2225 ἐδίδαξε
2677 2159 2737 2211 τὺ
2769 2157 3090 2228 προοίμιον,
3121 2154 3216 2206 καὶ
3259 2151 3359 2222 τὴν
3401 2150 3505 2215 τῆς
3552 2148 3706 2209 θείας

2126 2255 2314 2322 φιλανθ
2327 2255 2536 2327 ρωπίας
2566 2250 2895 2322 ὑπερϐολήν.
2926 2246 3251 2314 Ἀνιὼμενος
3285 2242 3414 2310 γὰρ,
3445 2239 3616 2307 φησὶν
3639 2235 3704 2299 ’⁸ο

2124 2348 2348 2417 ἐδεήθην
2373 2344 2467 2399 τοῦ
2499 2342 2790 2404 Δεσπότου,
2814 2339 2911 2392 καὶ
2938 2339 3038 2407 τῆς
3064 2333 3349 2404 εὐμενείας
3374 2330 3703 2399 ἀπήλαυσα·

2126 2434 2242 2491 εἶτα
2267 2437 2417 2504 λέγει
2444 2436 2543 2487 καὶ
2573 2432 2714 2486 τίσιν
2744 2431 3014 2501 ἐχρήσατο
3038 2425 3221 2494 λόγοις
3248 2421 3527 2491 δεόμενος.

2198 2551 2262 2620 β’.
2304 2570 2322 2602 ι
2357 2547 2550 2617 Κύριε,
2609 2543 2768 2614 ῥῦσαι
2817 2541 2914 2611 τὴν
2944 2539 3123 2608 ψυχήν
3176 2552 3279 2605 μου
3313 2531 3423 2587 ἀπὸ
3481 2527 3706 2599 χειλέων

2126 2642 2352 2703 ἀδίκων,
2390 2639 2483 2691 καὶ
2521 2636 2632 2691 ἀπὸ
2663 2633 2913 2703 γλώσσης
2942 2629 3144 2687 δολίας.
3177 2645 3196 2676 ι
3246 2623 3521 2687 Ἱκετεύω,
3552 2620 3705 2691 φησὶ,

2126 2732 2233 2785 τῶν
2266 2731 2467 2793 ἀδίκως
2498 2724 2961 2782 ἐπιϐουλευόντων
3003 2720 3102 2777 καὶ
3136 2718 3380 2788 δολεραῖς
3419 2711 3705 2783 κεχρημέ-

2127 2841 2232 2877 νων
2275 2821 2514 2883 ἀπάταις
2547 2816 2949 2885 ἀπαλλαγῆναι.
2982 2808 3227 2864 Τοιοῦτοι
3248 2809 3294 2840 ’⁷
3330 2802 3477 2876 ἦσαν
3505 2803 3639 2872 περὶ
3660 2802 3705 2834 ⁸⁸

2127 2917 2226 2986 τῆς
2270 2914 2436 2983 εὐχῆς
2476 2910 2660 2976 πάγας
2688 2906 2766 2979 τῷ
2798 2903 2997 2975 Δανιὴλ
3040 2898 3366 2960 τεθεικότες,
3417 2896 3467 2949 οἱ
3517 2894 3709 2967 πικροὶ

2125 3006 2235 3059 τῶν
2266 3004 2408 3057 κατὰ
2432 3002 2520 3056 τὸν
2554 3000 2806 3054 Ἀνανίαν
2833 2996 3151 3066 κατήγοροι.

525 3128 691 3184 Vsus.
717 3130 772 3195 5,
805 3129 859 3182 4.
890 3148 908 3180 ι
945 3129 1083 3194 Quid
1116 3129 1274 3183 detur
1295 3127 1415 3190 tibi,
1437 3135 1530 3181 aut
1564 3125 1693 3195 quid
1723 3129 2025 3193 apponatur

2202 3113 2274 3183 γ’,
2298 3113 2360 3167 δ’.
2391 3132 2409 3164 ι
2440 3111 2507 3165 Τί
2536 3109 2711 3180 δοθείη
2752 3126 2854 3171 σοι,
2875 3105 2985 3160 καὶ
3014 3104 3066 3157 τί
3102 3100 3424 3172 προστεθείη
3454 3116 3540 3151 σοι
3573 3097 3710 3166 πρὸς

454 3222 553 3277 tibi
599 3222 668 3276 ad
704 3221 945 3289 linguam
978 3220 1266 3275 dolosam?
1311 3218 1532 3290 Sagittae
1565 3216 1799 3287 potentis
1833 3225 2026 3277 acuta',

454 3330 579 3369 cum
615 3314 949 3369 carbonibus
986 3314 1354 3368 desolaloriis.
1386 3331 1406 3365 ι
1443 3310 1625 3366 Gratia
1664 3306 1891 3376 spiritus
1925 3305 2032 3359 hoc

457 3404 511 3455 in
538 3403 659 3457 loco
688 3410 982 3457 maerentes
1012 3402 1353 3465 consolatur,
1384 3408 1439 3454 et
1468 3399 1670 3469 justam
1702 3394 2030 3451 sententiam

455 3494 868 3563 pronuntiatam
908 3494 963 3546 in
997 3508 1095 3548 eos
1141 3493 1233 3562 qui
1288 3492 1429 3547 dolis
1471 3500 1721 3553 utuntur,
1761 3487 1921 3541 tacite
1951 3486 2032 3538 in-

456 3584 595 3639 nuit.
643 3582 778 3637 Nam
828 3590 1086 3651 potentem
1138 3583 1356 3651 quidem
1427 3581 1807 3635 universorum
1859 3575 2029 3630 Deum

456 3682 643 3731 vocat:
690 3674 919 3744 sagittas
973 3689 1103 3729 vero
1131 3674 1376 3741 potentis,
1411 3670 1803 3742 suppliciorum
1840 3667 2035 3723 celeri-

460 3772 650 3828 tatem,
706 3777 805 3831 per
838 3762 1215 3832 metaphoram
1268 3762 1489 3831 petitam
1543 3776 1572 3813 a
1629 3758 1861 3828 sagittis,
1911 3771 2035 3826 qua;

459 3854 808 3919 emittuntur,
840 3863 894 3909 et
920 3852 1080 3909 facile
1105 3869 1286 3908 aerem
1320 3862 1528 3907 secant.
1565 3850 1827 3906 Carbone:
1850 3857 2032 3904 autem

460 3951 812 4005 desolatorios
847 3956 1007 4004 vocat
1053 3946 1303 4016 supplicii
1347 3944 1559 4016 1483
1600 3941 2031 4005 vehementiam,

459 4052 516 4097 et
564 4040 1059 4110 consumptionem,
1117 4047 1171 4093 et
1234 4036 1649 4091 desolationem.
1709 4031 2035 4103 Hujusmodi

459 4132 605 4187 etiim
628 4138 715 4187 est
746 4140 941 4185 natura
967 4129 1110 4200 ignis
1142 4148 1154 4181 :
1186 4127 1343 4197 quasi
1364 4126 1510 4181 dicat
1534 4146 1546 4179 :
1569 4125 1645 4179 Ne
1670 4125 1912 4178 animum
1937 4122 2035 4177 de-

462 4220 736 4293 spondeas
769 4223 838 4276 ab
872 4221 1059 4290 iniqua
1090 4220 1274 4290 lingua
1312 4231 1628 4288 percussus,
1664 4221 1853 4286 parata
1886 4212 2033 4268 enim

462 4322 594 4386 sunt
628 4313 893 4383 supplicia
929 4329 960 4367 a
995 4312 1145 4379 justo
1174 4309 1360 4378 judice
1390 4308 1615 4372 emissa,
1660 4322 1783 4375 quae
1814 4306 2037 4375 sagitta-

2133 3207 2385 3275 γλῶσσαν
2406 3204 2589 3257 δολίαν
2606 3220 2620 3268 ;
2638 3200 2721 3253 Τά
2742 3199 2870 3270 βέλη
2890 3196 2983 3249 τοῦ
3004 3192 3232 3248 δυνατοῦ
3248 3190 3591 3262 ἠκονημένα,
3616 3190 3711 3242 σὺν

2132 3298 2246 3359 τοῖς
2269 3290 2498 3363 ἄνθραξι
2518 3291 2631 3352 τοῖς
2658 3288 2944 3360 ἐρημικοῖς
2969 3285 3036 3337 ’⁸.
3069 3303 3087 3335 ›
3132 3282 3193 3335 Ἠ
3221 3281 3381 3352 χάρις
3405 3279 3500 3332 τοῦ
3538 3278 3713 3331 Πνεύ-

2136 3403 2302 3458 ματος
2334 3382 2568 3437 ἐνταῦθα
2587 3381 2714 3442 τοὺς
2740 3376 3084 3447 ἀθυμοῦντας
3112 3374 3467 3444 ψυχαγωγεῖ,
3490 3372 3588 3423 καὶ
3613 3370 3711 3439 τὴν

2131 3477 2344 3531 δικαίαν
2370 3474 2551 3545 ψῆφον
2578 3469 2955 3524 ὑποδείκνυσιν
3002 3466 3381 3537 ἐκφερομένην
3430 3462 3577 3517 κατά
3603 3461 3712 3513 τῶν

2134 3563 2487 3635 κεχρημένων
2506 3559 2585 3631 τῷ
2602 3559 2759 3628 δόλῳ.
2780 3555 3049 3611 Δυνατὸν
3070 3555 3167 3625 μέν
3190 3552 3300 3623 γὰρ
3320 3551 3480 3605 καλεῖ
3493 3551 3586 3603 τὸν
3604 3548 3713 3602 τῶν

2132 3657 2267 3709 ὅλων
2284 3654 2435 3706 Θεόνο
2451 3652 2608 3718 βέλη
2626 3650 2681 3703 δὲ
2698 3646 3097 3712 δυνατοῦ,τῶν
3111 3642 3393 3715 τιμωριῶν
3409 3641 3511 3713 τὴν
3526 3639 3716 3710 ὀξύτη-

2135 3764 2202 3799 τα
2224 3762 2239 3777 ⁸
2266 3746 2331 3798 ἐκ
2350 3743 2660 3814 μεταφορᾶς
2686 3741 2797 3792 τῶν
2820 3736 3120 3808 ἐφιεμένων
3139 3737 3156 3767 ¹
3178 3733 3370 3804 βελῶν,
3394 3733 3491 3786 καὶ
3515 3730 3714 3802 ῥαδίως

2136 3838 2226 3890 τὸν
2248 3837 2384 3906 ἀέρα
2406 3831 3069 3905 τεμνόντων.¹¹Ανθρακας
3091 3827 3149 3881 δὲ
3167 3824 3508 3896 ἐρημικοὺς,
3529 3827 3592 3877 τὸ
3616 3822 3716 3892 τῆς

2135 3927 2404 3999 τιμωρίας
2450 3924 2677 3996 σφοδρόν
2711 3939 2795 3987 τε,
2822 3922 2914 3974 καὶ
2949 3917 3338 3988 δαπανητικδν,
3373 3915 3469 3969 καὶ
3509 3918 3716 3986 ἐρημο-

2137 4019 2306 4073 ποιόν.
2325 4016 2562 4086 Τοιαύτη
2592 4014 2701 4086 γὰρ
2731 4011 2825 4067 τοῦ
2849 4011 3021 4083 πυρὸς
3042 4012 3076 4081 η
3104 4009 3291 4077 φύσις
3323 4006 3447 4060 ἀντὶ
3470 4003 3591 4069 τοῦ,
3627 4003 3716 4070 Μὴ

2137 4110 2238 4164 ἀθύ
2247 4126 2335 4180 μει
2351 4107 2456 4161 ύπό
2469 4107 2568 4176 τῆς
2582 4105 2767 4159 ἀδίκου
2784 4103 3026 4173 γλώττης
3045 4098 3389 4171 βαλλόμενος·
3404 4095 3715 4166 εὐτρεπεῖς⁸

2138 4198 2246 4268 γὰρ
2281 4198 2337 4249 αί
2377 4195 2525 4265 παρὰ
2552 4194 2645 4248 τοῦ
2674 4192 2884 4247 δικαίου
2927 4188 3117 4263 κριτοῦ
3150 4186 3508 4257 πεμπόμεναι
3543 4201 3715 4253 τιμω-

2145 4286 2278 4357 ρίαι,
2316 4285 2410 4337 καί¹
2436 4282 2605 4352 βελῶν
2637 4280 2893 4351 ὀξύτητα,
2926 4279 3020 4332 καὶ
3043 4275 3333 4345 ἀνθράκων
3365 4270 3717 4344 ἐρημοποιῶν

461 4421 584 4460 rum
624 4404 984 4468 celeritatem,
1021 4410 1076 4458 et
1103 4402 1400 4458 carbonum
1433 4398 1889 4455 desolatoriorum
1925 4397 2025 4451 vim

2143 4378 2476 4448 μιμούμεναι
2509 4375 2605 4445 τὴν
2638 4375 2938 4443 ἐνέργειαν.

462 4496 766 4551 imitantur.

534 4609 554 4631 ⁴
582 4605 748 4661 Vens.
786 4605 839 4661 5.
878 4622 897 4656 ι
936 4602 1049 4659 Heu
1088 4602 1255 4657 mihi!
1285 4601 1413 4671 quia
1436 4598 1704 4654 incolatus
1728 4612 1882 4652 meus
1909 4611 2033 4667 pro-

464 4699 719 4767 longatus
747 4704 850 4751 est.
887 4712 906 4746 ι
939 4693 1086 4760 Hac,
1116 4693 1213 4759 ait,
1251 4691 1496 4747 dicebam
1545 4702 1736 4758 preces
1775 4686 2034 4750 fundens,

464 4800 519 4843 et
546 4804 671 4843 cum
703 4788 803 4841 has
837 4786 1106 4855 benignus
1144 4784 1474 4844 exaudisset,
1525 4780 1783 4835 misertus
1810 4787 1912 4834 est.
1942 4776 2038 4831 In-

467 4880 698 4934 colatum
738 4887 919 4933 autem
963 4887 1141 4942 vocat,
1195 4878 1248 4931 in
1295 4875 1473 4929 aliena
1532 4880 1679 4926 terra
1721 4870 2033 4926 stationem.

469 4971 823 5042 Septuaginta
852 4969 1052 5039 quippe
1086 4982 1356 5021 annorum
1391 4974 1608 5033 tempus
1636 4963 1759 5033 jure
1789 4961 2039 5015 nomina-

469 5074 559 5117 tur
586 5064 930 5117 diuturnum.
966 5060 1194 5115 Tantam
1240 5059 1382 5114 enim
1418 5056 1711 5128 perfectam
1751 5054 2037 5108 hominum

468 5154 634 5207 vitam
685 5150 956 5222 Propheta
1008 5150 1139 5204 dicit
1183 5162 1325 5203 esse.
1385 5166 1403 5198 ι
1444 5145 1569 5200 Dies
1610 5144 1778 5207 enim,
1828 5143 2037 5212 inquit,

2216 4606 2273 4651 ε’.
2318 4617 2334 4649 ι
2371 4598 2439 4649 Οἵ
2479 4613 2590 4665 μοι,
2639 4595 2722 4647 ὅτι
2777 4596 2809 4663 ἡ
2864 4591 3125 4663 παροικία
3180 4606 3279 4659 μου
3338 4585 3714 4659 ἑμακρύνθη.»

2143 4688 2349 4751 Ταῦτα,
2399 4685 2583 4754 φησὶν,
2635 4684 2820 4751 ελεγον
2866 4680 3319 4751 προσευχόμενος,
3370 4677 3466 4729 καὶ
3518 4675 3723 4728 τούτων

2146 4777 2386 4839 ἀκούσας
2405 4778 2432 4829 ό
2460 4775 2842 4845 φιλάνθρωπος
2864 4773 3119 4842 ᾤκτειρε,
3142 4770 3461 4837 παροικίαν
3481 4767 3541 4819 δέ
3567 4765 3723 4818 καλεῖ

2144 4868 2244 4939 τὴν
2276 4869 2334 4921 ἐν
2363 4870 2429 4938 τῇ
2476 4865 2734 4937 ἀλλοτρίᾳ
2765 4865 3066 4935 διαγωγήν.
3111 4863 3169 4916 Ὀ
3212 4862 3268 4914 δέ
3320 4856 3726 4926 ἑϐδομηκοστὸς

2146 4961 2337 5032 χρόνος
2376 4959 2587 5031 μακρὸς
2630 4958 2858 5020 εἰκότως
2901 4956 3214 5026 νενόμισται
3245 4970 3260 4985 ο
3307 4952 3584 5020 τοσαύτην
3615 4949 3723 5018 γὰρ

2146 5053 2245 5122 τὴν
2280 5049 2489 5105 τελείαν
2522 5050 2631 5102 τῶν
2668 5047 2972 5119 ἀνθρώπων
3005 5048 3034 5099 ό
3065 5047 3354 5117 Προφήτης
3398 5042 3505 5113 ἔφη
3536 5043 3682 5110 ζωήν
3702 5054 3721 5072 ·

2156 5163 2175 5195 ι
2217 5145 2279 5195 Αἱ
2322 5145 2524 5213 ἡμέραι
2554 5143 2682 5214 γὰρ,
2727 5141 2881 5211 φησὶ,
2918 5140 3027 5194 τῶν
3065 5140 3200 5193 ἐτῶν
3242 5137 3398 5209 ἡμῶν
3442 5139 3501 5190 ἐν
3541 5138 3721 5199 αὑτάς

1607 5386 1836 5444 νΑιιιλΕ
1875 5386 2254 5443 LECTIONES
2291 5386 2375 5439 ET
2420 5384 2653 5440 NOTAE.

541 5557 585 5587 9‘
612 5557 825 5621 Φησίγ.
862 5556 1028 5610 Abest
1079 5570 1108 5608 a
1152 5556 1271 5609 cod.
1306 5554 1356 5608 Ι.
1416 5545 1481 5587 ’³⁷
1522 5554 1805 5610 Τοιοῦτοι.
1844 5554 1963 5608 cod.
2000 5555 2023 5608 1
2067 5546 2212 5604 οὗτοι
2243 5553 2316 5604 δέ.

472 5625 637 5680 Hebr.
668 5625 1064 5696 Juniperorum,
1085 5641 1143 5696 is.
1173 5626 1528 5696 genislarum.
1567 5626 1709 5694 Aqu.
1742 5623 2025 5696 ἁρκευθίνο

2144 5624 2158 5653 ⁸
2199 5623 2338 5696 cod.“
2398 5622 2545 5696 empta
2557 5620 2749 5696 μένων.

2395 5551 2439 5581 ⁵³⁸
2473 5550 2631 5617 Περί.
2683 5550 2754 5603 ib.
2800 5564 2988 5617 praem.
3032 5551 3077 5599 οἱ
3112 5548 3226 5608 τάς.
3282 5547 3351 5617 7"
3385 5545 3522 5617 Τοῖς
3558 5560 3719 5613 ερημ.

2832 5623 2850 5649 ²
2881 5617 3217 5685 [iuvene-7c.
3251 5616 3403 5671 lianc
3438 5616 3721 5671 lectionem

472 5697 729 5753 debemus
758 5690 884 5752 cud.
937 5696 981 5749 l.
1008 5690 1364 5752 l’rior'leclio
1420 5704 1536 5752 erat
1587 5690 1899 5767 εὖπρετὲετς.
1925 5690 2081 5749 Conf.
2115 5707 2236 5763 pag.
2286 5691 2436 5755 1382,
2477 5707 2528 5744 n.
2559 5691 2611 5745 8.
