3996 6488
254 304 397 370 1877

1645 312 1729 373 IN
1774 313 1979 374 PSAL.
2038 313 2207 375 CXX.

3389 310 3525 409 13:8

250 420 631 491 ἐϐδομήκοντα
673 418 790 490 ἐτη.
825 439 842 473 ι
884 449 955 460 -
1004 437 1031 471 ιη
1077 420 1489 493 Κατεσκήνωσα
1549 424 1693 492 μετά
1739 424 1847 475 τῶν

1958 438 2222 479 annorum
2271 429 2588 478 nostrorum
2637 420 2690 477 in
2728 422 2865 493 ipsis
2893 422 3233 493 septuaginta
3271 422 3397 475 anni
3423 430 3472 475 γ.
3507 440 3549 479 ι,

249 514 633 583 σκηνωμάτων
685 512 898 583 Κηδάρ.
951 530 969 565 ι
1052 513 1111 566 ὐ
1161 512 1362 583 Κηδὰρ
1430 513 1681 585 δεύτερος
1749 514 1844 567 τοῦ

261 603 497 674 ’ἰσμαὴλ
536 603 671 671 υίὸς,
702 605 750 657 oi
799 604 857 658 δέ
903 603 1093 658 τούτου
1123 605 1383 674 ἀπόγονοι
1421 605 1482 659 ού
1514 605 1708 677 πόρῤω
1744 606 1845 678 τῆς

255 695 583 758 Βαϐυλῶνος
605 694 767 767 μέχρι
786 696 1028 767 τήμερον
1048 696 1407 765 ἐσκήνωνται.
1426 696 1649 768 Ἐπειδῆ
1664 697 1845 751 τοίνυν

253 789 465 843 ἄνωθεν
500 788 760 853 ἐναντίως
785 789 1109 860 διετέθησαν
1159 790 1299 860 πρὸς
1325 789 1589 864 ἀλλήλους
1614 808 1628 824 ·
1666 808 1685 842 ι
1717 790 1846 844 ’Έκ-

247 880 384 934 ϐαλε
416 882 548 953 γάρ,
586 883 740 951 φησὶ,
770 882 872 952 τὴν
900 882 1217 953 παιδίσκην,
1247 882 1458 936 καὶτὸν
1494 882 1608 935 υἱὸν
1631 882 1802 954 αὐτῆς
1826 897 1841 912 ·

246 973 311 1026 ού
340 973 455 1044 γάρ
492 974 569 1045 μὴ
614 973 1002 1045 κληρονομήσῃ
1030 976 1058 1028 6
1087 975 1201 1037 υίὸς
1237 974 1341 1043 τῆς
1374 973 1668 1043 παιδίσκης
1706 972 1845 1043 μετὰ

249 1063 346 1117 τοῦ
390 1064 508 1117 υίοῦ
542 1081 645 1135 μου
690 1065 876 1118 Ἰσαάκ
910 1081 923 1095 ·
956 1065 1186 1128 εἰκότως
1230 1067 1372 1134 σφᾶς
1412 1064 1609 1129 αὐτοὺς
1644 1064 1843 1132 ὀλοφύ-

255 1171 470 1225 ρονται,
500 1154 576 1219 ὡς
598 1154 696 1225 τῆς
728 1154 827 1225 μὲν
850 1155 1126 1225 προτέρας
1150 1155 1477 1218 ἐκπεσόντες
1507 1153 1841 1224 ἐλευθερίας,

256 1249 432 1316 ἐγγὺς
474 1247 531 1301 δέ
576 1247 684 1301 τῶν
734 1247 1040 1319 ήμιδούλων
1083 1247 1384 1317 διάγοντες,
1431 1247 1528 1302 καὶ
1569 1246 1844 1300 δουλεύειν

247 1339 693 1410 ἠναγκασμένοι.
879 1334 885 1341 ’

320 1441 402 1499 ς’.
428 1452 448 1486 ι
468 1434 647 1488 Πολλά
659 1434 1041 1506 παρῴκησενή
1064 1434 1208 1505 ψυχή
1230 1450 1353 1504 μου.
1380 1432 1655 1503 ιΜακρδς,
1684 1436 1844 1503 φησὶ,

245 1530 349 1599 τῆς
388 1528 682 1602 παροικίας
711 1530 740 1581 6
772 1528 983 1599 χρόνος.
1035 1547 1054 1580 ι
1090 1528 1250 1581 Μετὰ
1273 1527 1385 1581 τῶν
1410 1526 1714 1597 μισούντων
1746 1526 1846 1597 τὴν

247 1620 480 1691 εἰρήνην
512 1620 661 1690 ήμην
692 1618 969 1689 εἰρηνικός
1002 1634 1018 1649 ο
1053 1618 1181 1670 ὅταν
1212 1616 1436 1670 ἐλάλουν
1479 1618 1684 1684 αὐτοῖς,
1714 1620 1845 1670 ἐπο-

246 1710 457 1780 λέμουν
506 1726 574 1779 με
614 1708 825 1779 δωρεάν
840 1709 883 1763 ³.
939 1726 956 1758 ι
995 1707 1261 1761 Ἐνταῦθα
1300 1707 1440 1777 μένδ
1479 1706 1842 1761 Βαϐυλωνίων

161 1804 164 1806 ⁷
252 1802 567 1872 μοχθηρίαν
587 1799 828 1855 διδάσκει
850 1815 864 1830 ⁸
890 1798 1044 1858 οὐδὲν
1071 1800 1200 1870 γὰρ,
1231 1801 1415 1870 φησιν,
1441 1799 1661 1869 ἔχοντες
1684 1801 1843 1868 ἐγκαι-

249 1895 367 1946 λεῖν
392 1892 772 1959 ἐπεϐούλευον,
802 1893 896 1946 καὶ
925 1894 1036 1956 τοῖς
1064 1892 1288 1964 εἰρήνην
1323 1892 1730 1963 ἀσπαζομένοις
1767 1892 1843 1955 ὼς

254 1986 548 2058 πολεμίοις
576 1985 884 2057 ἐχρήσαντο
902 2020 915 2036 .

577 2176 843 2233 EPMHN.
885 2178 1021 2232 ΤΟΥ
1057 2177 1165 2233 ΡΚ⁹
1204 2179 1526 2234 ΨΑΛΜΟΥ.

334 2307 355 2341 ι
380 2290 500 2362 ’ῼδὴ
546 2292 653 2344 τῶν
701 2292 1057 2363 ἀναϐαθμῶν.
1101 2313 1120 2346 ι
1162 2295 1287 2358 Τοῖς
1329 2297 1388 2349 ἐν
1429 2295 1713 2349 Βαϐυλῶνι
1764 2296 1843 2350 ἔτι

256 2380 508 2448 διάγουσι
538 2384 633 2435 καὶ
666 2377 822 2446 οὗτος
850 2384 1163 2456 πρόσφορος
1187 2387 1215 2438 6
1244 2385 1479 2455 ψαλμός.

331 2481 401 2527 α’.
445 2472 625 2545 ιἮρα
653 2477 779 2539 τοὺς
807 2475 1118 2546 ὀφθαλμούς
1149 2495 1253 2547 μου
1270 2481 1347 2542 εἰς
1363 2480 1431 2533 τά
1449 2479 1573 2552 ὅρη,
1590 2482 1710 2535 ὅθεν
1728 2481 1844 2553 ἥξει

260 2566 295 2634 ὴ
329 2566 556 2637 βοήθειά
581 2585 706 2638 μου.
742 2587 761 2620 ι
814 2568 952 2621 Ὑπὸ
983 2568 1191 2622 πολλῶν
1226 2570 1317 2624 καὶ
1350 2573 1705 2627 παντοδαπῶν
1743 2590 1844 2625 πε-

264 2659 729 2729 ριστοιχιζόμενος
772 2660 1059 2730 ἀλγεινῶν,
1092 2662 1395 2717 πάντοθεν⁸
1433 2666 1698 2736 περιῆγον
1719 2667 1845 2729 τοὺς

261 2749 595 2821 ὀφθαλμοὺς,
628 2752 950 2822 ἐπικουρίας
979 2752 1122 2817 τινὸς
1154 2754 1465 2809 ἀπολαῦσαι
1489 2756 1692 2809 ποθῶν.

332 2841 400 2912 β’.
441 2862 460 2895 ι
516 2844 577 2896 Ἥ
610 2842 833 2915 βοήθειά
866 2862 968 2915 μου
1008 2845 1159 2917 παρά
1202 2846 1431 2917 Κυρίου,
1460 2847 1555 2900 τοῦ
1586 2851 1845 2918 ποιήσαν-

262 2951 353 2998 τος
385 2936 477 2990 τὸν
518 2938 749 3007 οὐρανὸν
788 2938 885 2991 καὶ
924 2938 1023 3009 τὴν
1072 2940 1196 3010 γῆν.
1232 2958 1251 2990 ιι
1300 2939 1440 2992 Ἀλλ’
1484 2936 1602 2993 οἶδα
1643 2941 1718 3005 ὼς
1748 2940 1845 2994 άν-

264 3027 547 3100 θρωπίνης
580 3029 677 3099 μὲν
708 3029 970 3100 οὐδεμιᾶς
997 3032 1170 3102 ῥοπῆς
1197 3032 1513 3095 ἀπολαύσω,
1542 3033 1757 3104 ἀπόχρη
1787 3032 1843 3086 δέ

267 3136 360 3187 μοι
393 3120 533 3190 μόνη
557 3120 654 3174 τοῦ
683 3120 819 3174 Θεοῦ
848 3123 881 3192 ή
908 3121 1189 3192 εὐμένεια.
1218 3124 1327 3176 Καὶ
1358 3123 1572 3187 δεικνὺς
1590 3124 1691 3193 τῆς
1715 3122 1843 3195 βοη-
1870 3108 1912 3165 C

264 3210 416 3274 θείας
444 3197 505 3264 τὸ
534 3212 758 3266 δυνατὸν
796 3214 1078 3283 ἐπήγαγε’
1112 3231 1131 3265 ι
1157 3214 1263 3266 Τοῦ
1295 3216 1623 3284 ποιήσαντος
1649 3214 1740 3268 τὸν
1756 3215 1847 3267 οὐ-

265 3302 428 3373 ρανὸν
446 3303 540 3357 καὶ
560 3304 658 3375 τὴν
686 3304 841 3375 γῆν.»
867 3305 923 3357 '0
953 3304 1061 3375 γὰρ
1087 3304 1260 3358 ταῦτα
1282 3306 1688 3375 τεκτηνάμενος
1703 3304 1846 3375 λόγῳ

267 3394 451 3456 ἱκανὸς
480 3395 784 3464 ἐπαρκέσαι
829 3394 1019 3466 κάμοί.
1066 3395 1348 3450 Ἐντεῦθεν
1396 3397 1583 3460 αὐτοῖς
1620 3395 1683 3449 τὸ
1713 3412 1847 3467 πρα-

265 3483 422 3538 κτέον
455 3487 483 3538 6
511 3486 803 3557 Προφήτης
826 3486 1121 3557 ἐξηγεῖται.

334 3583 408 3646 γ’.
457 3595 476 3629 ι
517 3578 609 3650 Μὴ
639 3578 752 3651 δῴη
774 3581 795 3611 ⁸
827 3584 907 3643 είς
936 3580 1101 3635 σάλον
1124 3581 1216 3635 τὸν
1245 3581 1383 3637 πόδα
1429 3599 1546 3649 σου,
1592 3583 1729 3654 μηδέ
1760 3600 1849 3636 νυ-

268 3666 441 3742 στάξῃ
468 3672 497 3724 6
540 3671 832 3741 φυλάσσων
875 3690 956 3726 σε.
994 3692 1012 3725 ι
1052 3674 1115 3727 Εἰ
1152 3675 1378 3745 μείνοις,
1414 3678 1572 3745 φησὶ,
1622 3676 1848 3746 βεϐαίαν

267 3761 405 3832 ἔχων
436 3763 517 3826 είς
551 3764 715 3818 αὐτὸν
745 3765 843 3836 τὴν
872 3766 1083 3830 ἐλπίδα,
1109 3768 1291 3837 πάσης
1326 3770 1459 3835 παρ’
1487 3769 1652 3821 αὐτοῦ
1683 3768 1849 3841 τεύξῃ

267 3853 617 3923 κηδεμονίας.
651 3855 725 3908 Τὸ
755 3856 962 3927 μέντοι,
1001 3874 1020 3909 ι
1074 3859 1149 3912 Ού
1201 3860 1439 3933 νυστάξῃ
1487 3862 1516 3913 6
1559 3859 1848 3929 φυλάσσων

159 4003 166 4012 ε
268 3962 350 4010 σε,
385 3963 405 3997 ι
444 3945 807 4017 ἀνθρωπίνως
852 3947 1119 4016 τέθεικεν,
1156 3951 1221 4003 ἐκ
1252 3954 1568 4023 μεταφορᾶς
1605 3953 1714 4005 τῶν
1756 3954 1848 4006 καὶ

266 4036 522 4106 ποίμνια,
552 4039 650 4091 καὶ
682 4042 991 4111 στρατείας,
1010 4045 1108 4098 καὶ
1125 4042 1312 4108 πόλεις
1342 4045 1617 4116 ἐπιμελῶς
1644 4045 1849 4115 φυλατ-

265 4130 621 4186 τόντων.”υτι
657 4134 764 4204 γάρ
798 4136 1014 4208 ἀπαθής
1047 4138 1079 4208 ἡ
1112 4136 1229 4191 θεία
1258 4138 1438 4208 φύσις,
1471 4138 1560 4193 διὰ
1590 4139 1697 4193 τῶν
1725 4139 1849 4191 ἐπι-

267 4224 587 4294 φερομένων
620 4225 911 4297 ἐδήλωσεν.

1947 546 2016 555 —
2067 534 2086 567 ι
2122 513 2374 569 Habitavi
2430 529 2556 568 cum
2611 513 2989 569 habitantibus
3051 512 3248 568 Cedar.
3293 530 3311 565 ι
3356 510 3531 566 Cedar
3580 570 3589 577 ,

1948 606 2221 662 secundus
2253 606 2501 662 lsmaelis
2532 605 2677 661 [ilius
2710 605 2809 661 fuit
2846 625 2860 661 :
2895 605 3097 672 posteri
3150 612 3334 658 autem
3368 603 3530 659 istius

1947 712 2055 752 non
2092 698 2254 768 longe
2298 698 2368 753 ab
2412 700 2550 753 urbe
2583 698 2875 769 Babylonis
2908 713 3081 767 usque
3110 696 3163 750 in
3201 695 3529 750 hodiernum
3586 726 3587 733 η

1946 787 2089 842 diem
2125 788 2391 843 habitant.
2422 788 2690 855 Quoniam
2721 790 2888 859 igitur
2911 804 2939 843 a
2971 787 3241 859 principio
3273 786 3528 841 infestam

1946 880 2117 934 vitam
2150 880 2380 935 invicem
2410 881 2684 937 ducebant
2712 898 2727 936 :
2768 900 2785 934 ι
2825 882 2974 953 Ejice
3004 882 3175 945 cnim,
3205 880 3403 950 inquit,
3435 894 3533 933 an-

1946 972 2126 1028 cillam
2172 980 2227 1027 et
2273 972 2442 1027 lilium
2482 974 2635 1045 ejus,
2674 989 2784 1028 non
2831 976 2935 1029 erit
2977 974 3124 1028 enim
3166 972 3341 1027 haeres
3389 971 3530 1027 illius

1947 1065 2161 1119 ancillae
2217 1080 2343 1119 cum
2398 1064 2512 1120 ﬁlio
2558 1081 2682 1120 meo
2730 1065 2881 1120 Isaac
2928 1074 2983 1131 ll;
3018 1083 3036 1116 ι
3075 1064 3273 1118 merito
3320 1062 3533 1131 seipscs

1947 1154 2252 1225 deplorant,
2285 1164 2345 1210 ut
2382 1158 2475 1227 qui
2519 1172 2586 1212 ex
2628 1157 2857 1227 pristina
2900 1156 3150 1210 libertate
3192 1154 3528 1217 exciderant,

1946 1255 2000 1300 et
2029 1262 2195 1316 prope
2233 1247 2563 1304 semiservos
2608 1248 2964 1313 habitabant,
3016 1253 3071 1302 et
3117 1246 3330 1301 servire
3371 1260 3532 1316 coge-

1948 1338 2175 1393 bantur.

2019 1430 2184 1487 Vsus.
2233 1433 2285 1488 6.
2341 1451 2358 1483 ι
2400 1418 2517 1487 1am
2556 1433 2649 1489 diu
2696 1432 2877 1489 incola
2929 1431 3032 1486 fuit
3084 1431 3267 1485 anima
3322 1444 3461 1483 mea.
3502 1447 3522 1481 ι

1947 1521 2213 1593 Longum,
2244 1523 2439 1592 inquit,
2466 1532 2549 1578 est
2579 1523 3040 1595 peregrinationis
3068 1530 3304 1591 tempus.
3339 1540 3355 1572 ι
3388 1518 3525 1575 Cum

1948 1614 2032 1669 his
2067 1618 2159 1683 qui
2201 1614 2435 1669 oderunt
2462 1631 2673 1685 pacem,
2712 1630 2861 1670 eram
2924 1614 3221 1684 paciﬁcus;
3259 1612 3303 1668 si
3339 1611 3529 1680 loque-

1949 1705 2046 1760 bar
2082 1722 2207 1761 cum
2261 1707 2391 1771 illis,
2434 1707 2828 1779 impugnabant
2876 1721 2965 1761 me
3000 1706 3193 1776 gratis.
3235 1723 3253 1756 ι
3307 1702 3421 1757 Hoc
3472 1705 3525 1755 in

1947 1800 2070 1854 loco
2119 1799 2547 1871 Babyloniorum
2605 1799 2930 1871 pravitatem
2974 1798 3134 1853 docet
3166 1815 3181 1852 :
3215 1812 3341 1852 cum
3378 1795 3523 1849 enim

1946 1892 2103 1957 nihil,
2146 1893 2242 1957 ait,
2297 1892 2537 1962 objiccre
2581 1900 2828 1961 possent,
2890 1889 3105 1945 insidiis
3158 1888 3433 1959 petebant,
3476 1896 3530 1938 et

1947 1983 2014 2037 iis
2048 1984 2139 2053 qui
2187 1998 2375 2053 pacem
2420 1982 2912 2053 amplectebantur,
2942 1981 3093 2037 velut
3122 1978 3374 2035 hostibus
3406 1986 3527 2031 ute-

1944 2075 2166 2131 bantur.

2222 2186 2438 2261 1484
2473 2185 2745 2242 INTERP.
2790 2185 3041 2241 PSALMI
3080 2184 3244 2243 CXX.

2022 2319 2041 2354 ι
2076 2300 2362 2356 Canticum
2397 2301 2690 2371 graduum.
2735 2319 2752 2352 ι
2790 2298 2887 2355 His
2919 2300 3012 2370 qui
3042 2299 3313 2371 Babylone
3342 2300 3525 2356 adhuc

1946 2395 2216 2465 degebant
2245 2394 2413 2448 etiam
2450 2392 2539 2447 hic
2576 2392 2819 2462 psalmus
2848 2392 3127 2446 convenit.

2020 2485 2184 2540 Vens.
2221 2485 2271 2537 1.
2321 2505 2339 2536 ι
2382 2483 2581 2538 Levavi
2619 2484 2812 2538 oculos
2843 2497 2993 2537 meos
3018 2484 3085 2536 ad
3115 2490 3350 2545 montes,
3384 2481 3526 2537 unde

1944 2576 2126 2631 veniet
2156 2575 2420 2629 auxilium
2463 2575 2619 2629 mihi.
2650 2594 2669 2627 ι
2726 2575 2772 2627 Α
2821 2574 3014 2629 multis
3055 2572 3338 2642 variisque
3372 2574 3525 2628 ρεια-

1946 2666 2229 2722 mitatibus
2263 2667 2502 2733 cinctus,
2559 2666 2764 2735 ubique
2813 2666 3005 2722 oculos
3038 2664 3521 2731 circumferebant,

1947 2761 2185 2830 aliquam
2221 2775 2379 2829 opem
2413 2759 2681 2830 consequi
2714 2759 3057 2815 desiderans.

2019 2853 2184 2909 Vens.
2221 2854 2274 2907 2.
2313 2872 2331 2906 ι
2370 2853 2650 2907 Auxilium
2686 2869 2870 2908 meum
2909 2869 2939 2907 a
2974 2852 3231 2918 Domino,
3269 2852 3362 2923 qui
3399 2850 3527 2909 fecit

1946 2946 2146 3001 caelum
2178 2954 2233 3001 et
2264 2955 2487 3000 terram.
2514 2965 2533 2998 ι
2566 2945 2763 3001 Verum
2793 2946 2917 3001 novi
2974 2960 3060 3000 me
3088 2945 3299 3000 nullum
3332 2946 3527 3001 huma—

1948 3054 2078 3093 num
2116 3038 2385 3092 auxilium
2433 3038 2760 3107 adepturum
2808 3052 2972 3093 esse:
3005 3037 3210 3109 quippe
3259 3037 3393 3093 satis
3442 3046 3527 3092 est

1947 3129 2078 3183 mihi
2112 3128 2205 3183 Dei
2237 3129 2642 3184 benevolentia.
2680 3127 2746 3183 Et
2774 3128 3072 3184 ostendens
3104 3127 3295 3182 auxilii
3328 3134 3519 3198 poten-

1946 3219 2102 3281 tiam,
2138 3218 2377 3289 subjecit
2407 3236 2421 3274 :
2449 3213 2730 3280 «Quifecit
2768 3219 2971 3275 caelum
3012 3225 3067 3274 et
3101 3227 3326 3273 terram.
3364 3237 3382 3269 ι
3418 3217 3525 3284 Qui

1945 3312 2088 3367 enim
2124 3314 2294 3367 verbo
2332 3313 2447 3369 haec
2495 3312 2773 3378 condidit,
2815 3312 2950 3366 mihi
2981 3311 3148 3367 etiam
3187 3311 3332 3367 ferre
3368 3326 3523 3380 opem

1946 3412 2146 3474 potest.
2181 3402 2448 3475 Deinceps
2478 3405 2611 3476 quid
2639 3404 2776 3475 ipsis
2813 3401 3124 3459 faciendum
3155 3403 3228 3458 sit
3253 3401 3525 3471 Propheta

1946 3496 2317 3567 persequitur.

2017 3593 2034 3613 ⁶
2072 3588 2236 3644 Vens.
2272 3591 2326 3644 5.
2368 3610 2386 3641 ι
2427 3588 2547 3644 Νοη
2597 3589 2690 3644 det
2738 3590 2797 3645 in
2847 3588 3276 3646 commotionem
3334 3588 3526 3657 pcdcm

1950 3690 2126 3743 tuum,
2166 3694 2343 3750 neque
2373 3680 2750 3750 dormitetqui
2776 3679 3152 3735 custoditte.)
3190 3676 3249 3732 Si
3279 3676 3524 3741 steteris,

1949 3772 2149 3841 inquit,
2185 3770 2397 3824 firmam
2435 3770 2644 3826 habens
2692 3771 2747 3825 in
2800 3771 2920 3840 ipso
2970 3785 3148 3839 spem,
3191 3783 3412 3824 omnem
3458 3769 3529 3823 ab

1949 3862 2071 3931 ipso
2119 3875 2279 3931 opem
2330 3863 2706 3931 consequeris.
2755 3861 2891 3916 Illud
2937 3870 3143 3925 autem,
3185 3878 3205 3912 ι
3249 3858 3370 3915 Νοη
3402 3861 3529 3915 dor-

1948 3956 2103 4009 mitet
2133 3955 2227 4024 qui
2264 3953 2514 4009 custodit
2545 3961 2618 4020 te,
2661 3973 2683 4006 ι
2725 3953 2966 4008 humano
3002 3968 3156 4009 more
3190 3954 3397 4023 posuit,
3433 3968 3530 4022 per

1949 4045 2321 4114 metaphoram
2362 4044 2431 4098 ab
2489 4043 2598 4098 illis
2650 4043 2996 4113 desumptam
3026 4084 3042 4110 ,
3086 4043 3182 4114 qui
3240 4059 3437 4115 greges
3475 4052 3531 4099 et

1948 4137 2223 4193 exercitus
2260 4146 2317 4191 et
2360 4137 2611 4191 civitates
2657 4135 2946 4206 diligenter
2997 4137 3338 4191 custodiunt.
3391 4134 3526 4191 Nam

1949 4229 2191 4285 divinam
2226 4224 2478 4283 naturam
2525 4230 2879 4299 passiouibus
2908 4230 3207 4285 obnoxiam
3244 4246 3353 4286 non
3385 4245 3528 4293 esse,

1951 4335 2046 4392 per
2079 4335 2141 4373 ea
2172 4334 2294 4390 quae
2324 4327 2632 4387 sequuntur
2663 4320 2985 4385 declaravit.

336 4402 401 4457 δ’.
448 4423 467 4456 ι
514 4405 647 4460 Ἰδοὺ
675 4406 737 4460 ού
770 4408 1043 4475 νυστάξει,
1077 4408 1197 4463 ούδέ
1228 4409 1475 4465 ὑπνῶσει
1496 4413 1524 4466 6
1556 4413 1845 4482 φυλάσσων

2022 4408 2188 4463 Vens.
2229 4409 2285 4462 4.
2334 4427 2352 4459 ι
2392 4408 2531 4464 Ecce
2564 4423 2673 4463 non
2702 4409 3048 4476 dormitabit,
3083 4424 3262 4480 neque
3293 4409 3534 4464 dormiet

267 4494 358 4547 τὸν
400 4495 636 4567 Ἰσραήλ.
674 4516 692 4549 ι
741 4497 905 4551 Φύσει
939 4500 1036 4569 μὲν
1065 4500 1345 4572 ἄγρυπνος
1374 4505 1402 4556 ὁ
1443 4503 1639 4572 φύλαξ,
1670 4505 1764 4557 σοῦ
1792 4506 1849 4560 δὲ

270 4587 662 4657 σαλευομένου,
697 4590 792 4644 καὶ
826 4591 988 4655 αὐτὸς
1017 4587 1126 4645 οἶόν
1150 4610 1272 4646 τινα
1303 4595 1611 4665 νυσταγμδν
1640 4595 1849 4661 δέξεται

268 4674 366 4746 τὴν
404 4677 683 4746 ἀμέλειαν.
714 4679 828 4732 Οὐκ
854 4679 934 4733 ἐτι
965 4681 1074 4753 γάρ
1108 4699 1200 4735 σου
1237 4683 1535 4753 φροντίσει,
1572 4685 1709 4740 ἀλλά
1734 4690 1848 4751 τοῖς

268 4765 644 4823 ἐπιϐουλεύειν
673 4771 1081 4843 προῃρημένοις
1103 4774 1122 4805 ⁷
1154 4776 1478 4847 προήσεται.
1591 4800 1601 4809 ο

342 4953 405 5001 ε’.
451 4966 470 4999 ι
510 4949 719 5020 Κύριος
757 4950 985 5020 φυλάξει
1021 4971 1102 5020 σε,
1140 4954 1342 5024 Κύριος
1380 4955 1557 5027 σκέπη
1590 4974 1672 5011 σοι
1695 4958 1717 4990 ⁸
1755 4957 1849 5012 ἐπὶ

272 5039 431 5107 χεῖρα
457 5037 637 5103 δεξιάν
669 5058 817 5095 σου.»
842 5042 1012 5096 Τοῦτο
1049 5046 1141 5097 καὶ
1173 5048 1229 5097 ἐν
1258 5044 1337 5115 τῷ
1377 5054 1438 5098 ιε’
1473 5046 1576 5116 ἐφη
1610 5045 1844 5119 ψαλμῷ·

280 5145 298 5174 ι
330 5125 687 5198 [ιροωρὼμην
713 5129 804 5184 τὸν
829 5130 1034 5202 Κύριον
1054 5131 1282 5186 ἐνώπιόν
1302 5150 1405 5203 μου
1423 5134 1510 5187 διὰ
1528 5136 1751 5201 παντὸς,
1765 5136 1848 5189 ὅτι

273 5217 338 5269 ἐκ
360 5217 549 5282 δεξιῶν
576 5235 681 5286 μου
707 5222 873 5285 ἐστὶν,
907 5222 993 5274 ἴνα
1023 5222 1098 5293 μὴ
1129 5223 1390 5278 σαλευθῶ.
1431 5245 1449 5276 ι
1480 5225 1589 5279 Καὶ
1610 5225 1845 5280 ἐνταῦθα

350 5394 380 5434 1
421 5385 543 5440 Psal
605 5405 799 5442 cum
826 5430 840 5453 ,
886 5391 968 5445 10.
1054 5401 1074 5426 τ
1113 5392 1247 5446 Gen.
1286 5408 1414 5457 XXI,
1462 5392 1547 5446 10.

1952 4501 2043 4572 qui
2071 4498 2311 4555 custodit
2339 4498 2620 4554 lsraelem.
2654 4519 2673 4551 ι
2708 4498 2915 4554 Natura
2945 4501 3163 4570 quidem
3198 4502 3425 4570 pervigil
3449 4512 3534 4559 est
3584 4504 3591 4507 ’

1952 4598 2140 4644 custos
2170 4603 2185 4642 :
2216 4597 2266 4643 te
2300 4596 2482 4642 autem
2515 4586 2833 4654 ﬂuctuante,
2885 4598 2942 4644 et
2997 4589 3114 4658 ipse
3152 4589 3424 4644 incuriam
3464 4592 3532 4645 tle

1952 4690 2005 4735 te
2046 4679 2209 4734 veluti
2263 4679 2553 4749 quemdam
2597 4692 2850 4733 somnum
2898 4678 3157 4749 accipiet.
3213 4677 3335 4734 Non
3382 4681 3529 4736 enim

1953 4768 2186 4838 amplius
2221 4767 2289 4821 de
2338 4776 2389 4822 te
2423 4782 2615 4821 curam
2651 4776 2818 4839 geret,
2872 4768 2969 4824 sed
3020 4769 3253 4826 insidias
3295 4771 3390 4825 tibi
3432 4786 3531 4826 ne-

1955 4870 2103 4915 ctere
2134 4858 2451 4913 volentibus
2491 4859 2792 4927 permittet.
3460 4860 3463 4869 ’

2026 4949 2192 5005 Vens.
2226 4950 2281 5004 5.
2324 4970 2342 5001 ι
2384 4949 2651 5004 Dominus
2679 4950 2952 5005 custodiet
2989 4960 3061 5018 te,
3099 4949 3365 5006 Dominus
3401 4966 3530 5020 pro-

1954 5043 2119 5099 tectio
2153 5050 2246 5097 tua
2298 5056 2466 5112 super
2516 5057 2741 5096 manum
2774 5041 3079 5100 dexteram
3134 5049 3305 5099 tuam.
3344 5062 3363 5094 ι
3419 5040 3537 5097 Hoc

1954 5138 2121 5192 etiam
2159 5137 2213 5190 in
2248 5136 2462 5191 decimo
2490 5134 2685 5205 quinto
2726 5132 2863 5189 dixit
2904 5133 3121 5202 psalmo
3152 5150 3167 5189 :
3205 5152 3223 5184 ι
3259 5131 3535 5187 Ρι·ωνὶι1ο-

1956 5229 2081 5283 bam
2126 5227 2420 5282 Dominum
2455 5225 2509 5281 in
2542 5230 2843 5296 conspectu
2879 5238 3001 5280 meo
3039 5221 3260 5296 1485
3295 5238 3534 5293 semper,

1410 5503 1639 5560 VABUE
1678 5503 2061 5562 LECTIONES
2106 5501 2195 5558 ET
2234 5500 2466 5558 NOTAE.

351 5615 372 5645 ³
401 5614 651 5688 Δωρεάφς.
674 5615 843 5688 Abest
867 5630 897 5669 a
918 5624 1065 5672 textu
1091 5616 1275 5678 ιιι-δη,
1302 5630 1407 5688 nec
1429 5616 1569 5688 apud
1603 5616 1766 5688 alium
1785 5618 1847 5673 in‘

1958 5626 2136 5674 lretem
2165 5617 2633 5674 Graecumexstat.
2712 5613 3022 5688 fMévacod.
3062 5610 3229 5688 [τήν.
3310 5610 3330 5639 ⁸
3360 5610 3479 5688 eod.
3510 5612 3523 5661 I

283 5679 533 5759 πάντοσε.
612 5684 633 5713 ⁸
680 5684 824 5750 Δῴη.
860 5688 932 5741 Ita
974 5688 1076 5755 leg.
1111 5688 1164 5759 in
1206 5689 1336 5759 edit.
1372 5679 1584 5759 Compl.
1623 5686 1843 5759 ltecalc

1981 5699 2065 5745 est
2110 5688 2274 5759 δῲης.
2351 5689 2369 5720 ⁷
2415 5684 2872 5756 Προῃρημένοις.
2918 5684 3040 5740 cod.
3080 5681 3101 5733 1
3148 5679 3529 5750 πειρωμένοις,

281 5753 302 5784 ⁸
332 5756 455 5808 cod.
495 5754 511 5806 I
552 5771 667 5821 σου,
698 5771 817 5824 qua:
844 5765 927 5811 cst
978 5753 1087 5811 rec.
1128 5758 1282 5810 lectio
1318 5757 1368 5810 Ιι.
1408 5757 1440 5810 Ι.
1478 5753 1635 5811 ΙΙίοῐζιΓ.
1673 5758 1857 5810 umbra
1893 5770 2000 5813 tua.
