3996 6494
425 301 561 365 1879

1389 302 1882 364 THEODORETI
1941 303 2282 366 EPISCOPI
2353 305 2720 367 CYRENSIS

3526 312 3676 381 1880

419 410 680 480 quoniam
713 423 745 464 a
775 409 984 466 dextris
1015 416 1097 465 est
1132 409 1290 477 mihi,
1325 427 1393 467 ne
1415 427 1763 468 commovear
1787 428 1834 469 ο.
1874 434 1891 464 ι
1929 414 1992 468 Et

2127 413 2294 480 οίνυν,
2335 417 2519 486 φησὶν,
2566 417 2650 472 ὅτι
2680 420 2830 490 παρὰ
2863 421 2960 492 τὴν
3004 421 3188 488 δεξιάν
3237 440 3332 478 σου
3375 426 3532 496 χεῖρα
3568 445 3671 495 γε-

421 504 526 558 hoc
557 503 744 573 itaque
776 502 830 557 in
863 503 983 556 loco
1010 503 1114 567 ait,
1160 518 1328 572 prope
1356 520 1578 559 manum
1621 513 1771 560 tuam
1803 507 1993 562 dexte-

421 610 537 649 ram
565 596 861 660 exsistens,
903 604 954 650 te
987 603 1253 666 proteget,
1310 605 1364 650 et
1397 598 1701 661 custodiet,
1749 607 1804 654 et
1845 598 1995 654 omni

421 685 629 739 auxilio
669 685 1003 756 dignabitur.

495 775 664 832 Vens.
697 778 748 832 6.
790 797 808 831 ι
847 779 1082 834 interdiu
1117 782 1199 835 sol
1237 795 1344 839 non
1378 788 1502 835 uret
1533 791 1605 847 te,
1659 796 1832 850 neque
1868 781 1995 836 luna

428 879 613 926 noctu.
656 887 674 921 ι
715 870 885 924 Aiunt
912 871 1093 924 lunam
1130 887 1237 925 non
1273 873 1437 926 modo
1465 871 1769 936 humidam,
1806 888 1996 928 verum

426 961 591 1016 etiam
619 961 853 1017 calidam
879 977 1022 1026 esse,
1056 972 1110 1016 et
1139 977 1366 1031 corpora
1393 963 1566 1015 instar
1595 963 1726 1016 solis
1751 977 1995 1017 exurere.

431 1053 571 1108 Dicit
607 1064 814 1120 autem,
839 1053 904 1108 Et
930 1062 1118 1120 noctu,
1155 1063 1209 1108 et
1241 1054 1501 1118 interdiu,
1543 1053 1648 1109 sub
1679 1053 1800 1124 ejus
1833 1068 2000 1124 agens

430 1160 586 1211 cura,
629 1145 832 1200 illaesus
864 1145 1214 1200 custodieris.
1246 1145 1518 1200 Admonet
1546 1153 1725 1199 autem
1759 1144 1882 1199 illos
1905 1161 2000 1197 an—

429 1238 596 1306 tiquae
648 1238 907 1292 historiae.
951 1237 1162 1290 Etenim
1209 1252 1333 1291 cum
1371 1237 1440 1291 ab
1467 1235 1849 1306 Egyptiorum
1885 1250 2002 1291 ser-

429 1328 605 1381 vitute
640 1325 857 1382 liberat’i
905 1335 1123 1394 essent,
1177 1327 1322 1381 nube
1361 1327 1484 1382 tecti
1523 1328 1722 1382 solaris
1770 1326 2004 1380 ﬂamma:

430 1419 539 1472 vim
577 1435 685 1474 non
720 1429 1035 1476 senserunt.
1257 1421 1260 1424 ’

503 1509 670 1566 Vens.
696 1512 748 1575 7,
768 1512 820 1565 8.
860 1530 877 1561 ι
911 1513 1172 1568 Dominus
1200 1512 1472 1567 custodiet
1492 1521 1544 1566 te
1567 1511 1634 1565 ab
1660 1510 1809 1566 omni
1835 1509 2000 1572 malo,

431 1602 708 1658 custodiet
742 1604 980 1657 animam
1011 1612 1158 1658 tuam
1193 1603 1483 1658 Dominus.
1531 1604 1790 1657 Dominus
1817 1610 2002 1656 custo-

433 1691 547 1746 diet
577 1691 860 1748 introitum
895 1702 1074 1758 tuum,
1105 1703 1159 1748 et
1189 1695 1393 1748 exitum
1434 1703 1610 1754 tuum,
1643 1692 1710 1745 ab
1740 1691 1845 1744 hoc
1875 1690 2003 1744 inde

2095 505 2338 576 νόμενος,
2382 507 2477 560 καὶ
2529 511 2815 576 σκεπάσει,
2848 513 2942 565 καὶ
2987 515 3314 586 φρουρήσει,
3350 517 3444 569 καὶ
3487 518 3670 587 πάσης

2095 593 2316 658 ἀξιώσει
2349 596 2627 666 προνοίας.

2168 693 2243 750 ς’.
2282 704 2302 738 ι
2356 687 2600 758 Ἡμέρας
2646 690 2674 742 6
2715 689 2869 760 ἥλιος¹
2909 690 2972 743 οὐ
3011 692 3313 760 συγκαύσει
3362 710 3444 759 σε,
3479 693 3600 747 οὐδὲ
3634 695 3670 762 ἡ

2099 777 2294 849 σελήνη
2347 778 2448 850 τὴν
2485 780 2687 856 νύκτα.
2739 800 2759 832 ι
2796 783 2937 835 Φασὶ
2977 781 3076 854 τὴν
3109 783 3342 854 σελήνην
3379 785 3453 856 μὴ
3508 785 3673 854 μόνον

2099 869 2294 938 ὑγρὰν,
2331 850 2611 926 ἀλλᾶίκαὶ
2657 873 2868 944 θερμὴν
2922 850 3084 938 εἷναι,
3117 850 3676 946 καὶνκαίε-ιντδμοίως

2097 963 2175 1034 τῷ
2204 965 2341 1037 ἡλίῳ
2368 967 2436 1020 τά
2465 966 2716 1036 σώματα.
2749 969 2914 1038 Λέγει
2943 970 3020 1034 δὲ,
3054 972 3137 1024 ὅτι
3166 973 3278 1025 Καὶ
3305 973 3546 1044 νύκτωρ,
3576 976 3679 1029 καὶ

2103 1055 2224 1123 μεθ’
2269 1056 2500 1125 ἡμέραν,
2549 1058 2651 1128 τῆς
2698 1060 2830 1130 παρ’
2863 1061 3027 1114 αὐτοῦ
3063 1062 3320 1132 προνοίας
3357 1065 3673 1130 ἀπολαύων,

2100 1149 2342 1220 ἀϐλαϐὴς
2369 1151 2690 1223 φυλαχθήση
2723 1155 2766 1205 ⁸.
2812 1154 3246 1226 ’Δναμιμνὴσκει
3275 1157 3332 1210 δὲ
3359 1157 3556 1219 αὐτοὺς
3581 1163 3681 1212 καὶ

2103 1239 2340 1303 παλαιᾶς
2379 1241 2618 1310 ἱστορίας
2653 1243 2717 1296 ιο.
2751 1244 2861 1295 Καὶ
2897 1245 3005 1314 γὰρ
3034 1244 3200 1314 ἡνίκα
3234 1244 3335 1314 τῆς
3365 1247 3683 1312 Αἰγυπτίων

2101 1329 2344 1392 δουλείας
2389 1331 2879 1403 ἠλευθερώθησαν,
2938 1337 3002 1403 τῇ
3049 1335 3246 1406 νεφέλῃ
3285 1336 3679 1406 ’σκιαζόμενοι,

2103 1420 2203 1491 τῆς
2235 1421 2469 1492 ἡλιακῆς
2504 1423 2701 1492 φλογὸς
2729 1424 2830 1477 οὐκ
2863 1425 3172 1494 ἐλάμϐανον
3211 1430 3428 1498 πεῖραν.

2176 1513 2244 1576 ζ’,
2281 1519 2354 1583 η’.
2392 1533 2411 1564 ι
2443 1513 2649 1584 Κύριος
2689 1514 2918 1582 φυλάξει
2962 1516 3002 1546 ¹¹
3035 1533 3096 1569 σε
3125 1517 3232 1571 ἀπὸ
3258 1518 3460 1580 παντὸς
3483 1516 3681 1581 κακοῦ,

2107 1605 2332 1675 φυλάξει
2364 1606 2462 1676 τὴν
2511 1606 2691 1677 ψυχήν
2722 1623 2816 1660 σου
2867 1608 2896 1660 6
2943 1609 3166 1678 Κύριος.
3205 1610 3413 1680 Κύριος
3454 1607 3685 1677 φυλάξει

2105 1697 2204 1767 τὴν
2236 1697 2439 1750 εἴσοδόν
2485 1713 2602 1761 σου,
2637 1697 2732 1751 καὶ
2763 1697 2864 1770 τὴν
2912 1697 3091 1765 ἐξοδόν
3137 1716 3254 1762 σου,
3295 1699 3406 1752 ἀπὸ
3431 1696 3530 1751 τοῦ
3562 1696 3684 1760 νῦν,

435 1790 681 1851 tempore
732 1799 905 1854 usque
971 1785 1024 1837 in
1094 1785 1377 1838 saeculum.
1423 1803 1442 1835 ι
1501 1781 1849 1850 Multiplicem
1913 1778 2004 1832 Dei

2126 1791 2203 1842 ιαὶ
2231 1789 2335 1853 ἕως
2362 1789 2454 1843 τοῦ
2485 1789 2701 1854 αἰῶνος.
2751 1809 2770 1842 ι
2820 1791 2932 1862 Τὴν
2966 1791 3313 1861 παντοδαπὴν
3338 1792 3382 1822 ¹²
3408 1789 3503 1843 τοῦ
3544 1788 3685 1842 Θεοῦ

437 1874 836 1942 providentiam
874 1875 960 1929 bis
990 1876 1173 1930 verbis
1200 1874 1530 1936 declaravit,
1585 1889 1689 1942 qna
1742 1881 2010 1942 praasenle

437 1962 692 2017 hostibus
746 1964 1058 2031 superiores
1118 1963 1423 2026 evadimus,
1489 1963 1848 2037 laqueosque
1893 1970 2010 2014 tum

437 2067 628 2107 eorum
660 2054 752 2122 qui
777 2063 1100 2116 cernuntur,
1134 2065 1247 2108 tum
1283 2068 1473 2108 eorum
1499 2054 1590 2122 qui
1627 2067 1734 2106 non
1771 2066 2010 2106 cernun-

439 2153 552 2207 tur,
585 2143 946 2200 declinamus.

841 2253 1112 2308 INTERP.
1156 2253 1405 2308 PSALMI
1445 2253 1630 2308 CXXI.

518 2386 536 2417 ι
575 2367 861 2423 Canticum
885 2367 1176 2437 graduum.
1206 2387 1223 2418 ι
1253 2367 1606 2436 Supradictos
1628 2367 1846 2434 quidem
1875 2381 2012 2420 nm:-

444 2459 696 2514 reutibus
747 2456 1016 2528 Propheta
1065 2458 1504 2513 accommodavit
1542 2477 1554 2510 :
1603 2458 1749 2511 hunc
1780 2461 1796 2479 ⁶
1830 2465 2011 2511 autem

445 2547 541 2618 qui
569 2549 621 2601 in
652 2549 905 2604 manibus
935 2549 1134 2615 est,iis
1165 2550 1259 2620 qui
1297 2549 1505 2604 reditus
1543 2549 1724 2602 lectum
1757 2549 2013 2601 nuntium

441 2644 553 2709 jam
617 2650 981 2710 acceperant,
1039 2650 1094 2697 et
1150 2641 1352 2710 quibus
1399 2641 1864 2710 jucundissimum
1916 2640 2016 2692 iter

447 2731 771 2802 contigerat.
805 2732 1150 2789 Exsultantes
1195 2733 1342 2788 enim
1393 2743 1447 2786 et
1499 2732 1859 2802 tripudiantes
1909 2731 2014 2787 sibi

449 2823 679 2876 invicem
705 2823 894 2880 dicunt
922 2841 935 2875 :
1712 2840 1716 2843 λ

525 2910 686 2966 Vens.
713 2911 764 2966 Ι.
798 2932 815 2964 ι
844 2911 1222 2968 Laetatus‘sum
1249 2913 1316 2968 de
1334 2912 1419 2966 his
1442 2911 1533 2981 qui
1565 2911 1819 2966 dixerunt
1842 2909 1972 2962 mihi
2001 2928 2012 2962 :

451 3002 508 3056 lu
560 3002 781 3058 domum
828 3003 1038 3057 domini
1090 3005 1315 3059 ibimus.
1351 3025 1369 3056 ι
1431 3002 1727 3072 Religionis
1778 3011 1860 3054 est
1905 3002 2020 3054 haec

2063 1940 2074 1948 _
2109 1880 2372 1952 πρόνοιαν
2401 1880 2491 1934 διὰ
2537 1879 2646 1933 τῶν
2679 1880 2990 1952 εἰρημένων
3025 1880 3291 1952 ἐδήλωσεν
3313 1896 3327 1909 ⁸
3375 1875 3442 1951 ἦς
3477 1877 3688 1950 παρού-

2111 1987 2230 2042 σης.
2265 1970 2553 2040 κρείττους
2600 1971 2710 2025 τῶν
2761 1971 3144 2042 πολεμούντων
3183 1971 3448 2042 γινόμεθα
3479 1971 3684 2040 δυσμε-

2109 2060 2233 2120 νῶν,
2271 2061 2366 2114 καὶ
2404 2061 2500 2125 τάς
2532 2061 2641 2115 τῶν
2667 2062 2879 2133 ὁρατῶν
2909 2063 3004 2116 καὶ
3034 2063 3282 2132 ἀοράτων
3319 2061 3689 2132 διαφεύγομεν

2111 2149 2314 2216 πάγας.

2394 2261 2652 2314 ΕΡΜΗΝ.
2698 2261 2834 2314 ΤΟΥ
2882 2261 3038 2314 ΡΚΑ⁹
3079 2261 3401 2316 ΨΑΛΜΟΥ.

2188 2393 2205 2423 ι
2267 2373 2386 2445 ᾨδὴ
2431 2374 2536 2427 τῶν
2573 2373 2907 2444 ἀναϐαθμῶν
2941 2375 3008 2427 ¹³.
3048 2393 3067 2426 ι
3113 2375 3252 2438 Τοὺς
3285 2376 3330 2406 ¹⁸
3365 2375 3464 2445 μὲν
3497 2392 3690 2445 προει-

2113 2466 2387 2535 ρημένους
2434 2467 2545 2528 τοῖς
2584 2464 2889 2536 ἀθυμοῦσιν
2919 2467 2946 2518 6
2975 2465 3260 2536 προφήτης
3293 2466 3647 2536 προσήρμοσε
3668 2480 3686 2496 ο

2113 2556 2302 2610 τοῦτον
2339 2555 2396 2608 δὲ
2423 2557 2514 2609 τὸν
2548 2555 2687 2626 μετά
2717 2558 2926 2626 χεῖρας,
2966 2559 3080 2620 τοῖς
3111 2557 3210 2628 ἤδη
3247 2555 3559 2626 δεξαμένοις
3588 2554 3693 2624 τῆς

2115 2646 2376 2699 ἐπανόδου
2422 2646 2492 2698 τὰ
2538 2647 2856 2714 εὐαγγέλια,
2899 2647 2994 2700 καὶ
3036 2647 3136 2715 τῆς
3173 2645 3542 2716 περιποθήτου
3587 2661 3691 2697 πο·

2123 2736 2272 2808 ρείας
2307 2735 2626 2806 ἁψαμένοις.
2684 2736 2722 2788 Γ
2725 2735 2983 2806 εγηθότες
3029 2737 3157 2805 γάρ,
3205 2735 3301 2788 καὶ
3347 2732 3695 2804 χορεύοντες,

2118 2829 2255 2898 πρὸς
2283 2828 2550 2898 ἀλλήλους
2581 2826 2742 2895 φασίν
2757 2843 2771 2856 °

2165 2917 2258 2985 ‘a'.
2295 2939 2313 2970 ι
2351 2919 2676 2988 Εὐφράνθην
2705 2919 2798 2972 ἐπὶ
2828 2920 2940 2980 τοῖς
2983 2915 3231 2987 είρηκόσι
3266 2932 3386 2986 μοι·
3418 2913 3513 2974 Εἰς
3539 2905 3701 2966 οἷκον

2120 3011 2324 3081 Κυρίου
2353 3009 2756 3080 πορευσόμεθα.
2793 3028 2813 3060 ι
2850 3007 3145 3072 Εὑσεϐείας
3170 3007 3310 3076 αὕτη
3338 3006 3491 3075 φωνὴ
3513 3019 3530 3033 ⁶
3563 3003 3701 3070 γάν-

453 3108 557 3147 vox
591 3111 604 3148 :
641 3109 766 3147 nam
807 3095 1087 3149 exsultant
1115 3105 1168 3149 ct
1197 3095 1453 3166 gaudent,
1492 3093 1709 3164 1486
1753 3108 1859 3146 non
1897 3102 2011 3145 tan-

2126 3118 2307 3153 νυνται
2333 3101 2441 3172 γὰρ
2469 3102 2563 3153 καὶ
2591 3100 2895 3170 χαίρουσιν,
2926 3099 3130 3168 οὐχ-ὼς
3157 3099 3258 3162 τὰς
3284 3098 3460 3160 οἰκίας
3484 3094 3701 3164 ἀπολη-

451 3201 617 3256 quam
639 3186 833 3242 domos
857 3186 1152 3256 recepturi,
1177 3186 1272 3242 sed
1302 3186 1450 3240 velut
1478 3184 1724 3239 divinum
1757 3185 2018 3252 templum

452 3278 650 3332 visuri.
919 3277 932 3286 '

530 3367 697 3424 Vens.
723 3369 777 3423 2.
820 3388 838 3420 ι
878 3369 1100 3425 Stantes
1131 3377 1288 3424 erant
1333 3370 1498 3438 pedes
1542 3367 1737 3433 nostri,
1784 3369 1838 3422 in
1870 3367 2025 3422 atriis

456 3459 589 3525 tuis,
619 3474 652 3513 ο
680 3458 1080 3531 Hierosolyma.
1124 3480 1141 3511 ι
1176 3458 1330 3525 Jam,
1368 3460 1568 3529 inquit,
1600 3468 1745 3513 stare
1777 3459 2025 3512 videmur

454 3551 511 3604 in
541 3551 646 3606 illis
679 3553 850 3605 sacris
875 3551 1052 3616 atriis,
1085 3551 1440 3620 divinumque
1468 3551 1674 3604 cultum
1710 3564 1984 3620 peragere.

529 3726 692 3782 Vens.
729 3726 781 3780 '5.
821 3747 838 3778 ι
880 3726 1295 3800 Hierosolyma,
1333 3743 1452 3798 qum
1501 3727 1806 3783 aediﬁcatur
1845 3737 1904 3783 ut
1945 3729 2026 3785 ci-

456 3819 620 3882 vitas,
675 3820 832 3888 cujus
877 3829 960 3875 est
1004 3821 1349 3891 participatio
1388 3821 1572 3874 simul.
1611 3840 1629 3872 ι
1664 3820 2027 3891 Symmachus

457 3922 638 3967 autem
675 3913 755 3966 sic
785 3930 798 3964 :
832 3911 1228 3984 Hierosolyma,
1255 3929 1373 3982 qum
1399 3913 1701 3982 wdificatur
1728 3923 1781 3967 ut
1814 3913 2024 3977 civitas,

458 4016 576 4070 quae
609 4001 985 4053 connexionem
1035 4001 1211 4054 liabet.
1262 3999 1394 4065 Quae
1437 4001 1583 4055 enim
1625 4015 1772 4054 nunc
1811 4000 2026 4054 deserta

456 4100 563 4156 est,
599 4091 907 4160 domosque
933 4090 1191 4160 disjectas
1221 4091 1404 4154 habet,
1438 4106 1633 4146 rursus
1665 4090 1942 4156 ﬂorescet,
1975 4099 2030 4145 et

459 4179 921 4250 frequentabitur,
956 4181 1295 4252 pristinaque
1335 4182 1533 4236 mwnia
1576 4181 1816 4237 habebit.

529 4355 696 4411 Vens.
729 4355 783 4411 4.
827 4374 845 4406 ι
885 4355 1018 4411 llluc
1046 4357 1192 4411 enim
1224 4358 1589 4414 ascenderunt
1618 4360 1818 4426 tribus,
1849 4360 2024 4415 tribus

2125 3191 2370 3262 ψόμενοι,
2400 3192 2513 3245 ἀλλ’
2543 3192 2618 3254 ὼς
2642 3191 2734 3244 τὸν
2767 3190 2908 3244 θεῖον
2941 3185 3090 3243 οἷκον
3119 3190 3395 3260 ὀψόμενοι.

2197 3369 2262 3439 β’.
2305 3389 2323 3422 ι
2364 3367 2632 3432 Ἐστῶτες
2669 3363 2808 3439 ἦσαν
2847 3367 2896 3420 oi
2949 3367 3106 3430 πόδες
3135 3366 3314 3438 ἡμῶν,
3349 3367 3408 3420 ὲν
3445 3368 3564 3429 ταῖς
3602 3365 3706 3418 αύ-

2125 3458 2241 3523 λαί,
2281 3475 2408 3524 σου,
2453 3456 2826 3528 Ἰερουσαλήμ.
2865 3476 2883 3509 ι
2922 3455 3084 3527 Ἤδη,
3134 3457 3319 3525 φησὶν,
3369 3456 3590 3510 ἑστάναι
3615 3455 3698 3508 δο‹

2127 3546 2330 3616 κοῦμεν
2382 3546 2440 3600 ὲν
2491 3548 2614 3608 ταῖς
2665 3547 2842 3616 ἱεραῖς
2892 3543 3128 3608 ἐκείναις
3177 3545 3405 3612 αὐλαῖς,
3461 3546 3555 3597 καὶ
3602 3545 3705 3606 τὰς

2127 3636 2279 3700 θείας
2313 3636 2657 3707 λειτουργίας
2687 3635 2978 3690 ἐπιτελεῖν.

2194 3727 2262 3796 γ’.
2299 3747 2318 3778 ι
2369 3726 2725 3799 Ἰερουσαλὴμ
2754 3727 3186 3797 οἰκοδομουμένη
3229 3726 3306 3790 ὡς
3352 3726 3528 3792 πόλις,
3556 3723 3623 3797 ἧς
3657 3730 3708 3762 ι’

2127 3822 2162 3891 ἡ
2193 3818 2396 3891 μετοχὴ
2424 3819 2593 3888 αὐτῆς
2622 3820 2713 3872 ὲπὶ
2741 3819 2804 3872 τὸ
2835 3819 2988 3872 αὐτό.
3031 3837 3050 3870 ι
3108 3819 3166 3873 '0
3195 3819 3253 3872 δὲ
3283 3818 3580 3891 Σύμμαχος
3609 3821 3708 3872 οὖ·-

2128 3927 2269 3974 τως’
2314 3909 2711 3978 Ἰερουσαλὴμ
2757 3908 2874 3976 τὴν
2912 3907 3439 3978 οἰκοδομουμένην,
3477 3909 3557 3974 ὡς
3594 3911 3710 3962 πό-

2128 4005 2230 4054 λιν
2259 4001 2596 4071 συνάφειαν
2631 3999 2902 4070 ἔχουσαν
2951 4000 3016 4055 ³⁸.
3077 4001 3141 4053 Ἠ
3185 4001 3292 4070 γὰρ
3332 4001 3429 4054 νύν
3477 4001 3706 4071 ἔρημος,

2132 4092 2226 4145 καὶ
2275 4091 2680 4159 ὲσκεδασμένας
2714 4089 2912 4160 ἔχουσα
2945 4090 3149 4154 οἰκίας,
3198 4094 3293 4146 καὶ
3338 4092 3379 4124 ¹⁷
3415 4091 3578 4145 πάλιν
3611 4093 3712 4145 ἀν-

2135 4181 2310 4249 θήσει,
2341 4181 2438 4234 καλ⁸
2468 4180 2909 4251 πυκνωθήσεται,
2943 4183 3038 4234 καὶ
3071 4183 3196 4245 τοὺς
3239 4183 3543 4253 προτέρους
3573 4184 3715 4236 ἀπο-

2133 4263 2361 4344 λήψεται
2391 4272 2729 4343 περιϐόλους.

2203 4361 2266 4415 δ’.
2305 4382 2323 4414 ι
2377 4362 2524 4415 Ἐκεῖ
2570 4361 2679 4433 γὰρ
2727 4361 3003 4432 ἀνέϐησαν
3040 4362 3096 4414 αἱ
3137 4361 3320 4432 φυλαὶ,
3373 4361 3540 4429 φυλαὶ
3595 4362 3714 4414 Κυ-

461 4447 698 4513 Domini,
731 4448 1104 4503 testimonium
1133 4447 1352 4505 lsraelis
1373 4490 1388 4516 ,
1431 4450 1498 4505 ad
1529 4451 1899 4505 conﬁtendum
1932 4467 2011 4507 no-

2133 4452 2283 4525 ρίου·
2323 4453 2623 4524 μαρτύριον
2670 4452 2764 4505 τοῦ
2803 4453 2845 4485 ¹⁸
2888 4451 3128 4524 Ἰσραὴλ,
3157 4452 3252 4506 τοῦ
3301 4448 3713 4522 ἐξομολογήσα-

459 4538 596 4592 mini
626 4537 864 4593 Domini.
891 4556 910 4589 ι
935 4536 1050 4593 Sub
1073 4536 1356 4594 Roboamo
1377 4540 1565 4594 divisa
1587 4539 1806 4595 fuerunt
1827 4541 2025 4607 tribus,

459 4641 515 4683 et
557 4646 585 4684 a
647 4629 903 4684 Davidico
961 4643 1132 4704 regno
1194 4630 1376 4684 decem
1441 4640 1896 4702 separatzezpost
1940 4647 2028 4687 re-

459 4723 769 4779 versionem
804 4739 934 4780 vero
963 4740 1131 4778 unum
1174 4724 1462 4794 imperium
1495 4727 1690 4792 evasit,
1742 4737 1798 4782 et
1837 4742 2029 4784 omnes

460 4813 896 4886 Hierosolymam
929 4817 1230 4871 secundum
1266 4820 1435 4886 legem
1462 4828 1884 4885 concurrerunt,
1915 4819 2028 4876 usi-

464 4914 638 4961 tatum
670 4908 876 4962 cultum
913 4909 1021 4962 Deo
1049 4907 1356 4964 offerentes.
1387 4907 1500 4964 Hoc
1543 4910 1708 4980 igitur
1744 4910 2019 4983 Propheta

539 5120 563 5146 ιι
607 5106 751 5162 Psal.
790 5124 874 5171 xv,
904 5107 955 5162 8.

2137 4548 2260 4600 σθαι
2287 4545 2366 4616 τῷ
2398 4546 2620 4616 ὀνόματι
2664 4545 2892 4615 Κυρίου.
2932 4562 2950 4595 ι
3001 4543 3125 4598 Ἐπὶ
3159 4544 3201 4575 ¹⁹
3229 4546 3322 4596 τού
3366 4542 3606 4612 Ῥοϐοὰμ
3633 4542 3717 4596 δι-

2135 4639 2413 4710 ῃρέθησαν
2460 4640 2514 4692 αἱ
2548 4637 2731 4708 φυλαὶ,
2779 4639 2874 4692 καὶ
2919 4639 3017 4708 τῆς
3057 4635 3351 4704 Δαϐιτικῆς
3399 4636 3454 4686 αί
3496 4633 3631 4686 δέκα
3660 4634 3711 4664 ’⁸

2139 4730 2415 4800 βασιλείας
2460 4729 2991 4799 ἀπεσχοινίσθησανο
3029 4727 3166 4797 μετὰ
3205 4725 3262 4777 δὲ
3308 4724 3404 4795 τὴν
3445 4723 3713 4776 ἐπάνοδον

2141 4822 2239 4892 μία
2269 4801 2490 4889 γέγονεν
2518 4821 2802 4890 ἡγεμονία,
2832 4820 2927 4873 καὶ
2949 4819 3028 4882 είς
3059 4818 3158 4888 τὴν
3198 4815 3556 4886 Ἰερουσαλὴμ
3585 4832 3713 4867 συν-

2129 4915 2349 4985 έτρεχον
2377 4912 2614 4976 ἅπαντες
2642 4911 2783 4966 κατά
2823 4911 2915 4964 τὸν
2962 4910 3104 4962 θεῖον
3133 4907 3314 4977 νόμον,
3347 4905 3426 4976 τῷ
3456 4904 3578 4974 Θεῷ
3609 4905 3710 4974 τὴν

1545 5247 1778 5303 VARIIE
1818 5249 2200 5307 LECTIONES
2236 5248 2324 5303 ET
2365 5245 2598 5302 NOTAE.

564 5411 584 5439 ’
635 5407 754 5460 cod.
810 5407 1028 5474 ιφυλω
1051 5409 1218 5478 θείην.
1319 5413 1362 5445 ¹⁰
1419 5415 1622 5482 Ἰστορ.
1686 5415 1806 5470 Des.
1864 5417 1992 5471 ibid.

564 5477 745 5530 Ἀναό.
785 5474 990 5531 Textus
1017 5427 1190 5531 iiiebr.
1231 5481 1352 5531 add-
1427 5484 1470 5515 ιι
1517 5484 1668 5531 Τηὺι·
1698 5516 1765 5526 -
1799 5488 1988 5531 manh-

1419 5415 1622 5482 Ἰστορ.

467 5477 512 5509 ³⁸
560 5477 745 5530 Ἀναϐ.
785 5474 990 5531 Textus

2073 5419 2114 5448 ²¹
2162 5418 2280 5472 cod.
2332 5415 2448 5470 Vat.
2493 5412 2744 5482 φυλάξαι.
2825 5412 2865 5442 ¹¹
2907 5409 3447 5482 ΠαντρδηΑὺθε-ιηο
3501 5409 3711 5482 cod_._i.

1079 5477 1190 5555 ebr.
1231 5481 1352 5537 add.
1427 5484 1470 5555 ξ*
1517 5477 1668 5552 Τοὺς
1698 5516 1765 5526 -
1796 5488 2006 5554 φασιν.

2126 5502 2171 5541 :c
2212 5485 2428 5555 Ot‘jgeni
2477 5477 2791 5555 tribuuntur
2844 5479 2994 5555 apud
3050 5478 3212 5555 C_ort_l.
3257 5487 3296 5530 t.
3343 5477 3445 5540 ιιι,
3491 5479 3712 5555 p_._539:

465 5546 510 5624 ξ’
539 5539 653 5625 *ζζς
682 5545 747 5599 τὸ
764 5575 844 5625 _--
871 5547 1035 5625 ᾳύτόε
1078 5549 1388 5625 Relinquat
1405 5623 1412 5625 _
1415 5553 1603 5625 juncta
1626 5539 1660 5609 ε’
1674 5565 1750 5609 est
1779 5539 1877 5609 sibi
1914 5539 2011 5609 sint

2126 5539 2568 5625 ἾσᾉίἝΞὸυσαν.
2594 5553 2724 5625 _cod_.
2757 5550 2783 5603 1
2815 5539 3128 5625 ad'd._6p.o§:
3163 5549 3240 5625 ita
3271 5539 3714 5625 ψιθσῄιξξβίοιιιΐἶ

464 5614 519 5669 in
578 5615 798 5673 Hexanl.
827 5616 891 5670 ad
932 5617 987 5671 h.
1020 5618 1054 5673 1.

468 5685 631 5752 Θεός.
667 5685 711 5739 Α

1136 5621 1174 5650 ⁸⁷
1214 5617 1344 5676 Καί.
1389 5617 1556 5678 Ᾱὴεει
1601 5640 1630 5679 a
1664 5626 1783 5680 cod.
1818 5627 1867 5678 1.
1944 5626 1988 5657 ’⁸

2126 5625 2162 5679 3.
2205 5617 2349 5680 Recl'
2389 5624 2546 5678 lectio
2591 5622 2649 5675 h.
2698 5620 2733 5673 Ι.
2778 5628 2862 5674 est
2902 5617 3013 5688 τῷ.
3081 5618 3123 5688 ‘_°

793 5685 940 5757 Orig.
997 5688 1111 5745 haec
1158 5691 1467 5750 referuntur
1490 5699 1629 5764 apud
1653 5695 1816 5750 Cord.
1855 5696 1891 5750 Ι.
1919 5712 1969 5750 c.
2009 5715 2011 5764 j

2126 5696 2226 5752 Mi.
2292 5696 2338 5728 ³ο
2360 5697 2428 5750 Al
2457 5692 2619 5746 δέκα.
2653 5689 2710 5746 1ιί
2768 5689 2888 5745 cod.
2928 5685 2963 5742 t'
2989 5686 3210 5756 ponitur
3253 5695 3375 5755 post
3407 5685 3706 5756 βασιλείας.

3177 5617 3304 5670 Ἐπὶ
3335 5645 3404 5657 —-
3440 5617 3654 5682 Κύριος
3679 5619 3714 5668 ό
