3996 6488
260 281 404 347 1831

1597 281 1677 342 IN
1713 281 1917 341 PSAL.
1955 283 2195 341 CXXII.

3393 279 3530 346 1882

261 393 479 463 συνήθη
507 390 849 462 λειτουργίαν
885 392 1306 462 προσφέροντες.
1340 391 1512 445 Τοῦτο
1538 393 1719 446 τοίνυν
1744 395 1773 446 6
1797 392 1839 422 "

1986 392 2034 444 ic
2069 391 2417 457 vaticinatur,
2454 391 2629 447 tribus
2661 392 2951 462 pristinam
2981 393 3331 448 concordiam
3372 411 3526 461 recc:

263 486 558 556 προφήτης
603 482 835 536 ἐνταῦθα
887 481 1265 553 προθεσπίζει,
1319 483 1402 536 ὅτι
1437 485 1496 536 αἰ
1541 483 1705 552 φυλαὶ
1750 482 1848 554 τήν

265 573 547 645 προτέραν
570 573 825 642 ὁμόνοιαν
852 571 1243 643 ἀπολήψονται,
1273 573 1370 627 καὶ
1396 575 1474 636 εἰς
1517 573 1616 643 τὴν
1657 572 1852 643 Ἰερου-

265 665 458 738 σαλὴμ
485 664 940 736 συνδραμοῦνται,
974 666 1222 736 συνήθως
1261 665 1353 718 τὸν
1383 666 1514 718 Θεὸν
1545 666 1851 737 ἁνυμνοῦνο

265 775 385 822 τες.
427 757 766 826 Μαρτύριον
811 756 867 809 δὲ
908 755 999 810 τὸν
1056 756 1200 808 θεῖον
1247 757 1474 810 ἐκάλεσε
1525 758 1711 827 νόμον,
1763 757 1852 810 τὸν

268 847 574 918 διαρρήδην
601 845 890 900 κελεύοντα
923 846 1237 916 συντρέχειν
1266 847 1357 898 τὸν
1403 846 1620 918 Ἰσραὴλ
1655 850 1734 911 εἰς
1762 847 1853 902 τὸν

271 940 464 1004 τόπον,
491 938 550 990 ὃν
581 937 646 990 ἂν
676 936 962 1007 ἐκλέξηται
991 936 1196 1008 Κύριος
1225 938 1253 989 6
1284 937 1437 1000 Θεὸς.

348 1029 409 1085 ε’.
454 1049 473 1082 ι
522 1030 645 1082 Ὀτι
679 1031 797 1082 ἐκεῖ
827 1029 1090 1082 ἐκάθισαν
1119 1029 1300 1100 θρόνοι
1332 1032 1410 1094 είς
1439 1031 1641 1100 κρίσιν,
1675 1029 1854 1102 θρόνοι

277 1125 370 1178 ὲπὶ
395 1119 541 1177 οἷκον
569 1121 752 1175 Δαϐἰδ.
793 1139 812 1170 ι
859 1121 1242 1195 Προθεσπίσας
1278 1123 1346 1176 τὰ
1381 1122 1524 1187 θεῖα,
1555 1123 1856 1193 προθεσπί-

278 1215 363 1282 ζει
397 1215 489 1269 καί
523 1215 592 1268 τὰ
625 1211 960 1283 ἀνθρώπεια.
1023 1213 1242 1284 Ἐπειδὴ
1288 1215 1395 1285 γὰρ
1446 1216 1503 1268 ὲν
1557 1214 1856 1286 Ἱεροσολύ-

283 1324 404 1380 μοις
431 1306 492 1360 ob
530 1307 690 1376 μόνον
719 1307 747 1359 6
773 1304 913 1367 θεῖος
943 1302 1269 1375 ᾠκοδομήθη
1305 1304 1458 1370 νεὼς,
1491 1305 1626 1358 ἀλλὰ
1662 1307 1760 1359 καί
1790 1307 1856 1359 τὰ

283 1398 534 1468 βασίλεια
553 1414 567 1427 ⁸
594 1397 689 1449 καὶ
721 1398 839 1449 ἐκεῖ
865 1395 1189 1468 συνέτρεχον
1215 1397 1454 1460 ἅπαντες
1477 1397 1545 1449 τὰ
1573 1397 1857 1468 ἀμφισϐη-

281 1486 522 1554 τούμενα
560 1484 892 1550 διαλύοντες,
934 1485 1256 1554 ἀναγκαίως
1297 1487 1392 1539 καί
1427 1485 1584 1538 τοῦτο
1617 1489 1857 1557 προηγό-

1951 489 2139 547 pturas
2161 520 2176 543 ,
2215 479 2761 551 llierosolymamque
2804 499 3191 548 concursuras,
3218 484 3386 539 Deum
3419 489 3533 542 usi-

1953 580 2066 624 tato
2101 588 2254 625 more
2285 573 2596 628 laudantes.
2651 573 3031 630 Testimonium
3068 588 3252 632 autem
3287 579 3531 633 divinam

1953 665 2292 732 nuncuparit
2321 665 2515 736 legem,
2552 667 2732 735 palam
2778 668 3055 735 jubentem
3082 669 3111 710 ιι
3163 679 3223 722 ut
3273 669 3438 724 Israel
3477 672 3532 724 in

1953 751 2134 808 locum
2169 765 2488 821 concurrat,
2520 772 2682 826 quem
2727 759 2953 828 elegerit
2981 757 3246 814 Dominus
3282 760 3445 815 Deus.

2026 1026 2192 1081 Vens.
2229 1028 2282 1082 5.
2321 1047 2338 1080 ι
2380 1027 2520 1094 Quia
2559 1029 2631 1084 ibi
2684 1029 2946 1084 sederunt
2987 1032 3144 1087 sedes
3193 1032 3246 1086 in
3290 1033 3534 1102 judicio,

1957 1120 2114 1173 sedes
2161 1135 2324 1188 super
2365 1124 2589 1176 domum
2647 1122 2839 1178 David.
2881 1146 2898 1174 ι
2953 1125 3144 1178 Divina
3181 1125 3534 1192 vaticinatus,

1958 1209 2120 1261 etiam
2169 1212 2410 1265 humana
2457 1214 2722 1281 pra'dicit.
2761 1213 3040 1280 Quoniam
3087 1215 3230 1268 enim
3280 1215 3538 1273 Hieroso—

1960 1299 2117 1370 lyma:
2174 1300 2386 1372 1487
2447 1320 2555 1358 non
2618 1305 2782 1359 modo
2835 1306 3082 1360 divinum
3125 1316 3372 1362 erectum
3421 1317 3541 1363 erat

1962 1395 2248 1459 templum,
2281 1410 2466 1449 vertnn
2501 1397 2667 1451 etiam
2703 1401 2863 1468 'rcgia
2895 1400 3115 1463 domus,
3150 1409 3204 1454 et
3242 1416 3308 1454 eo
3348 1417 3540 1456 omnes

1961 1482 2335 1548 confluebant,
2367 1486 2460 1554 qui
2509 1490 2916 1543 controversias
2963 1489 3216 1543 decidere
3264 1491 3537 1563 volebant.

285 1595 478 1650 ρευσεν
510 1579 538 1632 ὁ
566 1577 852 1648 προφήτης
874 1593 889 1607 ο
919 1577 1000 1630 ὄτι
1042 1578 1142 1630 οὐκ
1187 1579 1267 1641 εἰς
1311 1578 1410 1648 τὴν
1455 1577 1773 1648 Σαμάρειαν
1803 1581 1857 1631 αἰ

1979 1577 2274 1630 incessat-io
2306 1578 2408 1632 hoc
2437 1581 2605 1634 etiam
2649 1581 2922 1652 PrOpbeta
2955 1583 3226 1651 prtedixit,
3254 1583 3371 1637 fore
3397 1593 3455 1637 ut
3483 1586 3539 1639 in

281 1669 412 1722 δέκα
444 1667 608 1736 φυλαὶ
650 1665 1016 1738 δραμοῦνται·
1047 1666 1162 1720 ἀλλ’
1197 1666 1387 1739 ὥσπερ
1433 1670 1524 1721 ἐπὶ
1552 1668 1648 1721 τοῦ
1695 1668 1859 1722 Δαϐὶδ

1977 1666 2270 1721 Samariam
2301 1669 2485 1724 decem
2540 1672 2712 1726 tribus
2766 1689 2874 1725 non
2917 1672 3216 1737 confluant.
3253 1676 3346 1728 sed
3401 1676 3543 1729 sicut

283 1731 467 1813 έκεῖνο.
502 1757 650 1828 εἰχον
685 1731 920 1821 ’ἀκλινὲς
969 1731 1370 1829 δικαστήριονί
1393 1759 1536 1812 οὕτω
1587 1760 1680 1814 καί
1718 1760 1857 1830 μετὰ

1977 1756 2180 1812 Davidis
2213 1769 2454 1827 tempore
2486 1761 2617 1814 illud
2655 1763 2934 1817 habebant
2968 1763 3246 1816 immobile
3280 1765 3538 1830 tribunat,

283 1851 383 1923 τήν
409 1850 666 1903 ἐπάνοδον
695 1850 812 1902 ἐκεῖ
840 1848 1082 1911 ἅπαντες
1115 1847 1591 1920 ἁθροισθήσονται.

355 1940 431 2006 ς’.
475 1960 493 1993 ι
551 1941 895 2012 Ἐρωτήσατε
941 1937 1006 2011 δὴ
1047 1940 1116 1993 τὰ
1149 1940 1229 2004 εἰς
1271 1941 1494 2010 εἰρήνην
1522 1939 1620 2012 τὴν
1665 1940 1860 2009 Ἰερου-

287 2035 490 2106 σαλὴμ,
525 2037 621 2088 καὶ
666 2035 711 2066 ⁸⁸
762 2033 990 2102 εύθηνία
1035 2036 1154 2096 τοῖς
1205 2033 1463 2102 ἀγαπῶσι
1513 2049 1592 2086 σε.
1637 2051 1655 2084 ι
1711 2034 1770 2086 '0
1803 2031 1861 2085 δὲ

289 2126 588 2198 Σύμμαχος
618 2125 792 2190 οὕτως
811 2142 826 2156 ⁶
870 2124 1250 2180 Ἀσπάσασθε
1278 2125 1395 2194 τὴν
1438 2125 1860 2192 Ἰερουσαλὴμ,

286 2219 708 2288 ἠρεμήσουσιν
739 2220 794 2271 οἰ
829 2215 1174 2286 ἁωπῶντές
1207 2231 1300 2282 σε,
1330 2217 1452 2270 ἀντί
1475 2219 1590 2281 τοῦ,
1624 2217 1863 2287 Εἰρήνης

288 2309 695 2370 ἀπολαύσαντες
732 2306 973 2377 βαθείας,
1011 2306 1339 2360 ἀσπάσασθε
1375 2307 1474 2375 τὴν
1522 2308 1734 2376 οἴκησιν
1766 2306 1864 2376 τῆς

299 2401 684 2473 Ἰερουσαλήμ.
729 2401 817 2452 Ἐν
845 2399 994 2471 πάσῃ
1015 2400 1124 2472 γὰρ
1145 2399 1386 2469 θυμηδίᾳ
1413 2401 1462 2452 οἰ
1491 2398 1699 2470 ταύτην
1730 2399 1866 2468 ἀγα-

290 2494 500 2558 πῶντες
530 2491 854 2547 διατελοῦσι.

361 2585 427 2650 ζ’.
471 2605 488 2637 ι
528 2583 776 2637 Γενέσθω
823 2581 877 2635 δὲ
908 2581 953 2613 ³⁸
982 2581 1173 2652 εἰρήνη
1204 2581 1260 2632 ὲν
1296 2581 1341 2612 ’⁵
1378 2584 1444 2652 τῇ
1494 2581 1722 2650 δυνάμει
1752 2598 1864 2647 σου,

291 2677 388 2730 καί
420 2675 646 2745 εύθηνία
674 2676 733 2727 ὲν
767 2675 886 2736 ταῖς
916 2671 1294 2742 πυργοὸάρεσί
1332 2689 1446 2724 σου.
1490 2691 1508 2722 ι
1555 2673 1612 2725 '0
1639 2673 1696 2725 δὲ
1725 2672 1869 2741 Σύμ-

295 2783 470 2838 μαχος
507 2765 714 2829 οὕτως’
767 2763 877 2831 Ετη
922 2764 1128 2831 εἰρήνη
1175 2765 1245 2817 ἐν
1284 2762 1365 2828 τῷ
1403 2765 1698 2831 περιϐόλῳ
1728 2779 1867 2827 σου,

292 2859 524 2927 ἡσυχία
573 2857 642 2911 ἐν
690 2855 814 2922 τοῖς
847 2856 1187 2921 βασιλείοις
1225 2871 1364 2908 σου.
1438 2854 1762 2925 Ἐπεύχεται
1810 2853 1869 2907 δὲ

294 2953 432 3021 αὐτῇ
457 2953 485 3004 6
514 2951 655 3014 θεῖος
685 2949 849 3002 Δαϐἰδ
869 2949 935 3001 τὰ
962 2947 1164 3014 ἀγαθὰ,
1198 2947 1338 3000 ὥστε
1368 2947 1463 3000 καὶ
1491 2948 1617 3009 τοὺς
1651 2946 1870 3016 περιϐό-

1963 1851 2044 1905 sic
2072 1851 2236 1905 etiam
2268 1861 2390 1919 post
2429 1852 2662 1905 reditum
2697 1853 2770 1906 ibi
2805 1868 2998 1907 omnes
3031 1855 3382 1907 conveniant.

2033 1940 2195 1996 Vens.
2227 1939 2280 1993 6.
2331 1961 2349 1993 ι
2385 1939 2588 2011 Rogate
2627 1957 2748 2012 qua:
2797 1943 2863 1995 ad
2915 1957 3103 2011 pacem
3155 1943 3545 2013 Hierosolyma:

1966 2031 2192 2098 faciunt,
2224 2042 2277 2087 et
2309 2033 2643 2086 abundantia
2674 2032 3032 2099 diligentibus
3061 2043 3130 2087 te.
3167 2053 3184 2085 ι
3228 2037 3243 2056 ⁸
3290 2032 3545 2102 Symma-

1964 2126 2102 2179 chus
2151 2125 2271 2179 sic:
2313 2124 2708 2192 Amplectimini
2756 2122 3184 2196 Hierosolymam
3211 2163 3228 2188 ,
3281 2127 3566 2194 quiescent.

1963 2217 2054 2285 qui
2099 2216 2324 2286 diligunt
2357 2225 2439 2279 te;
2487 2215 2594 2270 hoc
2623 2227 2726 2283 est,
2760 2230 2883 2270 cum
2922 2216 3191 2285 profunda
3227 2233 3360 2286 pace
3391 2218 3544 2286 potiti

1967 2306 2176 2362 fueritis
2199 2349 2214 2370 ,
2254 2305 2646 2377 Hierosolyma).
2679 2307 3072 2361 habitationem
3106 2308 3500 2376 amplectimini
3529 2325 3543 2360 :

1966 2397 2406 2468 quandoquidem
2440 2397 2496 2451 in
2529 2397 2678 2451 omni
2721 2398 2926 2462 laetitia,
2956 2401 3049 2467 qui
3097 2400 3237 2454 hanc
3277 2399 3544 2468 diligent,

1969 2491 2184 2559 degent.

2041 2579 2202 2635 Vens.
2238 2579 2289 2634 7.
2338 2597 2357 2631 ι
2383 2580 2467 2634 Sit
2495 2595 2598 2648 pax
2631 2580 2684 2635 in
2718 2579 2918 2634 virtute
2955 2591 3044 2634 tua
3067 2621 3081 2644 .
3114 2589 3169 2636 et
3212 2582 3545 2635 abundantia

1970 2671 2024 2724 in
2058 2671 2300 2725 turribus
2336 2671 2465 2727 tuis.
2500 2690 2518 2722 ι
2557 2671 2922 2740 Symmachus
2949 2683 3132 2725 autent
3178 2673 3295 2726 sic:
3346 2672 3462 2724 Pax
3495 2673 3550 2725 iu

1971 2759 2224 2814 moenibus
2254 2762 2359 2814 tuis
2386 2762 2477 2824 sit,
2507 2759 2667 2813 robur
2690 2761 2745 2812 in
2779 2761 2882 2813 tuis
2918 2763 3071 2830 regiis
3101 2762 3363 2814 domibus.
3403 2761 3549 2814 Dona

1972 2862 2154 2904 autem
2201 2853 2305 2920 ipsi
2339 2864 2597 2923 precatur
2631 2852 2851 2906 divinus
2881 2853 3046 2907 David
3069 2894 3084 2917 ,
3121 2864 3179 2906 ut.
3220 2863 3276 2906 et
3315 2855 3514 2907 moenia
3538 2894 3552 2916 ,

1971 2951 2026 2996 et
2046 2942 2244 2997 domus
2269 2945 2430 3012 regiae
2456 2983 2471 3008 ,
2514 2954 2567 2998 et
2599 2942 2961 2999 habitationes
2994 2961 3117 3014 quae
3149 2947 3200 2998 in
3249 2947 3364 3015 ipsa
3403 2955 3552 3008 sunt,

293 3042 443 3109 λους,
480 3042 572 3096 καί
601 3042 668 3095 τὰ
700 3039 969 3110 βασίλεια,
1014 3039 1109 3093 κοιλ⁵
1138 3040 1234 3102 τὰς
1264 3041 1321 3091 ὲν
1348 3039 1484 3110 αὐτῇ
1529 3038 1727 3104 οἰκίας,
1761 3037 1863 3091 πά-

1977 3035 2120 3088 omui
2147 3050 2280 3105 pace
2308 3035 2588 3091 fruantur.

297 3153 399 3210 σης
433 3135 728 3190 ἀπολαύειν
761 3135 1005 3204 εἰρήνης.

363 3232 436 3298 η’,
476 3224 538 3279 θ’.
580 3243 598 3276 ι
647 3225 848 3276 Ἕνεκα
878 3223 986 3275 τῶν
1029 3221 1273 3290 ἀδελφῶν
1305 3238 1430 3292 μου,
1467 3221 1558 3274 καὶ
1593 3219 1699 3273 τῶν
1736 3217 1874 3290 πλη-

298 3318 414 3370 σῖον
446 3333 545 3386 μου
595 3316 816 3368 ἐλάλουν
851 3315 914 3384 δὴ
960 3315 1182 3385 εἰρήνην
1213 3314 1340 3383 περί
1375 3312 1492 3366 σοῦ.
1536 3313 1744 3366 ’Ἕνεκα
1776 3311 1870 3364 τοῦ

298 3407 448 3459 οῐκου
512 3398 720 3476 Κυρίου
770 3403 862 3458 τοῦ
913 3404 1051 3458 Θεοῦ
1104 3404 1282 3472 ἡμῶν,
1333 3402 1640 3473 ὲξεζήτησα
1692 3403 1874 3470 ἀγαθά

300 3513 408 3551 σοι.
449 3517 467 3548 ι
517 3497 702 3550 Ταῦτα
737 3496 815 3555 δὲ,
849 3495 1034 3564 φησὶν,
1068 3493 1373 3563 ἐπεύχομαί
1406 3510 1508 3559 σοι,
1555 3493 1656 3545 οὐκ
1709 3491 1875 3552 αὐτὸς

301 3590 360 3641 ὲν
414 3589 496 3640 σοὶ
544 3587 992 3657 πολιτευόμενος·
1022 3585 1138 3650 πῶς
1180 3587 1288 3656 γὰρ
1328 3586 1357 3638 6
1402 3602 1466 3654 γε
1516 3585 1624 3654 πρὸ
1678 3583 1874 3637 πολλοῦ

302 3679 496 3751 χρόνου
544 3680 639 3732 τοῦ
699 3678 814 3748 βίου
858 3679 919 3730 τὸ
968 3682 1142 3746 πέρας
1194 3674 1520 3746 δεξάμενος;
1567 3675 1702 3728 ἀλλὰ
1749 3675 1876 3735 τοὺς

299 3770 609 3840 ὁμοφύλους
643 3769 984 3839 ἱμειρόμενος
1030 3770 1254 3839 εἰρήνης
1293 3770 1500 3837 τυχεῖν,
1549 3768 1644 3820 καὶ
1672 3766 1764 3819 τὸν
1794 3759 1876 3818 οἷ·

301 3880 399 3915 κον
430 3862 523 3914 τοῦ
562 3861 696 3914 Θεοῦ
747 3878 852 3931 μου
893 3861 990 3932 τὴν
1021 3861 1291 3932 προτέραν
1335 3858 1696 3929 περιφάνειαν
1738 3857 1875 3912 ἀπο-

300 3953 493 4006 λαϐεῖν
524 3953 835 4023 ἐφιέμενος.

598 4085 862 4141 ΕΡΜΗΝ.
904 4083 1040 4136 ΤΟΥ
1077 4082 1230 4136 ΡΚΒ¹
1267 4079 1587 4134 ΨΑΛΜΟΥ.

2043 3210 2210 3267 Vsus.
2241 3212 2304 3278 8,
2341 3213 2393 3267 9.
2426 3231 2444 3264 ι
2473 3213 2701 3283 Propter
2732 3213 2929 3270 fratres
2980 3231 3132 3270 meos
3167 3225 3218 3268 et
3271 3215 3556 3284 proximos

1977 3319 2160 3367 meos,
2197 3304 2460 3373 loquebar
2493 3322 2680 3375 pacem
2719 3305 2786 3359 de
2816 3315 2887 3360 te.
2933 3305 3156 3374 Propter
3186 3307 3407 3360 domum
3443 3304 3554 3359 Do-

1978 3395 2112 3448 mini
2143 3394 2236 3449 Dei
2275 3397 2486 3461 nostri,
2521 3397 2745 3466 quazsivi
2781 3397 2923 3452 bona
2959 3398 3076 3450 tibi.
3111 3417 3128 3448 ι
3171 3397 3295 3451 llaec
3335 3406 3545 3458 autem,

1978 3488 2176 3558 inquit,
2205 3490 2300 3544 tibi
2333 3505 2546 3559 precor,
2577 3506 2685 3544 non
2712 3506 2812 3561 ego
2837 3493 2951 3561 ipse
2982 3491 3036 3545 in
3070 3501 3120 3546 te
3147 3491 3384 3559 degens:
3416 3507 3554 3560 quo-

1979 3583 2141 3635 modo
2170 3583 2314 3636 enim
2350 3583 2478 3648 ille,
2515 3582 2606 3651 qui
2647 3583 2822 3636 multo
2851 3591 2975 3635 ante
3011 3586 3167 3634 linem
3211 3582 3333 3634 vita:
3373 3597 3561 3634 susce-

1981 3673 2080 3742 pit.
2117 3672 2232 3727 haec
2264 3675 2445 3728 dicere
2484 3673 2704 3742 potest?
2731 3672 2845 3742 [sed
2877 3672 3197 3726 desiderans
3240 3681 3298 3724 ut
3351 3673 3560 3724 contri-

1980 3763 2134 3818 bules
2166 3779 2297 3834 pace
2320 3763 2589 3829 fruantur,
2642 3773 2696 3819 et
2721 3774 2986 3832 exoptans
3019 3773 3078 3826 ut
3105 3765 3301 3816 domus
3333 3762 3424 3817 Dei
3453 3763 3559 3816 mei

1981 3856 2272 3926 pristinum
2309 3857 2656 3926 splendorem
2689 3857 2938 3926 recipiat.

2231 4074 2450 4146 1488
2486 4073 2766 4129 INTERP.
2806 4073 3056 4128 PSALMI
3098 4071 3314 4126 CXXII.

391 4216 410 4248 ι
465 4196 586 4268 ᾮδὴ
612 4195 720 4249 τῶν
757 4193 1110 4264 ἀναϐαθμῶν.
1163 4193 1276 4246 Καὶ
1303 4193 1349 4223 ’⁸
1394 4186 1548 4252 οὗτος
1594 4191 1623 4242 6
1669 4187 1863 4259 ψαλμὺι

2063 4207 2081 4238 ι
2113 4187 2392 4242 Canticum
2421 4189 2706 4258 graduum.
2734 4207 2752 4239 ›
2799 4187 2865 4240 Ει
2904 4188 2989 4240 hic
3024 4187 3267 4256 psalmus
3300 4186 3557 4254 pietatem

311 4289 422 4343 τῶν
443 4287 744 4359 τηνικαῦτα
775 4288 995 4340 δικαίων
1027 4285 1271 4338 δείκνυσι
1299 4283 1398 4354 τὴν
1439 4281 1740 4334 εὐσέϐειαν.

1981 4282 2255 4351 justorum
2289 4281 2432 4335 illius
2461 4281 2722 4350 temporis
2751 4281 3008 4336 ostendit.

380 4379 449 4433 a'.
483 4399 502 4432 ι
542 4381 680 4449 Πρὸς
728 4381 788 4432 σὲ
831 4375 942 4450 ἦρα
971 4379 1098 4439 τοὺς
1125 4375 1443 4446 ὀφθαλμούς
1477 4392 1601 4445 μου,
1632 4372 1723 4425 τὸν
1753 4388 1863 4424 κατι

2062 4372 2223 4427 Vens.
2265 4375 2312 4426 l.
2356 4393 2372 4423 ι
2404 4372 2480 4427 Ad
2511 4384 2559 4427 te
2592 4373 2762 4426 levavi
2794 4373 2985 4427 oculos
3017 4387 3186 4436 meos,
3223 4372 3314 4440 qui
3351 4372 3566 4426 habitas

310 4472 566 4526 οικοῦντα
597 4475 655 4523 ὲν
683 4471 762 4541 τῷ
789 4469 1027 4542 οὐρανῷ.
1083 4487 1101 4520 ι
1141 4469 1332 4538 Πάσης
1379 4465 1728 4537 ἀνθρωπίνης
1756 4465 1863 4534 βοη-

1990 4466 2044 4518 ἱη
2083 4465 2244 4519 ccelo.
2279 4485 2296 4514 ›
2349 4463 2522 4518 Omne
2575 4465 2870 4518 hmnanum
2917 4463 3183 4517 auxilium
3247 4477 3346 4529 pro
3397 4462 3567 4516 nihilo

313 4562 463 4624 θείας
483 4565 926 4632 καταφρονήσας,
953 4560 1050 4631 τὴν
1075 4560 1194 4629 σὴν,
1219 4553 1264 4611 ὦ
1292 4543 1561 4620 Δέσποτα,
1589 4555 1863 4626 προσμένο

1994 4557 2223 4619 habens,
2257 4565 2403 4610 tuam
2425 4598 2439 4622 ,
2465 4573 2496 4610 o
2528 4555 2784 4620 Dominel,
2817 4571 2971 4624 Opem
3008 4564 3294 4622 exspecto,
3323 4563 3378 4606 et
3409 4568 3438 4604 a
3474 4562 3569 4610 tua
3649 4564 3655 4570 '

319 4653 512 4725 ῥοπὴν,
554 4654 786 4722 καὶτῆς
838 4654 937 4722 σῆς
985 4650 1242 4722 προνοίας
1289 4649 1631 4718 ὲξήρτημαι’
1683 4647 1745 4699 σὲ
1779 4646 1863 4714 γὰι

1993 4649 2331 4718 providentia
2375 4649 2616 4718 pendeo:
2669 4658 2719 4702 te
2763 4649 2911 4703 enim
2965 4646 3092 4700 novi
3140 4661 3262 4700 esse
3307 4646 3571 4699 cwlorum

314 4741 432 4797 οἶδα
466 4745 745 4814 Δεσπότην
779 4743 888 4795 τῶν
917 4743 1184 4814 οὐρανῶν.
1218 4742 1511 4795 Κατοικείν
1542 4738 1599 4791 δὲ
1628 4738 1790 4790 αὐτὸν
1831 4740 1863 4790 ὲκ

1997 4737 2312 4792 Dominum.
2363 4737 2545 4807 Ipsum
2590 4744 2769 4790 autem
2831 4737 2884 4789 in
2931 4736 3086 4790 caelis
3130 4735 3370 4788 habitare
3406 4735 3570 4802 dicit,

317 4833 532 4906 οὐρανῷ
557 4832 684 4902 ἔφη,
712 4834 810 4903 οὐχ
840 4832 915 4895 ὼς
942 4833 1092 4901 τόπῳ
1123 4829 1626 4902 περιγραφόμενον,
1674 4827 1787 4880 ἀλλ’
1817 4827 1862 4879 ὼ

1993 4845 2100 4884 non
2142 4830 2288 4884 velut
2321 4829 2441 4882 loco
2469 4827 2981 4896 circumscriptum,
3029 4826 3121 4879 sed
3167 4825 3329 4878 veluti
3383 4825 3568 4878 laetan-

317 4916 409 4979 τδν
437 4927 482 4957 ²⁶
517 4925 772 4994 ἁοράτοις
803 4924 1067 4993 δυνάμεσι
1096 4926 1215 4988 ταῖς
1245 4924 1334 4977 τὸν
1365 4921 1594 4992 οὐρανὸν
1618 4919 1863 4974 οἰκούσαι

1998 4931 2102 4974 tem
2144 4921 2212 4976 de
2243 4920 2612 4975 invisibilibus
2662 4919 3026 4990 potestatibus
3071 4934 3191 4987 qua:
3222 4917 3388 4972 caelos
3417 4917 3571 4970 inco-

320 5015 850 5087 ὲπευφραινόμενον.
1739 4997 1748 5001 ’

1999 5013 2139 5066 lunt.

389 5199 417 5238 b
459 5198 626 5252 Deut.
659 5213 763 5260 xu,
805 5195 859 5249 5.

1441 5290 1672 5346 VARUE
1711 5288 2090 5346 LECTIONES
2132 5288 2221 5343 ET
2255 5282 2488 5342 NOTAE.

398 5456 440 5485 τι
489 5453 564 5506 το,
595 5451 672 5507 1b.
703 5466 886 5520 praem.
907 5451 1018 5504 καί.
1095 5453 1138 5482 ¹¹
1171 5449 1276 5520 Καὶ
1315 5481 1382 5490 —-
1409 5453 1588 5520 ἀγαπ.
1621 5467 1714 5505 σε.
1745 5451 1858 5505 Heh

1977 5448 2335 5520 rariquillilalc
2369 5447 2618 5520 fruuntur
2656 5446 2745 5520 qui
2780 5455 2961 5497 amant
2989 5442 3295 5520 tc.‘_Symm.
3357 5444 3575 5520 Ηρεμή-

398 5466 440 5485 ”
491 5466 564 5506 ‘U.
596 5466 672 5507 ιι).
703 5466 886 5520 praem.
907 5466 1018 5504 και.
1096 5466 1138 5482 ³·
1171 5466 1276 5502 um.
1315 5481 1382 5490 —-
1409 5466 1588 5520 αγαπ.
1621 5467 1714 5505 σε.
1745 5466 1858 5505 uen

329 5540 511 5578 σουσιν
544 5525 592 5575 οἰ
624 5521 956 5590 ἀγαπῶντες
990 5537 1066 5572 σε.
1099 5521 1143 5550 ’³
1181 5519 1306 5590 llee.
1338 5521 1494 5590 lectio
1521 5522 1573 5574 Ιι.
1607 5522 1645 5575 l.
1669 5530 1772 5583 est,
1800 5521 1863 5590 δή

1977 5466 2335 5571 multmmarc
2369 5466 2618 5515 (ruantur
2656 5466 2745 5516 qui
2780 5466 2961 5497 amam
2989 5466 3056 5497 te.
3090 5466 3295 5512 opum.
3357 5466 3575 5522 ιιρεμη-

1977 5519 2010 5550 ιδ
2049 5519 2061 5539 ’
2095 5518 2446 5590 verbum-fio.
2477 5517 2644 5590 ΙΙτςιις.Δ
2674 5519 2726 5590 in
2765 5513 3084 5590 gntemurali
3123 5524 3232 5578 tuo,
3269 5509 3576 5590 tranquilli-

331 5606 436 5646 tua.
511 5593 558 5623 ”
592 5582 697 5646 Kal
725 5588 1144 5643 -εὺσέϐειαν,
1178 5589 1298 5642 llaac
1323 5589 1538 5659 Origeni
1594 5582 1863 5644 tribuuntt]

1986 5591 2092 5658 pud
2151 5582 2324 5659 (λιι-ιι.Δ
2349 5582 2462 5659 Ι.ςιι.
2501 5602 2551 5653 p.
2587 5587 2709 5642 518.
2763 5583 2838 5637 lta
2878 5598 3095 5653 quoque
3121 5598 3184 5638 ca
3219 5599 3338 5651 qua:
3385 5582 3576 5635 ultima

331 5673 458 5718 sunt
511 5662 576 5716 ad
615 5664 760 5717 hunc
801 5659 1090 5730 psalmum,
1127 5656 1476 5729 ἀντιστρεψον
1501 5689 1570 5704 --
1599 5660 1863 5730 συμφοράα

1982 5656 2030 5690 ⁵⁸
2069 5659 2197 5712 Τόν.
2228 5656 2348 5712 cod.
2377 5657 2400 5709 1
2435 5659 2572 5719 ταῖς.
