3996 6506
465 318 602 383 1883

1473 308 1967 372 THEODORETI
2006 303 2345 365 EPISCOPI
2384 297 2753 361 CYRENSIS

3610 286 3749 354 1881

539 432 703 486 Vens.
741 429 796 486 2.
862 449 881 474 ι
924 428 1062 483 Ecce
1111 426 1255 483 sicut
1304 424 1450 481 oculi
1496 438 1786 480 servorum
1855 418 2049 477 intenti

2224 419 2288 489 β’.
2331 436 2348 468 ι
2404 415 2537 469 Ἰδοὺ
2572 414 2649 476 ὼς
2701 409 2976 480 ὀφθαλμοὶ
3019 406 3225 462 δούλων
3276 407 3358 470 είς
3400 404 3598 477 χεῖρας
3640 406 3750 458 τῶν

465 536 589 580 sunt
641 524 693 577 in
746 537 943 578 manus
987 521 1340 576 dominorum
1383 533 1608 576 suorum
1644 558 1660 584 ,
1710 517 1856 573 sicut
1898 515 2043 571 oculi

466 614 677 670 ancilla!
712 614 769 668 in
799 628 998 669 manus
1030 611 1269 667 dominae
1299 626 1444 677 sua,
1493 609 1568 664 ita
1603 608 1747 665 oculi
1778 607 1956 663 nostri
1987 606 2043 661 in

468 706 761 761 Dominum
810 705 982 761 Deum
1036 712 1290 760 nostrum
1346 702 1584 775 (intenti
1624 702 1850 771 sunt).i
1893 698 2047 755 Sicut

467 798 636 863 enim,
668 798 865 867 inquit,
909 797 1096 852 famuli
1126 797 1195 855 ad
1234 796 1585 851 dominorum
1627 809 1822 849 manus
1867 794 2047 865 respi-

468 890 654 955 ciunt,
689 898 872 958 utpote
899 889 993 958 qui
1037 889 1159 943 vitae
1198 896 1539 943 commeatus
1572 885 1697 940 inde
1728 885 2045 955 accipiunt:

470 981 551 1036 sic
580 992 635 1037 et
667 996 767 1036 nos
796 1022 810 1044 ,
844 980 1072 1034 Domine
1094 1020 1107 1044 ,
1138 994 1169 1032 a
1205 988 1256 1033 te
1288 978 1558 1033 bonorum
1598 976 1836 1030 fructum
1870 975 2048 1046 perci-

470 1089 600 1145 pere
633 1073 1032 1144 przestolamur.
1072 1070 1299 1125 Ancillae
1330 1070 1501 1139 igitur
1539 1083 1649 1122 non
1688 1082 1784 1137 per
1816 1067 2049 1122 tautolo-

470 1166 616 1235 giam
646 1164 911 1226 meminit,
936 1162 1031 1217 sed
1060 1169 1121 1216 ut
1151 1160 1381 1216 aﬂ‘ectus
1412 1158 1843 1229 magnitudinem
1865 1167 2047 1213 osten-

472 1259 645 1314 deret.
682 1258 856 1327 Magis
893 1256 1038 1311 enim
1070 1255 1313 1321 ancillaa,
1359 1256 1379 1276 '
1425 1269 1590 1323 quam
1633 1253 1811 1319 servi,
1848 1251 2050 1321 quippe

473 1368 595 1421 quae
624 1350 882 1405 continue
908 1357 1198 1404 versantur
1229 1347 1282 1401 in
1313 1346 1581 1402 cubiculis
1613 1358 1838 1400 suarum
1867 1342 2050 1397 domi-

474 1458 693 1507 narum,
723 1441 790 1496 ad
822 1442 920 1496 has
954 1440 1236 1496 attendere
1266 1439 1472 1500 solent.
1504 1448 1559 1493 et
1590 1451 1782 1491 earum
1810 1436 2049 1490 benevo—

476 1534 699 1588 lentiam
751 1543 1003 1602 expetere
1041 1550 1056 1587 :
1120 1551 1140 1584 ι
1176 1531 1360 1586 Donec
1408 1530 1739 1585 misereatur
1788 1526 1982 1582 nostri.
2025 1544 2049 1577 ι

478 1627 599 1679 Νοη
632 1625 776 1680 enim
808 1625 1128 1695 praescripto
1156 1634 1397 1691 tempore
1427 1637 1578 1691 spem
1608 1620 1921 1684 deﬁnimus,
1954 1617 2051 1675 sed

480 1723 883 1786 exspectamus,
915 1716 1090 1771 donec
1116 1715 1329 1769 veniam
1363 1714 1730 1768 obtineamus.

554 1892 723 1948 Vens.
745 1893 798 1946 '5.
820 1912 839 1943 ι
866 1892 1118 1947 Miserere
1146 1891 1344 1955 nostri,
1384 1890 1634 1955 Domine,
1671 1890 1930 1945 miserere
1956 1903 2058 1944 no-

487 1986 607 2041 stri.
640 2005 659 2037 ι
702 1984 1079 2055 Reduplicatio
1114 1983 1517 2054 deprecationis
1556 1982 1795 2039 studium
1838 1982 2063 2037 demou-

486 2081 646 2127 strat.

463 2200 476 2212 .
564 2182 583 2215 ι
615 2164 752 2229 Quia
777 2162 933 2217 valde
955 2161 1145 2233 repleti
1175 2177 1367 2218 sumus
1392 2170 1730 2231 contemptu.
1763 2159 1955 2233 [Vnus
1979 2163 2061 2234 4.]

491 2256 797 2309 Admodum
825 2254 1029 2324 repleta
1058 2263 1142 2310 est
1170 2254 1351 2309 anima
1384 2262 1595 2310 nostra.
1638 2273 1655 2305 ι
1694 2253 2068 2323 Elllagitamus

495 2345 713 2417 15.89
766 2356 979 2412 autem,
1012 2347 1122 2411 ait,
1161 2345 1592 2401 misericordiam
1616 2383 1631 2409 ,
1661 2359 1769 2399 non
1804 2353 2066 2414 tanquam

492 2436 643 2505 digni
672 2434 763 2499 qui
792 2450 913 2489 eam
947 2449 1382 2503 consequamur,
1423 2434 1517 2489 sed
1541 2433 1837 2487 admodum
1866 2442 2065 2487 contu-

496 2523 709 2578 meliosi
747 2522 896 2577 facti.
939 2541 957 2574 ι
994 2521 1360 2593 Opprobrium
1392 2522 1819 2586 abundantibus,
1846 2532 1899 2576 et
1932 2538 2069 2578 con-

496 2624 734 2685 temptus
762 2616 1032 2683 superbis.
1068 2634 1087 2666 »
1128 2614 1491 2686 Symmachus
1518 2615 1593 2669 ita
1626 2632 1638 2667 :
1669 2615 1860 2667 Anima
1884 2627 2068 2668 nostra

494 2707 695 2761 satiata
724 2715 801 2759 est
824 2746 840 2770 ,
884 2705 1279 2775 obloquentibus
1310 2706 1392 2760 his
1429 2706 1520 2775 qui
1551 2705 1863 2771 abundant,
1896 2705 2071 2773 despi-

496 2796 751 2851 cientibus
782 2795 1042 2863 superbis.
1078 2794 1339 2864 Superbia
1373 2796 1521 2850 enim
1561 2794 1874 2865 Babylonils
1912 2794 2073 2849 nobis

497 2887 908 2954 insultantibus,
943 2895 998 2941 et
1029 2888 1495 2957 exprobrantibus
1516 2927 1532 2951 ,
1563 2902 1664 2942 nos
1698 2887 1922 2941 tristitia
1954 2885 2074 2940 atii-

498 2980 696 3034 cimur.
730 2978 1044 3034 Secundum
1082 2978 1436 3050 Septuaginta
1467 2994 1599 3034 vero
1636 2979 1719 3034 sic
1756 2978 2073 3048 intelligen-

498 3072 628 3126 dum
659 3080 743 3126 est
771 3088 785 3125 :
830 3090 849 3123 ι
886 3071 1253 3142 Opprobrium
1285 3062 1714 3136 abundantibus,
1744 3079 1797 3125 et
1826 3079 2073 3125 contem-

497 3170 624 3230 ptus
656 3161 928 3230 superbis.
961 3180 979 3213 ι
1016 3160 1306 3226 Converte,
1336 3163 1543 3232 inquit,
1581 3160 1835 3224 Domine,
1875 3176 1984 3224 res,
2017 3168 2073 3215 et

500 3255 570 3309 iis
614 3255 707 3323 qui
750 3269 898 3310 nunc
945 3255 1251 3310 eﬂ'eruntur
1298 3265 1522 3326 propter
1572 3253 1924 3322 felicitatem,
1969 3267 2078 3325 qua

499 3345 909 3423 circumﬂuunt,
941 3359 1162 3404 nostras
1205 3348 1550 3403 calamitates
1586 3348 1791 3419 irroga.

870 3566 1142 3625 INTERP.
1183 3568 1435 3627 PSALMI
1473 3568 1714 3626 CXXIII.

578 3699 746 3757 Vens.
783 3702 839 3757 1.
875 3720 894 3755 ι
924 3701 1218 3760 Canticum
1265 3705 1556 3776 graduum.
1593 3725 1612 3760 ι
1662 3706 1798 3764 Post
1845 3706 2084 3764 reditum

505 3810 539 3851 e
571 3793 882 3865 Babylone,
914 3810 1108 3853 omnes
1148 3796 1366 3852 ﬁnitimi
1386 3837 1401 3863 ,
1426 3797 1742 3855 Iudaeorum
1773 3799 2082 3856 libertatem

508 3898 650 3953 aegre
694 3883 971 3951 ferentes,
1017 3888 1381 3943 communiter
1431 3898 1625 3944 contra
1676 3890 1827 3959 ipsos
1879 3890 2086 3946 bellum

511 3981 890 4043 susceperunt,
912 3983 966 4029 et
988 3975 1250 4034 barbaras
1273 3988 1461 4047 gentes
1484 3980 1827 4047 colligentes,
1853 3981 2089 4051 conjun-

511 4063 614 4119 ctis
638 4066 811 4135 copiis
833 4066 1039 4122 bellum
1071 4068 1178 4124 illis
1210 4069 1531 4138 intulerunt,
1566 4079 1851 4140 sperantes
1882 4071 2005 4128 fore
2028 4080 2087 4129 ut

513 4172 704 4212 eorum
751 4173 971 4228 quoque
1009 4162 1332 4217 memoriam
1373 4163 1618 4218 delerent
1668 4182 1681 4218 :
1741 4165 1838 4220 sed
1887 4179 2085 4221 rursus

515 4248 897 4303 universorum
930 4250 1075 4306 Deus
1108 4253 1225 4308 suis
1262 4253 1479 4324 quidem
1515 4270 1673 4325 opem
1706 4256 1833 4311 tulit
1854 4296 1869 4321 ,
1898 4271 2090 4313 omnes

514 4352 647 4393 vero
677 4339 863 4395 hostes
904 4340 1215 4397 debellavit.
1276 4343 1394 4399 Hoc
1435 4356 1620 4401 autem
1675 4356 1931 4403 asserunt
1973 4348 2094 4418 plu-

2151 511 2358 583 κυρίων
2397 506 2601 569 αὐτῶν,
2651 503 2727 568 ὡς
2768 500 3040 573 ὀφθαλμοὶ
3081 498 3375 569 παιδίσκης
3427 500 3511 560 εἰς
3556 501 3747 567 χεῖρας

2148 603 2249 672 τῆς
2298 600 2499 672 κυρίας
2544 596 2741 667 αὐτῆς,
2770 593 2947 658 οὕτως
2980 595 3033 647 oi
3078 591 3352 661 ὀφθαλμοὶ
3399 589 3563 662 ἡμῶν
3609 589 3747 660 πρὸς

2151 695 2356 765 Κύριον
2384 692 2477 745 τὸν
2516 690 2651 744 Θεὸν
2677 687 2859 759 ἡμῶν.
2899 704 2921 738 ι
2954 683 3227 754 Καθάπερ
3258 681 3390 755 γάρ,
3436 683 3633 753 φησὶν,
3668 684 3744 736 oi-

2151 786 2310 841 κέται
2360 784 2442 846 είς
2494 781 2596 845 τὰς
2645 780 2755 834 τῶν
2784 776 3069 831 δεσποτῶν
3115 772 3488 829 ἀποϐλέπουσι
3531 774 3746 842 χεῖρας,

2153 880 2249 933 ἆτε
2277 877 2343 948 δὴ
2371 876 2469 939 τὰς
2496 870 2752 945 ἀφορμὰς
2773 868 2989 925 ἐκεῖθεν
3014 868 3345 939 δρεπόμενοι
3378 864 3476 919 τοῦ
3509 864 3633 936 βίου
3662 865 3709 897 ’τ
3731 880 3744 895 ·

2152 971 2294 1025 οῦτω
2323 969 2418 1023 καὶ
2443 969 2629 1039 ἡμεῖς,
2657 960 3099 1032 Δέσποτα,παρά
3118 959 3212 1013 σοῦ
3233 959 3633 1030 προσμένομεν
3658 956 3747 1011 λα-

2154 1063 2270 1116 ϐεῖν
2298 1060 2405 1114 τῶν
2439 1056 2660 1127 ἀγαθῶν
2692 1054 2791 1127 τὴν
2822 1054 3146 1109 ἀπόλαυσιν.
3178 1051 3291 1122 Τῆς
3342 1052 3530 1121 μέντοι
3558 1049 3749 1103 παιδί-

2155 1170 2295 1223 σκης
2336 1152 2399 1205 οὐ
2430 1146 2766 1216 ταυτολογῶν
2798 1145 3231 1216 ἐμνημόνευσεν,
3259 1142 3398 1196 ἀλλά
3432 1142 3539 1211 τῆς
3565 1140 3749 1194 διαθέ-

2156 1260 2295 1307 σεως
2335 1242 2550 1306 δεικνὺς
2596 1239 2695 1311 τὴν
2729 1237 3002 1291 ἐπίτασιν.
3038 1234 3209 1288 Πλέον
3241 1233 3349 1304 γὰρ
3379 1232 3491 1286 τῶν
3537 1229 3752 1285 παίδων

2154 1339 2213 1391 αἱ
2243 1335 2549 1397 παιδίσκαι,
2578 1332 2675 1388 ἀτε
2716 1331 2781 1402 δὴ
2818 1332 2939 1393 ταῖς
2982 1325 3296 1388 δεσποίναις
3326 1327 3387 1379 ἐν
3427 1326 3543 1387 τοῖς
3576 1322 3751 1376 θαλάο

2160 1446 2283 1499 μοις
2327 1426 2607 1490 συνοῦσαι,
2654 1420 2918 1494 διηνεκῶς
2957 1417 3251 1489 προσέχειν
3278 1415 3325 1449 ’⁸
3348 1414 3582 1477 ταύταις
3624 1411 3754 1466 εἰώ-

2157 1520 2303 1580 θασι,
2360 1519 2454 1573 καὶ
2511 1516 2611 1588 τὴν
2680 1515 2817 1586 παρ’
2869 1511 3054 1567 αὐτῶν
3108 1508 3370 1563 ποθοῦσιν
3436 1506 3750 1577 εὐμένειαν.

2162 1631 2181 1664 ι
2229 1613 2374 1675 Ἕως
2403 1601 2463 1663 οὗ
2494 1607 2835 1678 οίκτειρήσαι
2863 1604 3034 1674 ἡμᾶς.
3074 1620 3094 1653 ›
3127 1600 3203 1654 Οὐ
3243 1599 3395 1671 ῥητῷ
3426 1597 3539 1669 γάρ
3572 1596 3757 1668 χρόνῳ

2157 1704 2319 1775 τήνδε
2360 1703 2459 1773 τὴν
2488 1700 2679 1754 ἐλπίδα
2722 1694 3152 1769 περιορίζομεν,
3179 1691 3319 1747 ἀλλά
3362 1688 3758 1762 προσμένομεν
3810 1750 3821 1753 _

2087 1784 2131 1839 Β
2158 1797 2264 1860 ἕως
2302 1797 2369 1849 ἂν
2401 1792 2727 1863 ἀξιωθῶμεν
2763 1787 3005 1860 φειδοῦς.

2231 1894 2302 1956 γ’.
2344 1905 2362 1938 ι
2416 1885 2673 1956 Ἐλέησον
2706 1877 3093 1952 ἡμᾶς,Κύριε,
3140 1876 3363 1944 ἐλέησον
3413 1872 3584 1943 ἡμᾶς.
3629 1888 3649 1922 ι
3701 1867 3759 1920 '0

2162 1977 2561 2048 διπλασιασμὸς
2592 1974 2745 2046 δηλοί
2776 1972 2838 2026 τὸ
2869 1968 3072 2040 θερμὸν
3102 1967 3204 2038 τῆς
3237 1966 3528 2036 αἰτήσεως.

2240 2197 2258 2231 ι
2286 2178 2409 2232 Ὅτι
2449 2173 2679 2230 ἐπιπολὺ
2705 2169 3057 2242 ἐπλήσθημεν
3079 2163 3503 2232 ἐξουδενώσεως.
3524 2160 3591 2233 [δ’
3603 2159 3617 2232 ι
3639 2161 3762 2213 Ἐπὶ

2165 2272 2347 2326 πλεῖον
2368 2268 2614 2339 ἐπλήσθη
2651 2267 2685 2337 ὴ
2712 2263 2859 2335 ψυχὴ
2888 2261 3071 2334 ήμῶν.
3111 2278 3130 2312 ι
3168 2256 3440 2326 Αίτοῦμεν
3480 2255 3564 2318 δέ,
3598 2252 3759 2322 φησι,

2164 2366 2255 2417 τὸν
2285 2363 2456 2428 ἔλεον,
2481 2362 2580 2431 οὐχ
2597 2360 2673 2424 ὡς
2691 2356 2831 2423 ἄξιοι
2847 2358 3041 2410 τούτου
3059 2353 3267 2423 τυχεῖν,
3291 2348 3408 2403 ἀλλ’
3436 2347 3516 2410 ὼς
3546 2348 3764 2399 ἐπονεί-

2165 2458 2334 2511 διστοι
2378 2456 2503 2508 λίαν
2531 2450 2840 2523 γενόμενοι.
2875 2466 2894 2500 ι
2934 2447 3009 2502 Τὸ
3030 2445 3237 2507 ὄνειδος
3273 2444 3391 2507 τοῖς
3442 2437 3761 2510 εύθηνοῦσι,

2168 2549 2262 2603 καὶ
2304 2549 2343 2619 ἡ
2371 2544 2719 2610 ἐξουδένωσις
2750 2542 2867 2604 τοῖς
2896 2536 3297 2609 ὑπερηφάνοις.
3338 2552 3367 2586 »κ
3405 2532 3466 2586 '0
3508 2531 3567 2585 δὲ
3614 2528 3765 2598 Σόμ-

2171 2653 2343 2709 μαχος
2379 2633 2576 2698 οὕτως,
2621 2628 2986 2701 Ἐχορτάσθη
3032 2627 3071 2694 ὴ
3119 2623 3291 2694 ψυχὴ
3338 2620 3510 2691 ἡμῶν
3545 2619 3763 2709 exule-

2168 2707 2441 2783 .lmirtaw
2477 2722 2597 2778 τῶν
2633 2712 3603 2789 εὐθηνούντων,ἐξευτελιζόντων
3642 2707 3765 2764 τῶν

2169 2817 2589 2888 ὑπερηφάνων.
2628 2813 2751 2868 Τῶν
2781 2813 2893 2883 γάρ
2925 2809 3206 2873 ἀλαζόνων
3241 2805 3607 2861 Βαϐυλωνίων
3642 2804 3766 2856 ἐπιρ

2170 2906 2529 2972 τωθαζόντων
2560 2905 2715 2976 ἡμῖν,
2732 2900 2827 2956 καὶ
2852 2902 3009 2955 ἐπικε
3020 2898 3384 2969 ρτομούντων,
3412 2896 3577 2967 ἡμεῖς
3600 2889 3767 2947 ἀνιώ-

2178 2999 2340 3071 μεθα.
2385 2995 2545 3051 Κατά
2585 2996 2644 3049 δὲ
2684 2993 2811 3057 τοὺς
2871 2990 3277 3061 Ἑϐδομήκοντα
3317 2987 3463 3041 οὕτω
3502 2984 3769 3056 νοητέονσ

2183 3108 2201 3141 ι
2239 3088 2313 3142 Τὸ
2339 3087 2541 3150 ὄνειδος
2583 3087 2696 3148 τοῖς
2729 3079 3044 3153 εύθηνοῦσι,
3075 3079 3169 3132 καὶ
3199 3080 3233 3148 ἡ
3271 3076 3622 3142 ἐξουδένωσις
3657 3074 3769 3137 τοῖς

2180 3179 2573 3253 ὑπερηφάνοις.
2634 3195 2653 3229 ι
2714 3170 3124 3243 Ἀντίστρεψον,
3159 3170 3314 3240 φησὶ,
3343 3168 3413 3222 τά
3440 3166 3771 3240 πράγματα,

2179 3271 2448 3336 Δέσποτα,
2475 3267 2571 3321 καὶ
2604 3266 2717 3329 τοῖς
2740 3260 3228 3332 ἀλαζονευομένοις
3256 3258 3374 3324 νῦν,
3405 3259 3476 3311 δι’
3505 3256 3576 3329 ἢν
3608 3254 3769 3324 περί-

2180 3356 2750 3431 κεινταιεύκληρίαν,
2812 3354 2913 3419 τὰς
2963 3350 3245 3424 ἡμετέρας
3308 3348 3566 3417 ἐπάγατε
3632 3361 3775 3417 συμο

2183 3453 2377 3526 φοράς.

2484 3582 2729 3639 EPMHN
2764 3581 2904 3636 ΤΟΥ
2939 3579 3091 3635 ΡΚΡ
3121 3575 3449 3633 ΨΑΔΜΟΥ.

2256 3727 2323 3775 α’.
2364 3737 2383 3772 ι
2437 3717 2559 3790 ᾭδὴ
2580 3715 2694 3770 τῶν
2738 3710 3073 3783 ἀναϐαθμῶν
3105 3710 3173 3764 ⁸³.
3210 3727 3228 3761 ι
3265 3706 3420 3761 Μετά
3456 3704 3560 3776 τὴν
3592 3704 3638 3736 ⁸⁸
3668 3702 3775 3758 ἀπὸ

2184 3807 2502 3871 Βαϐυλῶνος
2543 3804 2823 3871 ἐπάνοδον,
2846 3804 3086 3862 ἅπαντες
3119 3801 3171 3854 οἱ
3220 3795 3615 3870 πλησιόχωροι,
3650 3795 3774 3848 δυσ-

2188 3902 2516 3976 χεράναντες
2551 3898 2650 3969 τὴν
2684 3896 2794 3951 τῶν
2827 3892 3099 3949 Ἰουδαίων
3125 3889 3460 3961 ἐλευθερίαν,
3498 3888 3653 3957 κοινῇ
3685 3885 3774 3938 τὸν

2190 3995 2325 4067 πρὸς
2354 3993 2552 4054 αὐτοὺς
2581 3988 2904 4055 ἀνεδέξαντο
2942 3984 3202 4055 πόλεμον,
3236 3982 3332 4036 καὶ
3362 3978 3623 4051 βάρϐαρα
3648 3976 3773 4046 ἔθνη

2191 4084 2613 4155 συναγαγόντες,
2661 4080 2804 4135 κατά
2840 4079 3039 4134 ταυτὸν
3070 4077 3258 4139 αὐτοῖς
3303 4072 3773 4144 ἐπεστράτευσαν,

2191 4176 2513 4239 ἐλπίσαντες
2552 4174 2646 4229 καὶ
2673 4171 2846 4243 αὐτὴν
2888 4169 3072 4224 αὐτῶν
3113 4163 3480 4222 κατασϐέσειν
3504 4164 3609 4232 τὴν
3636 4161 3775 4233 μνή-

2195 4283 2326 4338 μην.
2370 4264 2535 4320 Ἀλλά
2563 4264 2724 4319 πάλιν
2751 4264 2781 4316 ὁ
2804 4262 2913 4316 τῶν
2937 4262 3075 4315 ὅλων
3118 4259 3253 4323 Θεὸς
3280 4260 3393 4321 τοῖς
3425 4256 3526 4327 μὲν
3554 4254 3777 4317 οἰκείοις

2195 4356 2494 4427 ἐπήρκεσε,
2538 4355 2666 4417 τοὺς
2709 4353 2769 4406 δέ
2817 4350 3112 4422 πολεμίους
3161 4345 3557 4419 κατηκόντισεν
3604 4342 3775 4397 ἅπαν-

516 4429 643 4484 rimi
683 4431 957 4501 propheta:
980 4470 995 4495 ,
1027 4440 1081 4486 et
1110 4431 1262 4498 Joel,
1296 4444 1350 4491 et
1380 4435 1668 4504 Ezechiel,
1708 4447 1763 4494 et
1800 4438 2053 4495 Michaeas

2195 4464 2317 4511 τας.
2363 4446 2599 4515 Λέγουσι
2630 4445 2690 4498 δὲ
2733 4443 2905 4499 ταῦτα
2931 4442 3042 4497 τῶν
3081 4438 3379 4513 προφητῶν
3422 4438 3473 4490 οἱ
3522 4434 3775 4496 πλείους,

518 4531 571 4574 et
600 4519 894 4576 Zacharias
915 4562 930 4587 ,
966 4529 1018 4576 et
1047 4524 1140 4577 alii
1171 4532 1369 4594 praeter
1400 4527 1501 4583 hos
1538 4528 1719 4584 multi.
1760 4527 1888 4586 Haec
1924 4531 2071 4587 etian

2197 4536 2294 4591 acati.
2347 4535 2523 4607 Ἰωὴλ,
2560 4535 2653 4588 καὶ
2692 4531 2972 4603 ἰεζεκιὴλ,
3016 4532 3112 4585 καὶ
3156 4530 3421 4601 Μιχαίας,
3470 4527 3569 4582 καὶ
3605 4529 3781 4595 Ζαχα-

519 4611 625 4667 hoc
648 4612 703 4667 in
733 4612 854 4669 loco
877 4613 1207 4671 vaticinatur
1233 4616 1433 4673 beatus
1460 4618 1653 4675 David.

594 4827 613 4860 ι
652 4807 767 4865 Nisi
806 4809 1069 4867 Dominus
1108 4810 1305 4869 fuisset
1347 4828 1473 4869 cum
1515 4813 1676 4870 nobis
1700 4851 1716 4875 .
1761 4814 1907 4869 dicat
1946 4829 2094 4870 nunc

518 4898 705 4957 Israel.
748 4902 936 4976 [Vens
971 4908 1027 4973 2,
1064 4906 1143 4980 5.]
1178 4905 1292 4963 Nisi
1325 4906 1591 4963 Dominus
1618 4907 1814 4962 fuisset
1845 4922 1965 4962 cum
1997 4922 2094 4962 no-

523 4993 608 5047 bis
627 5035 642 5056 ,
677 5010 803 5048 cum
830 5008 1190 5068 exsurgerent
1220 5000 1471 5055 homines
1502 5000 1556 5053 in
1586 5014 1709 5054 nos.
1749 4998 1912 5054 Forte
1942 4999 2097 5055 vivos

524 5087 939 5157 deglntivissent
967 5107 1085 5147 nos.
1119 5112 1138 5144 ι
1182 5090 1380 5159 Nolite,
1420 5091 1636 5163 1490
1664 5091 1864 5161 inquit,
1896 5100 2095 5147 vestra!

527 5182 781 5249 potentiae
805 5183 1091 5240 victoriam
1140 5188 1157 5207 ‘
1202 5186 1515 5251 ascribere;
1562 5184 1710 5241 Deus
1739 5184 1888 5240 enim
1930 5184 2096 5255 hujus

2199 4624 2344 4696 ρίας,
2381 4624 2476 4678 καί
2509 4623 2688 4695 ἕτεροι
2721 4623 2857 4693 πρὸς
2885 4621 3096 4685 τούτοις
3128 4620 3333 4675 πολλοί.
3388 4617 3578 4672 Ταῦτα
3609 4618 3705 4672 καὶ
3748 4618 3775 4670 ό

2204 4715 2468 4786 μακάριος
2503 4712 2737 4768 ἐνταῦθα
2772 4712 3133 4783 προθεσπίζει
3164 4710 3352 4765 Δαϐίδ.

2282 4846 2301 4878 ι
2336 4827 2398 4879 Εἰ
2426 4825 2501 4898 μὴ
2528 4826 2611 4879 ὅτι
2647 4825 2850 4895 Κύριος
2886 4819 2957 4895 ἦν
3001 4826 3060 4879 ἐν
3105 4825 3261 4896 ἡμῖν,
3292 4822 3503 4877 εἰπάτω
3549 4821 3616 4894 δὴ
3678 4818 3778 4873 Ἰσ-

2202 4917 2360 4990 ραήλ.
2395 4917 2487 4989 [β¹,
2514 4914 2612 4987 γ’.]
2646 4916 2709 4968 Ei
2740 4914 2816 4987 μὴ
2854 4917 2936 4969 ὅτι
2982 4915 3193 4986 Κύριος
3232 4910 3300 4986 ἦν
3327 4916 3400 4978 ,ἐν
3428 4915 3585 4986 ἡμῖν,
3622 4912 3681 4964 ἐν
3708 4908 3781 4978 τῷ

2194 5010 2569 5077 ἐπαναστῆναι
2609 5005 2932 5078 ἀνθρώπους
2959 5008 3046 5075 ἐφ’
3082 5006 3252 5077 ἡμᾶς.
3287 5007 3433 5075 Ἀρα
3464 5002 3677 5068 ζῶντας
3717 4999 3780 5054 ἀν

2197 5101 2455 5155 κατέπιον
2486 5100 2655 5169 ἡμᾶς.
2712 5116 2730 5150 ι
2770 5098 2861 5169 Μὴ
2908 5101 2975 5169 τῇ
3007 5098 3272 5169 σφετέρᾳ,
3324 5096 3511 5167 φησὶν,
3546 5093 3778 5164 ἐπιγρά-

2197 5191 2336 5263 ψητε
2361 5189 2587 5262 δυνάμει
2610 5188 2711 5260 τὴν
2742 5188 2919 5259 νίκην,
2950 5187 3083 5252 Θεὸς
3113 5189 3220 5259 γὰρ
3243 5186 3449 5258 ταύτης
3482 5184 3776 5255 γεγένηται

1639 5361 1876 5418 VARIE
1914 5360 2302 5419 LECTIONES
2345 5363 2435 5417 ET
2466 5362 2696 5419 NOTAE.

598 5539 644 5572 ³⁷
685 5539 800 5595 Τοῦ
817 5543 985 5607 βίου.
1037 5543 1096 5599 1η
1127 5543 1249 5599 cod.
1283 5544 1307 5599 1
1368 5544 1589 5615 ponitur
1623 5556 1748 5603 ante
1784 5546 1882 5610 τὰς
1918 5577 1989 5587 -
2018 5545 2071 5611 δέ

2177 5543 2359 5614 ἱμενοι.
2438 5546 2483 5577 ’³
2510 5546 2859 5614 Προσέχειν.
2889 5543 3057 5599 Abest
3085 5557 3115 5597 a
3145 5543 3269 5598 cod.
3303 5541 3353 5595 Ι.
3431 5542 3475 5574 ⁸⁸
3513 5541 3701 5598 Ἀναϐ.
3730 5537 3783 5593 1η

531 5638 681 5703 textu
727 5632 889 5703 Hebr.
942 5633 1063 5687 add.
1112 5618 1256 5692 πει).
1333 5635 1377 5667 ³ο
1412 5635 1574 5688 Μετὰ
1611 5635 1723 5703 τὴν
1751 5652 1803 5690 κ.
1848 5653 1900 5688 τ.
1934 5635 1983 5691 λ.
2022 5636 2150 5687 Hmc
2201 5641 2255 5688 ct
2317 5634 2419 5688 alia
2454 5635 2622 5690 multa
2654 5652 2719 5690 ex
2760 5634 3166 5690 Commentario
3203 5634 3268 5689 ad
3314 5632 3462 5689 hunc
3492 5632 3783 5703 psalmum,

534 5698 754 5770 Ot'igcni
819 5703 1131 5758 tribuuntur
1182 5703 1326 5774 apud
1382 5705 1608 5761 Cord.l.
1644 5698 1694 5762 «ξ.
1753 5722 1805 5775 p.
1858 5706 1961 5760 553
2009 5719 2161 5773 seqq.
