3996 6500
544 293 686 358 1887

1571 292 2066 352 THEODORETI
2119 291 2461 352 EPISCOPI
2517 291 2890 351 CYRENSIS’

3553 195 3582 207 ρ

3693 279 3835 347 1853

540 405 933 477 Hierosolyma:
963 404 1108 476 leges
1131 405 1316 461 vivere
1338 411 1572 474 oportet.
1612 407 1684 461 lis
1730 408 1876 460 enim
1923 406 2018 474 qui
2049 407 2128 461 sic

2249 404 2600 475 Ἰερουσαλὴμ
2635 402 2775 456 κατὰ
2798 403 2924 465 τοὺς
2956 400 3151 471 νόμους
3181 400 3280 472 τῆς
3327 397 3700 472 Ἰερουσαλὴμ
3738 413 3835 449 πο·

541 501 823 561 habitant,
857 507 912 552 et
943 499 1080 568 legis
1123 515 1290 569 scopo
1343 500 1756 569 obtemperant,
1813 501 2128 554 ﬁrmitatem

536 590 807 660 Propheta
840 591 1146 660 pollicetur.

614 762 777 817 Vens.
819 763 874 817 2.
927 783 945 815 ι
976 761 1189 818 Montes
1225 763 1278 816 in
1311 762 1543 817 circuitu
1574 761 1729 832 ejus,
1774 770 1828 815 et
1862 760 2129 816 Dominus

540 856 594 910 in
625 856 860 912 circuitu
907 857 1091 928 populi
1121 857 1230 912 sui.
1265 875 1283 906 ι
1327 855 1482 910 Sicut
1505 856 1649 909 enim
1680 863 1898 908 montes
1932 856 2141 916 civita:

542 959 648 1004 tem
677 950 943 1021 cingunt,
976 951 1056 1004 sic
1079 950 1264 1003 divina
1294 963 1425 1003 cura
1455 950 1602 1018 pium
1636 949 1814 1002 munit
1839 948 2124 1017 populum.

547 1059 566 1092 ι
606 1043 689 1096 Ab
737 1045 840 1096 hoc
887 1043 1014 1095 inde
1060 1053 1299 1110 tempore
1331 1056 1504 1109 usque
1547 1041 1598 1092 in
1642 1040 1928 1093 saeculum.
1959 1057 1976 1089 ι
2013 1038 2130 1091 Non

541 1135 687 1188 cnim
723 1135 1056 1205 temporaria
1100 1142 1185 1189 est
1233 1125 1416 1187 divina
1475 1133 1751 1202 potentia,
1788 1134 1881 1186 sed
1924 1131 2131 1195 scrupi-

547 1239 705 1282 terna
737 1245 749 1281 :
785 1237 836 1282 et
873 1229 975 1281 hac
1019 1227 1280 1296 dignatur
1309 1241 1404 1280 eos
1432 1226 1526 1296 qui
1567 1224 1779 1296 1492
1817 1226 1990 1294 ipsius
2015 1224 2131 1278 cul-

545 1328 659 1373 tum
689 1320 871 1388 Inagni
906 1318 1136 1372 faciunt.

613 1405 780 1460 Vens.
813 1406 866 1458 5.
910 1425 928 1456 ι
965 1406 1104 1472 Quia
1150 1421 1258 1460 non
1307 1405 1583 1474 relinquet
1622 1405 1887 1460 Dominus
1918 1405 2129 1474 virgam

545 1506 897 1564 peccatorum
938 1510 1104 1564 super
1145 1505 1350 1549 sortem
1381 1496 1680 1565 justorum.
1715 1516 1732 1546 ι
1772 1495 1840 1549 Ει
1875 1495 2132 1565 Assyrios

545 1589 750 1657 virgam
783 1589 982 1656 furoris
1013 1603 1108 1656 per
1139 1585 1338 1641 lsaiam
1376 1587 1696 1657 prophetam
1733 1587 2002 1640 Dominus
2034 1603 2132 1656 ap-

547 1681 789 1751 pellavit.
829 1699 847 1732 ι
881 1679 974 1734 Va:
999 1681 1168 1740 enim,
1205 1681 1404 1750 inquit,
1429 1680 1672 1751 Assyriis
1702 1699 1714 1733 :
1752 1682 1901 1748 virga
1925 1679 2133 1734 furoris

549 1777 655 1830 mei
683 1818 698 1840 ,
730 1785 783 1831 et
816 1776 908 1830 ira:
937 1791 1070 1830 mete
1096 1815 1110 1839 ,
1159 1777 1214 1828 in
1261 1775 1518 1830 manibus
1548 1791 1763 1829 eorum.
1800 1773 2139 1844 Indignatio-

549 1884 672 1923 nem
709 1884 880 1922 meam
926 1869 978 1922 in
1022 1876 1237 1938 gentem
1279 1869 1522 1937 iniquam
1570 1868 1782 1920 mittam
1807 1909 1820 1930 ,
1854 1876 1909 1920 et
1948 1876 2138 1921 contra

549 1960 813 2030 populum
859 1975 1038 2013 meum
1094 1959 1371 2013 mandabo
1437 1967 1497 2012 ut
1541 1960 1716 2026 spolia
1777 1958 2037 2028 colligat,
2085 1967 2139 2011 et

551 2049 788 2120 praadam
815 2061 861 2103 ο.
897 2069 916 2101 ι
951 2051 1066 2104 Hoc
1101 2058 1205 2110 est,
1237 2049 1404 2103 veluti
1437 2051 1676 2118 quadam
1712 2049 1863 2118 virga
1896 2049 2140 2120 Assyriis

551 2151 709 2195 utens
731 2182 746 2206 ,
775 2141 1253 2196 animadversione
1285 2140 1482 2209 dignos
1511 2143 1742 2211 castigo.
1801 2141 1938 2195 Dicit
1972 2142 2140 2211 igitur

552 2234 716 2288 etiam
747 2232 836 2287 hic
863 2231 1158 2302 Propheta,
1189 2233 1335 2302 quod
1365 2232 1512 2302 justa
1546 2242 1704 2288 utens
1736 2236 2002 2288 sententia
2038 2235 2142 2290 Do-

551 2327 740 2382 minus
777 2326 1160 2380 universorum
1189 2365 1204 2388 ,
1242 2341 1349 2378 non
1385 2326 1758 2394 permissurus
1795 2327 1866 2378 sit
1899 2326 2139 2395 injusto-

555 2434 679 2472 rum
711 2420 918 2487 virgam
950 2419 1116 2472 coetui
1137 2417 1414 2486 justorum
1447 2416 1638 2483 inﬂigi.
1675 2416 1880 2470 Deinde
1917 2433 2144 2472 causam

553 2509 750 2578 aperit.
796 2525 816 2559 ι
856 2506 925 2561 Ut
978 2524 1088 2562 non
1139 2508 1435 2562 extendant
1487 2507 1616 2577 justi
1669 2508 1736 2561 ad
1791 2508 2144 2576 iniquitatem

555 2616 752 2655 manus
794 2615 942 2655 snas.
975 2619 993 2652 ι
1033 2599 1113 2654 Ne
1145 2609 1434 2655 censentes
1457 2640 1472 2666 ,
1521 2601 1736 2670 inquit,
1779 2602 2001 2656 virtutis
2036 2610 2148 2655 stu-

558 2691 723 2756 diosi,
755 2693 874 2748 sine
901 2692 1096 2748 ordine
1119 2701 1174 2747 et
1203 2693 1322 2748 sine
1347 2693 1744 2762 gubernatione
1774 2694 1960 2747 omnia
1986 2693 2140 2759 ferri,

558 2783 612 2838 in
639 2783 794 2854 pejus
819 2795 1066 2854 vergant,
1098 2793 1152 2839 et
1174 2785 1302 2840 hinc
1329 2786 1590 2839 damnum
1631 2794 1934 2854 reportent.

2233 495 2543 548 λιτεύεσθαι
2572 496 2672 548 δεῖ.
2723 493 2847 556 Τοῖς
2900 494 3010 563 γάρ
3039 492 3182 546 οὕτω
3229 491 3576 554 κατοικοῦσι,
3614 491 3716 542 καὶ
3756 487 3835 556 τῷ

2235 586 2424 656 σκοπῷ
2449 584 2544 639 τοῦ
2585 584 2754 654 νόμου
2779 583 3154 653 πειθομένοις,
3193 583 3252 636 τὸ
3283 582 3506 652 βέϐαιον
3551 583 3570 634 Ξ
3615 579 3835 649 προφή-

2233 693 2332 747 της
2371 677 2664 746 ὑπέσχετο.

2305 769 2370 837 β’.
2411 789 2428 820 ι
2475 771 2614 838 Ὄρη
2646 767 2832 837 κύκλῳ
2861 767 3052 836 αὐτῆς,
3080 768 3172 820 καὶ
3207 770 3238 821 ὁ
3264 767 3473 838 Κύριος
3508 767 3704 839 κύκλῳ
3738 769 3835 821 τοῦ

2232 861 2363 915 λαοῦ
2395 862 2590 915 αὑτοῦ.
2630 879 2648 912 ι
2687 862 2958 932 Καθάπερ
2989 864 3097 932 γὰρ
3133 861 3202 914 τὰ
3240 862 3340 933 ὅρη
3375 863 3476 932 τὴν
3520 861 3688 914 πόλιν
3734 879 3837 914 κυ-

2231 955 2375 1018 κλοῖ,
2423 954 2597 1017 οὕτως
2649 955 2682 1024 ἡ
2738 953 2860 1007 θεία
2913 954 3216 1024 κηδεμονία
3267 955 3358 1006 τὸν
3411 955 3618 1025 εὐσεϐῆ
3675 970 3838 1025 περι-

2233 1048 2464 1118 φράττει
2497 1047 2647 1099 λαόν·
2685 1067 2704 1099 ι
2748 1047 2882 1099 Ἀπὸ
2906 1047 3002 1098 τοῦ
3037 1046 3154 1108 νῦν,
3188 1049 3281 1100 καὶ
3308 1047 3413 1109 ἕως
3433 1046 3526 1098 τοῦ
3556 1046 3786 1108 αἰῶνος.
3816 1067 3833 1096 ι

2235 1141 2308 1192 Ού
2345 1139 2450 1207 γὰρ
2484 1139 2819 1210 πρόσκαιρος
2851 1140 2886 1209 ἡ
2918 1137 3011 1190 τοῦ
3053 1137 3188 1190 Θεοῦ
3238 1137 3491 1205 δύναμις,
3542 1138 3665 1189 ἀλλ’
3707 1137 3842 1189 αἰώ-

2233 1245 2370 1291 νιος,
2429 1229 2525 1281 καὶ
2575 1229 2777 1296 ταύτης
2813 1227 2957 1292 ἀξιοῖ
2992 1229 3118 1291 τοὺς
3163 1225 3261 1298 τὴν
3315 1226 3619 1295 θεραπείαν
3666 1226 3838 1279 αὑτοῦ

2239 1323 2370 1391 περὶ
2404 1320 2602 1374 πολλοῦ
2645 1322 3031 1390 ποιουμένους.

2303 1419 2374 1480 γ’.
2422 1429 2441 1462 ι
2484 1413 2608 1466 Ὅτι
2658 1414 2760 1465 οὐκ
2815 1413 3018 1482 ἀφήσει
3068 1410 3277 1480 Κύριος
3326 1411 3426 1482 τὴν
3469 1410 3672 1482 ῥάϐδον
3731 1409 3841 1462 τῶν

2235 1500 2582 1572 ἁμαρτωλῶν
2636 1503 2729 1554 ἐπὶ
2771 1502 2862 1554 τὸν
2896 1501 3097 1571 κλῆρον
3135 1502 3246 1554 τῶν
3286 1501 3535 1555 δικαίων.
3573 1520 3594 1553 ι
3643 1501 3764 1554 Καὶ
3798 1504 3840 1533 ³⁹

2235 1594 2364 1656 τοὺς
2413 1593 2738 1662 ’Δσσυρίους
2781 1593 3014 1661 ῥάϐδον
3064 1593 3258 1662 θυμοῦ
3296 1594 3386 1647 διὰ
3453 1595 3687 1647 Ἡσαΐου
3743 1595 3841 1647 τοῦ

2239 1688 2522 1756 προφήτου
2573 1685 3024 1756 προσηγόρευσεν
3069 1688 3098 1738 ό
3145 1686 3295 1752 Θεὸς,
3337 1705 3355 1738 ι
3395 1687 3537 1741 Ούαὶ
3571 1688 3709 1758 γάρ,
3747 1706 3843 1757 φη-

2176 1765 2215 1819 Β
2243 1779 2348 1838 σιν,
2392 1777 2727 1848 Ἀσσυρίοις,
2761 1779 2793 1848 ή
2829 1777 3025 1847 ῥάϐδος
3065 1779 3158 1830 τοῦ
3193 1778 3364 1849 θυμοῦ
3405 1796 3532 1850 μου,
3590 1780 3692 1834 καὶ
3743 1781 3843 1848 τῆς

2241 1870 2411 1940 ὀργῆς
2461 1887 2586 1940 μου,
2625 1873 2683 1923 ὲν
2712 1873 2832 1932 ταῖς
2867 1871 3056 1940 χερσὶν
3103 1871 3303 1923 αὐτῶν.
3361 1872 3474 1942 Τὴν
3518 1871 3700 1942 ὀργήν
3738 1890 3838 1941 μου

2240 1963 2321 2023 εἰς
2373 1960 2526 2025 ἔθνος
2574 1961 2776 2031 ἄνομον
2828 1961 3147 2025 ἀποστελῶ,
3199 1962 3293 2016 καὶ
3335 1962 3415 2034 τῷ
3447 1964 3495 1994 ⁸ο
3547 1963 3673 2035 ἐμῷ
3727 1962 3841 2029 λαῷ

2245 2050 2498 2116 συντάξω
2533 2050 2758 2119 ποιῆσαι
2784 2049 2977 2115 σκῦλα,
3011 2051 3104 2103 καὶ
3133 2051 3438 2122 προνομήν.
3483 2071 3502 2104 ι
3544 2054 3698 2118 Ἀντὶ
3720 2053 3836 2120 τοῦ,

2241 2143 2513 2213 Καθάπερ
2562 2143 2669 2195 τινὶ
2712 2142 2894 2213 ῥάϐδῳ
2947 2146 3063 2206 τοῖς
3104 2142 3410 2216 Ἀσσυρίοις
3470 2147 3836 2216 κεχρημένος,

2245 2233 2371 2291 τοὺς
2403 2229 2588 2295 ἀξίους
2618 2232 2881 2286 παιδεύω.
2919 2233 3083 2300 Λέγει
3123 2234 3305 2287 τοίνυν
3335 2237 3362 2287 ὁ
3401 2242 3698 2306 προφήτης
3749 2240 3836 2290 καὶ

2246 2323 2502 2385 ἐνταῦθα,
2537 2324 2622 2376 ὅτι
2675 2324 2864 2394 δικαίᾳ
2903 2325 3242 2395 κεχρημένος
3296 2326 3464 2396 ψήφῳ
3495 2328 3608 2380 τῶν
3645 2328 3782 2381 ὅλων
3812 2331 3838 2381 ὁ

2249 2416 2477 2488 Κύριος,
2507 2416 2568 2468 ού
2606 2418 2957 2486 συγχωρήσει
2990 2416 3100 2468 τῶν
3132 2419 3466 2489 παρανόμων
3512 2419 3613 2489 τήν
3645 2420 3838 2488 ῥάϐδον

2248 2512 2313 2580 τῇ
2361 2509 2469 2560 τῶν
2519 2508 2744 2562 δικαίων
2790 2508 3154 2578 ἐπενεχθῆναι
3206 2511 3510 2580 συμμορίᾳ.
3561 2507 3698 2563 Εῐτα
3749 2513 3838 2564 καὶ

2250 2603 2348 2673 τὴν
2394 2603 2575 2656 αἰτίαν
2634 2601 2898 2655 διδάσκει.
2965 2621 2983 2653 ι
3039 2602 3225 2665 Ὅπως
3281 2602 3348 2655 ἃν
3391 2603 3468 2674 μὴ
3524 2605 3838 2657 ὲκτείνωσιν

2250 2698 2297 2748 οἱ
2324 2695 2525 2747 δίκαιοι
2557 2698 2613 2748 ὲν
2659 2695 2913 2765 ἀνομίαις
2964 2696 3152 2764 χεῖρας
3180 2693 3382 2749 αὐτῶν.
3435 2712 3453 2743 ι
3498 2695 3618 2747 Ἵνα
3659 2696 3736 2764 μὴ
3767 2712 3842 2748 νο-

2251 2787 2542 2856 μίσαντες,
2616 2787 2815 2857 φησὶν,
2847 2786 2897 2839 οἱ
2963 2785 3057 2839 τοῦ
3116 2786 3486 2857 προσήκοντος
3539 2786 3838 2854 ἐπιμελού-

559 2894 712 2948 μενοι
757 2879 968 2933 ἄτακτα
1017 2874 1158 2932 εἷναι
1211 2879 1388 2933 πάντα
1440 2880 1534 2932 καὶ
1580 2878 1969 2950 ἀκυϐέρνητα,
2041 2878 2282 2952 ρἐωσιν
2338 2880 2432 2933 ἐπὶ
2502 2879 2563 2933 τὸ
2636 2882 2856 2949 χεῖρον,
2925 2881 3019 2933 καὶ
3089 2878 3188 2949 τήν
3251 2877 3506 2931 ἐντεῦθεν
3569 2876 3839 2931 ἐλκύσωσι

559 2972 787 3046 βλάϐην.

629 3065 796 3122 Vens.
821 3067 874 3120 4.
901 3085 918 3117 ι
941 3066 1193 3132 Benefac,
1210 3065 1460 3129 Domine,
1481 3066 1639 3120 bonis
1661 3080 1714 3121 et
1736 3067 1902 3121 rectis
1925 3066 2140 3121 corde.»

2319 3063 2384 3118 δ’.
2430 3079 2447 3112 ‹
2485 3058 2806 3128 Ἀγάθυνον,
2832 3060 3028 3129 Κύριε,
3059 3061 3173 3122 τοῖς
3201 3059 3449 3127 ἀγαθοῖς,
3483 3059 3582 3112 καὶ
3607 3060 3724 3122 τοῖς
3757 3060 3840 3110 εύ-

559 3159 695 3216 Cum
720 3160 812 3214 Dei
833 3159 1105 3230 justitiam
1139 3159 1494 3223 ostendisset,
1512 3161 1690 3229 justas
1712 3175 1902 3229 preces
1929 3160 2107 3213 hindit
2130 3177 2142 3212 :

563 3261 688 3307 ora;
710 3252 854 3305 enim
907 3263 964 3306 ut
1017 3252 1249 3322 atqualia
1292 3252 1514 3320 praemia
1550 3252 1676 3306 boni
1709 3259 2144 3320 consequantur.

565 3341 680 3396 Hoc
710 3344 874 3396 etiam
915 3341 1176 3396 Dominus
1211 3341 1328 3395 ait:
1364 3360 1382 3392 ι
1423 3341 1535 3406 Qua
1561 3355 1824 3396 mensura
1854 3340 2144 3400 metimini,

566 3434 762 3488 iterum
795 3434 1206 3487 mensurabitur
1235 3433 1392 3486 vobis
1414 3431 1464 3484 ά.
1507 3448 1524 3482 ι
1583 3432 1645 3486 Et
1682 3449 1695 3484 :
1745 3452 1762 3484 ‹
1801 3431 1952 3486 Beati
1983 3431 2148 3484 mise-

565 3523 841 3587 ricordes,
875 3523 1137 3592 quoniam
1175 3521 1280 3590 ipsi
1327 3521 1758 3575 misericordiam
1804 3535 2150 3590 consequen-

567 3622 656 3667 lur
691 3625 736 3666 θ.
773 3632 791 3663 ι

639 3709 660 3729 “
683 3704 850 3759 Vens.
885 3705 941 3758 5.
988 3723 1004 3754 ι
1039 3702 1383 3757 Declinantes
1410 3710 1590 3757 autem
1629 3703 1698 3758 ad
1738 3703 1929 3758 dolosa
1962 3705 2149 3759 consi-

569 3798 640 3853 lia
673 3797 907 3852 abducet
933 3795 1194 3849 Dominus
1214 3810 1335 3849 cum
1359 3796 1717 3862 operantibus
1737 3796 2144 3866 iniquitatem.»

569 3894 766 3949 Dolosa
797 3892 1020 3946 consilia
1058 3891 1256 3957 Aquila
1295 3891 1727 3958 complicationes
1759 3892 1946 3956 vertit,
1986 3889 2148 3962 Sym-

568 3973 1191 4051 machus-obliquitatem
1226 3979 1531 4035 Theodotio
1559 3997 1824 4049 perversa.
1865 3981 2014 4036 Nihil
2053 3997 2152 4036 au-

568 4084 676 4130 tem
711 4075 895 4145 injusti
929 4075 1085 4143 petiit
1109 4073 1381 4142 Propheta
1403 4113 1418 4135 ,
1463 4073 1558 4128 sed
1592 4082 1651 4127 ut
1682 4074 1810 4127 boni
1845 4073 1983 4128 bona
2018 4089 2152 4128 con-

567 4180 900 4238 sequantur,
939 4167 1149 4238 1493
1189 4166 1282 4237 qui
1324 4179 1454 4220 vero
1516 4176 1721 4219 rectam
1770 4167 1914 4220 viam
1957 4165 2151 4221 dereli-

567 4269 830 4330 querunt,
857 4268 911 4313 et
934 4259 1365 4327 obligationibus
1392 4268 1445 4312 et
1477 4257 1854 4312 simultatibus
1883 4258 1965 4328 usi
1996 4265 2148 4324 sunt,

567 4363 959 4425 congruentem
994 4353 1158 4408 finem
1189 4353 1492 4407 inveniant.
1532 4373 1549 4404 ι
1576 4355 1688 4408 Pax
1717 4368 1880 4423 super
1908 4353 2100 4408 lsrael.
2125 4371 2143 4404 ι

2250 3152 2366 3205 θέσι
2401 3155 2466 3222 τῇ
2500 3151 2718 3222 καρδίᾳ.
2779 3171 2795 3202 ι
2841 3150 3029 3214 Δείξας
3081 3152 3176 3204 τοῦ
3227 3151 3362 3204 Θεοῦ
3403 3151 3464 3203 τὸ
3498 3150 3736 3217 δίκαιον,
3774 3152 3840 3203 δι·

2249 3242 2410 3295 καίαν
2459 3242 2694 3292 ποιεῖται
2729 3236 2827 3309 τὴν
2861 3239 3079 3310 δέησινο
3121 3239 3358 3293 ἱκετεύει
3396 3239 3506 3309 γὰρ
3550 3239 3666 3293 τῶν
3713 3238 3838 3292 ῐσων

2248 3337 2434 3403 τυχεῖν
2483 3333 2610 3394 τοὺς
2645 3331 2887 3398 ἀγαθοὺς
2929 3331 3277 3385 ἀντιδόσεων.
3323 3331 3497 3384 Τοῦτο
3555 3331 3615 3384 δὲ
3675 3333 3770 3384 καὶ
3810 3335 3836 3384 ό

2250 3426 2452 3495 Κύριος
2484 3423 2614 3492 ἔφη’
2657 3442 2674 3474 ι
2721 3419 2792 3494 ’ᾫ
2819 3424 3001 3493 μέτρῳ
3066 3426 3337 3494 μετρεῖτε,
3375 3423 3835 3494 ἀντιμετρηθήσεο

2249 3534 2339 3570 ται
2387 3519 2532 3587 ὑμῖν.
2573 3538 2592 3570 ι
2628 3517 2773 3570 Καί·
2810 3518 3088 3587 Μακάριοι
3117 3518 3166 3570 οἱ
3201 3518 3519 3588 ἐλεήμονες,
3561 3519 3648 3572 ὅτι
3689 3518 3833 3571 αὐτοὶ

2252 3609 2663 3680 ἐλεηθήσονται.
2715 3628 2732 3659 ι

2322 3709 2384 3755 ε’.
2437 3721 2455 3752 ι
2507 3701 2646 3764 Τοὺς
2683 3701 2737 3754 δὲ
2774 3701 3122 3765 ὲκκλίνοντας
3180 3702 3262 3764 είς
3309 3701 3408 3764 τὰς
3457 3702 3834 3773 στραγγαλιέις

2252 3793 2450 3858 ἀπάξει
2500 3792 2706 3863 Κύριος
2761 3792 2902 3861 μετὰ
2962 3793 3068 3846 τῶν
3119 3792 3512 3862 ἐργαζομένων
3567 3794 3675 3864 τὴν
3729 3796 3834 3846 dvo-

2253 3887 2403 3955 μίαν.
2452 3905 2470 3936 ι
2512 3888 2620 3950 Τὰς
2651 3884 3057 3954 omam-altae
3101 3887 3128 3938 ὁ
3176 3886 3273 3955 μὲν
3303 3886 3540 3950 Ἀκύλας
3593 3887 3838 3940 arando-

2255 3978 2365 4043 κάς
2396 3978 2737 4046 ἡρμήνευσε,
2776 3977 3177 4043 σκολιότητας
3205 3977 3261 4029 δὲ
3299 3979 3326 4029 ὁ
3357 3977 3680 4048 Σύμμαχος,
3724 3981 3750 4030 ό
3785 3979 3837 4030 δὲ

2252 4069 2543 4123 Θεοδοτίων
2589 4068 3050 4136 διεστραμμένα.
3083 4070 3290 4139 ᾚτησε
3327 4070 3511 4138 μέντοι
3541 4069 3698 4122 οὐδὲν
3730 4069 3837 4120 ἄδι-

2253 4177 2348 4213 κον
2369 4161 2396 4212 ὁ
2419 4160 2713 4230 Προφήτης
2730 4176 2744 4191 ο
2765 4159 2900 4213 ἀλλά
2923 4159 3049 4223 τοὺς
3074 4161 3173 4229 μὲν
3199 4160 3439 4227 ἀγαθοὺς
3465 4160 3694 4228 ἀγαθῶν
3716 4163 3840 4214 ἀπο-

2250 4251 2473 4317 λαῦσαι,
2509 4253 2636 4315 τοὺς
2659 4253 2715 4306 δὲ
2745 4252 2843 4322 τὴν
2872 4252 3024 4306 θείαν
3057 4253 3102 4284 ⁸⁸
3135 4243 3540 4317 καταλιπόντας
3577 4255 3723 4320 ὁδον,
3749 4256 3838 4306 καὶ

2255 4343 2649 4413 στραγγαλιαῖς
2687 4345 2784 4398 καὶ
2820 4344 3143 4407 διαπλοκαῖς
3179 4345 3577 4416 κεχρημένους,
3623 4345 3688 4397 τὸ
3720 4362 3838 4397 κατ-

571 4448 681 4503 illis
714 4457 897 4502 autem
933 4446 1212 4500 interitum
1245 4446 1674 4515 recipientibus,
1720 4446 1776 4499 hi
1818 4461 1954 4515 pace
1994 4444 2141 4515 potiti

2257 4435 2487 4505 άλληλον
2520 4435 2675 4495 τέλος
2714 4437 2917 4508 εὑρεῖν.
2956 4454 2975 4487 ι
3013 4437 3217 4507 Εἰρήνη
3261 4438 3354 4489 ἐπὶ
3383 4437 3477 4488 τὸν
3533 4436 3773 4508 Ἰσραήλ.
3816 4458 3831 4486 ι

569 4549 716 4595 sunt.
779 4538 1075 4594 Sciendum
1120 4548 1203 4593 est
1245 4548 1429 4592 autem
1476 4538 1742 4593 Jacobum
1799 4539 1903 4594 hoc
1949 4555 2148 4595 nomen

570 4631 827 4700 adeptum
867 4646 1011 4696 esse,
1053 4645 1176 4684 cum
1211 4630 1394 4685 divino
1422 4641 1724 4700 conspectu
1759 4630 1960 4700 dignus
1996 4631 2149 4686 habi-

571 4733 662 4777 tus
695 4721 908 4777 fuisset.
933 4720 1307 4791 Cognomines
1361 4719 1530 4790 igitur
1592 4720 1757 4792 habet
1789 4736 1982 4774 omnes
2054 4721 2146 4790 qui

569 4815 789 4869 eosdem
823 4829 1024 4880 mores,
1047 4822 1100 4868 et
1130 4813 1366 4867 animam
1391 4812 1663 4882 iidemque
1694 4828 1886 4882 puram
1921 4813 2144 4867 habent.

568 4905 687 4961 Non
723 4907 868 4961 enim
899 4922 1090 4961 omnes
1118 4906 1184 4960 de
1212 4905 1409 4960 lsraele
1443 4903 1699 4960 Israelita:
1726 4916 1854 4960 sunt
1879 4944 1894 4969 ,
1921 4905 2016 4959 sed
2051 4903 2146 4974 qui

570 4998 787 5055 lsraelis
820 5001 1075 5071 pietatem
1108 4999 1533 5068 amplectuntur.

642 5339 665 5367 ε
703 5327 809 5382 lsa.
844 5345 896 5394 κ,
929 5328 982 5392 5,
1019 5330 1072 5384 6.
1151 5326 1174 5365 ἀ
1210 5325 1404 5382 Matth.
1440 5344 1512 5382 vlt
1536 5368 1549 5391 ,
1586 5328 1640 5382 Ξ.
1724 5341 1746 5366 θ
1776 5327 1980 5383 Matth.-
2004 5347 2068 5395 ν,
2102 5331 2152 5384 7.

2254 4528 2513 4581 Ἐκείνων
2543 4527 2599 4580 δὲ
2628 4527 2938 4597 δεξαμένων
2971 4529 3062 4582 τὸν
3095 4527 3336 4598 ὀλεθρον,
3384 4520 3534 4581 οὗτοι
3565 4528 3666 4598 τῆς
3702 4529 3838 4596 εἰρή-

2255 4635 2352 4688 νης
2391 4616 2736 4686 ἀπήλαυσαν.
2775 4618 3050 4689 Προσήκει
3088 4620 3185 4688 μέν
3221 4636 3306 4672 τοι
3335 4618 3560 4684 ειδέναι,
3603 4618 3682 4682 ὡς
3713 4620 3834 4670 ταύ-

2254 4727 2355 4780 της
2382 4708 2669 4779 ἀπήλαυσε
2700 4709 2801 4778 τῆς
2846 4709 3220 4779 προσηγορίας
3265 4710 3294 4762 ό
3323 4709 3522 4762 Ἰακὼϐ
3552 4710 3653 4779 τῆς
3694 4709 3833 4769 θείας

2255 4802 2509 4867 ἀξιωθεὶς
2541 4801 2798 4871 θεωρίας.
2843 4801 3201 4870 ὀμωνύμους
3230 4799 3524 4870 τοιγαροῦν
3554 4800 3668 4869 ἔχει
3716 4802 3832 4859 τοὺς

2254 4895 2617 4966 ὁμοτρόπους,
2675 4893 2772 4945 καὶ
2825 4891 3072 4963 καθαρὰν
3132 4893 3316 4946 πίστιν
3366 4894 3411 4924 ⁸⁸
3465 4893 3830 4962 κεκτημένους

2258 4988 2354 5040 καὶ
2377 4986 2422 5016 ⁸³
2471 4984 2670 5055 ψυχήν.
2707 4984 2780 5035 Οὐ
2828 4983 2939 5054 γὰρ
2981 4985 3184 5048 πάντες
3231 4986 3282 5036 οἱ
3335 4986 3393 5050 ἐξ
3443 4985 3666 5055 Ἰσραὴλ
3695 4976 3830 5037 οὗτοι

2191 5155 2200 5162 _
2256 5078 2494 5148 Ἰσραὴλ,
2542 5077 2656 5132 ἀλλ’
2679 5077 2728 5129 oi.
2759 5076 2851 5129 τοῦ
2891 5078 3113 5149 Ἰσραὴλ
3153 5079 3528 5148 ἀσπαζόμενοι
3568 5077 3667 5148 τὴν
3697 5076 3825 5129 εύδέι

2261 5171 2435 5224 ϐειαν.

1681 5508 1916 5563 ΥΑῐὶΙλΕ
1962 5510 2349 5566 LECTIONES
2388 5511 2476 5566 ET
2529 5501 2761 5566 NOTAE.

643 5675 684 5706 3°
724 5673 834 5727 Kal
866 5673 1224 5740 ——_B.ld6nr.
1277 5673 1400 5729 llaec
1447 5674 1587 5743 apud
1642 5675 1804 5732 Cord.
1851 5675 1884 5730 Ι.
1931 5693 1981 5730 c.

2038 5691 2091 5746 p.
2133 5675 2253 5730 56'2.
2299 5676 2573 5743 ἁνιοινυμεὶ
2613 5676 2960 5731 exhibentur.
3041 5677 3084 5707 5°
3131 5673 3230 5740 Ἐξ).
3279 5673 3400 5729 cod.
3453 5674 3470 5726 ι
3513 5688 3698 5742 praem.
3756 5671 3808 5720 ἐν

572 5742 614 5776 ⁸³
645 5744 838 5801 Θείαν.
900 5745 1023 5800 cod.
1063 5746 1085 5798 l
1123 5745 1358 5800 εύθεὶαν.
1437 5742 1746 5803 ¹¹²⁷Ιιίστιν⁸
1810 5747 1882 5801 ib.
1920 5745 2014 5800 καὶ
2038 5742 2141 5799 πισ

2253 5789 2262 5800 .
2343 5748 2385 5778 ⁵³
2417 5742 2677 5802 [Μέλης.
2711 5747 2842 5801 ibid.
