3996 6480
183 344 318 407 1889

463 457 728 512 EPMHN.
786 458 922 510 ΤΟΥ
961 459 1113 510 PKE'
1153 451 1472 510 ΨᾹΛΜΟΥ.

248 583 315 628 α’.
360 592 378 624 ι
428 574 549 645 ᾯδὴ
581 572 690 626 τῶν
719 571 1075 642 ἀναϐαθμῶν.
1120 590 1140 623 ι
1171 571 1453 628 ’Ἃπαντας
1499 563 1544 596 ⁵⁵
1604 561 1703 632 μὲν
1733 560 1762 612 6

177 667 362 736 Κύρος
395 666 723 737 βασιλεύσας
753 651 1070 718 ἐπανελθεῖν
1113 649 1402 722 Ἰουδαίους
1436 653 1761 729 προσέταξε»

181 759 470 830 μοχθηρὰν
508 757 565 810 δὲ
610 757 662 811 οἱ
710 755 931 819 πλείους
977 755 1194 825 ἔχοντες
1242 751 1492 822 γνώμην,
1541 747 1633 802 καλ¹
1684 746 1764 808 είς

181 854 397 907 ἃπαντα
431 853 546 914 τοῖς
577 850 742 912 θείοις
772 849 1162 910 ἀντιτείνοντες
1197 846 1407 916 νόμοις,
1447 841 1764 896 ἐπανελθεῖν

180 945 278 997 οὐκ
321 944 618 1014 ⁴ἠθέλησαν.
670 943 828 994 Ὅσοι
863 940 920 994 δὲ
970 937 1437 1010 τῆς-προγονικῆς
1484 932 1764 997 εὐσεϐείας

181 1035 566 1106 ἐπεμελοῦντο,
609 1033 703 1086 καὶ
751 1031 853 1100 τῆς
900 1031 1045 1084 κατὰ
1075 1032 1240 1101 νόμον
1283 1028 1539 1097 λατρείας
1571 1023 1768 1078 ἐπεθύ-

185 1147 341 1200 μουν,
397 1124 687 1188 ἀσπασίως
745 1125 1076 1193 ἐποιήσαντο
1121 1123 1218 1193 τὴν
1272 1119 1554 1174 ἐπάνοδον.
1607 1110 1766 1169 Οὗτοι

181 1220 362 1276 τοίνυν
391 1222 472 1273 ’ἐν
516 1218 652 1290 τῷδε
686 1219 764 1290 τῷ
805 1217 1021 1288 Ψαλμῷ
1055 1217 1153 1288 τὴν
1198 1215 1407 1268 οἰκείαν
1448 1210 1767 1280 ἐλευθερίαν

181 1312 420 1385 ὁρῶντες
464 1312 798 1381 γεγήθασιν·
851 1309 1101 1380 εὖχονται
1149 1307 1206 1361 δὲ
1251 1305 1456 1376 ταύτης
1500 1304 1595 1357 καὶ
1641 1302 1769 1364 τοὺς

181 1401 490 1471 ὁμοφύλους
525 1403 727 1470 τυχεῖν.
769 1420 787 1452 ι
840 1400 928 1452 Ἐν
961 1399 1041 1470 τῷ
1074 1398 1403 1468 ἐπιστρέψαι
1433 1395 1638 1465 Κύριον
1668 1393 1768 1464 τὴν

183 1495 565 1564 αἰχμαλωσίαν
597 1491 756 1556 Σιὼν,
790 1492 1132 1562 ἐγενήθημεν
1161 1490 1292 1542 ὡσεὶ
1335 1485 1768 1559 παρακεκλημέ-

183 1605 258 1640 νοι
306 1587 378 1640 ⁸⁵.
438 1605 456 1638 ι
509 1587 584 1638 Τὸ
635 1585 716 1651 ὡς
765 1587 1071 1647 ἐπιτάσεως
1125 1582 1357 1637 ἐνταῦθα
1408 1580 1766 1652 σημαντικόν.

182 1679 414 1750 Πολλῆς,
451 1680 636 1749 φησὶν,
670 1677 1068 1748 ἁπηλαύσαμεν
1097 1677 1142 1708 ⁵⁸
1179 1675 1470 1746 θυμηδίας,
1507 1673 1769 1734 λύσαντος

181 1769 273 1821 τοῦ
305 1769 446 1822 Θεοῦ
479 1771 579 1839 τῆς
611 1769 883 1840 τιμωρίας
907 1769 997 1822 τὸν
1025 1771 1172 1839 ὅρον,
1199 1769 1293 1821 καὶ
1322 1766 1418 1838 τὴν
1448 1763 1766 1834 ἐλευθερίαν
1798 1799 1840 1853 Β

181 1869 290 1928 τοῖς
319 1863 694 1935 αἰχμαλώτοις
719 1863 1136 1934 δωρησαμένου.

253 1957 320 2027 β’.
361 1976 378 2007 ι
418 1956 553 2009 Τότε
584 1953 831 2024 ἐπλήσθη
864 1954 1040 2023 χαρᾶς
1070 1953 1113 1983 ⁸⁷
1145 1951 1206 2005 τὸ
1237 1952 1411 2020 στόμα
1461 1948 1639 2021 ἡμῶν,
1673 1947 1770 2000 καὶ

183 2050 214 2118 ἡ
244 2048 472 2116 γλῶσσα
499 2045 655 2117 ἡμῶν
695 2045 1092 2113 ἀγαλλιάσεως.
1138 2061 1156 2094 ι
1193 2040 1504 2112 Εύθὺς,γάρ
1537 2040 1641 2094 ὑπὸ
1671 2040 1770 2110 τῆς

186 2140 456 2211 θυμηδίας
486 2137 833 2209 διαχυθέντες
876 2137 1209 2206 ἐκινήσαμεν
1243 2136 1323 2198 είς
1353 2133 1630 2204 ὑμνῳδίαν
1673 2132 1772 2195 τὰς

184 2229 453 2298 γλώττας.
490 2227 600 2298 Τὴν
641 2225 750 2298 γὰρ
785 2226 1160 2294 ἀγαλλίασιν
1204 2226 1231 2276 6
1273 2224 1374 2294 μὲν
1420 2223 1652 2284 Ἀκύλας
1680 2223 1770 2274 αῖς

184 2338 381 2387 ιἐσιν,
399 2319 496 2373 ὅδὲ
512 2318 810 2390 Σύμμαχος
831 2317 1156 2386 εὐφημίαν,
1182 2318 1562 2388 ἡρμήνευσαν.
1596 2333 1613 2365 t
1637 2314 1770 2368 Τότε

185 2411 406 2483 ἐροῦσιν
458 2411 516 2464 ἐν
567 2411 678 2472 τοῖς
737 2409 968 2474 ἔθνεσιν,
1017 2407 1352 2477 Ἐμεγάλυνε
1412 2406 1617 2476 Κύριος
1677 2402 1770 2457 τοῦ

187 2503 412 2572 ποιῆσαι
446 2502 568 2572 μετ’
608 2499 808 2575 αύτῷν.
852 2519 870 2550 ι
912 2498 1084 2552 Τοῦτο
1130 2498 1185 2550 δὲ
1218 2501 1362 2569 ἡμᾶς
1405 2495 1773 2568 πολυθρυλλή-

186 2613 310 2658 τους
347 2594 498 2665 παρὰ
531 2596 696 2648 πᾶσιν
746 2592 1047 2664 ἀπέφηνεν.
1097 2592 1372 2653 ’Ἅπαντες
1413 2591 1522 2661 γὰρ
1550 2590 1648 2660 τὴν
1677 2588 1772 2641 τοῦ

186 2686 325 2738 θεοῦ
385 2684 790 2756 μεγαλουργίαν
839 2681 1245 2752 θαυμάζουσιν,
1294 2685 1376 2736 ὅτι
1422 2683 1522 2752 τῆς
1569 2683 1773 2752 πικρᾶς

187 2779 338 2847 ἡμᾶς
392 2776 610 2848 ἐκείνης
658 2774 906 2839 δουλείας
938 2773 1216 2846 ἀπήλλαξε
1245 2790 1257 2803 ⁸
1291 2776 1386 2828 καὶ
1440 2774 1600 2845 ἡμεῖς
1634 2774 1774 2843 μέν-

187 2887 268 2923 τοι
309 2870 418 2940 βοῶ
427 2886 524 2940 μεν
548 2885 560 2897 ·

257 2961 331 3029 γ’.
377 2981 395 3013 ι
449 2959 786 3031 Ἔμεγάλυνε
819 2957 1023 3030 Κύριος
1055 2957 1150 3011 τοῦ
1190 2961 1414 3028 ποιῆσαι
1447 2956 1565 3027 μεθ’
1591 2955 1772 3027 ἡμῶν,

190 3053 538 3122 ἐγενήθημεν
569 3050 1012 3121 εὐφραινόμενοι.
1061 3070 1078 3101 ι
1116 3051 1352 3102 Ἀτοπον
1383 3050 1491 3119 γὰρ
1521 3051 1646 3112 τοὺς
1680 3048 1778 3115 μὲν

1517 335 1598 394 IN
1671 329 1873 389 PSAL.
1916 325 2140 388 CXXV.

3315 332 3407 394 185

3315 337 3336 394 l
3385 337 3416 396 θ

2247 435 2521 493 ιΝΤΕιιΡ.
2567 437 2822 493 PSALMI
2863 437 3076 497 CXXV.
3347 337 3379 398 8
3420 339 3453 400 0

1939 550 2102 607 Vens.
2131 552 2181 604 i.
2225 569 2243 603 ι
2283 552 2566 607 Canticum
2599 553 2890 622 graduum.
2939 574 2958 606 ι
2994 539 3198 612 Omnes
3227 560 3452 624 quidem

1865 642 2086 697 Judazos
2113 644 2293 698 redire
2325 643 2502 714 Cyrus
2531 660 2621 698 rex
2656 644 2840 714 jussit,
2869 647 3087 714 plurimi
3115 657 3292 703 tamen
3329 668 3453 721 pra-

1871 751 1996 791 vam
2017 736 2280 791 habentes
2305 745 2562 802 mentem,
2589 747 2642 790 et
2660 738 2713 791 in
2741 739 2998 795 omnibus
3021 741 3222 796 divinis
3244 744 3454 812 legibus

1868 839 2273 896 repugnantes,
2323 828 2535 896 regredi
2573 829 2888 884 noluerunt.
2947 835 3228 902 Quotquot
3269 847 3447 892 autem

1867 919 2024 972 avitae
2069 919 2292 986 pietatis
2345 936 2533 973 curam
2588 923 2888 990 gerebant,
2941 924 3186 994 legisque
3241 932 3451 983 cultum

1867 1010 2283 1077 desiderabant,
2333 1011 2696 1068 libentissime
2729 1016 3034 1070 redierunt.
3070 1017 3134 1071 lli
3184 1019 3350 1088 igitur
3399 1022 3454 1076 in

1869 1103 1972 1157 hoc
1995 1102 2206 1172 psalmo
2238 1120 2392 1158 suam
2440 1117 2726 1161 cernentes
2770 1107 3102 1174 libertatem,
3146 1119 3450 1174 exsultant,

1868 1205 1920 1250 ct
1952 1205 2248 1266 precantur
2277 1213 2376 1266 pro
2399 1201 2692 1268 gentilibus
2719 1203 2856 1265 suis,
2884 1210 2943 1255 ut
2975 1205 3222 1258 eamdem
3253 1221 3455 1262 conse-

1869 1295 2129 1356 quantur.
2164 1306 2182 1337 (
2220 1286 2355 1341 Cum
2395 1299 2740 1344 converteret
2779 1290 3046 1347 Dominus
3079 1297 3450 1360 captivitatem

1873 1377 2082 1442 Sionis,
2113 1378 2242 1432 facti
2280 1395 2473 1435 sumus
2505 1396 2766 1450 perquam
2804 1385 3096 1438 consolati.
3133 1405 3151 1436 ι
3180 1386 3455 1456 llludper-

1870 1485 2026 1537 quam
2076 1471 2560 1538 exaggerationem
2603 1472 2706 1527 hoc
2741 1474 2861 1527 loco
2885 1475 3175 1544 signiﬁcat.
3200 1477 3450 1542 Multam,

1871 1557 2070 1627 inquit,
2101 1559 2340 1613 laetitiam
2374 1562 2657 1615 consecuti
2693 1579 2916 1629 sumus,
2958 1581 3080 1620 cum
3113 1566 3255 1623 Deus
3289 1573 3450 1624 linem

1871 1651 2127 1719 supplicii
2191 1653 2462 1720 solveret,
2520 1665 2572 1709 et
2635 1655 2940 1711 libertatem
3003 1662 3240 1730 captivis
3295 1664 3455 1733 largi-

1872 1751 2039 1796 retur.

1942 1923 2110 1979 Vens.
2140 1925 2193 1980 ἓ.
2240 1945 2258 1976 ι
2292 1925 2447 1981 Tunc
2464 1928 2730 1996 repletum
2755 1938 2838 1984 est
2856 1931 3061 2001 gaudio
3084 1948 3148 1987 os
3170 1944 3451 2003 nostrum,

1871 2026 1924 2072 et
1947 2018 2132 2088 lingua
2170 2028 2358 2072 nostra
2415 2021 2802 2079 exsultatione.
2843 2041 2863 2074 ι
2903 2023 3122 2096 1494
3158 2025 3453 2095 Evcstigio

1873 2110 2020 2165 enim
2050 2111 2330 2179 voluptate
2366 2112 2596 2180 perfusi,
2633 2114 2847 2183 linguas
2882 2115 2933 2168 iu
2973 2116 3303 2186 hymnorum
3325 2135 3454 2173 ran-

1872 2211 1985 2257 tum
2018 2203 2360 2272 impulimus.
2398 2201 2828 2259 Exsultatiouem
2860 2207 3004 2260 enim
3042 2210 3238 2278 Aquila
3264 2211 3452 2264 lauda-

1875 2297 2086 2357 tionem,
2105 2293 2469 2366 Symmachus
2494 2297 2915 2352 benedictionem
2941 2299 3282 2369 interpretati
3305 2313 3452 2357 sunt.

1878 2407 1895 2439 ι
1939 2388 2093 2443 Tunc
2122 2389 2304 2443 dicent
2336 2391 2478 2443 inter
2517 2398 2742 2458 gentes,
2800 2390 3148 2460 Magniﬁcum
3189 2393 3456 2448 Dominus

1873 2501 1931 2540 se
1963 2485 2215 2554 praestitit
2241 2502 2367 2555 erga
2396 2502 2514 2540 eos.
2556 2505 2574 2537 ι
2622 2485 2735 2540 lloc
2766 2502 2896 2541 vero
2944 2503 3045 2541 nos
3078 2490 3222 2558 apud
3263 2506 3457 2545 omnes

1874 2578 2269 2633 celeberrimos
2311 2579 2565 2632 reddidit.
2623 2578 2827 2634 Omnes
2863 2579 3008 2633 enim
3061 2580 3156 2633 Dei
3203 2581 3460 2649 inagniﬁ-

1875 2674 2108 2726 centiam
2141 2673 2506 2738 admirantur,
2543 2675 2687 2742 quotl
2736 2673 2804 2726 ab
2835 2675 3035 2727 acerba
3065 2674 3155 2728 illa
3196 2675 3458 2730 servitute

1876 2778 1978 2818 nos
2010 2763 2344 2818 liberaverit.
2383 2763 2494 2819 Nos
2526 2765 2712 2833 itaque
2739 2766 3080 2820 clamamus:

1948 2942 2116 2997 Vens.
2153 2941 2278 2996 5.‘«
2327 2941 2674 3012 Magniﬁcum
2728 2959 2787 2998 se
2832 2945 3087 3012 praestitit
3139 2959 3268 3016 erga
3318 2962 3458 3015 nos;

1878 3034 2007 3088 facti
2043 3050 2235 3089 sumus
2301 3035 2567 3090 laalautes.
2603 3054 2622 3086 ι
2658 3037 2973 3090 Absurdum
3013 3037 3158 3090 enim
3199 3045 3280 3092 est
3325 3040 3460 3093 uthi

188 3145 289 3214 τῆς
327 3144 481 3207 θείας
530 3142 780 3212 γνώσεως
811 3143 1209 3212 ἐστερημένους
1240 3141 1337 3212 τὴν
1366 3141 1444 3204 είς
1491 3141 1638 3210 ἡμᾶς
1684 3157 1774 3205 γε-

1886 3128 1976 3197 qui
2015 3127 2194 3181 divina
2238 3129 2548 3196 cognitione
2611 3138 2741 3181 sunt
2791 3129 3006 3194 orbati,
3065 3129 3459 3199 benignitatem

191 3235 510 3304 γενημένην
552 3234 856 3303 θαυμάζειν
907 3233 1343 3301 φιλανθρωπίαν,
1374 3233 1524 3301 ἡμᾶς
1555 3231 1610 3284 δὲ
1653 3231 1780 3293 τοὺς

191 3327 295 3394 τῆς
323 3324 652 3396 εὐεργεσίας
678 3323 1050 3394 τετυχηκότας
1081 3321 1408 3392 ἀχαριστίαν
1438 3323 1634 3374 νοσεῖν.

267 3501 332 3554 δ’.
363 3520 381 3552 ι
432 3499 810 3568 Ἐπίστρεψον,
842 3498 1041 3570 Κύριε,
1073 3498 1171 3568 τὴν
1201 3497 1581 3567 αἰχμαλωσίαν
1601 3495 1776 3566 ἡμῶν,

193 3591 266 3655 ὡς
296 3592 635 3660 χειμάρρους
664 3593 722 3642 ἐν
750 3589 827 3658 τῷ
863 3589 1020 3660 νότῳ.
1061 3608 1078 3640 ι
1111 3583 1211 3640 Ὧν
1241 3588 1284 3618 δ’
1318 3589 1506 3658 ἔτυχον
1537 3586 1778 3655 ἀγαθῶν,

196 3685 294 3736 καὶ
329 3683 456 3744 τοὺς
491 3682 684 3744 ἄλλους
712 3679 1019 3750 ὁμοφύλους
1050 3681 1356 3733 ἀπολαῦσαι
1407 3680 1653 3746 ποθοῦσι,
1687 3680 1782 3732 καὶ

195 3776 288 3830 τὸν
344 3777 526 3830 κοινὸν
574 3775 854 3841 Δεσπότην
899 3773 1239 3827 ἀντιϐολοῦσι
1295 3773 1619 3842 μεταδοῦναι
1683 3772 1782 3842 τῆς

196 3867 516 3938 ἐλευθερίας
570 3865 866 3928 κάκείνοις,
921 3865 1061 3918 ὥστε
1111 3865 1444 3935 χειμάρρουν
1498 3863 1781 3933 μιμεῖσθαι

195 3961 307 4012 τῶν
333 3959 672 4012 ἐπανιόντων
703 3959 762 4010 τὸ
793 3955 1017 4025 πλῆθος.
1042 3957 1234 4009 Νότον
1267 3956 1324 4008 δὲ
1373 3954 1470 4024 τὴν
1510 3955 1782 4024 Ἰερουσα-

196 4052 314 4121 λὴμ
349 4050 530 4103 καλῶν
561 4049 626 4113 "9,
671 4049 778 4102 ἀπὸ
805 4049 904 4117 τῆς
955 4048 1155 4109 θέσεως
1203 4047 1414 4100 τέθεικε
1463 4047 1560 4116 τὴν
1612 4063 1779 4116 προσ-

196 4141 432 4214 ηγορίαν
451 4157 466 4172 ·
498 4139 672 4203 οὕτως
703 4140 872 4208 αὐτὴν
902 4141 998 4191 καὶ
1027 4137 1304 4207 Ἰεζεκιὴλ.
1330 4138 1424 4189 καὶ
1469 4135 1783 4206 Ἀϐϐακοὺμ

195 4232 554 4305 ὀνομάζουσι.
611 4232 772 4301 Δηλοῖ
820 4231 876 4283 δὲ
929 4231 1021 4283 καὶ
1057 4231 1242 4295 ἕτερον
1276 4232 1304 4282 6
1345 4228 1523 4296 λόγος.
1573 4228 1629 4280 Ὀ
1675 4226 1782 4297 γὰρ

198 4327 352 4387 νότος
389 4322 592 4392 ἄνεμος
623 4319 787 4390 ὑγρὸς
819 4318 914 4384 ὣν,
944 4319 1120 4386 νεφῶν
1148 4318 1238 4370 τὸν
1268 4317 1403 4388 ἀέρα
1435 4317 1656 4387 πληροῖ,
1691 4317 1784 4370 καὶ

197 4416 446 4487 ὄμϐρους
479 4413 674 4480 ἐπάγει
705 4410 964 4483 σφοδρούς
987 4428 1000 4443 ο
1037 4411 1129 4463 καὶ
1158 4409 1344 4480 μέντοι
1381 4411 1474 4461 καὶ
1507 4409 1604 4480 τὴν
1631 4409 1784 4478 χιόνα

1883 3220 2044 3271 nobis
2070 3209 2373 3272 exhibitam
2406 3218 2770 3282 admirentur,
2813 3235 2914 3273 nos
2945 3235 3098 3286 vero,
3131 3222 3223 3289 qui
3259 3223 3462 3277 hencti-

1882 3309 1965 3364 cia
2002 3309 2286 3364 consecuti
2327 3325 2554 3374 sumus,
2601 3311 2802 3380 ingrati
2851 3311 3023 3364 animi
3069 3314 3203 3366 vitio
3247 3314 3462 3369 labore-

1883 3419 2026 3456 ιιιιιε.

1956 3493 2123 3546 Vens.
2159 3495 2212 3548 4.
2261 3512 2278 3543 ι
2325 3494 2618 3559 Converte,
2641 3494 2896 3558 Domine,
2941 3497 3315 3565 captivitatem
3362 3517 3464 3554 no-

1885 3593 2079 3649 stram,
2113 3586 2258 3639 sicut
2293 3596 2563 3639 torrentes
2594 3587 2646 3638 in
2680 3597 2888 3640 austro.
2917 3607 2935 3641 ι
2966 3590 3096 3653 ροσε
3119 3591 3256 3644 bona
3285 3594 3464 3662 adepti

1883 3685 2034 3739 sunt,
2066 3692 2127 3730 ea
2177 3687 2236 3729 ut
2273 3677 2363 3728 alii
2407 3677 2690 3744 gentilium
2741 3693 2970 3730 suorum
3016 3693 3461 3749 consequantur,

1885 3769 2234 3829 desiderant,
2263 3778 2318 3821 et
2349 3784 2698 3822 communem
2736 3768 3031 3822 Dominum
3063 3771 3357 3826 obsecrant
3406 3783 3465 3829 ut

1884 3860 2049 3912 etiam
2098 3860 2205 3912 illis
2257 3860 2565 3914 libertatem
2610 3863 2920 3930 impertiat,
2968 3872 3027 3917 ut
3070 3867 3461 3922 revertentium

1884 3951 2192 4019 frequentia
2242 3963 2538 4006 torrentem
2574 3955 2841 4008 imitetur.
2874 3958 3134 4010 Austrum
3166 3975 3295 4013 vero
3333 3959 3463 4016 Hie—

1886 4045 2218 4114 rosolymam
2257 4061 2480 4110 vocans,
2515 4048 2929 4114 appellationem
2964 4065 2993 4101 a
3024 4049 3130 4103 situ
3163 4053 3341 4120 petiit.
3375 4052 3466 4109 Sic

1886 4134 2059 4203 ipsam
2101 4145 2155 4188 et
2199 4134 2447 4189 Ezechiel
2498 4146 2552 4189 et
2597 4136 2856 4192 Hahaeuc
2911 4141 3220 4195 nominant.
3268 4140 3464 4196 Verum

1887 4228 2035 4280 aliud
2071 4226 2234 4280 etiam
2281 4244 2464 4282 sermo
2507 4231 2869 4286 demonstrat.
2906 4231 3040 4286 Cum
3087 4235 3234 4287 enim
3279 4245 3468 4290 auster

1887 4315 2148 4372 hmnidns
2183 4327 2376 4372 ventus
2410 4321 2515 4384 sit,
2553 4322 2772 4376 nebulis
2810 4337 2991 4378 aerem
3037 4324 3246 4393 implet,
3283 4334 3337 4378 et
3370 4342 3466 4380 ve-

1891 4408 2176 4463 hementes
2204 4409 2415 4478 pluvias
2441 4413 2671 4478 inducit,
2710 4424 2873 4483 atque
2903 4416 3066 4468 etiam
3113 4431 3240 4470 cum
3281 4417 3464 4471 nivem

197 4505 470 4576 πεφυκὼς
504 4503 763 4566 διαλύειν,
802 4502 1106 4572 ἐμπίπλησι
1135 4500 1260 4563 τοὺς
1289 4501 1626 4570 χειμάρρους
1660 4499 1774 4552 ὑδά-

1889 4499 2198 4556 dissolvere
2226 4505 2420 4567 soleat,
2447 4507 2608 4574 aquis
2632 4515 2901 4562 torrentes
2925 4507 3132 4576 implet.
3155 4509 3249 4564 Sic
3272 4509 3462 4580 igitur,

194 4619 332 4653 των.
351 4597 507 4653 Οὕτω
521 4594 835 4666 τοιγαροῦν,
875 4595 1028 4666 φησὶ,
1054 4595 1148 4644 καὶ
1176 4592 1300 4653 τοὺς
1331 4592 1635 4661 ἡμετέρους
1664 4591 1783 4658 ὁμο-

196 4692 406 4761 φύλους
465 4685 744 4757 πανταχοῦ
793 4685 1228 4756 διεσπαρμένους
1285 4683 1540 4735 κέλευσον
1595 4681 1782 4750 ἁθροι-

198 4785 423 4854 σθῆναι,
464 4782 558 4834 καὶ
612 4779 917 4850 χειμάρρου
973 4777 1128 4846 δίκην
1181 4776 1281 4845 τὴν
1343 4772 1569 4843 πορείαν
1624 4773 1783 4842 ποιή-

197 4877 430 4930 σασθαι.
843 4873 852 4880 ’

271 4975 337 5019 ε’.
380 4985 397 5017 ι
441 4967 502 5018 Oi
544 4964 859 5034 σπείροντες
907 4963 966 5014 ἐν
1018 4960 1302 5032 δάκρυσιν,
1355 4960 1412 5009 ἐν
1463 4957 1783 5025 ἀγαλλιάσει

197 5056 474 5130 θεριοῦσι.
519 5076 538 5107 ›
581 5057 652 5109 Ού
689 5057 867 5126 μάτην
919 5054 976 5107 δὲ
1021 5052 1119 5114 τὰς
1172 5049 1408 5112 ἱκετείας
1460 5048 1783 5116 ποιούμεθα,

197 5151 346 5205 ἀλλὰ
395 5151 521 5211 τοὺς
567 5148 675 5201 τῶν
713 5146 966 5218 δακρύων
1001 5143 1205 5205 εἰδότες
1253 5141 1523 5212 καρπούς.
1580 5143 1640 5192 Οί
1677 5139 1784 5208 γάρ

201 5243 350 5314 μετὰ
386 5241 592 5294 τούτων
641 5240 709 5294 τά
753 5240 1045 5311 σπέρματα
1099 5235 1556 5298 καταϐάλλοντες,
1588 5231 1780 5302 δαψιλῆ

195 5336 295 5388 τὸν
333 5332 546 5404 ἀμητόν
583 5331 818 5403 ὁρῶντες
853 5329 1260 5401 εὐφραίνονται.

1893 4591 2107 4661 inquit,
2163 4609 2384 4649 noetros
2428 4598 2658 4665 gentiles
2712 4598 2953 4666 undique
2998 4599 3297 4667 dissipatos
3333 4601 3469 4669 juhe

1890 4687 2235 4756 congregari,
2265 4695 2318 4741 et
2351 4689 2608 4742 torrentis
2630 4689 2804 4743 instar
2835 4689 2938 4744 iter
2966 4689 3166 4744 facere.

1964 4958 2126 5011 Vens.
2170 4958 2223 5013 5.
2274 4978 2291 5009 ι
2340 4957 2440 5024 Qui
2494 4953 2772 5013 seminant
2817 4974 2942 5012 cum
2987 4959 3247 5030 iacrytnis
3280 5000 3294 5024 ,
3339 4977 3464 5016 cum

1893 5050 2259 5115 exsultatione
2289 5059 2517 5103 metent.
2556 5069 2573 5100 ›
2621 5051 2740 5104 Non
2790 5050 2992 5106 frustra
3043 5062 3224 5106 autem
3277 5068 3467 5120 preces

1896 5141 2198 5206 intulimus,
2223 5142 2318 5196 sed
2346 5142 2584 5196 scientes
2605 5142 2816 5213 11.95
2839 5143 3204 5214 lacrymarum
3233 5144 3463 5199 fructus.

1893 5235 1993 5300 Qui
2036 5233 2181 5288 en‘im
2242 5249 2366 5287 cum
2420 5233 2505 5288 his
2554 5239 2761 5288 semina
2817 5236 3068 5304 jaciunt,
3132 5235 3462 5290 uberrimam

1895 5340 2128 5379 messem
2169 5331 2460 5379 cernentes
2485 5323 2754 5378 laetantur.

1281 5462 1515 5518 VARl/E
1552 5462 1935 5518 LECTIONES
1967 5463 2056 5516 ET
2098 5461 2328 5519 ΝΟΤᾸΞ.

275 5586 325 5618 ’δ”
359 5586 664 5649 ’ᾍπαντας
692 5614 760 5624 -
793 5583 1016 5651 τυχεῖν.
1077 5579 1295 5649 Origcni
1336 5579 1464 5651 haec
1521 5578 1735 5645 aliaque

1886 5594 1975 5651 um
2026 5593 2148 5647 quae
2178 5587 2510 5651 __sequuntur
2571 5580 2763 5636 tribuit
2815 5579 2977 5651 Cord.
3045 5582 3082 5634 l.
3149 5597 3196 5636 c.
3260 5597 3313 5651 p.
3365 5581 3470 5636 567

204 5672 365 5723 seqq.

449 5656 492 5686 ⁸⁵
540 5648 700 5708 ηΩσίεὶ
731 5648 1057 5721 παρὰὶιεκλ.
1105 5648 1268 5704 Hebr.
1324 5648 1478 5721 Sicut
1514 5651 1774 5721 somniant

1888 5649 2105 5721 ilhrys.
2156 5649 2314 5710 ἄλλος
2335 5719 2343 5721 4
2365 5651 2712 5720 ἑρμηνευτὴς

205 5729 250 5757 ⁴¹⁵
290 5717 947 5792 ³Ᾱπηλαύσαμεν,’60ιῆ
984 5724 1006 5774 1
1040 5721 1163 5774 add.
1200 5719 1483 5792 ἐνταῦθαη
1533 5719 1576 5750 ⁸⁵⁷
1608 5717 1774 5792 Χαίνῇ

1886 5717 2046 5792 Πεὺιί.
2096 5721 2228 5772 risu.

207 5787 467 5863 proxima
494 5787 753 5861 sunt,‘0'3
784 5795 964 5864 μάτην
995 5822 1061 5833 σ-
1086 5792 1243 5860 εὐφρ.
1274 5789 1436 5845 Cord.
1474 5791 1509 5842 l.
1548 5806 1596 5843 (ι.
1623 5805 1676 5858 p.
1714 5789 1774 5842 75

1886 5790 2153 5862 ἅνωνυμεὶ
2204 5791 2474 5860 apposuit.

2757 5693 2770 5716 ,
2820 5650 2952 5703 ὡσεὶ
2995 5650 3463 5722 ἐνυπνιαζόμενοι.

2308 5719 2352 5750 ⁵⁸
2387 5721 2497 5792 Ὧν
2519 5751 2588 5760 -
2615 5719 3008 5792 ποιήσασθαι.
3073 5721 3195 5778 Ilaec
3256 5719 3310 5778 et
3347 5739 3468 5792 qua:

2555 5792 2597 5821 “9
2624 5793 2744 5848 cod.
2779 5794 2800 5845 1
2835 5790 3010 5846 καλεῖ.
