3996 6498
540 355 668 421 1891

1458 348 1949 409 TIIEODDRETI
1991 349 2331 410 EPISCOPI
2372 352 2741 416 CYRENSIS

3674 364 3833 428 1892

612 472 774 526 Vens.
805 471 858 526 6.
900 489 918 522 ι
954 470 1160 525 Euntcs
1197 469 1370 532 ibant,
1414 476 1467 521 et
1514 468 1750 534 flebant,
1793 474 2109 538 spargentes

2288 475 2365 534 ς’.
2415 491 2433 523 ι
2479 473 2851 545 Πορευόμενοι
2892 476 3352 549 ἐπορεύοντο,καὶ
3387 479 3630 546 ἔκλαιον,
3670 482 3826 552 βάλο

538 567 749 623 Semina
776 580 897 620 sua.
928 564 1227 619 Venientes
1258 570 1441 616 autem
1468 562 1689 616 venient
1717 576 1842 615 cum
1871 560 2116 615 exsulta-

537 659 712 722 tione,
756 667 1036 727 portantes
1069 656 1383 726 manipulos
1425 671 1578 710 suos.
1609 674 1628 704 ι
1666 653 1910 709 Diversis
1935 653 2115 707 modis

537 750 784 804 eamdem
810 749 948 804 dixit
981 748 1335 814 sententiam,
1366 747 1629 802 varietate
1660 746 1923 803 doctrina:
1943 745 2117 815 majo-

538 857 654 897 rem
683 844 972 899 utilitatem
1005 858 1328 914 procurans.

920 1068 1194 1124 INTERP.
1227 1067 1475 1123 PSALMI
1508 1066 1745 1123 CXXVI.

609 1183 778 1238 Vens.
810 1185 863 1237 l.
898 1202 917 1234 ‹
958 1181 1243 1237 Canticum
1273 1182 1542 1252 graduum
1563 1180 1894 1235 Salomonis.
1933 1201 1951 1231 ›
1975 1180 2115 1236 Olim

539 1275 759 1344 quidem
785 1273 1043 1328 Salomon
1072 1274 1317 1328 divinum
1351 1274 1528 1328 erexit
1553 1273 1838 1342 templum,
1862 1274 1954 1329 sed
1984 1273 2117 1328 illud

537 1374 810 1435 aequatum
875 1364 994 1420 solo
1058 1381 1088 1419 a
1138 1364 1453 1437 Babyloniis
1505 1364 1808 1420 Zorobabel
1852 1365 2115 1420 restituit.

538 1455 696 1511 Hunc
726 1457 924 1526 opinor
954 1454 1295 1511 Salomonem
1331 1457 1630 1520 nominari,
1661 1469 1716 1510 et
1758 1464 2020 1527 tanquam
2049 1470 2117 1510 ex

539 1547 835 1602 Salomone
858 1562 1031 1617 genus
1067 1547 1381 1609 ducentem,
1417 1556 1471 1600 et
1506 1556 1763 1615 tanquam
1791 1563 1930 1616 opus
1963 1546 2117 1601 Salo-

540 1639 720 1693 monis
752 1638 1173 1691 instaurantem.
1205 1634 1393 1704 Neque
1420 1636 1567 1689 enim
1600 1635 1912 1690 Salomonis
1942 1636 2114 1691 aedifi-

538 1728 738 1782 catioui
766 1728 1017 1796 congruit
1047 1740 1231 1779 sermo
1260 1724 1555 1793 pr0phetie,
1589 1726 1683 1779 sed
1714 1726 1763 1780 ei
1788 1742 1909 1793 quae
1948 1742 1978 1780 a
2009 1726 2115 1781 Zo—

2216 562 2400 628 λοντες
2434 566 2503 618 τὰ
2536 566 2832 639 σπέρματα
2867 570 3049 623 αὐτῶν
3070 586 3083 600 ·
3136 573 3425 642 ἐρχόμενοι
3470 573 3529 628 δὲ
3580 575 3828 646 ἥξουσιν

2219 659 2277 710 ὲν
2313 657 2657 726 ἀγαλλιάσει,
2692 660 2946 733 αἴροντες
2965 664 3034 717 τὰ
3062 663 3355 735 δράγματα
3384 666 3590 722 αὐτῶν.
3625 686 3646 719 ι
3680 670 3829 722 Δια-

2219 746 2404 817 φόρως
2460 748 2558 820 τὴν
2612 752 2785 823 αὐτὴν
2836 752 3077 807 διάνοιαν
3138 755 3366 825 εἴρηκε,
3425 758 3491 827 τῇ
3557 758 3826 827 ποικιλίᾳ

2217 837 2317 907 τῆς
2344 838 2696 905 διδασκαλίας
2730 842 2958 898 πλείονα
2985 843 3085 915 τὴν
3114 845 3387 915 ὠφέλειαν
3412 849 3830 920 πραγματευό-

2222 944 2402 997 μενος.

2502 1065 2767 1120 EPMIlN.
2810 1066 2948 1120 ΤΟΥ
2986 1065 3154 1135 exc,"
3192 1068 3516 1124 ‘I’AAMOY.

2289 1174 2358 1230 α’.
2394 1196 2412 1228 ι
2471 1175 2593 1249 ’ῼδὴ
2621 1176 2731 1231 τῶν
2761 1177 3100 1250 ἀναϐαθμῶν
3122 1178 3216 1232 τοῦ
3245 1181 3495 1251 Σολομὼν
3525 1182 3593 1235 ⁸⁸.
3640 1202 3661 1231 ι
3693 1182 3827 1234 Πά-

2218 1267 2306 1319 λαι
2343 1267 2385 1298 ⁸¹
2422 1268 2521 1337 μὲν
2557 1267 2650 1321 τὸν
2681 1266 2826 1320 θεῖον
2860 1268 2996 1321 νεὼν
3040 1269 3297 1340 Σολομὼν
3322 1271 3670 1344 ᾠκοδόμησε,
3711 1292 3832 1326 κα-

2218 1359 2517 1413 ταλυθέντα
2554 1359 2601 1391 ⁸⁸
2646 1359 2703 1412 δὲ
2754 1360 2859 1413 ὑπὸ
2907 1361 3272 1415 Βαὸυλωνίων
3347 1365 3660 1430 Ζοροϐάϐελ
3710 1368 3828 1418 ἀν-

2221 1451 2440 1521 έστησε.
2471 1451 2674 1506 Τοῦτον
2701 1449 2859 1524 οἶμαι
2886 1452 3246 1522 Σολομῶν-τα
3293 1455 3684 1525 ὀνομάζεσθαι,
3716 1458 3828 1510 καὶ

2217 1542 2293 1605 ὡς
2327 1544 2391 1595 ὲκ
2423 1542 2772 1613 Σολομῶντος
2802 1544 2861 1596 τὸ
2891 1543 3048 1610 γένος
3081 1544 3417 1612 κατάγοντα,
3449 1546 3545 1599 καὶ
3587 1547 3667 1609 ὡς
3716 1546 3831 1598 Σο-

2217 1634 2495 1701 λομῶντος
2528 1635 2925 1705 ἀνανεούμενον
2958 1636 3141 1706 ἔργον.
3188 1637 3323 1690 Οὐδὲ
3368 1639 3477 1710 γὰρ
3523 1642 3590 1709 τῇ
3640 1638 3827 1692 Σολο-

2222 1726 2430 1798 μῶντος
2487 1726 2771 1798 οἰκοδομίᾳ
2817 1728 2847 1779 ὁ
2909 1727 3250 1799 προφητικδς
3303 1730 3567 1800 ἁρμόττει
3622 1731 3822 1800 λόγος,

541 1820 795 1875 robabele
826 1828 949 1889 post
973 1819 1206 1873 reditum
1237 1816 1380 1871 facta
1418 1816 1541 1870 fuit.
1576 1816 1730 1871 Tunc
1762 1819 1982 1887 quidem
2009 1820 2110 1889 ipsi

2227 1818 2353 1873 Ξιλλά
2385 1822 2450 1890 τῇ
2481 1820 2620 1889 μετὰ
2651 1818 2751 1889 τὴν
2797 1818 3056 1872 ἐπάνοδον
3092 1819 3197 1872 ὑπὸ
3223 1819 3319 1873 τοῦ
3361 1821 3675 1891 Ζοροόάὸελ
3710 1839 3821 1889 γε-

537 1910 954 1965 aediliczttionem
992 1914 1311 1963 tentarunt:
1350 1909 1715 1976 prohibebant
1737 1917 1919 1963 autem
1951 1911 2115 1965 finiti-

541 2019 643 2057 mae
671 2011 859 2071 gentes
895 2001 913 2021 “
942 1998 1203 2053 continue
1238 2007 1290 2051 et
1321 1998 1455 2067 ipsa:
1478 1998 1681 2052 bellum
1720 1997 2038 2065 inferentes,
2063 2011 2117 2055 et

537 2093 833 2149 Persarum
864 2106 1045 2161 regem
1087 2089 1142 2144 in
1184 2090 1333 2159 ipsos
1366 2091 1668 2146 irritantes.
1702 2088 1828 2145 Haec
1856 2107 1986 2146 vero
2019 2091 2117 2147 Es-

538 2185 651 2239 tlrae
684 2180 917 2237 historia
938 2178 1285 2236 manifestius
1311 2181 1493 2236 docet.
1521 2180 1824 2237 Zorobabel
1852 2182 2036 2251 igitur,
2064 2193 2118 2237 et

537 2273 706 2328 Josua
743 2273 888 2327 ﬁlius
917 2272 1180 2326 Salathiel
1208 2314 1224 2339 ,
1259 2283 1315 2326 et
1341 2272 1435 2342 qui
1469 2287 1595 2326 cum
1629 2272 1710 2327 eis
1750 2273 1948 2343 pietate
1978 2290 2116 2344 prae—

537 2366 634 2419 diti
668 2373 867 2430 erant,
918 2364 1060 2418 hanc
1110 2363 1305 2433 psalmi
1352 2364 1753 2419 institutionem
1808 2366 2113 2435 proferunt:

543 2477 563 2510 ι
604 2457 717 2513 Nisi
747 2456 1011 2511 Dominus
1044 2456 1397 2510 aedificaverit
1433 2455 1681 2518 domum,
1711 2456 1765 2511 in
1803 2472 2004 2512 vanum
2036 2461 2117 2513 la-

540 2550 877 2603 boraverunt
904 2548 996 2615 qui
1024 2546 1299 2600 aedificant
1322 2561 1464 2600 eam.
1497 2544 1612 2600 Nisi
1643 2547 1907 2601 Dominus
1930 2560 2120 2603 custo-

538 2640 703 2694 dierit
733 2638 1031 2703 civitatem,
1071 2636 1278 2691 frustra
1313 2638 1505 2707 vigilat
1531 2638 1625 2706 qui
1652 2640 1893 2693 custodit
1922 2656 2063 2695 eam.
2094 2660 2113 2693 ι

540 2730 711 2786 Nemo
746 2746 923 2800 neque
949 2745 1014 2784 ex
1052 2729 1122 2783 iis
1144 2728 1239 2799 qui
1270 2729 1543 2784 aaditicant
1564 2771 1578 2795 ,
1618 2746 1793 2800 neque
1821 2747 1887 2786 ex
1929 2732 1997 2788 iis
2025 2734 2119 2802 qui

540 2820 883 2885 custodiunt,
916 2820 1140 2889 propria
1170 2820 1242 2873 sit
1275 2818 1447 2873 fretus
1481 2819 1697 2890 1496
1727 2823 1993 2890 potentia,
2026 2824 2120 2876 sed

541 2914 790 2968 divinum
825 2914 1081 2983 imploret
1109 2913 1403 2967 auxilium.
1430 2911 1543 2966 Hoc
1564 2916 1708 2966 enim
1730 2928 2117 2975 cmicurreute.

543 3016 839 3075 utrumque
869 3003 1029 3058 facile
1058 3014 1171 3058 est:
1207 3002 1649 3072 procrastinante
1668 3019 1798 3058 vero
1869 3022 1933 3061 eo
1961 3008 2089 3061 auxi

542 3097 700 3163 lium,
732 3111 933 3150 vanum
962 3103 1047 3151 est
1086 3094 1375 3149 hominum
1407 3095 1672 3150 studium.

616 3358 788 3414 Vens.
815 3359 872 3414 2.
904 3376 923 3410 ι
955 3357 1167 3413 Vanum
1201 3369 1286 3415 est
1316 3360 1474 3415 vobis
1501 3369 1628 3416 ante
1654 3361 1829 3416 lucem
1862 3378 2115 3433 surgere:

546 3453 758 3521 surgite
789 3460 1079 3520 postquam
1113 3452 1390 3516 sederitis,
1424 3453 1517 3521 qui
1554 3453 1900 3507 manducatis
1924 3470 2118 3523 panem

545 3541 780 3596 doloris.
822 3558 840 3591 ι
876 3539 1023 3595 Istud
1051 3542 1271 3610 surgite,
1303 3556 1413 3594 non
1454 3549 1542 3594 est
1570 3540 1979 3609 imperativum,
2024 3542 2121 3596 sed

542 3623 906 3688 inﬁnitivum.
938 3632 1079 3687 Dicit
1100 3643 1282 3686 autem
1308 3632 1488 3687 omnia
1522 3648 1658 3685 vana
1689 3647 1828 3697 esse,
1859 3631 1970 3686 Deo
2001 3635 2121 3686 uni-

544 3740 831 3781 versorum
860 3738 970 3778 non
997 3731 1385 3790 concurrente,
1420 3732 1474 3777 et
1504 3732 1631 3776 ante
1658 3723 1833 3776 lucem
1873 3737 2118 3793 surgere,

543 3828 597 3872 et
627 3817 933 3887 expergisci
962 3816 1035 3871 ob
1076 3816 1316 3872 civitatis
1341 3815 1602 3869 excubias
1627 3857 1642 3879 ,
1687 3823 1742 3868 et
1781 3814 1851 3867 ob
1881 3829 2122 3883 praesens

542 3908 855 3963 aedificium.
878 3907 1222 3976 Quapropter
1255 3904 1681 3960 commonefacit
1714 3918 1809 3957 eos
1842 3904 1934 3972 qui
1994 3918 2119 3957 cum

546 4000 737 4056 dolore
759 4008 983 4070 propter
1008 3998 1248 4052 hostium
1287 3998 1523 4067 impetus
1554 4011 1751 4066 panem
1804 3995 2121 4061 comedunt,

545 4103 607 4146 ut
633 4105 758 4160 spes
781 4090 834 4143 in
868 4090 979 4143 Deo
1004 4089 1293 4143 collocent.

624 4202 641 4234 ι
679 4183 813 4237 Cum
837 4179 1051 4235 dederit
1087 4180 1306 4235 dilectis
1347 4182 1466 4237 suis
1510 4195 1785 4236 somnum.
1816 4180 2007 4251 [νεεδ.
2042 4179 2121 4252 5.]

548 4276 689 4330 Ecce
718 4274 1010 4329 hereditas
1040 4273 1295 4341 Domini,
1320 4276 1414 4329 filii
1435 4316 1451 4339 ,
1492 4291 1704 4330 merces
1745 4274 1954 4330 fructus
1993 4290 2124 4329 ven-

547 4368 668 4423 tris.
716 4384 737 4419 o
783 4364 1054 4420 Somnum
1110 4367 1214 4421 hoc
1258 4367 1313 4421 in
1366 4367 1487 4422 loco
1546 4383 1646 4436 per
1705 4367 2121 4421 translationem

544 4459 788 4529 quietem
831 4457 1162 4527 appellavit:
1217 4457 1460 4527 quietem
1500 4474 1631 4513 vero
1679 4458 1845 4512 etiam
1893 4472 2121 4512 somnus

2219 1911 2519 1982 γενημένῃ.
2575 1909 2891 1980 Τηνικαῦτα
2943 1909 3044 1980 μὲν
3090 1911 3245 1965 αὐτοὶ
3296 1913 3602 1982 οἰκοδομεῖν
3652 1917 3825 1968 ἐπει-

2221 2002 2416 2073 ρῶντο,
2455 2000 2748 2053 διεκώλυον
2785 1999 2831 2031 ”
2863 1999 2920 2052 δὲ
2954 1999 3002 2051 οί
3050 1999 3469 2068 γειτονεύοντες,
3505 2002 3602 2055 καὶ
3648 2004 3821 2056 αὐτοὶ

2223 2091 2465 2160 συνεχῶς
2512 2089 2899 2160 ποπεμοῦντες,
2933 2091 3029 2143 καὶ
3062 2090 3162 2162 τὴν
3200 2090 3245 2124 ⁵⁸
3292 2091 3520 2158 Περσῶν
3546 2095 3672 2147 κατ’
3703 2096 3820 2147 αύ-

2219 2183 2329 2237 τῶν
2377 2182 2717 2254 ἐρεθίζοντες
2749 2183 2795 2215 "
2828 2181 3107 2251 βασιλείαν
3150 2183 3216 2236 ⁵⁸.
3267 2184 3374 2236 Καὶ
3400 2182 3579 2237 ταῦτα
3622 2188 3655 2256 ἡ
3708 2187 3813 2241 τοῦ

2225 2274 2435 2343 Ἐσδρα
2463 2272 2800 2344 σαφέστερον
2822 2272 3066 2325 διδάσκει
3097 2271 3307 2342 γραφή·
3343 2274 3393 2325 οἱ
3424 2274 3554 2342 περὶ
3586 2274 3678 2328 τὸν
3701 2278 3814 2329 Ζο-

2223 2364 2455 2437 ροϐάϐελ
2493 2364 2693 2424 τοίνυν,
2728 2362 2823 2416 καὶ¹
2882 2360 3088 2433 Ἰησοῦν
3116 2363 3208 2415 τὸν
3252 2360 3347 2415 τοῦ
3383 2362 3675 2432 Σαλαθιὴλ,
3713 2365 3815 2417 καὶ

2220 2459 2270 2510 οἱ
2308 2457 2423 2527 μετ’
2460 2455 2644 2509 αὐτῶν
2669 2454 2921 2526 εὐσεϐείᾳ
2947 2454 3333 2524 κοσμούμενοι,
3368 2455 3525 2526 τήνδε
3552 2456 3653 2526 τὴν
3687 2459 3813 2510 εἰσ-

2222 2551 2420 2621 ήγησιν
2453 2547 2822 2618 προσφέρουσι
2854 2546 2948 2599 τοῦ
2975 2544 3214 2615 ψαλμοῦο
3252 2563 3271 2597 ι
3329 2546 3455 2599 Ἐάν
3486 2547 3561 2616 μὴ
3598 2546 3815 2616 Κύριος

2221 2641 2558 2711 οἰκοδομήσῃ
2596 2636 2762 2705 οἷκον,
2811 2639 2891 2701 είς
2939 2638 3115 2708 μάτην
3165 2638 3465 2691 ὲκοπίασαν
3499 2641 3548 2691 οἱ
3595 2638 3817 2692 οἰκοδο-

2226 2734 2473 2804 μοῦντες.
2521 2732 2647 2784 Ἐὰν
2680 2732 2754 2801 μὴ
2800 2731 3004 2801 Κύριος
3037 2728 3248 2801 φυλάξῃ
3282 2730 3456 2794 πόλιν,
3493 2731 3574 2792 είς
3624 2730 3817 2799 μάτην

2222 2824 2581 2897 ὴγρύπνησεν
2623 2825 2650 2875 ὁ
2683 2821 2996 2891 φυλάσσων.
3039 2838 3058 2871 ι
3108 2821 3315 2892 Μηδεὶς
3352 2822 3490 2890 μήτε
3524 2821 3633 2875 τῶν
3660 2824 3818 2878 nixo-

2222 2916 2553 2988 δομούντων,
2589 2914 2723 2985 μήτε
2754 2911 2863 2965 τῶν
2891 2911 3290 2981 φυλαττόντων,
3323 2914 3388 2980 τῇ
3427 2912 3609 2983 οἰκεία
3641 2912 3816 2966 δυνά-

2228 3026 2316 3079 μει
2362 3005 2655 3078 θαρρείτω,
2689 3004 2827 3058 ἀλλά
2864 3002 2962 3073 τὴν
2993 3002 3147 3055 θείαν
3191 3002 3561 3056 ἐπικαλεῖσθω
3606 3004 3815 3075 ῥοπήν.

2226 3100 2443 3168 Ταύτης
2471 3098 2579 3169 γὰρ
2612 3098 2986 3167 συνεργούσης
3015 3095 3275 3166 ἑκάτερον
3309 3094 3525 3166 ῥᾴδιονο
3566 3095 3817 3147 ἀναὸαλ-

2225 3192 2453 3261 λομὲνου
2496 3190 2553 3241 δὲ
2586 3187 2681 3241 τοῦ
2724 3186 2861 3240 Θεοῦ
2893 3187 2994 3256 τὴν
3040 3185 3312 3256 βοήθειαν,
3347 3187 3573 3256 μάταιος
3619 3187 3653 3256 ἡ
3695 3186 3817 3239 τῶν

2225 3279 2530 3352 ἀνθρώπων
2563 3276 2793 3347 σπουδὴ.

2292 3372 2357 3440 β’.
2400 3389 2418 3420 ι
2463 3372 2558 3433 Εἰς
2598 3369 2775 3439 μάτην
2813 3368 2942 3437 ὑμῖν
2974 3368 3091 3419 ἐστι
3131 3366 3225 3419 τοῦ
3251 3367 3295 3397 ⁵⁷
3331 3366 3628 3438 ὀρθρίζειν,
3662 3367 3816 3434 ἐγεξ-

2227 3460 2384 3531 ρεσθε
2411 3462 2549 3530 μετὰ
2583 3460 2644 3511 τὸ
2680 3457 2953 3527 καθῆσθαι
2980 3457 3046 3521 ⁸⁸⁸,
3079 3457 3129 3509 οἱ
3168 3455 3441 3518 ἐσθίοντες
3485 3456 3651 3526 ἄρτον
3682 3457 3815 3509 66'3-

2223 3570 2340 3623 νης.
2384 3572 2415 3623 ι.
2438 3552 2511 3604 Τὸ
2539 3551 2842 3621 ἐγείρεσθε
2864 3550 2908 3581 ⁵⁹
2939 3549 3040 3602 οὐκ
3070 3547 3187 3601 ἐστι
3220 3549 3646 3619 προστακτικὸν,
3668 3548 3815 3600 ἀλλὰ

2224 3616 2846 3713 ἀπαρέςμφατονίΛέγει
2869 3638 2926 3692 δὲ
2957 3640 3040 3692 ὅτι
3073 3640 3249 3692 πάντα
3266 3616 3511 3708 νμάταια,
3538 3639 3632 3691 τοῦ
3668 3637 3813 3691 Θεοῦ
3838 3620 3850 3631 ’

2224 3736 2331 3788 τῶν
2368 3735 2505 3788 ὅλων
2555 3734 2633 3804 μὴ
2680 3731 3089 3802 συνεργοῦντος,
3136 3732 3229 3783 καὶ
3266 3729 3327 3782 τὸ
3364 3730 3659 3800 ὀρθρίζειν,
3709 3731 3815 3781 καὶ

2221 3827 2284 3879 τὸ
2329 3825 2671 3892 ἀνίστασθαι,
2702 3826 2782 3888 εἰς
2821 3841 2880 3876 τε
2912 3820 3159 3893 φυλακὴν
3190 3822 3290 3891 τῆς
3333 3820 3562 3883 πόλεως,
3595 3821 3692 3871 καὶ
3726 3821 3815 3880 είς

2221 3920 2320 3990 τὴν
2352 3917 2728 3989 προκειμένην
2757 3914 3092 3983 οἰκοδομίαν.
3135 3913 3225 3965 Διὸ
3252 3913 3511 3979 παραινεί
3537 3913 3650 3972 τοῖς
3687 3911 3815 3980 μετ’

2221 4011 2415 4080 ὀδύνης
2468 4010 2559 4061 τὸν
2612 4007 2778 4078 ἄρτον
2827 4005 3068 4058 ἐσθίουσι
3115 4004 3203 4056 διὰ
3237 4003 3335 4065 τὰς
3366 4003 3475 4055 τῶν
3526 4001 3815 4071 πολεμίων

2222 4102 2646 4162 ἐπαναστάσεις,
2676 4099 2756 4161 εἰς
2782 4096 2875 4149 τὸν
2902 4095 3035 4149 Θεὸν
3063 4094 3162 4159 τὰς
3193 4094 3415 4157 ἐλπίδας
3445 4095 3609 4163 ἔχειν.

2299 4214 2317 4247 ι
2387 4196 2558 4246 Ὅταν
2613 4190 2691 4261 δῷ
2744 4190 2788 4220 ⁶⁰
2851 4191 2964 4252 τοῖς
3031 4188 3337 4258 ἀγαπητοῖς
3391 4185 3556 4238 αὑτοῦ
3616 4183 3813 4235 ῦπνον.

2225 4284 2345 4357 [γ’.]
2397 4282 2528 4337 Ἰδοὺ
2580 4283 2616 4352 ἡ
2671 4278 3009 4351 κληρονομία
3039 4278 3249 4348 Κυρίου
3299 4277 3424 4340 υἱοὶ,
3472 4275 3663 4344 μισθὸς
3711 4273 3815 4326 τοῦ

2223 4374 2438 4447 καρποῦ
2487 4372 2587 4442 τῆς
2630 4370 2886 4440 γαστρός.
2929 4389 2947 4421 ι
3000 4369 3210 4422 ’Ὕπνον
3258 4366 3493 4421 ἐνταῦθα
3530 4363 3817 4435 τροπικῶς

2223 4468 2321 4536 τὴν
2355 4463 2668 4517 ἀνάπαυσιν
2692 4459 2736 4490 ⁶¹
2769 4456 3215 4530 προσηγόρευσεν
3234 4469 3248 4483 ⁸
3280 4453 3597 4509 ἀνάπαυλαν
3625 4451 3685 4503 δὲ
3712 4450 3818 4501 καὶ

547 4549 868 4604 hominibus
890 4550 1116 4619 praabet.
1149 4548 1259 4604 Deo
1290 4548 1477 4618 igitur,
1513 4548 1708 4618 inquit,
1738 4549 1961 4619 propria
1990 4563 2116 4603 cura

2227 4560 2254 4611 ὁ
2299 4556 2467 4619 ὕπνος
2509 4555 2624 4616 τοῖς
2656 4550 2964 4623 ἀνθρώποις
3007 4548 3257 4619 παρέχει,
3293 4546 3399 4601 Τοῦ
3433 4543 3569 4598 Θεοῦ
3603 4544 3814 4604 τοίνυν,

546 4657 649 4697 nos
680 4642 959 4711 dignante,
1010 4641 1197 4697 hostes
1238 4657 1500 4711 superare
1533 4643 1836 4711 poterimus
1860 4682 1875 4706 ,
1910 4650 1967 4695 et
2008 4642 2116 4695 sine

2228 4648 2385 4719 φησὶ,
2416 4647 2515 4717 τῆς
2541 4645 2749 4706 οἰκείας
2779 4640 3059 4706 ἀξιοῦντος
3081 4638 3431 4711 κηδεμονίας,
3462 4632 3814 4704 δυνησόμεθα

550 4735 738 4789 labore
764 4735 1071 4799 aedificare,
1104 4745 1158 4789 et
1188 4744 1305 4789 tuto
1336 4734 1520 4789 vivere
1540 4774 1554 4798 ,
1591 4743 1646 4788 et
1675 4738 1795 4789 sine
1834 4749 1964 4790 cura
1997 4734 2116 4788 dor-

2227 4737 2335 4791 τῶν
2367 4734 2751 4805 πολεμούντων
2801 4729 3207 4801 περιγενέσθαι,
3232 4729 3325 4781 καὶ
3350 4726 3568 4786 ἀπόνως
3606 4722 3815 4775 οἰκοδο-

550 4825 711 4891 mire,
746 4825 1221 4898 plurimorumque
1252 4825 1489 4880 filiorum
1520 4836 1704 4897 patres
1737 4842 1877 4892 esse,
1927 4841 2116 4881 secun-

2231 4828 2427 4900 μῆσαι,
2480 4828 2575 4879 καὶ
2616 4825 2824 4893 διάγειν
2876 4820 3157 4892 ἀσφαλῶς,
3210 4819 3304 4872 καὶ
3352 4818 3477 4887 δίχα
3528 4812 3816 4885 φροντίδος

549 4917 681 4973 dum
705 4917 945 4972 divinam
967 4916 1411 4986 promissionem.
1438 4916 1697 4974 Promisit
1723 4919 1870 4973 enim
1918 4933 1979 4972 se
2027 4932 2116 4971 no-

2230 4916 2533 4981 καθεύδειν,
2582 4916 2676 4968 καὶ
2712 4913 2972 4967 πλειόνων
3024 4912 3230 4965 παίδων
3277 4910 3531 4979 γενέσθαι
3574 4907 3817 4977 πατέρες

549 5018 728 5065 strum
756 5024 932 5080 genus
964 5008 1241 5065 facturum
1294 5010 1440 5064 sicut
1482 5025 1708 5064 arenam
1752 5024 1876 5079 quae
1925 5017 2012 5064 est
2048 5008 2116 5063 ad

2229 5008 2371 5062 κατά
2403 5007 2499 5076 τὴν
2546 5005 2699 5059 θείαν
2732 5005 3045 5076 ὑπόσχεσιν.
3089 5004 3393 5072 ’Υπέσχετο
3422 5002 3529 5075 γὰρ
3561 5002 3815 5071 ποιήσειν

550 5102 703 5157 littus
737 5102 928 5157 maris.
969 5100 1107 5157 Illud
1142 5109 1199 5157 et
1222 5100 1326 5157 hoc
1356 5100 1479 5158 loco
1503 5101 1676 5157 dixit:
1712 5119 1731 5153 ι
1768 5099 1910 5157 Ecce
1942 5101 2116 5155 haere-

2228 5100 2388 5170 ἡμῶν
2432 5098 2493 5151 τδ
2525 5097 2704 5165 γένος.
2752 5099 2829 5160 ὡς
2873 5096 2971 5166 τὴν
2992 5096 3186 5166 ’ἄμμον
3216 5093 3315 5165 τὴν
3358 5092 3512 5165 παρά
3544 5092 3606 5146 sb
3634 5091 3816 5163 χεῖλος

1632 5291 1865 5349 VARUE
1905 5291 2291 5350 LECTIONES
2329 5292 2418 5349 ET
2450 5291 2683 5348 NOTAE.

618 5454 665 5487 ⁵⁸⁵
696 5451 804 5506 Τοῦ
852 5452 1074 5521 Σολοομ.
1117 5449 1285 5521 Abest.
1312 5466 1341 5505 a
1375 5451 1502 5506 cod.
1534 5451 1603 5521 7|.
1698 5451 1742 5482 ³¹
1766 5450 1959 5506 Πάλαι
1992 5482 2054 5495 --
2078 5468 2116 5504 π

2227 5464 2306 5518 περ.
2357 5450 2465 5503 τοῦ
2516 5447 2782 5521 ψαλμοῦ.
2839 5443 2965 5521 ﬂare
3021 5452 3076 5521 et
3133 5443 3304 5521 multa
3364 5439 3817 5521 quienaikhunc

545 5523 852 5609 psalmumn
880 5509 1188 5609 pnerti'nent,_
1212 5520 1430 5609 Qrigeni
1477 5520 1689 5609 tribuit.
1728 5522 1890 5609 (Story.
1935 5524 1971 5576 Ι.
2007 5537 2054 5576 c.
2106 5538 2116 5609 !

2227 5509 2300 5573 76
2344 5509 2540 5588 δίδωμ’
2599 5509 2797 5570 δίεσιι.
2835 5516 2859 5567 1
2922 5512 3337 5572 καταλυθέντος.
3413 5511 3458 5541 ⁵³
3499 5510 3572 5561 ib.
3625 5509 3821 5560 διεκώ-

2227 5607 2230 5609 .
2265 5592 2367 5609 οηΑ
2393 5589 2517 5609 \1_-
2615 5587 2660 5609 ιτ
2692 5585 2801 5609 an:
2865 5584 2958 5609 ΑΛΑ
3031 5582 3124 5609 υ...
3178 5581 3238 5609 ,Α
3336 5580 3382 5609 BR
3416 5579 3609 5609 ἰ’..ι-ἷη
3678 5578 3819 5609 ηραν),

547 5580 734 5647 λυσαν.
810 5591 856 5624 ⁵⁸
881 5580 1034 5660 Ὑήν.
1089 5580 1210 5646 cod.
1239 5593 1272 5662 17
1301 5580 1445 5654 τούς.
1522 5592 1568 5623 ⁸⁸
1591 5593 1647 5646 ib
1674 5592 2035 5662 ἐρεθίζοντας.
2107 5580 2116 5621 Ῑ

2227 5607 2236 5642 ι
2264 5580 2582 5662 [inedia-mu
2692 5585 2824 5662 Τοῦ.
2860 5584 2981 5662 cod.
3006 5582 3148 5662 _Vat.
3178 5581 3267 5661 τό..
3336 5580 3382 5611 ⁸⁸
3416 5580 3629 5662 ’βγξίίκ
3666 5580 3819 5662 μετά

546 5664 613 5717 τὸ
643 5668 775 5734 καθ.
803 5648 1587 5734 HebraTardantibussedere.
1609 5648 1750 5731 Αᾳιῖ.
1806 5648 2116 5734 βραδυνοῦσι

2227 5648 2584 5734 ιθῆσθαιςγ
2606 5657 2969 5734 ’Ἐγείρεσθετ
3006 5654 3085 5734 Ita
3115 5653 3224 5734 leg;
3257 5651 3309 5703 in
3346 5651 3625 5734 .009..i't'l
3674 5648 3818 5734 a‘pud

546 5733 711 5789 Cord.
745 5736 782 5787 Ι.
812 5749 862 5789 c.
893 5749 946 5803 ι).
975 5733 1100 5788 577.
1126 5730 1282 5787 Prior
1306 5732 1476 5787 editio
1504 5718 1738 5788 habebat
1767 5718 2097 5803 ἐγείρεσθαι.

2249 5718 2435 5783 ’Ὅταν
2463 5726 2563 5792 δῷ.
2606 5718 2782 5780 Hebr:
2822 5730 2897 5777 ita
2938 5726 3108 5777 dabit.
3170 5718 3226 5751 ’Μ
3258 5723 3380 5776 cod.
3415 5722 3434 5774 1
3471 5718 3812 5772 ἀνάπαυλαν.
