3996 6488
222 348 370 415 1893

1538 339 1621 400 ΙΝ
1656 337 1867 398 PSAL.
1906 335 2200 398 CXXVII.

3364 342 3499 412 1894

217 464 322 535 τῆς
353 460 653 533 θαλάσσης.
690 458 865 515 Τοῦτο
910 458 1006 514 καὶ
1047 454 1284 512 ἐνταῦθα
1309 454 1413 523 ἔφη
1442 452 1507 485 ⁶¹σ
1545 470 1564 504 ι
1612 450 1744 504 Ἰδοὺ
1776 450 1810 520 ἡ

1924 448 2060 504 ditas
2107 447 2349 512 Domini,
2385 444 2514 514 ﬁlii,
2551 462 2764 507 merces
2813 450 3027 510 fructus
3068 455 3296 519 ventris,
3337 474 3354 508 ›
3392 459 3496 510 huc

215 553 563 625 κληρονομία
608 552 816 624 Κυρίου
848 551 979 618 υἱοὶ,
1023 551 1054 603 6
1104 548 1296 619 μισθὸς
1338 544 1433 599 τοῦ
1461 540 1680 614 καρποῦ
1705 541 1806 612 τῆς

213 645 493 716 γαστρόςο
530 664 551 699 ι
584 643 862 699 τουτέστιν
907 644 974 709 ⁸⁸,
1029 644 1063 714 ἡ
1113 641 1232 694 θεία
1274 638 1594 709 ὑπόσχεσις,
1625 634 1723 689 καὶ
1771 634 1805 705 ἡ

216 737 351 806 περὶ
384 737 512 800 τοὺς
547 736 744 800 παῖδας
773 734 1017 803 εὐλογία,
1050 731 1303 801 καθάπερ
1335 747 1419 793 τις
1448 729 1582 799 ἡμῖν
1616 722 1807 796 μισθὸς

214 831 333 892 τοῖς
368 828 452 892 είς
480 827 647 883 αὐτὸν
690 826 952 896 ἡλπικόσι
982 822 1310 895 δεδώρηται.
1782 834 1783 837 ‘

286 919 350 975 δ’.
386 938 409 973 ι
458 920 605 972 Ὢσεὶ
636 918 764 990 βέλη
815 919 874 971 ὲν
919 917 1065 988 χειρὶ
1113 910 1369 976 δυνατοῦ,
1403 909 1578 973 οὕτως
1608 910 1659 961 oi
1701 906 1809 960 uici.

215 1012 327 1065 τῶν
380 1011 791 1081 τετιναγμένων
838 1011 904 1065 ⁸⁵.
962 1028 983 1063 ι
1035 1009 1094 1061 '0
1150 1006 1207 1059 δὲ
1258 1003 1572 1069 Θεοδοτίων,
1618 1001 1712 1066 Ὠς
1763 999 1808 1031 ⁸⁸

212 1104 376 1171 ,ϐέλη
423 1104 493 1156 ἐν
530 1103 681 1172 χειρὶ
734 1099 1021 1166 δυνατοῦ,
1074 1098 1263 1162 οὕτως
1323 1093 1440 1149 υἱοί
1488 1094 1806 1161 νεότητος·

218 1196 367 1250 κατὰ
404 1194 611 1267 ταύτην
645 1194 702 1247 δὲ
737 1195 783 1226 ⁸⁸
809 1193 901 1245 καὶ
932 1193 961 1244 6
1002 1189 1234 1252 ’Δκύλας
1257 1188 1299 1219 ⁸⁷
1334 1187 1432 1241 καὶ
1458 1186 1487 1237 6
1516 1184 1810 1255 Σύμμαχος

217 1286 599 1357 ἠρμήνευσαν.
640 1283 804 1352 Λέγει
833 1283 913 1345 δὲ,
950 1282 1032 1335 ὃτι
1070 1278 1341 1350 Ἐσόμεθα
1375 1275 1453 1347 τῷ
1484 1274 1603 1346 Θεῷ
1619 1274 1665 1306 ⁸⁸
1708 1291 1808 1326 πε-

220 1378 477 1440 ποιθότες
519 1378 582 1429 οὐ
634 1378 794 1447 μόνον
842 1374 1049 1440 πολλοὶ,
1100 1372 1238 1426 ἀλλὰ
1284 1370 1380 1424 καὶ
1426 1368 1663 1434 δυνατοὶ,
1698 1361 1810 1419 οἷόν

220 1488 344 1525 τινα
374 1470 507 1541 βέλη
533 1468 686 1540 παρὰ
720 1466 947 1521 δυνατοῦ
988 1482 1136 1531 τινος
1163 1463 1428 1534 ἐφιέμενα
1450 1478 1465 1495 ο
1512 1465 1606 1515 καὶ
1636 1461 1685 1513 οἱ
1714 1459 1810 1512 νῦν

222 1564 497 1626 ἀσθενεῖς,
531 1564 627 1615 καὶ
674 1561 882 1632 σφόδρα
914 1556 1426 1629 ταλαιπωρούμενοι
1474 1552 1655 1624 (τοῦτο
1700 1552 1808 1623 γὰρ

221 1656 374 1727 δηλοῖ
414 1654 479 1707 τὸ
526 1649 1081 1722 ἐκτετιναγμένων),
1116 1648 1332 1720 ἰσχυροὶ
1382 1646 1505 1699 λίαν
1547 1644 1806 1716 ἐσόμεθα,

221 1752 321 1823 τῆς
350 1750 561 1805 ἄνωθεν
602 1749 778 1819 ῥοπῆς
812 1745 1220 1806 ἀπολαύσαντες
1249 1744 1313 1796 ⁸⁸.

1914 549 2022 605 eSt,
2072 540 2258 595 divina
2303 541 2635 611 promissio,
2669 552 2725 599 et
2774 544 2924 601 circa
2976 546 3119 602 filios
3166 547 3495 612 benedictio,

1913 632 2081 686 veluti
2106 634 2354 703 quaedam
2392 649 2604 692 merces
2626 636 2809 703 nobis,
2845 639 2941 709 qui
2972 640 3027 694 in
3054 644 3172 709 ipso
3196 654 3346 711 spem
3367 655 3500 695 con-

1914 726 2218 792 stituimus,
2244 726 2371 782 data
2399 737 2502 783 est.

1986 900 2154 956 Vens.
2185 901 2241 954 4.
2283 921 2301 953 ‹
2346 900 2514 958 Sicut
2559 904 2771 975 sagitta:
2807 906 2861 960 in
2891 922 3057 962 manu
3104 910 3372 978 potentis,
3424 909 3495 964 ita

1916 995 2015 1049 filii
2047 1010 2431 1051 excussorum.
2467 1016 2486 1048 ι
2524 997 2735 1069 1497
2757 997 3092 1055 Theodotio:
3121 1000 3271 1056 Sicut
3291 1005 3499 1072 sagittae

1916 1089 1972 1142 in
2013 1105 2176 1142 manu
2225 1089 2494 1157 potentis,
2552 1091 2627 1143 sic
2674 1090 2777 1160 filii
2813 1092 3151 1160 juventutis;
3196 1095 3497 1149 secundum

1918 1181 2066 1236 hunc
2095 1196 2317 1251 quoque
2349 1198 2575 1238 sensum
2606 1184 2803 1253 Aquila
2830 1194 2885 1239 et
2932 1185 3297 1257 Symmachus
3326 1189 3498 1242 inter-

1916 1272 2117 1341 pretati
2155 1280 2303 1326 sunt.
2342 1271 2486 1326 Dicit
2517 1276 2535 1295 '
2571 1283 2753 1327 autem
2778 1311 2792 1337 ,
2831 1273 2942 1329 Deo
2975 1276 3341 1343 confidentes,
3389 1294 3495 1332 non

1918 1364 2083 1418 modo
2128 1363 2442 1434 frequentes
2484 1366 2732 1432 erimus,
2784 1382 2975 1421 verum
3011 1369 3174 1423 etiam
3224 1377 3495 1439 potentes,

1917 1455 2088 1508 veluti
2124 1457 2371 1523 qumdam
2405 1457 2617 1527 sagittae
2645 1471 2675 1510 a
2700 1466 2922 1526 potente
2943 1459 3127 1529 aliquo
3168 1462 3412 1517 emissae:
3440 1473 3491 1517 et

1917 1547 2011 1617 qui
2056 1547 2356 1602 imbecilles
2406 1565 2554 1603 nunc
2603 1564 2825 1614 sumus,
2872 1560 2926 1606 et
2978 1554 3270 1608 admodum
3310 1557 3494 1611 miseri

1918 1639 2067 1707 (nam
2104 1639 2209 1693 hoc
2238 1640 2443 1694 indicat
2476 1644 2867 1711 excussorum),
2895 1644 3049 1700 valde
3072 1646 3282 1702 robusti
3306 1650 3499 1702 evade-

1918 1745 2058 1795 mus,
2094 1746 2331 1801 superno
2358 1733 2563 1786 auxilio
2592 1732 2856 1789 fruentes.

291 1814 355 1896 ε’.
399 1859 417 1891 ι
456 1814 745 1908 Μακάριος
792 1836 851 1900 δς
897 1832 1179 1908 πληρώσει
1243 1832 1342 1903 τὴν
1390 1828 1686 1900 ἐπιθυμίαν
1709 1829 1808 1881 αύ-

1989 1820 2153 1876 Vsns.
2180 1822 2235 1876 5.
2276 1840 2294 1873 ι
2347 1822 2544 1878 Beatus
2582 1825 2666 1879 vir
2718 1824 2812 1893 qui
2877 1825 3123 1895 implevit
3166 1828 3494 1885 desiderium

221 1932 314 1988 τοῦ
342 1933 390 1965 ⁷⁰
411 1931 471 1997 ἐξ
498 1930 700 1985 αὐτῶν.
736 1947 754 1980 ι
786 1925 1047 1981 Τουτέστι
1095 1924 1206 1977 τῶν
1229 1921 1527 1993 πολεμίων.
1550 1922 1622 1975 Οὐ
1652 1922 1812 1990 μόνον

223 2027 333 2098 γὰρ
362 2026 464 2095 ούχ
491 2020 859 2095 ἡττησόμεθα,
889 2018 1025 2073 ἀλλὰ
1056 2019 1151 2072 καὶ
1191 2033 1453 2089 περιγενη
1466 2014 1667 2085 σόμεθα
1699 2012 1815 2066 τού-

225 2135 355 2179 των,
391 2118 489 2171 καὶ
524 2116 756 2187 ζηλωτοὶ
789 2112 940 2185 παρὰ
973 2113 1140 2166 πᾶσιν
1169 2109 1426 2180 ἐσόμεθα.
1466 2125 1486 2160 ι
1518 2108 1591 2160 Οὐ
1617 2123 1811 2160 καται-

228 2209 647 2281 σχυνθήσονται,
681 2206 809 2260 ὅταν
855 2204 1060 2259 λαλῶσι
1089 2205 1203 2266 τοῖς
1234 2202 1449 2273 ἐχθροῖς
1482 2199 1647 2255 αὑτοῦ
1681 2199 1723 2230 ⁷⁸
1756 2202 1813 2253 ὲν

226 2303 446 2365 πύλαις.
487 2321 507 2355 ι
546 2300 861 2365 Τουτέστιν,
915 2299 1078 2371 ἡνίκα
1109 2297 1175 2352 ἂν
1219 2298 1325 2366 πρὸ
1355 2297 1462 2350 τῶν
1492 2295 1676 2349 πυλῶν
1703 2297 1813 2357 τοῖς

225 2394 382 2465 παρὰ
413 2392 527 2447 τῶν
562 2392 841 2463 πολεμίων
872 2390 1254 2461 πεμπομένοις
1284 2388 1548 2460 πρέσϐεσι
1574 2387 1813 2453 διαλεξό-

231 2485 373 2556 μεθα
398 2485 470 2540 ⁷³.
513 2484 686 2538 Τοῦτο
711 2484 768 2537 δὲ
799 2479 919 2537 εἷπε
952 2482 1094 2536 κατὰ
1125 2480 1188 2534 τὸ
1227 2480 1456 2533 παλαιὸν
1489 2478 1610 2543 ἔθος
1645 2494 1659 2509 ο
1691 2478 1814 2531 οὐδὲ

227 2578 336 2648 γὰρ
376 2578 622 2647 ἐδέχοντο
670 2575 804 2630 εἴσω
841 2574 954 2629 τῶν
1004 2573 1188 2627 πυλῶν
1250 2572 1377 2635 τοὺς
1425 2571 1812 2641 πεμπομένους

227 2668 511 2739 ¹πρέσϐεις,
555 2667 673 2721 ἀλλ’
701 2667 806 2734 ἔξω
836 2666 937 2730 τὰς
959 2665 1282 2735 ὑποκρίσεις
1306 2664 1352 2695 ⁷⁸
1384 2662 1684 2715 ἐποιοῦντο.
1715 2658 1812 2713 Διὰ

229 2761 453 2817 πάντων
482 2759 543 2811 δὲ
572 2759 674 2829 τῆς
702 2758 783 2821 εἰς
822 2756 954 2810 Θεὸν
981 2755 1195 2818 ἐλπίδος
1239 2755 1301 2808 τὸ
1349 2753 1561 2824 ἄμαχον
1586 2748 1809 2816 ἔδειξεν.

547 2871 852 2927 ·ΕΡΜΗΝ.
906 2871 1059 2923 ΡΚΖ¹
1104 2867 1429 2923 ΨΑΛΜΟΥ.

303 3005 326 3039 ί
380 2984 507 3057 ᾮδὴ
571 2984 681 3038 τῶν
727 2982 1086 3054 ἀναϐαθμῶν.
1126 3000 1144 3034 ι
1186 2982 1366 3035 Ὂσων
1395 2978 1653 3052 πρόξενον
1674 2979 1811 3047 ἀγα-

228 3078 339 3131 θῶν
373 3077 433 3130 τὺ
467 3074 786 3130 πεποιθέναι
818 3072 937 3144 Θεῷ
974 3072 1157 3138 δείξας
1194 3072 1252 3124 ὲν
1273 3071 1353 3140 τῷ
1385 3069 1813 3141 προτεταγμένῳ

1919 1927 2078 1967 suum
2111 1927 2175 1965 ex
2206 1911 2360 1980 ipsis,
2404 1932 2423 1963 ›
2455 1913 2559 1967 hoc
2589 1923 2693 1980 est,
2725 1915 2996 1971 hostibus.
3032 1916 3168 1971 Nam
3202 1933 3309 1972 non
3335 1921 3496 1974 modo

1919 2019 2027 2058 non
2056 2004 2372 2069 vincemur,
2402 2020 2591 2060 verum
2626 2007 2791 2060 etiam
2844 2007 2946 2062 hos
2986 2010 3404 2078 superabimus,
3443 2023 3497 2066 et

1921 2096 2107 2153 felices
2141 2097 2286 2168 apud
2314 2112 2506 2154 omnes
2542 2101 2772 2156 erimus.
2821 2119 2840 2152 ι
2879 2101 2996 2157 Νοη
3021 2104 3429 2161 confundentur
3448 2109 3492 2163 si

1919 2189 2218 2259 loquentur
2238 2204 2362 2243 cum
2392 2189 2630 2246 inimicis
2670 2191 2858 2246 suisin
2877 2193 3072 2262 portis.
3113 2214 3132 2246 ι
3166 2195 3433 2253 Videlicet
3452 2199 3497 2253 si

1919 2291 2046 2335 ante
2081 2289 2275 2350 portas
2305 2295 2428 2335 cum
2466 2281 2657 2351 legatis
2689 2281 2759 2335 ab
2789 2282 3041 2339 hostibus
3073 2286 3261 2341 missis
3285 2302 3497 2343 sermo-

1918 2387 2042 2426 nem
2099 2372 2479 2427 habuerimus.
2546 2370 2663 2427 lloc
2716 2387 2849 2427 vero
2905 2377 3206 2430 secundum
3261 2389 3496 2434 veterem

1919 2479 2129 2519 morem
2161 2463 2322 2517 dixit.
2353 2462 2471 2517 Non
2506 2465 2653 2518 enim
2692 2465 2831 2521 intra
2867 2476 3054 2536 portas
3077 2470 3274 2526 missos
3296 2471 3501 2541 legatos

1919 2556 2299 2619 admittebant,
2337 2556 2431 2610 sed
2467 2555 2604 2610 foris
2637 2560 3067 2627 respondebant.
3101 2561 3501 2635 Cmterumpcr

1919 2647 2107 2700 omnia
2136 2646 2397 2702 invictum
2418 2647 2588 2703 robur
2618 2650 2735 2718 spei
2765 2650 2819 2705 in
2841 2650 2950 2707 Deo
2975 2654 3253 2709 collocata:
3274 2656 3501 2712 demon-

1919 2738 2136 2793 stravit.

2264 2850 2537 2906 INTERP.
2584 2851 2839 2908 PSALMI
2892 2854 3154 2911 cxxvu.
3210 2842 3220 2861 "

1995 2983 2013 3017 ι
2073 2964 2360 3020 Canticum
2423 2966 2710 3035 graduum.
2760 2984 2779 3018 ι
2842 2965 2977 3020 Cum
3038 2966 3094 3020 in
3161 2967 3501 3036 praecedente

1918 3058 2134 3127 psalmo
2192 3056 2525 3112 ostendisset
2585 3066 2849 3127 quantum
2889 3058 3147 3113 conciliet
3192 3058 3321 3112 boni
3372 3075 3500 3128 spes

227 3168 452 3239 ψαλμῷ,
510 3165 750 3220 ἐνταῦθα
797 3164 1091 3237 μακαρίζει
1136 3162 1264 3224 τοὺς
1300 3161 1441 3232 μετὰ
1473 3162 1571 3230 τῆς
1601 3159 1811 3222 ἐλπίδος

1924 3150 1973 3204 in
2002 3146 2111 3202 Deo
2134 3147 2392 3201 collocata
2413 3188 2427 3207 ,
2458 3146 2546 3201 hic
2573 3147 2761 3201 beatos
2800 3163 2896 3203 eos
2919 3163 3040 3203 esse
3068 3148 3220 3215 dicit,
3249 3150 3344 3219 qui
3370 3165 3494 3204 cum

226 3262 318 3315 τὸν
373 3258 519 3313 θεῖον
569 3257 794 3328 ἔχοντας
845 3255 1031 3326 φόϐον,
1085 3252 1153 3308 δι’
1184 3252 1243 3305 ὃν
1282 3252 1377 3305 καὶ
1407 3252 1506 3322 τῆς
1552 3250 1755 3322 ἀρετῆς
1781 3253 1814 3321 ἡ

228 3354 427 3421 κτῆσις
450 3350 828 3422 προσγίνεται.
864 3347 1189 3415 Ἀναγκαῖον
1210 3344 1265 3397 δὲ
1287 3345 1397 3406 τοῖς
1418 3341 1493 3413 τῷ
1515 3341 1633 3412 Θεῷ
1656 3358 1818 3394 πεπι-

232 3443 521 3497 στευκόσιν
566 3443 600 3512 ἡ
635 3439 777 3495 κατὰ
826 3438 959 3493 Θεὸν
995 3436 1240 3491 πολιτεία
1267 3451 1283 3468 °
1321 3428 1475 3499 οὗτος
1508 3434 1616 3505 γὰρ
1660 3435 1818 3487 εὒσε-

234 3535 386 3599 ϐείας
418 3535 625 3598 τέλειος
650 3534 798 3606 ὄρος.

300 3707 372 3762 α’.
416 3726 435 3759 ι
457 3707 737 3777 Μακάριοι
772 3705 973 3766 πάντες
994 3704 1042 3755 oi
1069 3700 1396 3771 φοϐούμενοι
1420 3699 1512 3752 τὸν
1534 3700 1759 3771 Κύριον.
1794 3717 1812 3751 ι

234 3796 307 3850 Οὐ
342 3795 437 3847 τὸν
483 3797 549 3847 ἐκ
594 3793 788 3862 γένους
818 3791 1090 3863 Ἀϐραὰμ,
1121 3790 1243 3843 οὐδὲ
1273 3788 1365 3841 τὸν
1403 3789 1469 3840 ἐκ
1501 3787 1817 3858 σπέρματος

245 3888 484 3960 Ἰσραὴλ,
525 3890 554 3941 6
607 3885 947 3959 προφητικὸς
998 3881 1304 3952 ἐμακάρισε
1348 3880 1526 3948 λόγος,
1560 3879 1697 3933 ἀλλὰ
1727 3879 1817 3931 τὸν

232 3979 310 4049 τῷ
345 3978 481 4049 θείῳ
532 3976 681 4047 φόϐῳ
716 3976 1115 4045 κοσμούμενον.
1161 3971 1332 4025 Τοῦτο
1365 3972 1459 4024 καὶ
1487 3972 1516 4023 6
1547 3971 1818 4041 μακάριος

235 4071 443 4140 Πέτρος
505 4070 563 4122 ὲν
607 4071 728 4129 ταῖς
775 4066 1015 4136 Πράξεσι
1078 4062 1271 4131 λέγει’
1332 4080 1350 4113 ι
1401 4061 1519 4115 Ἐπ’
1557 4061 1816 4133 ἀληθείας

234 4161 751 4233 καταλαμϐάνομαι,
776 4161 857 4213 ὅτι
873 4159 975 4211 οὐκ
987 4157 1103 4209 ἔστι
1124 4154 1603 4226 προσωπολήπτης
1617 4154 1645 4204 6
1660 4152 1812 4217 Θεὸς,

235 4252 353 4307 ἀλλ’
384 4252 442 4305 ὲν
474 4251 641 4305 παντὶ
685 4249 827 4301 ἔθνει
861 4249 889 4301 6
943 4245 1278 4315 φοϐούμενος
1303 4243 1487 4309 αὑτὸν,
1520 4243 1613 4294 καὶ
1645 4243 1816 4309 ὲργα-

236 4342 464 4413 ζόμενος
513 4340 887 4408 δικαιοσύνην,
939 4335 1128 4399 δεκτὸς
1179 4335 1329 4406 αύτῷ
1373 4335 1540 4386 ἐστιν.
1578 4352 1597 4385 ι
1647 4331 1813 4384 ’Υπέ-

235 4434 380 4498 δειξε
411 4433 468 4486 δὲ
497 4435 526 4486 6
554 4431 888 4504 προφητικδς
914 4416 1074 4498 λόγος
1113 4428 1208 4483 καὶ
1241 4427 1331 4481 τοῦ
1360 4426 1507 4479 θείου
1533 4425 1699 4495 φόϐου
1723 4424 1813 4477 τὸν

1921 3256 2018 3311 spe
2067 3239 2314 3294 divinum
2356 3238 2560 3292 habent
2591 3239 2877 3303 timorem,
2928 3255 3022 3308 per
3070 3256 3231 3310 quem
3280 3242 3499 3295 virtutis

1922 3332 2201 3403 possessio
2223 3331 2551 3399 acquiritur.
2581 3328 2900 3385 Necessaria
2925 3332 3125 3401 quippe
3151 3344 3235 3388 est
3284 3334 3373 3389 his
3398 3338 3491 3405 qui

1919 3421 2030 3475 Deo
2076 3422 2467 3485 crediderunt,
2515 3420 2628 3475 vita
2670 3423 2969 3476 secundum
3019 3423 3113 3476 Dei
3165 3427 3497 3480 voluntatem

1924 3511 2142 3584 1498
2188 3511 2512 3580 composita:
2551 3512 2994 3581 quandoquidem
3034 3515 3267 3570 biclinis
3286 3517 3501 3587 pietatis

1920 3604 2194 3673 perfectus
2223 3611 2325 3657 est.

1991 3692 2156 3747 Vens.
2239 3693 2292 3745 l.
2385 3711 2403 3743 ‹
2460 3690 2607 3748 Beati
2658 3709 2850 3749 omnes
2911 3695 3002 3764 qui
3074 3697 3264 3751 timent
3310 3697 3496 3752 Domi-

1920 3800 2071 3838 num.
2114 3804 2131 3835 ι
2194 3782 2312 3837 Non
2348 3801 2472 3841 eum
2494 3787 2586 3857 qui
2610 3801 2675 3840 ex
2705 3786 3020 3841 Abrahamo
3079 3805 3251 3858 genus
3308 3791 3495 3853 trahit,

1918 3886 2013 3929 aut
2090 3892 2154 3930 ex
2202 3874 2418 3930 lsraelis
2511 3876 2767 3941 semine,
2839 3878 3058 3934 beatum
3123 3896 3245 3936 esse
3294 3886 3493 3938 asserit

1918 3981 2100 4022 sermo
2158 3966 2553 4035 propheticus,
2605 3967 2697 4021 sed
2729 3983 2851 4021 eum
2901 3971 2995 4039 qui
3061 3971 3249 4025 divino
3300 3973 3497 4027 timore

1917 4066 2000 4111 est
2043 4057 2353 4111 decoratus.
2406 4054 2522 4110 Hoc
2567 4065 2620 4109 et
2671 4057 2864 4112 beatus
2917 4059 3112 4113 Petrus
3164 4062 3217 4114 in
3270 4061 3496 4117 Actibus

1917 4150 2034 4203 ait:
2075 4168 2092 4200 ι
2132 4148 2186 4202 ln
2220 4149 2452 4203 veritate
2480 4149 2748 4218 comperi,
2800 4165 3063 4218 personas
3097 4166 3205 4205 non
3246 4153 3495 4223 accipere

1916 4241 2112 4308 Deum,
2140 4242 2233 4296 sed
2265 4242 2318 4295 in
2351 4241 2501 4295 omni
2541 4251 2732 4310 gente,
2771 4244 2861 4311 qui
2893 4243 3048 4297 timet
3086 4259 3234 4308 eum,
3270 4257 3323 4299 et
3358 4260 3493 4315 cpe-

1921 4342 2075 4388 ratur
2134 4334 2427 4403 justitiam,
2470 4343 2750 4403 acceptum
2785 4350 2907 4391 esse
2951 4337 3027 4391 illi
3080 4337 3123 4393 τ.
3183 4358 3201 4390 ι
3248 4338 3495 4396 Ostendit

1922 4442 2089 4497 porro
2117 4427 2473 4497 propheticus
2503 4442 2686 4482 sermo
2713 4428 2881 4482 divini
2922 4431 3083 4484 etiam
3126 4430 3338 4486 timoris
3361 4433 3495 4487 cha-

238 4525 590 4596 χαρακτῆρα.
642 4524 925 4593 Ἐπήγαγε
968 4522 1120 4591 γάρ·
1170 4540 1189 4572 ι
1252 4520 1316 4573 Oi
1349 4518 1706 4589 πορευόμενοι
1757 4518 1811 4570 ὲν

1926 4530 2218 4575 racterem.
2268 4520 2465 4575 Subdit
2507 4520 2693 4575 enim:
2748 4540 2765 4572 ι
2810 4520 2916 4587 Qui
2969 4521 3253 4576 ambulant
3292 4524 3346 4576 in
3388 4525 3493 4577 viis

235 4618 357 4678 ταῖς
386 4615 527 4679 ὁδοῖς
565 4614 752 4668 αὐτοῦ.
788 4632 806 4665 ι
843 4613 916 4667 Οὐ
945 4614 1054 4675 πᾶς
1084 4612 1193 4682 γὰρ
1218 4612 1245 4663 6
1274 4609 1449 4677 λέγων
1481 4626 1593 4677 μοι,
1623 4607 1816 4678 Κύριε,

238 4708 439 4780 Κύριε,
471 4707 846 4761 εἰσελεύσεται
867 4708 948 4769 εἰς
974 4705 1073 4775 τὴν
1100 4701 1377 4774 βασιλείαν
1398 4700 1509 4753 τῶν
1534 4700 1779 4770 οὐρανῶν
1801 4714 1814 4728 ⁸

240 4803 360 4856 ἀλλ’
390 4803 420 4854 6
439 4801 612 4857 ποιῶν
630 4801 692 4854 τὸ
721 4800 933 4872 θέλημα
950 4797 1044 4853 τοῦ
1082 4795 1293 4867 Πατρός
1324 4812 1427 4864 μου
1451 4793 1547 4847 τοῦ
1570 4795 1628 4846 ὲν
1654 4793 1818 4863 οὐρα-

239 4898 376 4956 νοῖς.
420 4912 438 4944 ι
482 4893 648 4946 ἰδιον
696 4892 879 4945 τοίνυν
925 4890 1033 4943 τῶν
1081 4886 1430 4957 φοϐουμένων
1468 4886 1558 4938 τὸν
1590 4884 1814 4955 Κύριον,

240 4986 303 5039 τὺ
354 4984 431 5055 μὴ
492 4984 699 5054 βαίνειν
733 4982 838 5048 ἔξω
862 4981 972 5035 τῶν
1010 4980 1169 5034 θείων
1196 4976 1357 5041 ὁδῶν,
1391 4975 1507 5029 ἀλλ’
1540 4978 1596 5029 ὲν
1628 4976 1819 5038 αὐταῖς

243 5076 517 5130 ποιεῖσθαι
549 5075 648 5146 τὴν
673 5075 899 5145 πορείαν
932 5073 1214 5142 διηνεκῶς.

330 5191 349 5229 ί
388 5194 509 5245 Act.
534 5206 590 5255 χ,
621 5191 711 5255 54,
743 5189 833 5244 '55.
909 5190 938 5228 8
966 5187 1154 5242 Matth.
1183 5202 1280 5254 vn,
1312 5186 1403 5240 21.

1927 4614 2071 4683 ejus.
2110 4631 2129 4663 ι
2162 4609 2281 4665 Non
2306 4612 2451 4665 enim
2491 4612 2669 4667 omnis
2720 4612 2815 4682 qui
2847 4613 2981 4668 dicit
3025 4614 3184 4678 mihi,
3232 4614 3491 4681 Domine,

1926 4704 2183 4769 Domine,
2214 4704 2441 4759 intrabit
2469 4704 2524 4758 in
2549 4720 2775 4775 regnum
2804 4707 3089 4771 cmlorum,
3128 4707 3220 4761 sed
3236 4708 3329 4776 qui
3363 4706 3494 4762 facit

1922 4796 2269 4850 voluntatem
2305 4796 2487 4852 Patris
2521 4796 2659 4863 mei,
2696 4797 2789 4867 qui
2829 4797 2883 4851 in
2920 4799 3077 4853 caelis
3107 4807 3192 4853 est
3224 4801 3270 4852 ε.
3305 4818 3325 4850 ›
3362 4798 3494 4853 Pro-

1923 4888 2107 4956 prium
2143 4887 2309 4957 igitur
2331 4897 2414 4944 est
2440 4903 2630 4944 eorum
2681 4890 2775 4960 qui
2798 4888 2968 4944 Deum
2997 4891 3210 4955 timent,
3243 4907 3273 4946 a
3295 4891 3494 4947 divinis

1928 4979 2032 5033 viis
2064 4979 2493 5051 haudquaquam
2525 4980 2835 5045 deflectere,
2866 4980 2962 5037 sed
2994 4981 3048 5036 in
3079 4981 3212 5052 ipsis
3237 4981 3495 5037 continue

1921 5071 2026 5126 iter
2055 5071 2256 5127 facere.

1346 5323 1585 5379 VARle
1620 5321 2001 5379 LECTIONES
2032 5322 2120 5378 ΕΤ
2160 5325 2391 5383 ΝΟΤΔΕ.

306 5438 352 5467 ⁸³
394 5439 574 5509 Ἔφη.
603 5439 674 5492 ib.
694 5436 867 5492 εἶπεν.
901 5507 909 5509 Α
946 5438 991 5470 ⁸³
1009 5435 1762 5509 Τουτέστίιν-έδεδώρηταιξ
1788 5434 1811 5488 Ῑ

1924 5435 2236 5509 {Athanasio
2256 5439 2490 5509 ascripta
2520 5449 2645 5495 sunt
2673 5455 2702 5493 a
2722 5439 2885 5494 (ἔοι-ά.
2900 5438 2937 5492 1.
2953 5456 3004 5494 c.
3028 5454 3079 5509 p.
3109 5439 3234 5497 578.
3311 5438 3357 5471 “
3374 5440 3502 5493 Τῶν

237 5522 422 5579 ταῖςιν.
467 5508 630 5562 llebr.
643 5507 1102 5579 juventuugeod.
1135 5508 1167 5579 Vl
1194 5507 1357 5560 habet
1375 5506 1811 5579 Δὲκυτετιναςγμένιι

1930 5506 2013 5579 Ad
2125 5507 2168 5579 Ι.Δ
2195 5508 2339 5579 conf.
2359 5505 2755 5579 Hieromepist.
2788 5513 2853 5563 ad
2880 5505 3210 5565 Marcellam.
3289 5510 3335 5544 ⁸⁸
3378 5511 3495 5576 Ὧς.

240 5578 364 5661 ειμι.
399 5576 424 5629 1
460 5574 653 5661 ωηιξηὲ
680 5576 872 5661 οὕτως.
905 5578 998 5661 ﬂ"
1017 5576 1109 5661 Aé:
1136 5574 1811 5661 ib..sequ‘itur‘3h1.6tévoti

1928 5645 1950 5661 ι
1969 5575 2013 5606 ’τ
2030 5576 2116 5661 _'0
2156 5576 2557 5661 Ἀκύξαςιςίὶς
2575 5574 2878 5661 auteurprp
2905 5581 3153 5661 νεότητος
3179 5574 3498 5661 [La-better:-

241 5642 571 5716 6iwv,iteiste
595 5646 785 5700 Muntf.
822 5647 876 5699 in
905 5645 1130 5716 Hexapl.
1166 5646 1247 5716 ad,
1270 5642 1327 5699 h.
1364 5645 1404 5699 l.
1483 5642 1654 5716 ⁸⁸4⁷Τῴ
1688 5643 1809 5708 Θεῷ

1928 5645 2048 5716 best
2086 5662 2115 5699 ει
2141 5648 2264 5700 cod.
2309 5649 2358 5700 1.
2392 5642 2403 5644 ⁷
2438 5650 2482 5680 ⁶⁹
2520 5650 2591 5702 ib.
2642 5642 3028 5713 ἀπολαύοντες.

3103 5650 3148 5681 ⁷ο
3182 5648 3306 5716 Τὴν
3333 5651 3494 5704 tat/0.

241 5715 453 5769 αὐτοῦ.
485 5715 649 5770 llebr.
686 5716 1000 5769 Pharetram
1026 5712 1201 5769 sitam.
1234 5715 1310 5769 Ila
1342 5718 1488 5785 Aqu.
1519 5712 1727 5785 Symm.
1769 5725 1811 5785 et

1924 5715 2071 5769 aeod.
2148 5716 2433 5772 ⁷¹Αὐτοῦ.
2492 5719 2719 5773 Praestat
2769 5719 2929 5773 lectio
2982 5712 3091 5773 rec.
3126 5712 3328 5783 αὐτῶν,
3369 5720 3496 5773 Ald.

243 5791 427 5840 autem
449 5796 503 5842 et
533 5785 745 5841 Comol.
782 5785 986 5843 habent
1006 5784 1196 5842 αὑτοῦ.
1270 5785 1315 5818 ⁷³
1346 5782 1470 5841 cod.
1513 5782 1811 5853 Γδιαλεγόε.

1924 5803 1950 5838 ι.
2027 5786 2073 5816 ⁷³
2110 5785 2185 5843 ib.
2220 5787 2560 5859 ἀποκρίσεις.
2595 5789 2665 5844 Ita
2693 5804 2908 5859 quoque
2940 5789 3101 5845 Cord.
3137 5788 3171 5843 Ι.
3208 5805 3256 5846 c.
3368 5791 3490 5846 579.
