3996 6492
494 351 632 418 1895

1456 321 1954 408 THEODORETI
2012 342 2358 404 EPISCOPI
2422 343 2792 403 CYRENSIS

3632 337 3768 403 1896

569 466 728 518 Vens.
770 463 825 516 9..
871 481 889 514 ι
935 462 1176 516 Labores
1215 476 1477 514 manuum
1515 472 1731 515 tuarum
1781 461 2079 514 manduca-

2255 457 2320 526 β’.
2385 474 2404 507 ι
2441 455 2582 519 Τοὺς
2636 455 2833 517 πόνους
2873 453 2984 507 τῶν
3027 454 3255 525 καρπῶν
3297 471 3391 507 σου
3434 453 3702 522 φάγεσαι.
3743 473 3760 503 ι

493 559 598 613 bis.
653 577 672 608 ι
723 559 741 577 ⁶
781 556 1192 628 Symmachus:
1250 553 1508 608 Laborem
1572 570 1824 608 manuum
1865 563 2081 605 tuarum

493 651 866 704 manducone:
897 657 957 702 ut
985 649 1172 718 itaque
1213 656 1460 716 apertum
1495 647 1598 711 sit,
1640 647 1802 700 etiam
1849 644 2081 713 Septua-

495 744 646 813 ginta
670 743 1004 811 interpretes
1029 740 1278 812 καρποὺς
1311 754 1419 793 non
1451 738 1734 792 fructuum
1771 737 2084 806 perceptio-

496 851 624 888 nem
661 849 920 897 vocasse,
965 834 1058 888 sed
1101 846 1363 884 manuum
1410 838 1643 898 partem.
1699 827 1840 882 Dicit
1901 837 2082 882 autem

498 927 616 980 fore
641 937 700 979 ut
729 926 1000 980 bonorum
1068 939 1189 992 qua:
1223 937 1250 975 a
1295 932 1347 976 te
1391 920 1657 976 seminata
1689 929 1838 981 sunt,
1873 917 2082 974 fructus

499 1019 786 1086 decerpas.
844 1017 958 1070 Hoc
1001 1015 1165 1069 etiam
1210 1014 1404 1067 beatus
1437 1013 1512 1065 ait
1545 1011 1876 1080 Apostolus:
1917 1028 1935 1060 ι
1975 1007 2081 1075 Qui

502 1123 664 1176 parce
698 1106 959 1167 seminat,
988 1119 1152 1173 parce
1186 1117 1406 1172 quoque
1430 1110 1616 1166 metet,
1649 1109 1703 1154 et
1729 1101 1821 1170 qui
1851 1101 2086 1154 seminat

504 1201 560 1254 in
621 1197 1126 1258 benedictionibus,
1194 1196 1247 1249 in
1320 1193 1795 1249 benedictionibus
1865 1204 2086 1261 quoque

506 1300 672 1346 metet
700 1292 750 1345 ιι.
788 1309 807 1342 ι
840 1318 913 1329 -
939 1307 956 1340 ι
997 1289 1199 1342 Beatus
1242 1302 1322 1351 es,
1375 1294 1430 1340 et
1462 1285 1601 1339 bene
1630 1285 1723 1338 tibi
1752 1283 1876 1338 erit.
1904 1303 1922 1335 ι
1967 1281 2086 1337 Νοη

506 1383 652 1436 enim
678 1382 845 1435 verbo
877 1380 998 1435 solo
1028 1378 1158 1434 felix
1196 1386 1252 1432 et
1289 1377 1520 1432 illustris
1549 1375 1692 1440 eris,
1734 1375 1829 1429 sed
1871 1390 1930 1430 re
1968 1374 2086 1443 ipsa

506 1473 819 1528 felicitatem
854 1471 1101 1524 habebis.

579 1563 749 1618 Vens.
779 1565 832 1617 5.
871 1583 889 1613 ι
923 1563 1074 1618 Uxor
1095 1571 1188 1614 tua
1220 1560 1362 1614 sicut
1391 1559 1517 1614 vitis
1548 1556 1836 1612 abundans
1859 1556 1912 1610 in
1949 1556 2086 1610 late-

510 1655 664 1708 ribus
713 1652 910 1706 domus
943 1659 1066 1704 tuaz.
1095 1667 1113 1700 ι
1159 1647 1429 1713 Quoniam
1478 1646 1571 1699 illa
1612 1651 1935 1712 tempestate
1974 1641 2089 1695 haec

512 1745 748 1799 felicitas
795 1742 1162 1804 censebatur,
1217 1739 1509 1808 pollicetur
1561 1737 1696 1806 ipsis
1731 1735 2088 1805 propheticus

513 1849 698 1892 sermo
729 1834 893 1888 etiam
936 1845 1164 1885 uxorum
1204 1807 1419 1900 1499
1447 1825 1868 1891 fecunditatem,
1914 1834 1972 1878 ut
1993 1824 2088 1879 ﬂo-
2119 1807 2163 1863 Β

517 1927 764 1981 rentibus
792 1924 990 1978 vitibus
1031 1929 1086 1976 et
1114 1919 1286 1975 botris
1317 1919 1533 1973 onustis
1565 1918 1764 1972 futura:
1791 1918 1900 1972 sint
1931 1916 2086 1972 simi-

518 2021 615 2072 les.
656 2036 674 2068 ι
710 2016 831 2070 Filii
875 2015 953 2069 tui
998 2015 1141 2068 sicut
1181 2013 1410 2067 novellae
1451 2011 1724 2065 olivarum
1758 2011 1810 2064 in
1853 2010 2090 2064 circuitu

520 2124 719 2163 mensa:
752 2115 877 2161 tuae.
919 2125 937 2158 ι
975 2105 1151 2159 Etiam
1179 2106 1230 2158 in
1254 2103 1715 2174 quinquagesimo
1736 2103 1912 2172 primo
1948 2102 2093 2171 psal-

521 2213 610 2252 mu
636 2198 843 2267 justum
869 2195 1025 2250 olivae
1064 2195 1400 2264 comparavit
1430 2212 1443 2248 :
1489 2212 1508 2244 ι
1548 2194 1662 2264 Ego
1689 2193 1864 2256 enim,
1890 2192 2090 2262 inquit,

520 2290 661 2344 sicut
683 2289 822 2343 oliva
853 2286 1205 2341 fructiferain
1233 2287 1396 2340 domo
1422 2285 1517 2339 Dei
1546 2283 1588 2339 ί.
1630 2305 1648 2337 ι
1680 2283 1745 2339 Ει
1781 2285 1866 2338 hic
1899 2285 2096 2338 timen-

522 2381 594 2436 tis
637 2380 921 2434 Dominum
956 2379 1100 2433 ﬁlios
1141 2379 1372 2432 novellis
1414 2378 1616 2448 plantis
1663 2375 1929 2430 olivarum
1956 2376 2096 2431 assi-

524 2475 754 2539 milavit,
803 2484 1060 2542 tanquam
1102 2472 1321 2542 pietatis
1365 2469 1738 2537 irrigationem
1765 2510 1778 2533 ,
1818 2468 2099 2536 tempesti-

525 2582 760 2636 vumque
784 2565 1017 2620 fructum
1043 2563 1301 2627 ferentes,
1318 2572 1371 2616 et
1389 2562 1576 2616 folium
1601 2559 1825 2615 minime
1841 2559 2100 2629 abiicien-

527 2667 628 2724 tes,
648 2657 951 2712 secundum
988 2655 1287 2726 imaginem
1317 2653 1420 2708 viri
1445 2653 1538 2724 qui
1576 2653 1635 2708 in
1678 2651 1890 2722 psalmo
1921 2651 2099 2722 primo

527 2748 722 2802 beatus
745 2742 970 2801 dicitur.

600 2837 769 2893 Vens.
793 2839 848 2893 4.
893 2858 911 2890 ι
940 2837 1078 2893 Ecce
1110 2836 1192 2892 sic
1228 2837 1581 2892 benedicetur
1618 2836 1784 2892 homo
1827 2833 1918 2904 qui
1952 2832 2105 2888 timet

527 2930 844 2984 Dominum.
889 2949 907 2980 ι
953 2927 1088 2982 Nam
1116 2944 1332 2982 morum
1370 2938 1423 2982 et
1464 2943 1573 2981 non
1611 2927 1823 2997 generis
1857 2925 1998 2979 Deus
2021 2933 2106 2979 est

522 3019 823 3088 judex.Sic
879 3021 1041 3074 etiam
1084 3017 1281 3074 Jobum
1320 3034 1384 3072 ex
1428 3017 1568 3072 Esau
1605 3033 1777 3088 genus
1819 3018 2106 3072 ducentem

529 3112 752 3168 corOnis
803 3113 1059 3181 dignatus
1095 3121 1207 3178 est;
1253 3111 1332 3166 sic
1365 3111 1532 3164 etiam
1577 3110 1992 3164 Ahimeleclmm
2031 3108 2098 3163 ad

529 3204 813 3278 veritatem
841 3204 1099 3270 deduxit;
1135 3205 1213 3259 sic
1262 3203 1608 3268 eunuchum,
1653 3202 1736 3258 sic
1770 3196 2103 3270 Cornelium,

531 3297 611 3352 sic
629 3312 819 3350 omnes
845 3303 1051 3364 gentes.

603 3385 770 3442 Vens.
828 3371 880 3440 ὅ.
931 3403 948 3437 ι
991 3385 1282 3441 Benedicat
1329 3387 1426 3441 tibi
1483 3387 1752 3442 Dominus
1785 3403 1814 3441 ο
1864 3387 2050 3443 Sione.
2087 3407 2104 3439 ι

536 3474 848 3529 Secundum
876 3476 1195 3544 Opinionem
1257 3493 1377 3544 qua:
1403 3485 1536 3532 tunc
1562 3480 1930 3543 increhuerat,
1955 3481 2111 3533 Iocu-

536 3578 625 3619 tus
675 3577 776 3620 est.
820 3565 897 3618 Ibi
931 3567 1077 3621 enim
1115 3568 1258 3622 Deus
1303 3567 1551 3622 habitare
1583 3569 1935 3623 censebatur.
1984 3586 2003 3620 ι
2046 3567 2114 3622 Ει

535 3657 724 3711 videas
767 3657 985 3722 hona,o
1029 3657 1429 3730 Hierosolyma,
1454 3660 1710 3715 omnibus
1758 3661 1952 3715 diebus
1990 3661 2114 3715 vitae

537 3757 664 3801 tum.
695 3765 712 3798 ι
748 3746 861 3800 hoc
883 3748 1026 3801 enim
1061 3748 1244 3802 videre
1277 3749 1542 3804 sitiebant
1578 3751 1614 3804 ii
1653 3752 1745 3821 qui
1780 3767 1809 3805 e
1835 3749 2114 3822 Babylone

539 3841 773 3909 regressi
820 3839 1068 3903 fuerant,
1109 3837 1746 3918 civitatis’solitudiuem
1802 3852 2111 3899 cernentes.

609 3929 775 3985 Vens.
823 3932 878 3986 6.
935 3949 953 3982 ι
1010 3930 1076 3984 Ει
1117 3931 1305 3987 videas
1349 3933 1492 3988 tilios
1541 3934 1780 3988 ﬁliorum
1816 3943 2058 3989 tuorum.
2091 3954 2110 3990 ι

539 4021 731 4092 Magna
765 4023 935 4093 gratia
965 4023 1392 4079 existimabatur
1419 4026 1484 4078 ad
1515 4035 1812 4080 extremam
1836 4029 2118 4097 pervenire

543 4122 902 4178 senectutem,
927 4114 1179 4184 liliosque
1211 4115 1448 4169 ﬁliorum
1487 4116 1697 4172 videre.
1729 4118 1919 4188 Itaque
1955 4120 2121 4174 bene-

543 4204 812 4258 dictiones
833 4205 976 4258 illius
997 4205 1262 4274 temporis
1298 4206 1652 4275 Opinionibus
1679 4209 2118 4264 accommodatas

543 4296 810 4365 assignat.
864 4296 1140 4351 Bonorum
1177 4313 1308 4352 vero
1360 4299 1759 4367 possessionem
1799 4301 2024 4355 minime
2063 4301 2118 4355 in

547 4387 632 4442 his
655 4387 816 4440 bonis
841 4388 1148 4442 consistere
1165 4388 1358 4442 beatus
1387 4387 1556 4444 Isaias
1579 4391 1796 4445 docuit:
1824 4411 1842 4444 ι
1873 4390 1948 4447 Ne
1975 4393 2122 4448 dicat

547 4480 833 4534 eunuchus
864 4497 877 4532 :
909 4480 1020 4549 Ego
1045 4496 1166 4535 sum
1202 4482 1407 4552 lignum
1436 4483 1672 4548 aridum,
1705 4485 1965 4552 quoniam
2006 4486 2122 4542 haec

548 4573 679 4627 dicit
706 4572 968 4628 Dominus
997 4590 1009 4627 :
1034 4572 1317 4629 Eunuchis
1342 4576 1359 4596 "
1408 4575 1846 4632 custodientthus
1884 4578 2121 4634 Sabbata

549 4679 692 4730 mea,
711 4674 764 4720 et
785 4666 1111 4734 eligentibus
1135 4682 1257 4736 qua:
1278 4681 1377 4735 ego
1395 4667 1538 4732 volo,
1565 4668 1706 4723 dabo
1731 4670 1862 4738 ipsis
1881 4672 1933 4723 in
1958 4671 2124 4728 domo

551 4770 672 4809 mea
710 4764 764 4810 et
809 4757 865 4810 in
907 4758 1114 4826 pariete
1153 4773 1276 4812 meo
1315 4758 1494 4812 locum
1537 4760 1776 4826 clarum,
1823 4773 1877 4816 et
1923 4778 2124 4818 nomen

551 4846 754 4900 bonum
780 4889 793 4911 ,
836 4849 1186 4916 praestantius
1233 4847 1447 4919 1500
1478 4849 1603 4908 [iliis
1641 4861 1697 4906 et
1745 4853 2124 4911 ﬁliabu51.i—

556 4956 576 4986 ι
616 4937 726 4992 Pax
763 4954 927 5009 super
957 4940 1147 4995 Israel.
1191 4958 1208 4990 ι
1245 4940 1462 4998 Rursus
1502 4945 1686 5000 lsraeli
1721 4961 1905 5016 pacem
1935 4964 2124 5016 preca-

556 5039 682 5084 tur:
713 5045 840 5085 vera
875 5042 1055 5086 autem
1098 5049 1237 5104 pax,
1275 5051 1379 5104 pax
1412 5043 1495 5089 est
1535 5053 1657 5091 cum
1706 5037 1850 5093 Deo:
1889 5042 2126 5097 carnalis

555 5136 684 5175 vero
713 5122 897 5187 Israel,
924 5140 1044 5178 cum
1073 5141 1135 5180 ex
1174 5125 1266 5180 illa
1303 5127 1616 5195 excidisset,
1644 5132 1804 5184 etiam
1829 5132 1933 5185 alia
1964 5133 2128 5187 orba-

556 5224 645 5266 ltlS
669 5225 770 5268 851..

628 5368 654 5405 h
687 5367 728 5418 Il
766 5368 892 5422 Cor.
922 5385 992 5432 Ix,
1029 5370 1079 5426 6.
1167 5375 1178 5411 ί
1219 5371 1360 5428 Psal.
1388 5391 1463 5438 LI,
1494 5374 1545 5429 8.
1626 5373 1638 5424 ἱ
1679 5375 1782 5430 Isa.
1824 5393 1931 5440 LVI,
1964 5378 2018 5442 ’5,
2050 5378 2104 5433 5.

2195 550 2253 603 νο
2283 549 2330 581 τι
2358 549 2417 602 δὲ
2451 548 2774 618 Σύμμαχος,
2792 545 2998 600 Κόπτον
3020 544 3237 615 χειρῶν
3259 560 3377 600 σου
3395 547 3623 600 ἐσθίων
3646 561 3662 575 ⁸
3693 544 3766 608 ὡς

2183 639 2324 696 εἶναι
2373 640 2555 712 δῆλον,
2611 641 2694 693 ὅτι
2727 638 2821 692 κοιλ⁵
2873 639 2923 692 οἱ
2963 637 3368 708 Ἐϐὃορήκοντα
3410 637 3684 705 καρποὺς
3710 637 3768 689 οὐ

2185 735 2284 806 τὴν
2299 734 2640 806 ἐπικαρπίαν
2663 733 2955 798 ἐκάλεσαν,
2970 731 3106 786 ἀλλὰ
3121 732 3181 784 τὸ
3205 733 3395 804 μόριον
3411 733 3520 784 τῶν
3543 729 3767 801 χειρῶν.

2185 816 2349 897 Ᾱέγει
2400 828 2476 892 δέ,
2516 828 2598 880 ὅτι
2628 825 2751 878 Τῶν
2801 824 2909 878 ὑπὸ
2954 824 3047 878 σοῦ
3109 823 3488 894 σπειρομένων
3544 817 3772 889 ἀγαθῶν

2184 923 2313 985 τοὺς
2346 921 2594 992 καρποὺς
2622 919 2938 990 τρυγήσεις.
2969 917 3140 971 Τοῦτο
3169 917 3226 971 δὲ
3253 917 3347 970 καὶ
3373 917 3402 969 6
3432 915 3581 978 θεῖος
3606 914 3774 967 Ἀπό-

2189 1014 2374 1077 στολος
2402 1013 2530 1083 ἐφη,
2551 1031 2568 1064 ι
2592 1014 2649 1065 '0
2670 1012 2912 1082 σπείρων
2937 1010 3295 1078 φειδομένως,
3316 1008 3659 1078 φειδομένως
3677 1009 3774 1061 καὶ

2186 1105 2393 1178 Θερίσει
2420 1121 2433 1135 ·
2469 1105 2564 1158 καὶ
2593 1107 2621 1156 ό
2659 1102 2898 1173 σπείρων
2943 1101 3031 1155 ἐπ’
3055 1102 3350 1169 εὐλογίαις,
3378 1101 3463 1154 ἐπ’
3489 1099 3772 1166 εὐλογίαις

2187 1199 2281 1252 καί⁵
2312 1195 2538 1267 θερίσει.
2578 1213 2597 1245 ι
2629 1225 2698 1234 -
2725 1212 2742 1244 ι
2783 1193 3074 1261 Μακάριος
3093 1189 3142 1244 εί
3171 1193 3235 1244 σὺ
3253 1192 3320 1254 ⁷⁵,
3350 1190 3445 1244 καὶ
3476 1189 3663 1252 καλῶς
3691 1206 3772 1241 σοι

2187 1289 2360 1343 ἔσται.
2402 1306 2422 1339 ι
2467 1287 2543 1338 Οὐ
2590 1285 2698 1354 γὰρ
2725 1285 2870 1354 λόγῳ
2911 1284 3057 1355 μόνῳ
3085 1283 3184 1355 ἐσῃ
3212 1281 3454 1351 ζηλωτὸς
3477 1282 3572 1334 καὶ
3611 1281 3774 1351 περί-

2187 1382 2418 1445 ϐλεπτος
2445 1396 2460 1411 °
2488 1379 2621 1434 ἀλλὰ
2655 1380 2749 1433 καὶ
2783 1377 2929 1448 ἔργῳ
2951 1378 3092 1444 ἐξεις
3115 1377 3213 1447 τὴν
3237 1375 3555 1446 εὐκληρίαν.

2257 1559 2309 1630 γ’
2315 1556 2354 1614 .’
2389 1578 2409 1613 ι
2457 1557 2520 1612 Ἤ
2546 1557 2682 1629 γυνή
2721 1574 2842 1622 σου,
2863 1555 2939 1620 ὡς
2967 1554 3214 1627 ἄμπελος
3239 1554 3547 1626 εὐθηνοῦσα
3573 1554 3634 1607 ἐν
3662 1557 3775 1617 τοῖς

2189 1653 2396 1707 κλίτεσι
2439 1654 2544 1722 τῆς
2589 1649 2765 1715 οἰκίας
2817 1667 2933 1704 σου.
2972 1669 2990 1702 ι
3039 1647 3258 1720 Ἐπειδὴ
3287 1647 3408 1701 κατ’
3443 1649 3660 1700 ἐκεῖνον
3685 1647 3778 1698 τὸν

2190 1745 2383 1814 καιρὸν
2419 1743 2625 1813 ταύτην
2657 1742 2958 1813 εὐπραξίαν
2990 1741 3268 1812 ἐνόμιζον,
3297 1742 3648 1810 ὑπισχνεῖται
3678 1740 3776 1791 αὐο

2188 1839 2301 1901 τοῖς
2332 1839 2360 1890 6
2403 1835 2560 1904 λόγος
2607 1833 3004 1902 καὶγυναικῶν
3053 1815 3380 1904 εὐκαρπίαν,
3416 1831 3560 1884 ὥστε
3597 1830 3780 1901 ἀμπέ-

2189 1927 2302 1990 λοις
2353 1923 2800 1996 παραϐάλλεσθαι
2824 1923 3160 1994 τεθηλυίαις,
3189 1922 3283 1976 καὶ
3316 1921 3640 1993 βριθούσαις
3666 1923 3779 1983 τοῖς

2194 2021 2468 2092 βότρυσιν.
2517 2037 2536 2070 ‹
2581 2017 2644 2070 Οί
2673 2016 2777 2070 υἱοί
2814 2033 2928 2080 σου,
2963 2016 3039 2078 ὡς
3077 2016 3310 2083 νεόφυτα
3336 2014 3560 2077 ἐλαιῶν,
3593 2013 3778 2082 κύκλῳ

2193 2112 2290 2180 τῆς
2309 2109 2586 2180 τραπέζης
2609 2124 2722 2160 σου.
2753 2126 2771 2158 ι
2797 2109 2902 2160 Kal
2929 2108 2985 2159 ἐν
2999 2107 3075 2177 τῷ
3099 2104 3448 2175 πεντηκοστῷ
3465 2104 3561 2157 καὶ
3581 2102 3780 2174 πρώτῳ

2194 2199 2396 2270 ψαλμῷ
2438 2199 2530 2252 τὸν
2580 2199 2787 2250 δίκαιον
2817 2197 2971 2267 ἐλαίᾳ
3001 2195 3312 2267 παρέϐαλεν
3338 2211 3350 2225 ο
3401 2213 3420 2246 ι
3471 2193 3619 2260 Ἐγὼ
3648 2193 3779 2262 γὰρ,

2197 2287 2324 2357 ἔφη,
2343 2288 2474 2341 ὡσεὶ
2499 2286 2653 2340 ἐλαία
2688 2285 3044 2358 κατάκαρπος
3073 2288 3131 2340 ἐν
3159 2285 3237 2356 τῷ
3273 2287 3408 2355 οίκῳ
3441 2284 3538 2338 τοῦ
3562 2284 3722 2338 Θεοῦ.
3758 2302 3775 2334 ι

2197 2381 2310 2435 Καὶ
2345 2378 2578 2432 ἐνταῦθα
2611 2377 2705 2432 τοῦ
2752 2379 3089 2448 φοϐουμένου
3129 2377 3220 2430 τὸν
3251 2377 3460 2448 Κύριον
3488 2377 3621 2440 τοὺς
3656 2378 3784 2430 παῖ-

2199 2471 2294 2534 δας
2321 2470 2601 2538 νεοφύτοις
2642 2469 2837 2523 ἐλαιῶν
2878 2469 3202 2534 ἀπείκασεν,
3237 2469 3313 2531 ὼς
3345 2469 3445 2538 τῆς
3497 2465 3786 2528 εὐσεϐείας

2200 2565 2299 2634 τὴν
2328 2561 2553 2634 ἀρδείαν
2584 2563 2649 2626 ⁷⁸,
2682 2561 2775 2614 καὶ
2790 2561 2880 2614 τὸν
2903 2561 3117 2632 καρπὸν
3147 2561 3239 2614 τὸν
3265 2560 3474 2631 ὦριμον
3497 2558 3784 2626 φέροντας.

2203 2657 2295 2710 καλ⁹
2345 2655 2405 2708 τὸ
2453 2653 2648 2724 φύλλον
2701 2654 2802 2706 οὐκ
2859 2652 3288 2719 ἀποϐάλλοντας,
3317 2651 3463 2706 κατὰ
3491 2652 3589 2704 τὸν
3615 2652 3674 2703 ἐν
3713 2651 3788 2722 τῷ

2204 2744 2408 2816 πρώτῳ
2444 2743 2644 2815 ψαλμῷ
2679 2743 3122 2815 μακαριζόμενον
3159 2745 3346 2815 ἄνδρα.

2273 2837 2334 2892 δ’.
2384 2857 2403 2889 ι
2455 2837 2586 2890 Ἰδού
2625 2837 2801 2901 οὕτως
2831 2836 3262 2907 εὐλογηθήσεται
3289 2837 3601 2908 ἄνθρωπος,
3638 2839 3668 2890 6
3694 2854 3792 2906 φο·-

2207 2927 2470 2999 ϐούμενος
2515 2928 2608 2983 τὸν
2640 2927 2867 2998 Κύριον.
2918 2946 2936 2978 ι
2964 2928 3181 2996 Τρόπου
3209 2930 3317 2999 γὰρ
3351 2930 3379 2982 ό
3412 2929 3575 2993 Θεὸς,
3601 2927 3666 2980 οὐ
3698 2928 3792 2995 γέ-

2207 3021 2591 3091 νουςοκριτής.
2646 3019 2800 3073 Οὕτω
2830 3021 2922 3072 τὸν
2965 3020 3083 3074 Ἰὼϐ
3115 3023 3177 3074 ἐκ
3205 3019 3297 3073 τοῦ
3339 3020 3510 3073 Ἦσαῦ
3545 3019 3609 3074 τδ
3638 3021 3796 3088 γένος

2131 3141 2174 3200 C
2209 3114 2517 3181 κατάγοντα
2563 3113 2842 3180 στεφάνων
2882 3112 3155 3182 ⁴1διξίωσεν·
3191 3111 3333 3166 οὕτω
3364 3113 3454 3166 τὸν
3497 3113 3796 3182 Ἀϐιμέλεχ

2211 3204 2348 3275 πρὸς
2394 3203 2492 3274 τὴν
2541 3203 2801 3274 ἀλήθειαν
2850 3203 3190 3274 ἐποδήγησεν
3239 3219 3253 3234 ο
3285 3203 3428 3256 οὓτω
3472 3202 3567 3256 τὸν
3606 3203 3797 3256 εὐνοῦ-

2210 3311 2326 3366 χον,
2363 3294 2506 3347 οὐτω
2534 3293 2626 3347 τὸν
2662 3294 2986 3366 Κορνήλιον,
3016 3294 3159 3348 οὕτω
3185 3296 3364 3349 πάντα
3394 3294 3466 3347 τά
3496 3294 3649 3362 ἔθνη.

2281 3394 2344 3440 ε’.
2390 3406 2408 3438 ι
2448 3386 2749 3458 Εὐλογήσαι
2797 3403 2857 3440 σε
2899 3386 3102 3458 Κύριος
3149 3389 3213 3440 ἐκ
3253 3386 3412 3441 Σιών.
3453 3404 3471 3437 ι
3507 3388 3670 3441 Κατὰ
3697 3387 3795 3457 τὴν)

2211 3477 2334 3530 τότε
2385 3477 2728 3548 κατέχουσαν
2793 3476 2974 3541 δόξαν.
3011 3477 3162 3529 Ἐκεῖ
3210 3477 3320 3547 γὰρ
3367 3477 3543 3528 οἰκεῖν
3595 3479 3625 3528 6
3664 3475 3795 3538 Θεὸς

2213 3569 2516 3639 νενόμιστο.
2569 3587 2589 3620 ι
2624 3568 2737 3622 Καὶ
2782 3567 2911 3630 ῐδοις
2940 3567 3009 3620 τὰ
3068 3567 3249 3635 ἀγαθὰ
3296 3567 3658 3638 Ἰερουσαλὴμ
3701 3567 3797 3620 πά-

2217 3677 2314 3724 σας
2364 3659 2463 3723 τὰς
2507 3659 2722 3731 ἡμέρας
2762 3661 2863 3729 τῆς
2907 3656 3054 3729 ζωῆς
3095 3674 3213 3712 σου.
3255 3676 3276 3710 ι
3322 3659 3638 3728 Τοῦτοτγὰρ
3670 3660 3796 3714 ἰδεῖν

2215 3751 2444 3804 ἐπόθουν
2476 3753 2520 3783 ⁷⁷
2566 3752 2616 3804 οι
2647 3752 2712 3804 ἐκ
2755 3749 3073 3813 Βαϐυλῶνος
3119 3749 3531 3819 ἐπανελθόντες,
3575 3753 3798 3822 καὶτῆς

2217 3842 2424 3906 πόλεως
2461 3841 2560 3912 τὴν
2586 3840 2826 3913 ἐρημίαν
2862 3840 3120 3912 ὁρῶντες.

2289 3941 2364 4000 ς’.
2419 3953 2438 3986 ι
2469 3935 2581 3987 Καὶ
2631 3933 2760 3996 ἴδοις
2804 3933 2956 3996 υἱοὺς
3002 3933 3112 3986 τῶν
3169 3932 3302 3986 υἱῶν
3340 3949 3456 3986 σου.
3494 3952 3514 3985 ι
3559 3932 3799 3999 Εὐλογία

2222 4024 2434 4096 μεγάλη
2464 4025 2754 4094 νενόμιστο
2771 4024 2850 4087 εἰς
2867 4025 3048 4095 γῆρας
3080 4023 3272 4078 ἐλάσαι
3297 4023 3458 4093 βαθὺ,
3483 4025 3580 4078 καὶ
3601 4024 3800 4087 παῖδας

2223 4119 2376 4172 ίδεῖν.
2402 4115 2815 4186 Συμϐαινούσας
2857 4115 3036 4168 τοίνυν
3071 4117 3190 4178 ταῖς
3222 4115 3469 4186 γνώμαις
3496 4115 3674 4187 ὁρίζει
3703 4117 3803 4179 τὰς

2220 4211 2474 4280 εὐλογίας
2503 4223 2519 4240 ·
2551 4211 2633 4263 ὅτι
2655 4209 2712 4262 δέ
2735 4209 2837 4262 οὐκ
2874 4209 2931 4261 ἐν
2955 4208 3167 4271 τούτοις
3191 4203 3301 4260 εἶδε
3324 4208 3433 4262 τῶν
3456 4209 3683 4276 ἀγαθῶν
3706 4209 3805 4278 τὴν

2221 4305 2433 4375 κτῆσιν,
2466 4305 2494 4357 6
2545 4303 2815 4373 μακάριος
2858 4301 3088 4362 Ἡσαΐας
3138 4300 3345 4364 ἐδίδαξε
3371 4317 3385 4332 ο
3420 4320 3438 4351 ι
3473 4302 3568 4370 Μὴ
3595 4299 3804 4368 λεγέτω

2221 4401 2250 4452 6
2300 4396 2576 4466 εὐνοῦχος,
2601 4396 2682 4448 ὅτι
2725 4393 2867 4461 Ἐγὼ
2898 4396 3012 4464 είμι
3043 4393 3197 4458 ξύλον
3225 4393 3408 4464 ξηρὸν,
3447 4393 3530 4446 ὅτι
3562 4393 3694 4448 τάδε
3719 4393 3809 4447 λέ-

2155 4475 2197 4529 D
2230 4506 2314 4558 γει
2363 4488 2568 4558 Κύριος
2594 4503 2608 4516 ·
2641 4487 2766 4540 Τοῖς
2795 4485 3074 4555 εὐνούχοις
3116 4487 3228 4548 τοῖς
3265 4484 3699 4553 φυλαττομένοις
3739 4486 3809 4538 τὰ

2228 4580 2485 4635 Σάϐϐατά
2517 4597 2638 4650 μου,
2671 4581 2766 4632 καὶ
2799 4577 3182 4648 ἐκλεγομένοις
3219 4577 3255 4630 ἃ
3294 4575 3406 4644 ἐγὼ
3445 4576 3608 4640 θέλω,
3651 4577 3809 4629 δώσω

2229 4673 2414 4736 αὐτοῖς
2460 4674 2518 4724 ἐν
2546 4671 2621 4740 τῷ
2649 4671 2784 4741 οίκῳ
2817 4686 2941 4740 μου,
2976 4671 3070 4723 καὶ
3101 4671 3160 4722 ἐν
3185 4668 3262 4739 τῷ
3284 4668 3456 4739 τείχει
3482 4686 3609 4738 μου,
3643 4670 3810 4722 τόπον

2229 4763 2551 4834 ὀνομαστὸν,
2584 4762 2680 4815 καὶ
2708 4762 2878 4832 δνομα
2901 4760 3128 4828 ἀγαθὸν,
3156 4763 3404 4832 κρεῖττον
3433 4759 3565 4812 υἱῶν
3593 4759 3694 4812 καὶ
3721 4759 3812 4812 θυ-

2228 4855 2496 4924 γατέρων.
2523 4873 2540 4908 ι
2556 4883 2628 4896 -
2645 4872 2663 4904 ι
2692 4855 2901 4924 Εἰρήνη
2924 4853 3016 4908 ἐπὶ
3035 4853 3125 4906 τὸν
3140 4852 3382 4922 Ἰσραήλ.
3406 4869 3424 4902 ι
3445 4850 3618 4906 Πάλιν
3640 4853 3808 4904 ἐπεύ-

2230 4960 2384 5016 χεται
2443 4945 2523 5015 τῷ
2584 4944 2802 5016 Ἰσραὴλ
2871 4943 3117 5014 εἰρήνην.
3183 4942 3413 5012 Ἀληθὴς
3475 4941 3534 4994 δέ
3617 4942 3809 5012 εἰρήνη

2232 5041 2266 5110 ἡ
2313 5038 2449 5109 πρὸς
2503 5038 2637 5091 Θεδν
2715 5025 2925 5109 είρήνηξ
2989 5037 3046 5091 '0
3114 5035 3172 5090 δέ
3252 5037 3512 5106 σαρκικὸς
3593 5035 3809 5107 Ἰσραὴλ

2233 5127 2449 5200 ἐκείνης
2481 5125 2753 5194 ἐκπεσὼν,
2786 5128 2880 5182 καὶ
2909 5127 3009 5195 τῆς
3040 5127 3205 5198 ἄλλης
3240 5127 3556 5200 ἐστέρηται.

1632 5528 1865 5584 VARUE
1899 5528 2285 5588 LECTIONES
2324 5531 2411 5586 ET
2452 5532 2682 5588 NOTAE.

630 5682 675 5768 ’ξ
713 5683 994 5768 Ὀηκαξς-
1029 5688 1269 5768 depromi.
1305 5687 1425 5768 Ilmc
1454 5687 1670 5768 Origeui
1705 5693 2083 5768 tribuuntura

2209 5677 2283 5768 'd._
2306 5692 2536 5768 l.__c._p.
2584 5692 2688 5768 sas
2735 5710 2888 5766 seqq.
2965 5696 3010 5734 τι
3049 5695 3151 5748 Σύ.
3209 5694 3379 5752 Abest
3416 5711 3448 5751 a
3483 5697 3608 5752 cod.
3640 5698 3666 5753 t
3699 5709 3748 5752 ct
3781 5713 3809 5753 a

559 5760 708 5806 textu
745 5755 856 5807 τῶν
886 5755 959 5808 0'.
1039 5755 1411 5826 ’δ’Ὰρδείαν.
1468 5755 1589 5815 cod.
1621 5763 1641 5814 l
1682 5763 1802 5816 add.
1842 5761 2102 5832 δεχομένο

2266 5764 2310 5799 ⁷⁷
2337 5764 2416 5820 ib.
2442 5755 2765 5818 ἐπεπόθυυν.
