3996 6488
222 342 359 411 189Ἷ
1515 337 1598 399 ΙΝ
1632 338 1800 400 PSAI

1898 340 2195 403 IXXVIII.
3343 342 3476 408 1898

500 454 769 510 EPMHN.
824 454 965 511 ΤΟΥ
998 451 1163 510 PKH'
1196 453 1519 508 ΨΔΛΜΟΥ.
1832 464 1877 515 Α

1832 464 1877 515 Α
2226 451 2503 509 INTERP.
2554 451 2807 510 PSALMI
2869 452 3153 511 CXXVIII.

288 559 361 606 α’.
400 569 420 603 ι
456 550 588 622 ᾮδὴ
620 549 731 602 τῶν
762 549 1119 619 ἀνα6αθμῶν.
1155 568 1175 600 ι
1205 548 1317 602 Καὶ
1344 541 1501 611 οὗτος
1527 548 1557 601 6
1583 545 1797 617 ψαλμὸς

1981 545 2146 602 Vsus.
2184 547 2233 601 l.
2278 565 2297 598 ι
2328 545 2616 604 Canticum
2643 548 2939 619 graduum.
2971 568 2990 602 ι
3021 549 3198 605 Etiam
3217 549 3309 606 hic
3335 554 3480 621 psal—

199 646 525 717 .πρόρῤησιν
572 634 691 713 ¹ἔχει
721 641 834 694 τῶν
862 641 1004 712 μετὰ
1031 641 1132 713 τὴν
1162 640 1424 694 ἐπάνοδον
1450 641 1777 695 ἐπαναστάν

1905 654 2032 694 mus
2071 639 2475 709 praedictionem
2544 641 2790 695 continet
2841 642 2907 697 de
2949 642 3203 712 gentibus
3256 660 3379 714 qua:
3424 646 3478 699 in

214 756 323 792 των
351 734 634 799 Ἰουδαίοις
669 732 841 788 ἐθνῶν
872 751 886 766 ο
925 732 1020 787 καὶ
1056 731 1407 787 διδάσκονται
1435 730 1636 800 λέγειν.

1905 728 2123 785 Iudaeos
2196 738 2318 801 post
2377 730 2614 787 reditum
2693 730 3011 801 irruerunt;
3090 742 3146 788 et
3214 734 3483 790 docentur

1945 840 2105 878 icere.

287 916 590 979 Πλεονάκις
613 911 961 985 ἐπολέμησάν
986 928 1051 983 με
1073 913 1139 965 ἐκ
1155 910 1408 981 νεότητός
1443 928 1543 981 μου
1561 924 1577 940 ⁸
1593 911 1802 965 εἰπάτω

1908 828 2105 880 dicere.

1986 934 2005 967 ι
2055 915 2209 985 Szepe
2254 915 2719 986 impugnaverunt
2764 932 2851 973 me
2907 933 2939 973 a
2990 919 3280 990 iuventute
3323 938 3480 978 mea:

217 1012 280 1082 δὴ
304 1008 548 1081 Ἰσραήλ.
582 1005 700 1080 [β.’]
734 1004 1031 1068 Πλεονάκις
1062 1003 1407 1075 ἐπολέμησάν
1438 1020 1506 1075 με
1529 1005 1595 1057 ἐκ
1625 1003 1795 1072 νεότη-

1912 1008 2056 1064 dicat
2083 1024 2228 1063 nunc
2262 1009 2452 1067 lsrael.
2499 1009 2795 1084 [Vsas.2.]
2840 1010 2996 1083 Smpe
3032 1015 3490 1086 impugnaverunt

218 1107 309 1167 τός
344 1119 480 1171 μου·
504 1102 601 1154 καὶ
642 1098 868 1170 γάρούκ
889 1096 1238 1168 ἡδυνήθησάν
1272 1113 1383 1167 μοι.
1424 1114 1443 1149 ι
1476 1095 1796 1164 Νεότητατε

1911 1117 1998 1157 me
2024 1118 2054 1157 a
2089 1103 2378 1172 juventute
2408 1119 2529 1159 mea
2558 1122 2571 1158 :
2607 1104 2809 1159 etenim
2835 1120 2944 1160 non
2974 1108 3265 1164 valuerunt
3293 1119 3488 1166 contra

220 1194 379 1250 καλεῖ
410 1193 512 1264 τὴν
562 1193 621 1246 ἐν
672 1189 939 1260 Αἰγύπτῳ
995 1188 1298 1258 διαγωγὴν,
1330 1186 1425 1240 καὶ
1455 1186 1554 1258 τὴν
1592 1186 1798 1239 ἐκεῖθεν

1909 1210 2017 1249 me.
2051 1215 2071 1248 ι
2094 1193 2433 1251 Juveututem
2458 1206 2615 1252 vocat
2639 1199 3129 1255 commorationem
3148 1202 3203 1257 in
3227 1201 3484 1274 IEgypto,

219 1286 570 1355 ἀπαλλαγήν.
622 1283 734 1338 Καὶ
758 1282 849 1336 τὸν
900 1281 1199 1353 εὐεργέτην
1256 1279 1591 1350 ύμνῶν,τάς
1649 1278 1797 1341 θείας

1913 1297 1965 1343 et
1992 1304 2058 1344 ex
2100 1304 2163 1343 ea
2201 1289 2610 1345 liberationem.
2655 1290 2720 1346 Et
2750 1291 3000 1349 beneficii
3035 1303 3316 1349 auctorem
3350 1296 3491 1352 cele-

220 1376 426 1448 ἁπαριθ
435 1376 614 1446 μεῖται
634 1373 883 1445 χάριτας,
897 1371 1223 1425 ὃτιἊνωθεν
1240 1371 1334 1425 καὶ
1354 1371 1412 1436 ἐξ
1434 1370 1609 1441 ἀρχῆς
1621 1369 1798 1424 πολλοί

1912 1381 2103 1448 brans,
2134 1382 2351 1438 divinas
2383 1384 2590 1456 gratias
2617 1395 2928 1450 enumerat,
2955 1386 3164 1444 dicens.
3206 1387 3348 1444 Olim
3380 1402 3434 1445 et
3460 1406 3489 1444 a

225 1489 315 1540 μοι
365 1469 651 1538 δυσμενεῖς
706 1464 1108 1535 ἐπανέστησαν,
1169 1464 1265 1519 καὶ
1321 1463 1687 1525 παντοδαποῖς
1737 1478 1803 1532 με

1913 1474 2187 1545 principio
2222 1476 2381 1531 multi
2422 1475 2634 1531 inimici
2678 1478 2733 1531 in
2770 1494 2855 1533 me
2882 1479 3182 1546 irruerunt,
3219 1491 3273 1537 et
3309 1483 3491 1540 omnis

225 1559 545 1632 περιϐαλεῖν
601 1559 791 1631 κακοῖς
837 1555 1213 1626 ἐπειράθησαν
1242 1571 1256 1584 ⁸
1312 1554 1401 1608 διά
1435 1554 1493 1607 δὲ
1521 1554 1625 1625 τῆς
1655 1554 1803 1619 θείας

1914 1568 2131 1638 generis
2179 1569 2336 1624 malis
2368 1585 2454 1624 me
2489 1570 2709 1640 cingere
2747 1573 2933 1626 conati
2975 1583 3131 1628 sunt:
3173 1590 3363 1629 verum
3397 1592 3492 1645 per

222 1652 547 1721 ἐπικουρίας
598 1649 854 1719 διέφυγον
882 1647 990 1710 τὰς
1035 1646 1260 1699 ἐκείνων
1298 1645 1610 1710 ἐπιϐουλάς.
1641 1646 1800 1715 Ἀλη-

1915 1662 2161 1717 divinum
2184 1662 2450 1719 auxilium
2471 1663 2740 1718 declinavi
2771 1665 2987 1720 illorum
3020 1666 3269 1723 insidias.
3294 1666 3493 1724 Verius

224 1744 484 1814 θέστερον
515 1742 700 1813 μέντοι
739 1739 915 1795 ταῦτα
935 1736 1014 1809 τῷ
1039 1739 1145 1809 νέῳ
1162 1739 1420 1809 ἁρμόττει
1447 1737 1580 1807 λαῷ,
1606 1736 1802 1801 πολλάς

1917 1755 2089 1826 igitur
2140 1755 2257 1811 haec
2306 1771 2453 1811 novo
2499 1756 2704 1827 populo
2747 1769 3090 1830 congruunt,
3149 1761 3240 1831 qui
3294 1762 3495 1819 multos

228 1835 328 1905 μὲν
356 1833 638 1905 δεξαμένῳ
665 1831 972 1905 προσϐολὰς
998 1830 1299 1900 πολεμίων,
1329 1829 1550 1884 πάντων
1574 1828 1630 1882 δέ
1651 1845 1806 1901 περι-

1915 1847 2134 1918 quidem
2162 1848 2404 1904 hostium
2428 1851 2666 1921 impetus
2698 1854 2997 1913 susuuuit,
3042 1855 3137 1908 sed
3174 1871 3365 1912 omnes
3399 1872 3493 1911 su-

225 1928 530 1997 γενομένῳ,
582 1925 677 1979 καὶ
705 1925 831 1989 τοὺς
861 1923 1158 1994 πολεμίους
1186 1921 1570 1994 προσκυνητὰς
1596 1921 1803 1992 ἀποφή-

1488 1921 1570 1985 τάς
1596 1921 1813 1992 ἀποφή·
1916 1944 2148 2013 peravit,
2188 1939 2484 2017 hostesque
2511 1948 2788 2018 supplices
2813 1949 3066 2005 reddidit.

232 2035 361 2071 ναντ
369 2036 408 2072 ι.

297 2107 371 2176 γ’.
423 2126 442 2159 ι
487 2108 613 2161 Ἐπὶ
662 2107 756 2162 τὸν
811 2108 982 2162 νῶτόν
1013 2108 1058 2142 ’⁷³
1098 2127 1201 2180 μου
1230 2108 1539 2162 ἐτέκταινον
1568 2106 1616 2159 οἱ
1645 2107 1815 2177 ἁμαρο

1994 2099 2157 2159 Vsus.
2188 2103 2241 2159 '5.
2279 2122 2298 2155 ι
2338 2103 2518 2175 Super
2561 2107 2729 2163 dorso
2770 2124 2891 2165 meo
2929 2109 3334 2167 fabricaverunt
3366 2130 3496 2185 pec-

228 2198 392 2254 τωλοί
430 2199 498 2252 ⁸⁸.
537 2217 557 2251 ι
597 2199 655 2253 '0
679 2199 735 2253 δέ
770 2200 1007 2266 Ἀκύλας
1034 2202 1128 2256 καὶ
1158 2203 1186 2254 ὁ
1212 2199 1524 2261 Θεοδοτίων,
1547 2198 1806 2268 ἠροτρία-

1920 2202 2153 2251 catores.
2195 2215 2215 2249 ι
2249 2197 2445 2268 Aquila
2475 2207 2529 2254 et
2564 2198 2865 2254 Theodotio
2897 2215 3183 2258 araverunt
3225 2206 3498 2277 interpre-

231 2293 749 2363 σανὴρμήνευσαν.
777 2293 939 2364 Δηλοί
969 2293 1024 2347 δέ
1053 2296 1081 2347 6
1100 2292 1257 2361 λόγος
1282 2291 1382 2353 τὰς
1414 2289 1809 2361 μάστιγας,καὶ

1922 2288 2018 2343 tati
2054 2288 2435 2345 sunt.lndicat
2461 2300 2642 2346 autem
2677 2307 2859 2347 sermo
2889 2293 3101 2366 ﬂagella
3144 2306 3198 2351 et
3238 2300 3500 2355 verbera-

231 2385 335 2446 τὰς
362 2384 570 2449 αἰκίας,
601 2384 700 2448 τὰς
729 2386 842 2447 τοῖς
873 2383 1196 2455 νικηφόροις
1215 2382 1479 2452 μάρτυσιν
1504 2379 1809 2450 ἐπενεχθεί-

1922 2377 2102 2434 tiones
2132 2379 2625 2450 triumphatoribus
2670 2384 3007 2454 martyribus
3036 2386 3104 2441 ab
3138 2387 3321 2457 impiis
3358 2390 3469 2445 iutli

236 2493 336 2540 σας
390 2476 497 2530 ύπδ
526 2476 636 2530 τῶν
684 2475 986 2532 δυσσεὸὦν.
1036 2474 1225 2530 Ταῦτα
1261 2473 1318 2526 δὲ
1348 2473 1443 2527 καὶ
1488 2473 1537 2525 οἱ
1570 2472 1698 2543 περὶ
1724 2471 1814 2525 τὸν

1921 2479 2062 2527 etas.
2114 2472 2244 2528 Haec
2278 2488 2409 2528 vero
2456 2482 2512 2529 et
2548 2474 2740 2530 beatus
2770 2476 2982 2545 Daniel,
3037 2488 3094 2535 et
3145 2480 3499 2540 admirabiles

238 2567 512 2638 μακάριον
543 2566 842 2637 ὑπέμειναν
867 2565 1093 2637 Δανιὴλ,
1132 2564 1229 2618 καὶ
1254 2564 1303 2617 οἱ
1336 2561 1633 2632 θαυμάσιοι
1659 2560 1816 2614 Ἀνα-

1923 2562 2186 2630 Ananias,
2226 2565 2457 2622 Azarias
2520 2575 2575 2622 et
2603 2568 2830 2635 Misael,
2875 2581 2930 2625 et
2952 2573 3208 2629 Antiochi
3254 2585 3501 2648 tempore

235 2658 379 2722 νίας,
422 2657 680 2729 Ἀζαρίας
727 2658 822 2713 καὶ
862 2656 1109 2728 Μισαὴλ,
1154 2655 1250 2710 καὶ
1299 2655 1394 2708 ἐπὶ
1437 2653 1716 2723 Ἀντιόχου
1768 2654 1813 2707 οί

1920 2650 2214 2710 Μεοὴεωεί
2234 2656 2593 2726 pertulerunt.
2615 2675 2633 2708 ι
2659 2655 3130 2731 Prolongaverunt
3155 2666 3497 2737 iniquitatem

237 2749 617 2805 Μακκαϐαἶοι.
651 2769 673 2803 ι
702 2751 1056 2821 Ἐμάκρυναν
1074 2749 1120 2781 ⁸¹
1153 2748 1251 2819 τὴν
1276 2747 1508 2818 ἀνομίαν
1552 2745 1753 2801 αὐτῶν.
1795 2764 1814 2798 ο

1922 2762 2103 2803 suam.
2131 2767 2150 2800 ι
2184 2749 2381 2819 Aquila
2417 2752 2820 2821 produxerunt,
2869 2753 3236 2826 Symmachus
3287 2760 3495 2831 1501

251 2843 310 2897 '0
338 2843 397 2896 δέ
432 2841 669 2906 Ἀκύλας
714 2843 1047 2912 ἐμήκυναν,
1087 2839 1194 2893 ὁδὲ
1217 2839 1515 2912 Σύμμαχος
1552 2839 1823 2907 παρέτει-

1922 2850 2297 2910 protraxerunt
2332 2843 2476 2897 man
2511 2843 2789 2914 a/ﬁcientes
2812 2865 2832 2914 ;
2862 2847 2967 2904 hoc
2989 2859 3095 2918 est,
3120 2850 3330 2909 diutius
3366 2855 3500 2909 mihi

236 2952 351 2988 νον
377 2933 708 3000 κακοῦντες
729 2950 745 2966 ο
777 2934 900 2987 ἀντὶ
929 2930 1047 2999 τοῦ,
1072 2930 1402 3002 Ἐπέμειναν
1428 2929 1589 3002 μέχρι
1621 2927 1814 2982 πολλοῦ

1923 2933 2126 2989 bellum
2163 2934 2404 3002 inferre,
2449 2946 2504 2993 et
2550 2953 2708 2994 suam
2746 2940 3090 3014 iniquitatem
3124 2958 3328 3015 augere
3370 2962 3501 3013 ler-

242 3044 334 3097 μοι
365 3026 413 3058 ⁸¹
464 3025 855 3096 πολεμοῦντες,
887 3026 983 3081 καὶ
1018 3024 1120 3098 τὴν
1166 3023 1376 3078 οἰκείαν
1416 3022 1675 3089 αὔξοντες
1700 3023 1820 3077 ἀνο-

1264 3023 1376 3078 είαν
1416 3022 1675 3089 αὔξοντες
1700 3023 1823 3077 ἀνο-
1923 3038 2263 3085 severarunt.
2838 3015 2842 3021 ’

288 3118 396 3175 ίαν.

288 3136 396 3175 ιαν.

242 3136 284 3190 μ
311 3212 379 3267 δ’.
439 3231 458 3263 ι
491 3212 699 3282 Κύριος
718 3211 930 3275 δίκαιος
958 3212 1254 3282 συνέκοψεν
1310 3211 1541 3283 αὐχένας
1565 3210 1610 3243 ⁸⁸
1643 3210 1820 3282 ἀμαρ-

1998 3184 2168 3242 Vsns.
2212 3198 2269 3243 4.
2324 3205 2345 3238 ‹
2399 3187 2666 3244 Dominus
2716 3188 2905 3257 justus
2956 3192 3202 3247 concidit
3255 3194 3501 3249 cervices

238 3305 448 3361 τωλῶν.
489 3323 509 3357 ι
574 3278 717 3369 τοὺς
756 3305 1041 3377 αὐχένας,
1092 3278 1437 3376 ,βρύκους’-ὀ
1466 3278 1701 3367 Ἀκύλας
1732 3278 1816 3356 xui

1927 3286 2296 3349 peccatorum.
2335 3296 2354 3330 ι
2385 3278 2619 3337 Cervices
2664 3282 2860 3352 Aquila
2906 3291 2958 3338 et
2998 3283 3364 3355 Symmachus
3406 3287 3504 3341 la-

241 3398 541 3469 Σύμμαχος
588 3369 952 3470 ἡρμήνεύσαν
986 3369 1179 3452 ’.τὸδὲ
1213 3369 1525 3450 ⁷ὸεοδοτίων
1556 3395 1819 3461 κλοιούς·

1926 3385 2087 3440 queas
2110 3369 2393 3436 dixerunt,
2427 3372 2520 3427 sed
2544 3370 2850 3428 Theodotio
2872 3384 3081 3444 torques
3114 3376 3503 3445 interpretatus

242 3461 422 3545 πάντα
448 3461 525 3545 ’δὲ
840 3492 951 3544 Καλ⁸
995 3491 1105 3560 γάρ
1138 3490 1233 3554 οὓς
1268 3486 1681 3561 κατεσκεύασαν
1712 3486 1820 3548 τοῖς

1928 3469 2013 3517 est
2044 3479 2058 3517 :
2091 3461 2277 3517 omnia
2310 3472 2489 3517 autem
2533 3474 2662 3518 sunt
2683 3478 2832 3519 vera.
2863 3464 3073 3519 Etenim
3108 3481 3249 3537 quos
3277 3467 3506 3535 laqueos

244 3583 423 3652 ἁγίοις
458 3539 707 3654 βρόχους,
738 3539 1137 3651 ,κατέκοψενΓὸ
1163 3539 1366 3634 τόύτων
1405 3556 1560 3643 Θεὸς,
1588 3575 1822 3639 καὶτοὺς

1929 3553 2138 3609 sanctis
2172 3552 2307 3609 viris
2332 3561 2617 3623 pararunt,
2644 3554 2745 3609 hos
2777 3555 2992 3611 illorum
3022 3558 3164 3613 Deus
3192 3559 3207 3577 ‘
3235 3558 3502 3622 contudit,

245 3629 421 3652 *το-ἠε
458 3629 707 3654 Γι-’Λν-ντ
759 3629 1057 3651 ”””*“⁷’⁷Ϊ“’
1113 3629 1132 3634 ν
1175 3629 1356 3634 ν-ν-τυ
1419 3629 1598 3643 ’ννδν⁷
1807 3629 1821 3639 -

243 3672 639 3744 περιταθέντας
685 3671 729 3703 ἰ
758 3672 948 3735 αὐτοῖς
984 3671 1202 3733 κλοιοὺς
1234 3669 1548 3740 συνέτριψε,
1595 3666 1690 3721 καὶ
1727 3664 1821 3720 αύ-

1928 3651 1984 3700 et
2028 3653 2256 3715 torques
2297 3644 2437 3715 ipsis
2472 3644 2898 3715 circumpositos
2938 3649 3218 3716 contrivit,
3264 3658 3318 3702 et
3359 3649 3505 3719 ipsas

242 3736 372 3828 τούς
417 3763 529 3817 τῶν
566 3762 913 3835 ἁμαρτωλῶν
943 3764 1071 3826 τοὺς
1102 3761 1339 3831 αὐχένας
1374 3736 1692 3828 συνέκοψεν.

1249 3778 1339 3823 νας
1374 3736 1692 3828 σρνέκοψεν,
1928 3745 2277 3807 peccatorum
2302 3736 2547 3792 cervices
2571 3737 2827 3792 concidit.

315 3854 381 3909 ε’.
417 3872 437 3905 ι
466 3828 929 3925 Αἰσχυνθήτωσαν
960 3853 1056 3906 καὶ
1089 3828 1609 3924 ἀποστραφὴτωσαν
1634 3851 1715 3913 είς
1759 3849 1830 3902 τά

2001 3829 2169 3883 Vsus.
2197 3828 2253 3882 5.
2293 3847 2313 3881 ι
2351 3829 2775 3885 Confundantur
2803 3838 2856 3885 et
2886 3841 3275 3889 convertantur
3299 3846 3507 3891 retror-

243 3946 425 4001 ὀπίσω
464 3922 669 4007 πάντες
715 3922 766 3999 οἱ
820 3944 1111 4016 μισοῦντες
1167 3922 1326 3997 Σιών.
1363 3962 1382 3995 ι
1414 3922 1417 3923 ν
1445 3942 1821 4013 Διαμάρτοιεν,

1930 3939 2053 3980 sum
2098 3938 2295 3997 omnes
2346 3924 2440 3995 qui
2487 3922 2725 3978 oderunt
2760 3923 3007 3980 Sionem.
3047 3943 3067 3976 ι
3114 3926 3158 3980 Α
3193 3929 3353 3983 malis
3393 3931 3508 3987 suis

245 4039 405 4110 φησὶ,
451 4038 561 4092 τῶν
613 4037 871 4109 πονηρῶν
925 4035 1368 4107 ἐγχειρημάτων,
1400 4033 1498 4088 καὶ
1536 4034 1823 4106 τράποιντο

1930 4017 2217 4071 conatibus
2244 4016 2522 4079 decidant,
2559 4017 2657 4079 ait,
2689 4025 2744 4071 et
2782 4018 2837 4071 in
2868 4016 3051 4089 fugam
3089 4030 3505 4092 convertantur,

245 4107 326 4196 είς
358 4129 539 4201 φυγὴν
568 4130 618 4182 οί
652 4107 768 4200 τὴν
787 4127 931 4182 Σιὼν
958 4124 1348 4197 πολεμοῦντες.

1176 4124 1348 4188 ῡντες,
1927 4107 2021 4178 qui
2064 4107 2217 4162 Sioni
2261 4108 2461 4163 bellum
2496 4108 2754 4162 inferunt.

318 4195 396 4287 ς’..
548 4238 566 4271 ι
598 4195 996 4290 Γενηθήτωσαν
1027 4195 1163 4270 ὡσεὶ
1213 4216 1406 4287 χόρτος
1452 4213 1737 4285 δωμάτων,
1771 4214 1831 4277 ὃς

2006 4195 2166 4253 Vsus.
2200 4198 2254 4263 6,
2291 4197 2341 4252 7.
2386 4216 2405 4249 ι
2460 4196 2620 4252 Fiant
2647 4198 2789 4253 sicut
2813 4196 2999 4253 fenum
3039 4207 3327 4267 tectorum,
3360 4203 3510 4272 quod

248 4312 357 4382 πρὸ
404 4309 503 4364 τοῦ
535 4309 919 4379 ἐκσπασθῆναι
954 4306 1254 4379 ἐξηράνθη.
1301 4309 1376 4359 Ou
1414 4306 1514 4359 οὐκ
1542 4304 1826 4377 ἐπλήρωσε

1931 4291 2253 4361 priusquam
2302 4291 2571 4346 evellatur
2626 4291 2864 4347 exaruit.
2920 4292 3041 4360 Quo
3104 4309 3211 4349 non
3266 4295 3509 4366 implevit

246 4405 346 4476 τὴν
375 4406 536 4476 χεῖρα
565 4401 734 4456 αὐτοῦ
765 4403 792 4455 6
834 4400 1089 4473 θερίζων,
1125 4398 1221 4451 καὶ
1254 4398 1347 4450 τὸν
1380 4397 1582 4450 κόλπον
1608 4394 1773 4449 αὐτοῦ
1802 4397 1824 4449 6

1933 4399 2157 4438 manum
2198 4398 2353 4439 suam
2382 4385 2474 4453 qui
2502 4383 2674 4450 metit,
2709 4393 2764 4438 et
2793 4385 2976 4440 sinum
3008 4403 3168 4442 suum
3203 4388 3294 4459 qui
3333 4390 3511 4444 Illalll-

247 4474 318 4550 τά
369 4474 668 4567 δράγματα
720 4492 1016 4561 συλλέγων.
1057 4508 1076 4543 ι
1130 4489 1287 4543 Ἐνια
1336 4490 1444 4542 τῶν
1478 4488 1825 4559 ἀντιγράφων

1934 4478 2094 4547 pulos
2137 4476 2363 4547 colligit.
2405 4495 2424 4529 ι
2463 4474 2735 4531 Nonnulla
2787 4480 3121 4549 exemplaria
3163 4497 3269 4536 nou
3308 4485 3512 4540 habent

247 4587 368 4654 οὐκ,
401 4564 807 4654 ἓξηρανθῆναι
840 4583 907 4646 ⁸⁸,
940 4581 1075 4653 ἔχει,
1102 4578 1259 4645 ἀλλὰ,
1290 4578 1715 4647 ἐκσπασθῆναι
1735 4579 1783 4613 ⁸ο
1807 4593 1821 4608 ο

1931 4585 2260 4634 exarescere,
2292 4571 2386 4625 sed
2424 4570 2595 4635 evelli,
2629 4571 2774 4640 quod
2805 4572 2970 4626 etiam
3001 4573 3053 4626 in
3090 4575 3365 4644 segetibus
3393 4577 3509 4633 ﬁeri

246 4677 277 4731 ὃ
303 4678 399 4732 καὶ
431 4678 524 4731 ἐπὶ
560 4677 671 4730 τῶν
713 4676 882 4747 ληῒων
909 4674 1199 4745 γινόμενον
1236 4671 1452 4742 δρῶμεν
1487 4671 1592 4723 ἀεί.
1636 4670 1824 4734 Οὐδεὶς

1937 4678 2154 4735 semper
2186 4664 2488 4719 cernimus.
2525 4662 2696 4718 Nemo
2729 4664 2872 4719 enim
2917 4666 3123 4735 spicam
3157 4667 3339 4723 adhuc
3377 4671 3510 4725 viri-

247 4771 359 4844 γὰρ
389 4770 558 4840 ὑγρὸν
580 4768 711 4823 ὄντα
742 4768 833 4823 τὸν
860 4768 1101 4837 ἄσταχυν
1134 4764 1372 4836 θερίζειν
1395 4764 1669 4833 ἀνέχεται,
1692 4761 1825 4816 ἀλλὰ

1935 4759 2057 4812 dem
2100 4765 2307 4811 metere
2353 4756 2489 4818 vult,
2534 4756 2628 4811 sed
2668 4766 2951 4827 exspectat
2990 4767 3416 4826 utmaturescat,
3457 4770 3512 4819 et

252 4864 406 4934 μένει
461 4861 838 4931 πεπανθῆναι,
885 4859 983 4914 καὶ
1033 4856 1413 4927 διαυανθῆναι,
1454 4855 1549 4909 καὶ
1577 4855 1697 4907 τότε
1730 4855 1830 4927 τὴν

1936 4860 2170 4916 arescat,
2207 4862 2263 4905 et
2289 4859 2419 4904 tunc
2449 4847 2644 4903 falcem
2681 4849 2947 4904 immittit.
2985 4849 3163 4906 llerba
3199 4866 3324 4906 vero
3347 4868 3512 4921 super

249 4953 527 5023 δρεπάνην
573 4953 797 5020 ἐπάγει.
841 4951 905 5005 Ἦ
930 4950 988 5003 δέ
1018 4950 1112 5003 ἐπὶ
1151 4949 1260 5002 τῶν
1285 4948 1554 5019 δωμάτων
1582 4946 1827 5018 φυομένη

1936 4945 2130 4998 domos
2158 4952 2299 5011 orta,
2335 4953 2635 5023 antequam.
2660 4940 2899 4996 fraetum
2933 4944 3221 5012 producat,
3258 4945 3388 4999 solis
3416 4946 3511 4999 im-

250 5043 382 5107 πόα,
430 5044 562 5114 πρὶν
605 5043 908 5114 βλαστῆσαι
940 5041 1179 5114 καρπὸν,
1222 5043 1288 5112 τῇ
1328 5038 1421 5094 τοῦ
1449 5038 1601 5110 ἡλίου
1638 5037 1828 5107 ξηραί-

1937 5046 2062 5105 petu
2092 5035 2315 5089 arescit.
2338 5034 2437 5088 His
2473 5034 2656 5088 herbis
2682 5042 2740 5087 ut
2773 5035 3011 5089 hosﬁum
3042 5045 3271 5091 conatus
3300 5038 3510 5093 similes

250 5153 403 5205 νεῖαι
459 5136 736 5207 προσϐολῇ
758 5150 772 5164 ⁸
806 5134 1021 5197 τούτοις
1059 5132 1169 5186 τῶν
1203 5131 1478 5202 πολεμίων
1518 5131 1618 5193 τὰς
1647 5131 1828 5199 ἐγχει-

1938 5130 2332 5196 sintprecatur,
2360 5134 2528 5196 utque
2548 5127 2743 5180 harum
2766 5126 2940 5181 instar
2967 5126 3319 5182 immaturum
3348 5129 3506 5183 tinem

253 5229 443 5298 ρήσεις
463 5228 869 5299 ἀπεικασθῆναι
902 5225 1236 5294 παρακαλεῖ,
1275 5225 1371 5277 καὶ
1395 5222 1621 5286 ταύταις
1649 5239 1828 5292 παρα-
1934 5220 2227 5289 accipiant.

250 5318 499 5391 πλησίως
525 5320 705 5391 ἄωρον
746 5318 1002 5384 δέξασθαι
1030 5316 1204 5380 τέλος.

1329 5461 1563 5517 VARI/[3
1603 5455 1988 5515 LECTIONES
2031 5453 2117 5509 ET
2150 5449 2379 5506 NOTAE.

323 5575 371 5610 ⁷⁸
402 5574 670 5649 Νεότητᾳ
702 5604 771 5649 -_-
792 5570 1395 5649 ἁίεοφήναντιεμρὶιᾶ.
1430 5570 1882 5649 dissimiliasunt

1930 5581 2053 5649 qua:
2091 5564 2215 5649 _sub
2249 5562 2402 5630 Orig.
2434 5560 2657 5649 nomine
2709 5559 2899 5649 attuli‘t'
2949 5558 3113 5649 flori].
3152 5558 3187 5612 Ι.
3226 5571 3369 5649 ειη.
3404 5556 3508 5637 ἔξθὲ

254 5662 409 5732 seqq.
459 5646 529 5732 λ’
722 5646 745 5698 I
782 5642 876 5696 τοῦ
914 5632 1108 5732 νςὶτου.
1185 5641 1656 5732 “apiastri/'01:
1685 5642 1738 5692 οι
1763 5641 1832 5708 ἀμ

1924 5632 1974 5692 τ’.
2010 5636 2171 5690 Hebr.
2211 5641 2496 5686 araveruut
2523 5641 2784 5686 aratores.
2860 5632 2901 5663 ⁸³
2949 5632 3163 5697 Ἐμάκρ
3196 5659 3261 5669 -
3285 5632 3502 5681 αὐτῶν.

2026 5708 2073 5732 tu
2104 5703 2364 5732 Α,·.-,Αυη,.
2420 5702 2563 5732 ιιηιη-
2625 5702 2769 5732 an...
2869 5700 2916 5732 ει
2970 5702 3070 5732 mut
3141 5700 3161 5732 ,Ι
3193 5697 3502 5732 namq-enin-

253 5697 419 5775 ῐῐεῖἷτζ
447 5697 843 5771 Ρτοίοήήήατιιηι
881 5715 1054 5767 sulcos
1085 5697 1280 5767 suos.”
1311 5715 1441 5767 Μοι.
1483 5711 1652 5764 Abest
1689 5725 1719 5763 a
1750 5697 1830 5763 cui

252 5805 373 5853 τας.
476 5786 524 5817 ⁸⁸
572 5732 772 5853 Ἐἕημ
829 5783 905 5841 ib.
958 5784 1272 5853 ἐξανθῆσαι.
1338 5782 1738 5837 ⁸⁸Ἔκσπασθ.
1776 5779 1830 5834 ib

1937 5747 1952 5762 .
2026 5703 2384 5827 ⁸³έὶὺχένας.
2418 5702 2584 5757 Hebr.
2622 5702 2791 5771 funes.
2869 5700 2916 5732 ⁸⁸
2969 5702 3090 5756 cod.
3141 5697 3505 5769 1περιτεοέν-

1927 5794 2044 5849 squ.
2110 5792 2215 5845 χει.

504 5882 781 5943 Pareat.
820 5879 940 5941 Gn.
973 5879 1140 5939 LXX
1156 5880 1236 5938 X.

3145 5864 3220 5923 60
