3996 6496
460 351 598 419 I899

1396 340 1891 404 THEODORETI
1933 342 2276 403 EPISCOPI
2308 343 2681 405 CYRENSIS

3599 338 3736 407 1900

528 465 696 522 Vens.
715 463 768 521 8.
805 482 825 518 ‹
862 462 928 520 Et
957 477 1067 520 non
1091 462 1347 520 dixerunt
1376 462 1470 534 qui
1501 463 1858 534 praeteribant
1896 476 1909 513 :
1938 460 2037 516 Be-

2208 466 2278 531 η’.
2305 479 2323 511 ι
2348 459 2459 514 Καὶ
2478 460 2579 513 οὐκ
2605 453 2760 511 εἷπον
2782 457 2831 511 οί
2856 456 3203 529 παράγοντες
3223 472 3238 489 ·
3263 453 3502 524 Εὐλογία
3526 456 3736 526 Κυρίου

458 557 704 614 nedictio
743 554 964 610 Domini
1001 570 1169 627 super
1199 570 1322 621 vos,
1356 554 1745 610 benediximus
1783 554 1941 608 vobis
1982 553 2038 606 in

458 646 684 700 nomine
732 643 973 699 Domini.
1012 663 1032 696 ι
1078 642 1185 710 Qui
1232 642 1432 698 uberes
1480 652 1694 713 segetes
1734 641 2039 706 intuentur,

459 735 827 807 agricolarum
856 752 1046 793 curam
1069 736 1333 792 admirari
1364 735 1561 800 solent,
1581 742 2042 805 etpraetcreuntcs

458 829 540 883 eis
569 828 924 896 benedicunt,
967 829 1177 899 1502
1218 828 1311 898 qui
1343 828 1470 882 talia
1501 834 1745 882 metunt:
1779 826 2043 896 colligen-

462 921 610 977 tibus
656 936 787 977 vero
842 920 1028 977 fenum
1078 935 1108 975 c
1164 919 1359 985 tectis,
1408 934 1569 974 nemo
1636 934 1881 990 unquam
1936 904 2044 975 tale

461 1012 743 1082 quidpiam
767 1012 924 1067 dixit.

844 1121 1117 1179 INTERP.
1155 1122 1405 1178 PSALMI
1432 1120 1673 1178 CXXIX.

537 1239 704 1293 Vens.
738 1238 790 1293 1.
828 1256 846 1289 ‹
886 1236 1174 1293 Canticum
1203 1236 1495 1306 graduum.
1540 1254 1559 1285 ι
1596 1232 1883 1290 Justorum
1911 1232 2047 1288 cbo-

469 1344 563 1383 rus
595 1330 735 1383 hanc
766 1327 876 1382 Deo
921 1325 1291 1397 precationem
1333 1325 1494 1380 offert
1531 1343 1544 1379 :
1589 1333 1821 1380 testatur
1863 1333 2047 1378 autem

466 1431 521 1478 et
547 1424 651 1477 hoc
672 1420 872 1492 psalmi
901 1420 1209 1475 exordium.
1250 1438 1268 1471 ι
1302 1419 1377 1475 De
1408 1418 1693 1490 profundis
1727 1417 1953 1474 clamavi
1981 1417 2049 1473 ad

467 1523 541 1577 te,
585 1512 833 1567 Domine.
878 1531 895 1565 ι
947 1510 1062 1567 Hoc
1097 1520 1204 1575 est,
1244 1513 1313 1566 ab
1352 1512 1486 1577 imo,
1536 1520 1590 1567 et
1619 1528 1685 1567 ex
1717 1511 1838 1582 ipso
1878 1498 2050 1567 corde

468 1618 657 1673 preces
703 1602 898 1657 fundo.
942 1602 1051 1656 Eos
1088 1600 1234 1656 enim
1277 1601 1371 1671 qui
1420 1602 1552 1658 solis
1610 1601 1769 1657 labiis
1820 1610 2051 1656 utuntur

470 1696 670 1751 divinae
705 1678 1340 1750 Litterze'condemnant.
1387 1692 1454 1746 Et
1503 1708 1652 1749 nunc
1701 1692 1925 1762 quidem
1974 1692 2053 1747 ait

471 1788 741 1859 propheta
781 1785 1048 1841 Jeremias
1092 1783 1203 1839 Deo
1248 1785 1669 1839 universorum:
1715 1804 1733 1837 ‹
1768 1786 1945 1854 Prope
1990 1799 2050 1839 es

472 1880 557 1935 ori
588 1894 802 1944 eorum,
831 1888 886 1934 et
918 1879 1078 1948 longe
1103 1892 1134 1931 a
1169 1877 1393 1932 renibus
1414 1891 1607 1931 eorum
1630 1874 1657 1915 ¹ι
1678 1896 1725 1945 ;›
1748 1894 1894 1933 nunc
1921 1890 2051 1932 vero

472 1972 617 2027 Deus
640 1972 755 2042 ipse
783 1986 880 2041 per
903 1970 1098 2025 Isaiam
1118 1968 1435 2038 prophetam
1461 1964 1682 2023 Judaeos
1703 1967 2048 2032 criminatur,

473 2065 664 2121 dicens
699 2081 735 2118 ε.
767 2080 786 2114 ι
840 2060 942 2115 Hic
972 2059 1207 2130 populus
1252 2058 1412 2113 labiis
1454 2073 1541 2113 me
1586 2058 1842 2123 honorat,
1888 2057 2055 2113 corde

475 2165 659 2212 autem
699 2156 860 2224 longe
904 2154 1061 2207 abest
1108 2166 1137 2204 a
1173 2165 1261 2205 me
1295 2148 1338 2202 ι.
1377 2169 1396 2202 ι
1430 2147 1630 2204 Verum
1669 2149 1761 2218 qui
1809 2149 1862 2203 in
1911 2163 2053 2219 pra:-

474 2249 651 2303 sentia
698 2254 1014 2319 precantur,
1045 2259 1110 2299 ex
1142 2242 1414 2315 profundo
1453 2242 1619 2299 corde
1654 2257 1847 2313 preces
1882 2242 2051 2299 emit-

476 2350 616 2397 ιιιιιι.

546 2516 715 2573 Vens.
747 2516 805 2572 2.
838 2536 858 2571 ι
900 2517 1160 2585 Domine,
1194 2514 1390 2571 exaudi
1424 2530 1612 2571 vocem
1643 2530 1855 2571 meam:
1893 2529 2057 2570 aures

476 2622 587 2667 tuae
631 2612 857 2667 intenta:
900 2611 1010 2667 sint
1054 2611 1108 2666 in
1155 2625 1344 2665 vocem
1393 2608 1799 2679 deprecationis
1837 2622 1989 2663 meaa.
2032 2625 2050 2659 ι

476 2706 631 2762 Licet
663 2706 905 2760 humano
937 2720 1091 2760 more
1118 2705 1302 2760 verbis
1323 2718 1457 2759 usus
1488 2702 1577 2769 sit,
1608 2704 1622 2721 '
1653 2714 1831 2757 tamen
1854 2700 2057 2755 divini-

477 2810 642 2856 tatem
676 2801 1051 2870 incorpoream
1092 2814 1215 2855 esse
1251 2798 1433 2854 novit:
1469 2796 1727 2852 audiendi
1766 2796 1912 2851 enim
1946 2797 2054 2850 vim

478 2893 645 2949 etiam
697 2891 918 2948 videndi
968 2892 1265 2962 potentiam
1310 2890 1623 2962 appellavit.
1676 2888 1861 2944 Nostri
1909 2888 2057 2944 enim

478 2985 624 3041 oculi
651 2985 867 3041 videndi
903 2985 1011 3041 vim
1054 2986 1276 3047 habent.
1307 2996 1361 3039 et
1391 2984 1618 3039 auribus
1663 2982 1921 3039 audiendi
1972 2984 2055 3039 vis

480 3076 651 3131 indita
678 3087 783 3131 est.
818 3074 962 3130 Deus
990 3084 1172 3129 autem
1204 3074 1260 3129 vi
1292 3074 1384 3129 illa
1409 3089 1518 3144 qua
1550 3073 1724 3140 audit,
1755 3072 1861 3129 hac
1892 3072 2060 3129 etiam

480 3168 646 3235 videt,
680 3176 737 3223 et
766 3183 874 3238 qua
914 3167 1082 3233 videt,
1113 3168 1215 3222 hac
1236 3168 1399 3221 etiam
1430 3166 1605 3222 audit.

552 3343 719 3401 ἵεις.
750 3345 805 3399 3.
842 3364 860 3397 ι
900 3343 956 3399 Si
985 3344 1305 3416 iniquitates
1334 3344 1735 3411 observaveris,
1768 3344 2054 3400 Domine.»

481 3437 765 3493 Justorum
822 3438 1025 3493 chorus
1074 3438 1365 3493 Dominum
1420 3449 1694 3507 precatur,
1749 3454 1816 3494 ne
1868 3452 2062 3508 poenas

483 3531 723 3602 peccatis
757 3531 1034 3585 metiatur.
1061 3530 1153 3584 Sic
1184 3530 1347 3583 etiam
1380 3530 1574 3585 beatus
1604 3529 1846 3586 Ananias
1873 3530 2061 3602 populi

483 3623 707 3694 peccata
764 3636 1014 3693 persona:
1071 3637 1185 3677 suae
1241 3622 1513 3691 ascripsit.
1579 3641 1599 3673 ι
1650 3620 1901 3689 Domine,
1938 3623 2065 3693 quis

484 3716 824 3774 sustinebit?
872 3734 891 3767 ι
948 3714 1159 3786 1503
1216 3713 1276 3769 Si
1322 3714 1469 3769 enim
1515 3714 1746 3784 iustitia:
1797 3716 2063 3770 trutinam

486 3822 635 3868 recte
661 3810 890 3876 tenebis,
924 3809 1052 3878 quis
1093 3818 1270 3877 potest
1303 3809 1634 3862 sententiam
1679 3807 1749 3862 ab
1779 3808 1880 3863 hac
1917 3808 2063 3864 irro-

486 3912 668 3975 gatam
700 3900 1013 3956 sustinere?
1041 3914 1265 3956 necesse
1294 3900 1543 3954 cstenim
1566 3913 1757 3955 omnes
1780 3899 2063 3955 interitum

487 3995 691 4051 subire.

556 4178 726 4233 Vens.
759 4178 814 4233 4.
846 4196 866 4230 ι
902 4175 1041 4243 Quia
1069 4176 1215 4248 apud
1252 4184 1305 4231 tc
1337 4176 1654 4247 propitiatio
1688 4184 1790 4231 est.
1830 4195 1848 4229 ι
1886 4175 2067 4233 Habes

490 4268 885 4336 benignitatem
928 4269 1158 4336 iustitiae
1198 4268 1572 4337 coniunctam,
1620 4276 1675 4321 et
1721 4266 1829 4323 hac’
1870 4269 2065 4339 magis,

404 4420 409 4427 _
488 4374 651 4429 quam
686 4360 802 4423 illa,
832 4360 909 4414 uti
937 4361 1103 4416 soles.
1149 4378 1168 4411 ι
1210 4359 1439 4429 Propter
1473 4374 1674 4414 nomen
1708 4369 1863 4415 tuum
1894 4362 2067 4416 susti-

488 4452 583 4505 nui
648 4461 741 4518 te.
789 4451 1067 4508 Domine:
1128 4452 1393 4508 sustinuit
1444 4452 1630 4507 anima
1688 4468 1808 4507 mea
1836 4454 2061 4509 verbum

2140 551 2228 621 ὲφ’
2261 553 2408 622 ὑμᾶς
2428 552 2499 614 ⁸⁷,
2526 550 2910 620 εύλογὴκαμεν
2938 552 2995 602 ὲν
3017 550 3246 619 ὀνόματι
3274 548 3540 618 Κυρίου.»
3579 549 3642 601 Οί
3666 549 3737 601 τά

2141 644 2404 713 κομῶντα
2453 642 2721 711 θεώμενοι
2778 641 2929 712 λήῖα,
2994 640 3302 711 θαυμάζειν
3356 639 3589 692 εἰώθασι
3637 638 3743 708 τὴν

2142 734 2408 805 γεωργῶν
2456 734 2802 805 ἐπιμέλειαν,
2853 734 2949 786 καὶ
2995 730 3281 799 εὑλογοῦσι
3333 732 3629 802 παριόντες
3691 730 3739 763 ⁸³

2141 827 2273 889 τοὺς
2300 825 2369 878 τά
2413 824 2643 879 τοιαῦτα
2695 824 3043 896 θερίζοντας·
3068 826 3181 886 τοῖς
3208 823 3266 876 δὲ
3309 823 3423 875 τῶν
3468 822 3742 892 δωμάτων

2143 918 2235 971 τὸν
2282 920 2476 989 χόρτον
2522 918 2900 987 συλλέγουσιν,
2946 917 3123 980 οὐδεὶς
3175 915 3388 969 τοιοῦτο
3439 916 3597 969 οὐδὲν
3638 917 3745 969 ἐττ-

2146 1009 2451 1078 εφθέγξατο
2474 1008 2519 1040 ⁸³
2549 1006 2799 1061 πώποτε.

2468 1124 2735 1177 EPMHN.
2755 1122 2893 1176 ΤΟΥ
2914 1122 3070 1176 ΡΚΘ¹
3092 1122 3413 1177 ΨΔΛΜΟΥ.

2212 1244 2289 1293 α’.
2322 1256 2339 1289 ι
2381 1236 2505 1309 ᾯδὴ
2525 1235 2637 1289 τῶν
2664 1233 3021 1305 ἀναϐαθμῶν.
3054 1253 3071 1286 ι
3102 1234 3224 1288 Τῶν
3248 1237 3294 1268 ⁹⁰
3317 1235 3548 1290 δικαίων
3577 1235 3746 1307 χορὸς

2147 1333 2353 1402 ταύτην
2381 1330 2458 1401 τῷ
2490 1329 2611 1400 Θεῷ
2640 1330 2742 1399 τὴν
2790 1328 3027 1382 ἱκετείαν
3064 1330 3367 1401 προσφέρει
3397 1348 3411 1362 '
3466 1332 3748 1402 μαρτυρεῖ

2149 1423 2205 1476 δὲ
2238 1422 2333 1477 καὶ
2362 1421 2496 1477 αὐτὸ
2518 1421 2611 1475 τοῦ
2642 1420 2861 1493 ψαλμοῦ
2897 1421 2956 1473 τὸ
2982 1422 3295 1492 προοίμιον.
3339 1442 3359 1475 ι
3400 1422 3495 1476 Ἐκ
3526 1422 3749 1494 βαθέων

2150 1512 2429 1584 ἐκέκραξά
2482 1512 2803 1584 σοι,Κύριε.
2859 1531 2878 1564 ι
2923 1511 3068 1565 Ἀντὶ
3114 1513 3235 1578 τοῦ,
3261 1514 3521 1568 Κάτωθεν
3564 1516 3663 1568 καὶ
3683 1513 3747 1579 ἐξ

2150 1606 2324 1676 αὐτῆς
2379 1604 2480 1674 τῆς
2530 1604 2757 1675 καρδίας
2810 1604 3125 1675 ἀναπέμπω
3177 1605 3277 1675 τὴν
3323 1605 3585 1661 ἱκετείαν.
3619 1604 3749 1659 Τῶν

2153 1698 2263 1767 γὰρ
2294 1696 2475 1767 μόνοις
2518 1696 2874 1768 κεχρημένων
2897 1699 3010 1761 τοῖς
3036 1696 3316 1768 χείλεσινὴ
3340 1697 3463 1751 Θεία
3506 1715 3751 1769 κατηγο-

2081 1822 2125 1877 Β
2154 1792 2240 1861 ρεῖ
2272 1789 2487 1860 Γραφή.
2515 1788 2625 1842 Καὶ
2666 1786 2763 1841 νῦν
2811 1789 2909 1859 μέν
2947 1806 3113 1860 φησιν
3150 1790 3179 1840 6
3230 1791 3523 1877 προφήτης
3588 1789 3751 1860 Ἱερεο

2160 1880 2289 1952 μίας
2305 1879 2438 1949 πρὸς
2470 1878 2561 1932 τὸν
2589 1878 2699 1931 τῶν
2715 1878 2851 1932 ὅλων
2877 1876 3011 1931 Θεόν
3032 1894 3046 1908 ο
3085 1896 3104 1929 ι
3149 1878 3352 1948 Ἐγγύς
3384 1873 3436 1930 εἷ
3462 1878 3507 1909 ⁹¹
3536 1878 3750 1948 στόμασι

2155 1989 2248 2037 τος
2271 1972 2472 2036 αὐτῶν,
2498 1971 2592 2024 καὶ
2612 1972 2801 2042 πόρρω
2829 1970 2937 2023 ἀπὸ
2974 1968 3081 2023 τῶν
3108 1970 3326 2041 νεφρῶν
3343 1970 3523 2024 αὐτῶν
3554 1986 3569 2001 ο
3610 1989 3629 2023 ι
3650 1969 3749 2023 νῦν

2156 2062 2213 2117 δὲ
2229 2062 2389 2126 αύτδς
2418 2064 2446 2115 ὁ
2471 2060 2603 2125 Θεὸς
2624 2060 2711 2115 διὰ
2761 2059 2982 2113 Ἡσαΐου
3009 2058 3105 2113 τοῦ
3140 2060 3422 2133 προφήτου
3475 2060 3749 2115 Ἰουδαίων

2158 2155 2459 2224 κατηγορεῖ
2483 2152 2679 2221 λέγων·
2708 2171 2725 2205 ι
2756 2147 2924 2216 Οὗτος
2952 2153 2980 2205 6
2997 2152 3123 2216 λαὸς
3144 2156 3252 2217 τοῖς
3275 2172 3335 2225 χε
3346 2154 3483 2207 ίλεσί
3502 2172 3572 2226 με
3587 2156 3749 2227 τιμᾷ,

2158 2248 2225 2317 τῇ
2254 2246 2311 2300 δὲ
2326 2245 2525 2317 καρδίᾳ
2545 2244 2736 2317 πόρρω
2761 2244 3074 2315 ἀπέχειάπ’
3104 2244 3261 2314 ἐμοῦ.
3301 2264 3321 2299 ι
3351 2245 3489 2301 Οἱδὲ
3509 2247 3607 2300 νῦν
3631 2248 3751 2300 ίκε-

2158 2338 2410 2401 τεύοντες
2438 2338 2547 2391 ἀπὸ
2570 2338 2664 2391 τοῦ
2694 2336 2895 2407 βάθους
2920 2336 3023 2408 τῆς
3050 2336 3280 2408 καρδίας
3302 2337 3405 2409 τὴν
3425 2337 3595 2411 εὐχὴν
3622 2341 3752 2395 ἀνα-

2159 2430 2463 2500 πέμπουσι.

2231 2522 2299 2594 β’.
2342 2543 2360 2575 ι
2397 2523 2595 2595 Κύριε,
2632 2522 2956 2578 εἰσάκουσον
2982 2524 3083 2596 τῆς
3104 2525 3287 2596 φωνῆς
3322 2525 3753 2598 μου,γενηθήτω

2161 2616 2231 2671 τά
2255 2609 2372 2672 ὧτά
2398 2634 2496 2670 σου
2533 2616 2871 2689 προσέχοντα
2904 2617 2983 2681 είς
3018 2618 3116 2689 τὴν
3150 2616 3336 2688 φωνὴν
3370 2616 3471 2687 τῆς
3509 2616 3753 2687 δεήσεως

2168 2726 2293 2781 μου.
2340 2728 2359 2761 ι
2423 2709 2535 2762 Καὶ
2593 2709 2955 2781 ἀνθρωπίνως
3004 2712 3117 2773 τοῖς
3151 2708 3334 2778 λόγοις
3370 2709 3755 2781 χρησάμενος,

2164 2796 2276 2857 οῐδε
2324 2801 2387 2856 τὸ
2420 2801 2562 2855 θετον
2590 2800 2886 2872 ἀσώματον
2912 2817 2927 2833 ⁸
2962 2801 3063 2872 τὴν
3087 2801 3197 2873 γὰρ
3222 2802 3565 2873 ἀκουστικὴν
3594 2802 3757 2873 ἑνέρυ

2165 2909 2323 2961 γειαν
2379 2891 2475 2947 καὶ
2515 2891 2749 2964 ὀπτικήν
2802 2891 3273 2966 προσηγόρευσεν.
3333 2892 3525 2964 Ἦμῶν
3559 2893 3673 2965 γὰρ
3702 2894 3755 2947 οἱ

2158 2980 2437 3057 ’ὀφθαλμοὶ
2487 2984 2585 3055 τὴν
2628 2985 2864 3056 ὀπτικὴν
2916 2984 3103 3057 ἔχουσι
3154 2985 3405 3056 δύναμιν.
3446 2985 3519 3040 τά
3551 2985 3609 3040 δὲ
3636 2980 3758 3039 ὦτα

2165 3079 2269 3151 τὴν
2315 3079 2649 3149 ἀκουστικὴν
2685 3078 2967 3148 ἐνέργειαν
3014 3076 3337 3149 ἐπιστεύθη.
3384 3077 3442 3131 '0
3470 3077 3532 3131 δὲ
3555 3071 3757 3151 Θεδςῇ

2086 3178 2131 3239 C.
2163 3168 2377 3240 ἀκούει,
2410 3171 2585 3245 ταύτῃ
2630 3172 2724 3225 καὶ
2756 3171 2968 3241 βλέπει,
3003 3171 3099 3225 καὶ
3128 3166 3162 3247 ᾗ
3202 3171 3414 3244 βλέπει,
3445 3171 3626 3246 ταύτῃ
3656 3173 3758 3226 καὶ

2166 3264 2380 3322 ἀκούει.

2236 3362 2307 3425 γ’.
2356 3373 2375 3407 ι
2423 3355 2549 3409 Ἐὰν
2588 3353 2820 3424 ἀνομίας
2873 3354 3273 3426 παρατηρήσῃς
3297 3352 3588 3424 ⁸²,Κύριε.
3625 3371 3645 3407 ι
3694 3354 3756 3408 '0

2165 3447 2276 3501 τῶν
2326 3447 2552 3501 δικαίων
2590 3448 2761 3519 χορὸς
2810 3445 3044 3499 ἱκετεύει
3087 3447 3178 3499 τὸν
3206 3445 3414 3517 Κύριον
3447 3447 3494 3479 ⁹³
3530 3446 3608 3519 μὴ
3632 3451 3755 3509 ταῖς

2166 3537 2463 3610 ἁμαρτίαις
2492 3538 2761 3609 μετρῆσαι
2785 3538 2883 3601 τὰς
2909 3535 3203 3607 τιμωρίας.
3235 3536 3396 3591 Οὖτω
3425 3538 3521 3592 καὶ
3542 3540 3593 3592 οἱ
3628 3542 3758 3612 περὶ

2166 3629 2261 3682 τὸν
2292 3628 2564 3699 μακάριον
2602 3628 2853 3681 Ἀνανίαν
2883 3627 2977 3680 τοῦ
3004 3626 3135 3681 λαοῦ
3169 3626 3265 3690 τὰς
3287 3628 3641 3700 παρανομίας
3673 3631 3757 3701 τῷ

2167 3718 2447 3790 προσώπῳ
2492 3718 2702 3772 ἑαυτῶν
2749 3718 3098 3788 περιέθεσαν.
3127 3738 3145 3770 ι
3179 3718 3376 3790 Κύριε,
3398 3720 3485 3783 τίς
3512 3721 3759 3791 ὑποστή-

2170 3829 2321 3866 σεται
2347 3829 2362 3878 ;
2389 3831 2407 3865 ι
2456 3812 2583 3865 Ἐάν
2605 3814 2714 3882 γὰρ
2748 3811 2973 3874 δικαίως
2996 3813 3065 3864 τὰ
3090 3811 3190 3881 τῆς
3212 3812 3369 3881 δίκης
3401 3813 3685 3885 κατάσχῃς
3706 3815 3758 3846 οδ

2169 3904 2332 3973 ζυγά,
2372 3904 2457 3968 τίς
2503 3902 2685 3965 ἱκανὸς
2713 3903 2811 3973 τὴν
2855 3904 2961 3956 ὑπὸ
2995 3906 3199 3973 ταύτης
3232 3905 3616 3977 ἐκφερομένην
3643 3905 3755 3975 φῆ-

2170 4016 2271 4067 φον
2302 3998 2625 4065 ὑπενεγκεῖν
2657 4013 2671 4063 ;
2702 3996 2917 4067 ἀνάγκη
2966 3997 3075 4066 γάρ
3116 3996 3325 4058 πάντας
3346 3996 3641 4067 ὑπομεῖναι
3662 3998 3757 4050 τὸν

2169 4092 2417 4161 ὀλεθρον.

2240 4183 2302 4235 δ’.
2334 4200 2352 4234 ι
2375 4183 2498 4235 Ὅτι
2534 4181 2682 4251 παρά
2714 4182 2796 4233 σοὶ
2825 4181 2852 4233 ὁ
2889 4180 3117 4251 ίλασμός
3142 4180 3313 4235 ἐστιν.
3348 4198 3368 4232 ι
3402 4179 3594 4249 Ἔχεις
3629 4180 3755 4248 φιλο

2170 4274 2485 4343 ανθρωπίαν
2516 4275 2581 4343 τῇ
2613 4271 2933 4344 δικαιοσύνῃ
2969 4271 3427 4342 συνεζευγμένην,
3450 4272 3549 4323 καὶ
3579 4270 3756 4342 ταύτῃ

2176 4365 2377 4437 μᾶλλον
2429 4363 2701 4431 πέφυκας,
2761 4363 2794 4432 ἢ
2839 4362 3024 4433 ἐκείνῃ
3082 4360 3409 4433 κεχρῆσθαι.
3465 4380 3483 4412 ι
3520 4359 3754 4414 Ἕνεκεν

2170 4458 2265 4511 τοῦ
2313 4456 2575 4527 ὀνόματός
2606 4473 2700 4509 σου
2731 4457 2776 4488 ⁸³
2810 4455 3081 4524 ὑπέμεινά
3114 4473 3191 4520 σε,
3223 4453 3420 4525 Κύριε,
3452 4453 3754 4524 ὑπέμεινεν

488 4552 668 4599 tuum.
711 4564 729 4597 ι
774 4544 880 4601 Pro
917 4560 1127 4609 nomen,
1170 4544 1364 4613 Aquila
1400 4553 1453 4598 ct
1487 4542 1792 4599 Theodotio
1820 4546 2055 4600 timorem

2168 4552 2201 4620 ή
2216 4549 2364 4619 ψυχή
2397 4566 2496 4619 μου
2520 4549 2599 4613 εἰς
2620 4548 2708 4601 τὸν
2732 4547 2891 4616 λόγον
2917 4564 3013 4599 σου
3028 4546 3094 4601 ’⁸.
3110 4566 3127 4597 ι
3151 4547 3292 4599 Ἀντὶ
3315 4544 3409 4598 τοῦ
3430 4546 3753 4611 ὀνόματος.

490 4649 791 4705 verterunt,
819 4640 1182 4712 Symmachus
1216 4649 1396 4695 autem
1432 4639 1617 4710 legem.
1646 4639 1913 4696 Caaterum
1946 4656 2065 4695 ser-

489 4732 672 4787 monis
702 4748 900 4789 sensus
928 4742 1091 4804 patct.
1121 4732 1266 4787 Dicit
1289 4734 1466 4787 enim:
1494 4733 1644 4787 Hanc
1680 4742 1827 4787 tuam
1852 4734 2069 4788 bonita-

490 4833 599 4880 tem
634 4826 815 4881 sciens
859 4827 1008 4897 (nam
1049 4827 1218 4882 veluti
1258 4827 1377 4897 lege
1417 4828 1655 4895 quadam
1688 4826 2064 4881 misericordia

490 4918 714 4988 uteris),
750 4918 1031 4974 meliorem
1056 4935 1206 4989 spem
1241 4934 1351 4973 non
1385 4918 1607 4987 abjicio,
1642 4918 1908 4971 bonorum
1940 4933 2068 4988 pro-

490 5010 812 5066 missionem
854 5020 1199 5081 exspectans.
1247 5009 1382 5065 Nam
1419 5010 1630 5065 verbum
1686 5011 1791 5065 hoc
1845 5011 1899 5069 iu
1949 5011 2070 5065 loco

565 5188 592 5227 ¹ί
620 5186 823 5243 Jerem.
856 5203 946 5252 xu,
976 5186 1031 5239 2.
1117 5188 1132 5224 ι
1166 5186 1270 5243 Isa.
1294 5202 1385 5251 xx,
1420 5186 1504 5239 15.

2169 4645 2197 4696 ὁ
2234 4642 2331 4712 μὲν
2362 4639 2597 4703 Ἀκύλας
2640 4640 2735 4693 καὶ
2764 4642 2792 4693 6
2824 4639 3118 4692 Θεοδοτίων
3149 4638 3337 4707 φόϐον
3360 4638 3754 4707 ήρμήνευσαν,

2167 4735 2225 4788 δ’
2246 4734 2304 4785 δὲ
2344 4732 2644 4803 Σύμμαχος
2690 4732 2897 4800 νόμον.
2925 4731 3073 4801 Δήλη
3119 4730 3175 4783 δὲ
3202 4731 3352 4800 ὅμως
3382 4728 3477 4782 τοῦ
3519 4727 3691 4799 ρητοῦ
3721 4730 3756 4796 ἡ

2168 4824 2400 4877 διάνοια.
2446 4822 2608 4891 Λέγει
2638 4821 2767 4891 γάρ,
2805 4821 2885 4873 ὃτι
2928 4820 3145 4891 Ταύτην
3168 4819 3322 4883 εἰδώς
3364 4837 3459 4872 σου
3487 4819 3591 4890 τὴν
3615 4819 3756 4888 ἀγα-

2170 4915 2369 4985 θότητα
2394 4909 2524 4985 (οἷον
2570 4912 2681 4982 γάρ
2707 4929 2817 4964 τινι
2847 4912 2998 4983 νόμῳ
3022 4913 3292 4982 κέχρησαι
3319 4911 3397 4982 τῷ
3430 4910 3627 4982 ὲλέῳ),
3652 4910 3755 4970 τάς

2170 5008 2540 5080 χρηστοτέρας
2564 5006 2785 5068 ἐλπίδας
2810 5006 2909 5059 οὐκ
2949 5004 3299 5075 ἀπαγορεύω,
3328 5004 3621 5074 ἀναμένων
3647 5002 3756 5056 τῶν

1583 5338 1820 5395 VARIA‘J
1875 5338 2260 5395 LECTIONES
2309 5338 2396 5392 ET
2433 5338 2662 5393 NOTAE.

565 5434 610 5466 ⁸⁷
649 5432 841 5503 Ὺμᾱς.
875 5430 1034 5487 Prior
1085 5431 1251 5487 editio
1308 5427 1546 5503 habebat
1602 5429 1783 5503 ἡμᾶς,

495 5498 731 5560 lavimus
754 5519 876 5558 cum
909 5510 1146 5571 recepta,
1179 5498 1507 5571 auctoritate
1566 5498 1772 5552 codicis
1822 5499 1887 5571 j.

496 5578 572 5630 ib.
609 5574 909 5643 prmm.,"0.
988 5568 1175 5643 "Ei.
1227 5572 1300 5625 ib.
1332 5568 1601 5643 sequilut;
1640 5571 1704 5620 σὺ
1754 5568 1869 5622 τοῦ.

496 5641 752 5712 tria—mc.
815 5644 937 5697 cod.
997 5644 1017 5694 1
1080 5641 1342 5712 ὑπόσχῃς.

496 5692 963 5769 ἔδῦῗ³¹ὐέι>ἕῖῑη
1004 5692 1175 5767 peribo,
1204 5692 1319 5779 ε’]ίῖέ
1359 5724 1500 5777 spem
1539 5711 1710 5777 posui.
1754 5708 1858 5765 Sed
1912 5692 2047 5766 ἠὅτι

499 5800 751 5853 persona.

1418 5639 1465 5671 ’⁸
1532 5639 1784 5691 Ἕνεκεν
1826 5638 1932 5690 τοῦ
1974 5638 2055 5703 ,όν

2166 5639 2277 5703 [τός
2341 5656 2478 5692 σου.
2514 5637 2697 5692 Πρω.
2753 5648 2810 5690 ut
2863 5639 3122 5691 timearis.
3200 5639 3246 5669 ⁹⁶

1842 5444 2005 5498 quam
2051 5427 2363 5489 lectionem,
2417 5444 2539 5497 qua:
2584 5428 2746 5482 unius
2803 5428 3009 5483 Aldina:
3062 5428 3169 5482 [ide
3223 5428 3435 5488 nititur,
3500 5439 3755 5479 commu-

1842 5499 1887 5550 Ι.
1963 5498 2008 5528 ⁸⁸
2060 5498 2181 5550 cod.
2256 5498 2279 5550 1
2354 5499 2640 5550 παρόντες.
2717 5498 2763 5529 ⁸⁸
2824 5499 2943 5550 cod.
3020 5499 3038 5550 Ι
3098 5498 3416 5550 ἐφθέγξατο.
3494 5497 3542 5527 ⁹⁰
3606 5493 3753 5548 Τῶν.

1990 5514 2008 5527 ⁵
2060 5514 2181 5551 C00.

1946 5568 1991 5597 θ’
2006 5569 2143 5639 γροιι.
2220 5569 2235 5619 Ι
2304 5586 2522 5638 παρατη
2533 5570 2693 5639 ρᾼήσῃ.

2354 5493 2640 5568 παρόντες.
2717 5498 2763 5529 ⁸⁸
2824 5499 2943 5551 cod.
3020 5499 3038 5551 Ι
3098 5498 3416 5566 ἐφθέγξατο.
3494 5497 3542 5527 ⁹⁰
3606 5493 3753 5548 Τῶν.

2354 5570 2693 5619 αοατηοήση.
2769 5568 2813 5601 ⁸⁸
2877 5568 3115 5619 Κύοιον.
3166 5569 3237 5619 il).
3306 5568 3459 5619 Θεόν.
3572 5566 3621 5596 ⁸⁸
3648 5569 3753 5618 Κα-

3351 5582 3459 5619 εον.
3573 5582 3621 5596 ”
3648 5582 3759 5618 na-

3302 5639 3405 5699 Εὶς
3435 5636 3543 5687 τὸν
3569 5637 3756 5702 λόγον

2769 5568 2813 5601 ⁸⁸
2877 5568 3115 5634 Κύριον.
3166 5569 3237 5621 il).

2049 5717 2109 5767 τι
2140 5708 2204 5761 ad
2258 5711 2564 5777 proximum
2604 5724 2746 5762 vers.
2798 5708 3098 5762 retulerunt
3130 5708 3180 5760 οἱ
3226 5706 3307 5772 0⁸,
3342 5716 3553 5760 mutata
3605 5704 3753 5759 verbi
