3996 6490
230 329 371 394 1901

1598 332 1681 394 ΙΝ
1712 333 1915 394 PSAL.
1955 334 2180 394 CXXX.

3384 335 3520 421 19.02

228 439 460 510 ἀγαθῶν
510 438 613 511 τὴν
663 438 983 509 ὑπόσχεσιν.
1014 440 1210 508 Λόγον
1264 441 1372 511 γάρ
1424 440 1670 495 ἐνταῦθα
1728 441 1824 512 τὴν

1935 441 2135 496 bonam
2170 440 2591 510 promissionem
2625 443 2874 498 vocavit:
2906 443 3298 516 benignitatem
3332 458 3516 516 autem

228 530 457 602 ἀγαθὴν
506 530 802 600 ὑπόσχεσιν
854 529 1093 601 κέκληκε
1118 546 1132 559 ο
1168 529 1585 603 φιλανθρωπίαν
1612 531 1670 584 δὲ
1716 534 1833 596 τοῖς

230 622 595 695 μετανοοῦσιν
627 622 915 692 ὑπέσχετο.

305 723 369 771 ε’.
416 735 433 768 ι
473 716 795 786 Ἤλπισενὴ
822 714 969 786 ψυχή
1006 732 1108 786 μου
1140 714 1235 769 ἐπὶ
1261 715 1353 768 τὸν
1381 715 1608 787 Κύριον,
1643 716 1754 769 ἀπὸ
1786 718 1830 750 ⁸⁷

230 808 485 878 φυλακῆς
518 808 734 877 πρωῒας
760 805 922 876 μέχρι
954 807 1169 870 νυκτός.
1214 824 1232 857 ι
1275 806 1425 859 Ἀντὶ
1461 808 1577 872 τοῦ,
1612 806 1699 861 διὰ
1722 808 1831 861 πά-

231 917 338 971 σης
374 899 589 970 ἡμέρας
617 916 631 929 ⁶
668 897 917 969 φυλακὴ
949 898 1059 969 γάρ
1091 899 1281 966 πρωΐα
1312 900 1345 969 ἡ
1390 897 1678 951 τελευταία
1712 896 1830 968 ῶρα

227 993 332 1063 τῆς
381 991 577 1055 νυκτός
605 1008 618 1021 ο
654 991 704 1044 οἱ
730 991 838 1061 γὰρ
873 990 1178 1043 τελευταῖοι
1206 989 1451 1059 φύλακες
1486 987 1652 1061 μέχρι
1683 988 1831 1042 ὲκεί-

229 1104 326 1139 νου
360 1086 694 1154 φυλάττουσι
724 1084 817 1138 τοῦ
848 1082 1067 1155 καιροῦ.

305 1185 385 1243 ς’.
434 1196 453 1229 ι
494 1178 629 1231 Ἀπὸ
687 1177 936 1248 φυλακῆς
968 1176 1184 1247 πρωῖας
1213 1175 1259 1208 ³⁸
1296 1174 1576 1229 ὲλπισάτω
1612 1173 1830 1246 Ἰσραὴλ

230 1270 327 1323 ἐπὶ
373 1272 466 1324 τὸν
511 1270 740 1341 Κύριον.
772 1288 791 1320 ι
838 1269 952 1322 Οὐκ
982 1271 1027 1301 ³³
1059 1267 1359 1340 ἀρκοῦνται
1392 1268 1443 1321 οί
1479 1268 1682 1322 δίκαιοι
1732 1268 1830 1339 μό-

228 1379 321 1414 νον
357 1363 373 1393 ¹
425 1361 526 1432 τῆς
567 1364 644 1424 εἰς
696 1360 829 1414 Θεδν
863 1359 1080 1423 ἐλπίδος
1118 1358 1265 1430 ἔχειν
1290 1358 1382 1412 τὸν
1402 1358 1657 1421 πλοῦτον,
1691 1358 1831 1412 ἀλλὰ

230 1454 329 1507 καὶ
377 1455 505 1517 τοὺς
550 1453 745 1516 ἄλλους
795 1451 1047 1515 ἅπαντας
1092 1451 1185 1504 ἐπὶ
1237 1450 1333 1520 τὴν
1385 1450 1578 1519 ὁμοίαν
1631 1449 1827 1521 κτῆσιν

232 1546 635 1617 προτρέπουσι,
696 1547 791 1599 καὶ.
840 1545 903 1598 τὸ
962 1542 1213 1597 ἐντεῦθεν
1269 1541 1539 1614 φυόμενον
1598 1540 1821 1613 δηλοῦσι

232 1638 453 1709 κέρδος.

303 1730 375 1792 ζ’.
420 1747 439 1780 ι
476 1728 597 1781 Ὀτι
650 1726 802 1798 παρὰ
834 1725 914 1796 τῷ
952 1726 1147 1797 Κυρίῳ
1184 1723 1245 1778 τὸ
1284 1723 1452 1788 ἔλεος,
1498 1724 1596 1778 καὶ
1654 1720 1824 1793 πολλὴ

1935 534 2331 604 ρωιιίιεηιίὺιιε
2362 532 2641 604 pollicitus
2670 544 2771 589 est.

2004 718 2173 774 Vens.
2205 718 2258 774 5.
2305 737 2323 769 ι
2378 717 2635 789 Speravit
2683 718 2867 773 anima
2914 733 3037 773 mea
3084 718 3137 773 in
3171 718 3442 785 Domino,
3482 735 3515 774 a

1933 810 2181 865 custodia
2211 809 2477 863 matutina
2510 811 2767 879 usquead
2788 819 3024 865 noctem.
3052 829 3070 861 ι
3089 808 3257 876 Quasi
3285 811 3511 879 diceret,

1934 910 2047 957 toto
2074 901 2197 956 die:
2230 901 2678 972 quandoquidem
2710 903 2969 955 matutina
3003 902 3244 955 custodia
3276 902 3513 958 novissi-

1932 1013 2020 1051 ma
2067 1005 2151 1053 est
2191 998 2367 1053 noctis
2414 997 2554 1052 hora
2596 1015 2609 1051 :
2658 996 2923 1066 poStremi
2966 997 3116 1052 enim
3160 996 3414 1052 custodes
3443 995 3511 1052 ad

1932 1088 2062 1143 illud
2097 1103 2270 1158 usque
2299 1096 2518 1160 tempus
2544 1088 2837 1143 excubant.

2005 1180 2167 1236 Vens.
2200 1180 2252 1234 6.
2295 1199 2313 1231 ι
2354 1181 2398 1234 A
2435 1181 2683 1237 custodia
2716 1181 2983 1236 matutina
3023 1187 3205 1251 speret
3247 1180 3411 1236 Israel
3456 1179 3510 1234 in

1932 1268 2190 1327 Domino.
2234 1289 2252 1320 ι
2287 1267 2403 1323 Non
2447 1268 2691 1324 contenti
2734 1279 2863 1323 sunt
2898 1268 3036 1339 justi
3070 1269 3247 1323 solum
3287 1268 3512 1323 divitias

1931 1362 2042 1431 spei
2072 1361 2126 1416 in
2160 1360 2272 1416 Deo
2307 1361 2604 1417 collocatas
2636 1361 2860 1424 habere,
2896 1375 3087 1416 verum
3118 1360 3280 1414 etiam
3318 1373 3511 1414 omnes

1931 1454 2069 1508 alios
2120 1454 2190 1508 ad
2251 1454 2487 1509 similem
2548 1454 2956 1522 possessionem
3003 1452 3404 1524 adhortantur,
3456 1464 3512 1506 et

1930 1545 2171 1601 fructum
2200 1545 2292 1614 qui
2320 1544 2449 1599 hinc
2479 1543 2728 1614 provenit
2748 1544 3050 1599 declarant.

2001 1723 2164 1777 Vens.
2200 1726 2251 1777 7.
2288 1742 2307 1775 ι
2336 1722 2475 1790 Quia
2507 1723 2649 1793 apud
2680 1721 2974 1777 Dominum
2997 1730 3082 1779 est
3108 1720 3507 1782 misericordia,

232 1826 367 1895 παρ’
393 1821 541 1892 αὐτῷ
568 1822 856 1893 λύτρωσις.
890 1838 907 1869 ι
934 1816 1395 1891 [³Φιλοικτίρμων
1422 1816 1531 1886 γὰρ
1568 1818 1665 1869 καὶ
1699 1815 1822 1883 φιλ-

1935 1827 1983 1870 et
2034 1816 2258 1885 copiosa
2316 1815 2460 1886 apud
2514 1831 2638 1871 eum
2700 1817 3024 1886 redemptio.
3081 1836 3100 1868 ι
3158 1814 3511 1888 [Misericors

233 1916 522 1987 ἅνθρωπος
594 1916 624 1969 6
670 1913 969 1981 Δεσπότης,
1034 1911 1128 1965 καί
1179 1914 1292 1973 τοῖς
1358 1906 1820 1980 μεταμελομένοις

232 2009 471 2081 παρέχει
501 2008 602 2079 τὴν
634 2001 958 2077 σωτηρίαν.]

305 2192 381 2265 η’.
426 2212 444 2244 ι
470 2191 583 2245 Καὶ
620 2190 785 2253 αὐτὸς
810 2186 1151 2260 λυτρώσεται
1177 2184 1268 2240 τὸν
1298 2184 1519 2256 Ἰσραὴλ
1541 2185 1605 2238 ὲκ
1627 2184 1820 2238 πασῶν

232 2286 344 2341 τῶν
391 2283 632 2355 ἀνομιῶν
671 2280 863 2337 αὐτοῦ.
904 2300 922 2332 ι
965 2279 1276 2351 Πρόρῥησιν
1316 2279 1345 2331 6
1383 2277 1540 2347 λόγος
1582 2278 1694 2348 ἔχει
1722 2278 1820 2348 τὴν

232 2376 376 2431 κατὰ
414 2375 509 2429 τὸν
568 2373 869 2443 Δεσπότην.
923 2370 1098 2433 Αὐτὸς
1154 2369 1269 2438 γάρ
1298 2370 1447 2421 ἐστιν
1478 2370 1506 2422 ό
1527 2368 1698 2438 ἀμνὸς
1723 2368 1818 2422 τοῦ

231 2470 394 2535 Θεοῦ,
435 2472 462 2522 6
509 2469 680 2538 αῐρων
729 2465 829 2537 τὴν
862 2464 1141 2535 ἁμαρτίαν
1168 2460 1263 2516 τοῦ
1291 2460 1517 2530 κόσμου.
1544 2459 1702 2513 Οὐτω
1725 2459 1820 2514 καὶ

229 2564 431 2625 ὁθεῖος
493 2560 599 2630 ἔφη
654 2556 901 2630 Γαϐριὴλ
959 2555 1096 2626 πρὸς
1149 2554 1249 2625 τὴν
1300 2552 1464 2620 ἁγίαν
1494 2553 1815 2622 Παρθένονο

237 2676 254 2705 ι
294 2654 443 2725 Τέξῃ
469 2652 605 2717 υἱὸν,
654 2651 753 2704 καὶ
797 2648 1050 2712 καλέσεις
1072 2647 1134 2701 τὸ
1171 2646 1344 2717 ὄνομα
1381 2643 1548 2698 αὐτοῦ
1583 2644 1818 2714 Ἰησοῦν,

230 2747 316 2799 ὃτι
344 2744 509 2808 αὐτὸς
543 2741 709 2797 σώσει
746 2741 839 2796 τὸν
882 2740 1011 2795 λαὸν
1044 2737 1212 2793 αὐτοῦ
1246 2736 1356 2792 ἀπὸ
1394 2735 1505 2790 τῶν
1535 2737 1820 2808 ἁμαρτιῶν

232 2838 437 2894 αὐτῶν.
480 2856 501 2890 ι

514 2946 517 2947 ⁷
556 2949 826 3004 EPMHN.
876 2947 1013 3002 ΤΟΥ
1042 2944 1144 3000 PA'
1174 2944 1501 2999 ΨΑΛΜΟΥ.

303 3073 377 3122 α’.
429 3085 448 3120 ι
483 3065 605 3137 ’ῼδὴ
634 3064 742 3117 τῶν
803 3061 1011 3117 ἁναϐαθ
1023 3060 1139 3132 μῶν
1170 3061 1211 3115 ³.
1252 3078 1272 3113 ι
1305 3058 1821 3131 Ταπεινοφροσύνην

233 3163 263 3214 ό
301 3158 649 3232 προφητικὸς
681 3156 1001 3211 ὲκπαιδεύει
1026 3153 1207 3223 λόγος,
1236 3152 1332 3207 καὶ
1353 3152 1460 3205 τῶν
1476 3151 1683 3221 ταύτης
1702 3153 1830 3220 ἐρα-

236 3252 381 3306 στῶν
421 3251 633 3320 εἰσάγει
672 3249 734 3302 τὸ
773 3248 1070 3320 πρόσωπον
1097 3242 1577 3316 προσευχομένων,
1615 3243 1823 3296 καὶτὸν

234 3348 370 3401 Θεὸν
413 3345 811 3417 λιπαρούντων.
865 3362 884 3395 ‹
926 3341 1129 3413 Κύριε,
1168 3340 1264 3409 οὐχ
1321 3337 1511 3409 ὑψώθη
1545 3339 1579 3408 ή
1625 3337 1825 3408 καρδία

240 3460 368 3513 μου.
414 3461 432 3493 ι
471 3443 582 3512 Τῆς
638 3440 868 3511 καρδίας
907 3436 968 3491 τὸ
1000 3436 1133 3507 ὐψος
1180 3435 1240 3487 οὐ
1276 3433 1457 3504 μόνοις
1495 3434 1605 3495 τοῖς
1631 3431 1823 3485 δυσσε-

236 3534 412 3600 ϐέσιν,
430 3532 567 3586 ἀλλὰ
594 3532 820 3593 καὶτοῖς
842 3528 1023 3597 ἁγίοις
1056 3526 1407 3597 λυμαίνεται.
1442 3524 1553 3578 Kal.
1582 3523 1825 3577 διδάσκει

234 3624 347 3677 τῶν
410 3621 912 3694 Παραλειπομένων
970 3620 1004 3691 ἡ
1046 3617 1259 3689 ἱστορία
1293 3613 1545 3687 περὶτοῦ
1577 3611 1823 3677 Ἐζεκίου

234 3715 334 3771 τοῦ
376 3714 639 3778 εὐσεϐοῦς
659 3713 897 3781 λέγουσα
930 3710 1221 3782 βασιλέως,
1269 3728 1287 3761 ι
1327 3708 1453 3760 Ὅτι
1482 3704 1824 3775 ἐταπεινώθη

234 3810 346 3863 ἀπὸ
372 3806 466 3862 τοῦ
486 3808 654 3878 ὕψους
681 3807 782 3875 τῆς
809 3804 1042 3872 καρδίας
1073 3802 1262 3857 αὐτοῦ.
1300 3819 1319 3854 ι
1360 3799 1459 3852 Διά
1483 3796 1644 3851 τοῦτο
1677 3796 1769 3851 καὶ
1795 3798 1824 3849 6

234 3901 447 3972 Κύριος
474 3902 589 3962 τοῖς
613 3899 777 3970 ἱεροῖς
817 3882 984 3949 αὐτοῦ
1023 3894 1281 3965 παραινεῖ
1310 3891 1582 3963 μαθηταῖς
1608 3889 1782 3957 λέγων
1803 3904 1820 3921 ο

240 4013 258 4045 ι
284 3995 402 4056 Πᾶς
432 3995 459 4045 6
483 3990 755 4045 ταπεινῶν
776 3989 966 4042 ἑαυτὸν
986 3985 1455 4057 ὐψο›θήσεται,κα“ι
1480 3985 1508 4035 6
1533 3981 1683 4051 ὐψῶν
1704 3982 1823 4034 ἑαυο

230 4083 327 4135 τὸν
380 4079 873 4150 ταπεινωθήσεται.
910 4096 928 4127 ι
959 4107 1029 4118 --
1060 4094 1078 4128 t
1115 4075 1249 4128 Οὐδὲ
1272 4072 1752 4145 ἐμετεωρίσθησαν
1771 4074 1820 4126 οί

230 4172 507 4243 ὀφθαλμοί
559 4188 682 4242 μου.
718 4190 736 4223 ›
780 4170 944 4223 Ἰδιον
982 4168 1091 4220 τῶν
1120 4166 1488 4236 ὑπερηφάνων
1513 4164 1611 4227 τὰς
1648 4164 1821 4235 ὀφρῦς

232 4266 509 4335 ἐπαίρειν,
540 4264 635 4315 καὶ
656 4263 756 4333 τὴν
795 4260 996 4331 γνάθον
1031 4259 1231 4329 φυσᾷν,
1263 4257 1362 4311 καὶ
1392 4257 1610 4309 πάντων
1648 4257 1820 4327 ὑπερ-

234 4360 479 4430 φρονεῖν.
535 4358 597 4409 Ol.
647 4356 703 4410 δὲ
725 4355 820 4408 τοῦ
874 4353 1081 4414 πάθους
1131 4349 1567 4421 ἀπηλλαγμένοι,
1620 4350 1719 4420 οὐχ
1745 4350 1820 4413 ὡς

1933 1910 2147 1982 1504
2175 1912 2320 1965 enim
2357 1919 2411 1965 et
2446 1912 2730 1965 hominum
2764 1911 3179 1966 amantissimus
3206 1920 3288 1964 est
3319 1907 3509 1963 Domi-

1929 2017 2055 2065 nus,
2096 2002 2273 2070 iisque
2330 2002 2424 2071 qui
2487 2002 2824 2071 pmnitentize
2862 2002 3042 2058 locum
3083 2002 3237 2068 dant,
3272 2000 3508 2055 salutem

1926 2096 2199 2169 pra’stat.]

2005 2189 2169 2244 Vens.
2204 2189 2257 2244 8.
2293 2208 2312 2242 ‹
2351 2191 2421 2245 Ει
2453 2190 2570 2261 ipse
2594 2191 2826 2247 redimet
2866 2189 3122 2247 lsraelem
3151 2204 3221 2245 ex
3249 2186 3506 2244 omnibus

1926 2281 2313 2351 iniquitatibus
2337 2283 2477 2353 ejus.
2518 2303 2538 2336 ι
2576 2284 3036 2341 Vaticinationem
3057 2283 3237 2339 oratio
3260 2280 3509 2338 continet

1926 2374 1994 2429 de
2019 2373 2277 2431 Domino.
2304 2377 2429 2446 Ipse
2457 2377 2603 2432 enim
2631 2386 2716 2434 est
2746 2393 2920 2450 agnus
2954 2377 3069 2443 Dei,
3097 2376 3193 2447 qui
3224 2374 3508 2444 tollitpec-

1926 2474 2048 2522 cata
2077 2469 2270 2525 mundi
2297 2480 2358 2524 ω.
2391 2469 2483 2526 Sic
2504 2471 2669 2527 etiam
2707 2471 2930 2527 divinus
2961 2471 3184 2527 Gabriel
3215 2466 3507 2525 sanctissi-

1926 2574 2030 2612 ma:
2050 2557 2261 2630 Virgi‘ni
2290 2562 2495 2632 inquit:
2517 2581 2535 2614 ι
2557 2562 2744 2619 Paries
2766 2564 2960 2629 ﬁlium,
2988 2572 3042 2618 et
3063 2563 3285 2618 vocabis
3308 2574 3509 2618 nomen

1926 2650 2048 2720 ejus
2091 2650 2271 2719 Jesus,
2313 2657 2576 2725 quoniam
2625 2656 2743 2727 ipse
2789 2657 3003 2714 salvum
3045 2656 3208 2713 faciet
3244 2653 3506 2726 p0pulum

1926 2759 2087 2799 suum
2119 2760 2149 2801 a
2181 2748 2420 2816 peccatis
2450 2764 2644 2805 eorum
2671 2759 2722 2805 ιι.
2763 2768 2784 2803 ι

2280 2935 2299 2955 ⁸
2339 2931 2615 2988 INTERP.
2648 2933 2908 2990 PSALMI
2941 2933 3153 2990 CXXX.

2000 3044 2166 3103 Vens.
2208 3047 2261 3101 1.
2320 3065 2339 3098 ί
2396 3046 2686 3104 Canticum
2722 3049 3014 3119 graduum.
3077 3066 3097 3101 ι
3150 3047 3508 3118 Prophet.cus

1854 3156 1897 3215 ο
1931 3154 2112 3195 sermo
2143 3139 2509 3194 humilitatem
2548 3141 2729 3207 docet,
2759 3151 2814 3197 et
2844 3142 3063 3197 illorum
3093 3143 3185 3213 qui
3215 3143 3355 3199 hanc
3382 3144 3507 3199 dili-

1926 3240 2079 3302 gunt,
2111 3248 2403 3301 personam
2428 3234 2658 3300 inducit,
2692 3251 2791 3291 ceu
2821 3237 3190 3305 precantium,
3224 3235 3511 3308 Deumque

1925 3327 2343 3382 obtestantium.
2397 3345 2416 3379 ι
2460 3327 2715 3393 Domine,
2760 3344 2870 3383 non
2934 3337 3021 3385 est
3060 3328 3359 3385 exaltatum
3414 3343 3511 3385 cor

1926 3434 2130 3474 meum.
2155 3439 2173 3471 ι
2194 3419 2393 3475 Cordis
2412 3420 2643 3475 altitudo
2663 3436 2769 3476 non
2796 3421 2962 3474 modo
2988 3421 3206 3491 impios,
3225 3421 3321 3475 sed
3341 3420 3507 3475 etiam

1928 3509 2311 3563 sanctissimos
2363 3508 2508 3562 laedit
2551 3513 2719 3564 viros.
2767 3508 2834 3564 Et
2876 3510 2980 3565 hoc
3023 3510 3183 3565 docet
3224 3508 3508 3579 Paralipo-

1927 3617 2127 3656 menon
2163 3600 2413 3665 historia,
2438 3601 2505 3656 de
2534 3602 2625 3671 pio
2651 3616 2775 3670 rege
2803 3601 3034 3657 Ezecbia
3066 3603 3285 3658 dicens:
3311 3621 3329 3654 ι
3358 3602 3508 3669 Quo-

1928 3694 2073 3747 niam
2118 3693 2439 3748 humiliatus
2473 3703 2557 3751 est
2603 3694 2675 3749 ab
2720 3694 3009 3749 altitudine
3048 3695 3227 3751 cordis
3255 3694 3341 3750 sui
3379 3696 3445 3749 η’.
3479 3713 3500 3747 ι

1927 3783 2222 3854 Pr0pterea
2268 3785 2433 3839 etiam
2487 3785 2753 3839 Dominus
2795 3800 2986 3841 sacros
3031 3801 3161 3841 suos
3205 3784 3505 3856 discipulos

1925 3876 2249 3929 adhortatur
2284 3876 2473 3932 dicens
2506 3891 2520 3929 :
2561 3895 2581 3929 ι
2613 3875 2826 3941 Omnis,
2878 3877 2970 3947 qui
3014 3892 3072 3933 se
3114 3876 3502 3943 liumiliaverit,

1924 3967 2272 4031 exaltabitur,
2321 3978 2374 4021 ct
2418 3967 2511 4037 qui
2544 3982 2602 4022 se
2624 3968 2853 4032 exultat,
2879 3966 3261 4021 humiliabitur
3297 3976 3340 4021 °.
3379 3986 3398 4020 ι
3436 3998 3507 4012 —~

1929 4075 1948 4109 ι
1988 4058 2173 4128 Neque
2205 4059 2331 4113 elati
2368 4067 2497 4113 sunt
2527 4058 2671 4113 oculi
2708 4058 2835 4111 mei.
2868 4076 2885 4109 ι
2917 4056 3205 4127 Proprium
3239 4060 3503 4128 superbo-

1924 4166 2046 4205 rum
2093 4159 2195 4215 est,
2250 4150 2542 4219 supercilia
2593 4150 2823 4220 erigere,
2857 4158 2913 4204 et
2948 4150 3151 4204 buccas
3194 4147 3407 4213 inﬂare,
3450 4158 3506 4203 et

1923 4259 2114 4299 omnes
2165 4244 2466 4312 despicere.
2514 4242 2618 4308 Qui
2664 4257 2796 4301 vero
2851 4241 2920 4295 ab
2973 4242 3075 4296 hoc
3133 4242 3327 4295 morbo
3375 4254 3505 4295 sunt

1924 4336 2104 4401 liberi,
2148 4350 2256 4389 non
2294 4336 2397 4389 hoc
2440 4333 2641 4389 docent
2670 4332 2909 4403 iudicem
2941 4341 3199 4402 tanquam
3232 4333 3501 4397 nescium,

235 4449 539 4516 ἀγνοοῦντα
600 4445 919 4499 διδάσκουσι
961 4442 1123 4495 τοῦτο
1185 4440 1281 4492 τὸν
1324 4439 1540 4510 κριτὴν,
1596 4438 1712 4492 ἁλλ’
1744 4440 1820 4502 ὼς

1935 4428 2021 4484 sed
2061 4438 2320 4497 tanquam
2366 4426 2632 4481 scientem
2685 4424 2738 4479 in
2786 4424 3166 4481 testimonium
3212 4424 3500 4478 advocant.

236 4539 419 4593 εἰδότα
471 4536 728 4591 καλοῦσιν
781 4537 862 4600 είς
912 4532 1241 4605 μαρτυρίαν.
1286 4548 1304 4582 ι
1347 4531 1483 4585 Οὐδὲ
1515 4530 1819 4599 ἐπορεύθην

235 4633 295 4682 ἐν
330 4628 614 4699 μεγάλοις.
643 4647 662 4679 ι
704 4628 762 4680 Ὀ
788 4627 844 4680 δὲ
875 4625 1194 4695 Σύμμαχος,
1226 4623 1297 4676 ἐν
1315 4623 1779 4692 μεγαλειότησιν
1802 4640 1816 4653 °

232 4723 261 4773 6
287 4721 347 4774 δὲ
383 4719 618 4781 Ἀκύλας
654 4718 698 4785 ⁸,
724 4720 796 4772 ἐν
832 4716 1310 4788 μεγαλωσύναις.
1352 4735 1369 4767 ι
1425 4714 1558 4767 Οὐδὲ
1585 4714 1641 4765 ὲν
1682 4713 1817 4767 θαυ-

236 4810 453 4882 μασίοις
493 4811 631 4880 ὑπὲρ
686 4810 807 4879 ὲμέ.
848 4828 867 4860 ι
917 4808 974 4862 Ὀ
1013 4807 1035 4838 ⁸
1067 4805 1123 4859 δὲ
1165 4805 1461 4875 Σύμμαχος
1492 4805 1532 4867 ⁸,
1569 4802 1723 4856 Οὐδὲ
1747 4804 1819 4857 ἐν

231 4901 725 4970 ὑπερϐάλλουσιν
744 4899 895 4968 ὑπὲρ
921 4899 1047 4968 ἐμέ.
1078 4897 1226 4950 Ἀντὶ
1245 4897 1362 4961 τοῦ,
1389 4895 1657 4966 Ἑμαυτὸν
1686 4896 1815 4964 ἐμέ-

1929 4539 1947 4571 ι
1994 4520 2181 4590 Neque
2233 4520 2504 4575 ambulavi
2555 4520 2608 4573 in
2663 4520 2900 4589 magnis.
2942 4538 2960 4570 ι
3010 4517 3397 4589 Symmachus,
3446 4517 3505 4571 in

1922 4612 2324 4682 majestatibus;
2349 4613 2545 4682 Aquila
2574 4612 2786 4682 1505
2817 4627 2966 4677 vero,
2993 4612 3047 4665 in
3069 4611 3497 4681 magniﬁcenlit‘s.

1930 4727 1948 4759 ‹
1981 4706 2167 4777 Neque
2198 4707 2251 4760 in
2290 4707 2453 4761 rebus
2484 4722 2572 4759 me
2596 4704 3054 4758 mirabilioribns.
3096 4723 3112 4754 ›
3145 4704 3212 4757 At
3242 4702 3500 4773 Symmao

1921 4802 2092 4856 clttts:
2126 4799 2309 4870 Neque
2336 4801 2389 4852 in
2418 4796 2906 4851 transcendentibus
2933 4812 3092 4865 super
3121 4813 3219 4850 me.
3247 4794 3362 4850 Hoc
3393 4804 3496 4860 est,

1921 4893 2199 4962 Meipsum
2230 4890 2514 4953 metiebar,
2546 4898 2599 4942 et
2628 4903 2748 4956 quae
2780 4887 3096 4958 dignitatem
3129 4902 3306 4941 meam
3338 4900 3498 4941 exce—

230 5009 419 5063 τρουν,
458 4994 554 5045 καὶ
601 4995 714 5056 τοῖς
775 4990 1178 5061 ὑπερϐάλλουσί
1224 5006 1327 5060 μου
1375 4988 1476 5059 τὴν
1514 4986 1673 5055 ἀξίαν
1713 4988 1814 5040 οὐκ

1935 4987 2141 5050 lebant,
2163 5000 2270 5039 non
2302 4998 2423 5037 sum
2447 4995 2759 5052 aggressus.

233 5084 590 5155 ἐπεχείρησα.

270 5208 309 5228 ’³
340 5152 500 5253 loan.
528 5196 678 5265 1,29.
752 5207 781 5235 ιι
815 5196 947 5253 Luc.
981 5212 1023 5262 ι,
1056 5197 1148 5252 51.
1223 5198 1273 5233 η’
1298 5195 1344 5250 ll
1382 5195 1567 5251 Paral.
1616 5210 1789 5257 xxsn,
1822 5207 1824 5218 ‘

1994 5209 2014 5229 o
2051 5182 2184 5235 Luc.
2215 5192 2366 5241 xvnt,
2404 5177 2490 5234 l4.

1300 5327 1538 5383 VARI/E
1582 5325 1968 5382 LECTIONES
2006 5322 2095 5377 ET
2126 5318 2364 5377 ΝΟΤΕ.

299 5448 349 5482 ’⁷
398 5443 912 5509 Ἀπὸ-νυκτός.
960 5440 1126 5497 llebr.
1185 5438 1314 5494 Plus
1394 5456 1551 5509 quam
1636 5438 1724 5509 illi
1774 5438 1863 5507 qui
1924 5436 2220 5509 custodiam
2289 5432 2479 5486 habent
2560 5432 2655 5509 sub
2715 5444 3016 5509 auroram“,
3057 5430 3150 5499 qui
3197 5430 3495 5484 custodiam

233 5500 441 5572 habent
468 5516 562 5569 sub
598 5500 914 5567 diluculum.
990 5516 1036 5545 θδ
1078 5511 1213 5565 Ἀπὸ
1244 5500 1662 5578 φυλᾙπρωΐας.
1690 5500 1811 5562 Haec
1846 5510 1896 5560 in
1929 5508 2051 5578 eod.
2087 5507 2241 5559 Alex.
2272 5510 2492 5578 exstant
2528 5500 2770 5578 quidem,
2798 5500 3101 5578 seﬁdualiena
3125 5510 3315 5578 sn_nt_a
3343 5509 3494 5578 textu

232 5570 396 5644 llébr.
473 5587 518 5617 "
561 5588 681 5640 οὐκ
711 5612 780 5624 -—
805 5582 1040 5651 κέρδος.
1076 5570 1334 5651 Οννίςοῖιὶε
1360 5570 1558 5633 nomen
1595 5570 1708 5651 haec
1738 5594 1865 5651 piae
1899 5577 2188 5651 sederunt
2222 5572 2364 5643 apud
2403 5570 2635 5651 Cord_L_l.
2669 5587 2719 5626 e.
2747 5586 2802 5651 ρ.
3008 5572 3058 5651 ,³
3096 5570 3277 5651 cod._l

3319 5571 3495 5639 μόνοι.

232 5638 469 5713 Tia—eoa.
496 5658 541 5712 ι.
574 5638 585 5640 ⁷
618 5656 638 5686 ³
680 5652 801 5709 Τῶν
826 5638 1205 5721 ἀὶραϐἀθμῶνῖ
1238 5649 1359 5705 cod.
1389 5651 1542 5721 Alex.
1581 5650 1705 5701 add.
1738 5638 1814 5721 τῷ

1935 5647 2029 5721 δίδη,
2062 5638 2334 5721 praeeunte
2354 5640 2706 5721 _te:_<tu.Hebr_.
2747 5638 2763 5641 ’
2783 5642 2804 5671 δ
2844 5641 3124 5721 ’ᾼκύλαςί
3150 5640 3274 5721 eod.
3305 5638 3329 5691 l
3357 5638 3491 5691 Θεο-

230 5727 441 5782 δοτίων.
473 5727 609 5781 Huic
660 5724 889 5778 Drusius
934 5712 1429 5791 interpretationem
1463 5720 1623 5772 istam
1660 5712 1824 5791 vindit

1994 5718 2015 5748 ⁸
2058 5712 2122 5771 ’0
2150 5715 2303 5784 ὑπὲρ
2342 5715 2465 5783 ἐμέ.
2506 5714 2629 5768 Des.
2686 5715 2739 5767 in
2798 5712 2919 5767 cod.
2971 5712 3021 5765 l.

232 5796 311 5854 lta
342 5813 563 5871 quoque
596 5795 958 5852 'l‘heodotion.
995 5789 1115 5850 Vid.
1147 5790 1339 5848 Montf.
1371 5789 1608 5860 ﬂexapla
1639 5790 1705 5842 ad
1739 5790 1795 5841 ιι.
1839 5790 1874 5843 l.

3098 5712 3118 5742 °
3148 5712 3488 5781 Σύμμαχος.
