3996 6490
459 310 597 380 1903

1427 303 1923 368 THEODORETI
1979 308 2324 371 EPISCOPI
2378 312 2750 376 CYRENSIS

3583 324 3727 390 1904

527 425 695 479 Vens.
723 421 779 476 Ξ.
820 438 841 475 ι
876 417 936 476 Si
960 432 1067 475 non
1094 415 1374 474 humiliter
1402 420 1728 486 sentiebam,
1757 422 1851 476 sed
1882 422 2027 477 exal-

2208 424 2273 495 β’.
2319 443 2339 478 ι
2387 427 2453 479 Ei
2484 429 2503 459 ⁷
2536 428 2611 498 μὴ
2653 428 3166 502 ἐταπεινοφρόνουν,
3199 432 3338 489 ἀλλά
3380 433 3579 508 ὕψωσα
3621 441 3729 509 τὴν

455 519 563 574 tavi
596 517 835 572 animam
865 528 1067 579 meam,
1101 512 1246 568 sicut
1272 514 1578 569 ablactatus
1599 528 1764 583 super
1802 523 2033 570 matrem

453 625 636 677 suam,
670 607 752 665 sic
792 606 1064 663 retribues
1099 606 1152 660 in
1189 606 1371 660 anima
1415 621 1558 661 mea.
1602 625 1620 658 ι
1668 603 2035 677 Symmachus

453 708 671 758 autem:
718 698 838 754 Nisi
877 697 1107 752 similem
1158 696 1281 766 feci,
1336 706 1386 751 et
1438 698 1744 764 comparavi
1796 700 2034 754 animam

453 807 622 847 meam
656 790 925 862 infantuio
955 806 988 843 a
1029 789 1165 842 lacte
1194 790 1409 858 depulso
1434 789 1575 856 apud
1606 800 1828 844 matrem
1856 808 2033 859 suam,

451 886 530 940 sic
571 884 897 939 retribuatur
933 883 1128 936 anima:
1156 898 1274 935 ma'.
1302 880 1361 935 Si
1397 890 1467 946 te,
1501 882 1600 947 ait,
1628 897 1736 937 non
1774 882 1952 942 timui.
1980 892 2036 940 et

452 993 541 1033 me
584 977 764 1050 ipsum
818 975 916 1030 tibi
963 974 1175 1044 subjeci
1224 972 1453 1028 infantis
1504 972 1680 1029 instar
1725 989 1917 1030 recens
1966 976 2035 1031 ab

455 1071 623 1127 ubere
639 1068 873 1140 depulsi,
904 1077 1248 1137 matremque
1274 1064 1539 1132 verentis,
1556 1066 1651 1121 sed
1676 1066 1840 1121 altam
1866 1066 2033 1124 habui

451 1171 731 1219 mentem:
786 1160 1055 1225 obsecro,
1109 1167 1169 1213 ut
1220 1158 1470 1214 eamdem
1532 1160 2033 1217 remunerationem

452 1268 785 1323 consequar.

522 1342 690 1400 Vens.
726 1346 781 1399 ‘5.
824 1361 842 1395 ι
881 1342 1073 1413 Speret
1103 1341 1265 1397 Israel
1306 1342 1359 1396 in
1408 1341 1640 1397 Domino
1671 1342 1741 1399 ab
1770 1343 1877 1400 hoc
1906 1344 2036 1403 inde

450 1447 697 1508 tempore
729 1451 905 1507 usque
933 1437 986 1489 in
1010 1434 1299 1491 saeculum.
1324 1454 1342 1489 ι
1370 1434 1783 1492 Demonstravit
1808 1437 2036 1509 prophe-

451 1530 594 1585 ticus
635 1543 840 1591 sermo,
882 1542 990 1597 qua
1029 1526 1096 1582 de
1130 1541 1298 1582 causa
1341 1535 1489 1583 recte
1525 1526 1797 1583 factorum
1835 1543 2034 1582 narra-

452 1623 654 1677 tionem
684 1620 897 1677 fecerit.
916 1618 1033 1675 Non
1052 1620 1199 1674 enim
1228 1619 1443 1690 seipsos
1459 1618 1732 1701 iactantes
1752 1620 2034 1691 propriam

448 1716 711 1769 virtutem
764 1722 1225 1776 commemorant,
1287 1715 1381 1769 sed
1447 1714 1589 1769 alios
1644 1708 1699 1768 in
1764 1714 2031 1784 aqualem

2131 513 2312 585 ψυχήν
2370 533 2508 586 μου,
2566 518 2639 582 ὡς
2680 518 2744 572 τὺ
2806 520 3427 593 ἀπογεγαλακτισμένον
3482 528 3579 583 ἐπὶ
3619 533 3726 603 τὴν

2136 608 2355 681 μητέρα
2400 610 2591 676 αὑτοῦ,
2631 611 2709 672 ὣς
2749 613 2771 645 ⁸
2811 615 3223 682 ἀνταποδώσεις
3257 621 3354 674 ἐπὶ
3398 620 3501 693 τὴν
3538 624 3725 696 ψυχήν

2136 718 2259 771 μου.
2286 720 2307 754 ι
2340 702 2397 756 ’0
2414 703 2471 757 δὲ
2496 704 2817 776 Σύμμαχος,
2833 707 2900 761 Εἰ
2924 706 3013 777 μὴ
3028 708 3316 778 ἐξίσωσα,
3338 715 3360 747 ⁹
3383 713 3485 768 καὶ
3496 716 3723 786 ὡμοίω-

2133 806 2218 845 σα
2278 792 2396 860 τὴν
2466 794 2682 865 ψυχήν
2742 815 2865 867 μου
2919 799 3510 870 ἁπογαλακτισθέντι
3570 808 3727 876 πρὸς

2127 883 2355 953 μητέρα
2406 888 2615 954 αὐτοῦ,
2662 889 2856 957 οὕτως
2910 892 3352 966 ἀνταποδοθείη
3408 897 3486 966 τῇ
3543 899 3724 969 ψυχῇ

2127 996 2268 1048 μου.
2299 980 2361 1033 Εἰ
2398 979 2473 1052 μὴ
2512 982 2941 1055 παραπλησίως,
2975 988 3131 1058 φησὶ,
3174 987 3365 1060 βρέφει
3412 991 3509 1046 νῦν
3540 994 3727 1047 ἀπαλ-

2132 1068 2351 1138 λαγέντι
2389 1069 2588 1143 θηλῆς,
2628 1075 2725 1127 καὶ
2760 1075 2860 1146 τὴν
2888 1077 3106 1148 μητέρα
3142 1078 3506 1151 δειμαίνοντι,
3536 1083 3728 1139 ἔδεισά

2135 1178 2218 1224 σε,
2269 1163 2366 1215 καὶ
2408 1164 2647 1234 ἐμαυτόν
2701 1183 2784 1219 σοι
2817 1167 3084 1236 ὑπέταξα,
3117 1170 3256 1226 ἀλλά
3301 1174 3514 1244 ὑψηλὴν
3561 1174 3727 1247 ἔσχον

2132 1253 2395 1320 διάνοιαν,
2419 1255 2521 1325 τῆς
2551 1257 2724 1330 αὐτῆς
2752 1259 3085 1327 ἀντιδόσεως
3120 1266 3309 1334 τυχεῖν
3341 1266 3499 1332 ἀξιῶ.

2203 1351 2272 1413 γ’.
2308 1364 2327 1398 ι
2376 1346 2684 1404 Ἑλπισάτω
2731 1350 2952 1423 Ἰσραὴλ
2975 1353 3071 1406 ἐπὶ
3096 1355 3188 1409 τὸν
3226 1356 3454 1428 Κύριον,
3480 1359 3590 1414 ἀπὸ
3626 1362 3727 1416 τοῦ

2134 1436 2250 1503 νῦν,
2282 1440 2379 1493 καὶ
2412 1439 2518 1505 ἕως
2546 1441 2642 1495 τοῦ
2686 1442 2908 1507 αἰῶνος.
2954 1465 2975 1498 ι
3011 1448 3256 1515 Ἐδειξεν
3296 1453 3325 1505 ὁ
3378 1454 3727 1523 προφητικδς

2134 1531 2313 1600 λόγος,
2330 1532 2476 1598 τίνος
2501 1534 2663 1606 χάριν
2693 1536 2995 1609 ἐποιήσατο
3018 1541 3117 1613 τὴν
3140 1542 3251 1596 τῶν
3271 1545 3729 1617 κατορθωμάτων

2134 1623 2412 1693 διήγησιν.
2442 1626 2517 1680 Ού
2561 1628 2669 1699 γάρ
2708 1630 2939 1695 ἑαυτοὺς
2974 1634 3332 1704 σεμνύνοντες
3366 1639 3467 1709 τὴν
3514 1641 3729 1694 οἰκείαν

2134 1714 2397 1782 διεξίασιν
2431 1718 2657 1792 ἀρετὴν,
2685 1721 2826 1776 ἀλλά
2852 1725 2981 1788 τοὺς
3009 1726 3206 1791 ἀλλους
3244 1730 3323 1794 είς
3352 1730 3448 1784 τὸν
3497 1733 3613 1785 ἴσον
3642 1733 3727 1786 δι-

450 1823 693 1864 amorem
732 1807 1122 1863 accendenles.
1164 1807 1459 1877 Propterea
1508 1816 1681 1862 totum
1733 1808 2027 1875 lsraelcm,

2136 1809 2451 1878 εγείραντες
2472 1786 2679 1881 ⁷ζῆλον.
2717 1814 2811 1868 Διὸ
2843 1786 3023 1871 πάντα
3048 1818 3141 1872 τὸν
3169 1786 3387 1894 ’ἰσραὴλ
3415 1823 3518 1893 τῆς
3552 1825 3731 1895 αὐτῆς

450 1906 512 1955 ut
540 1899 718 1955 eidem
763 1897 878 1968 spei
918 1896 1207 1961 inhaereat,
1239 1897 1515 1952 adhortati
1551 1906 1701 1963 sunt,
1737 1909 1790 1953 et
1820 1906 1877 1953 ut
1902 1914 2034 1953 con-

450 1993 601 2047 tinue
631 1992 771 2047 hanc
801 1989 1203 2061 habeat,utque
1234 1989 1580 2059 fructus,qui
1601 1990 1728 2045 hinc
1751 1990 2029 2056 oriuntur,

447 2083 731 2155 percipiat.

804 2199 822 2219 ‘
850 2192 1122 2252 INTEllP.
1162 2192 1415 2249 PSALMI
1447 2193 1686 2249 CXXXI.

516 2309 686 2373 Vens.
735 2313 786 2377 1.
834 2329 853 2362 ι
907 2310 1194 2366 Canticum
1244 2310 1535 2381 graduum.
1591 2330 1609 2362 ι
1667 2311 1891 2368 Multam
1941 2313 2031 2369 hic

446 2403 693 2476 psalmus
713 2419 835 2458 cum
857 2404 1197 2475 octogesimo
1219 2415 1415 2457 octavo
1441 2404 1822 2473 cognationem
1844 2404 2026 2460 habet.

444 2495 660 2552 Etenim
693 2496 769 2551 ibi
803 2508 859 2552 et
886 2498 976 2551 hic
1005 2496 1229 2566 captivi,
1258 2496 1352 2567 qui
1384 2495 1662 2567 Babylone
1692 2506 1871 2565 erant,
1902 2499 2027 2554 uni-

442 2604 731 2644 versorum
784 2587 952 2642 Deum
1009 2588 1340 2651 obsecrant,
1389 2588 1786 2657 promissiones
1829 2605 2029 2662 magno

444 2678 634 2734 Davidi
667 2678 737 2733 ab
774 2678 893 2748 ipso
929 2677 1142 2749 1506
1171 2678 1346 2733 factas
1378 2694 1477 2748 pro
1507 2679 1759 2749 precibus
1789 2680 2025 2737 oﬂ‘eren-

448 2780 552 2835 tes,
582 2778 637 2825 et
667 2777 728 2825 ut
761 2771 975 2824 veniam
1018 2779 1430 2839 consequantur
1469 2779 1712 2827 orantes.
1750 2769 2029 2829 Vaticina-

442 2860 649 2915 tionem
694 2861 859 2915 etiam
901 2861 1146 2916 continet
1190 2860 1259 2915 de
1306 2861 1592 2917 Salvatore
1648 2861 1873 2931 mundi,
1930 2865 2025 2935 qui

442 2950 744 3004 secundum
781 2965 1003 3005 carnem
1038 2966 1104 3005 ex
1133 2949 1353 3006 Davidis
1378 2966 1577 3021 genere
1607 2952 1852 3009 oriturus
1883 2964 2020 3011 erat.

448 3057 469 3090 ι
495 3038 786 3106 Memento,
816 3040 1065 3106 Domine,
1087 3041 1331 3109 Davidis,
1350 3051 1403 3097 et
1434 3043 1616 3099 omnis
1644 3047 2022 3103 mansuetudi-

2134 1899 2353 1965 ἐλπίδος
2391 1901 2613 1972 ἔχεσθαι
2654 1907 3064 1978 παρεκάλεσαν,
3096 1913 3191 1965 καὶ
3216 1913 3485 1983 διηνεκῶς
3512 1915 3728 1988 ταύτην

2133 1991 2311 2061 ἔχειν,
2358 1995 2454 2047 καὶ
2509 1996 2637 2060 τοὺς
2693 1998 2757 2052 ἐκ
2808 2000 3017 2072 ταύτης
3072 2005 3378 2075 φυομένους
3437 2007 3727 2077 συλλέγειν

2133 2100 2400 2154 καρπους.

2424 2199 2696 2257 ΕΡΜΗΝ.
2738 2204 2876 2259 ΤΟΥ
2912 2207 3066 2262 PAA'
3099 2211 3418 2269 ΨᾹΛΜΟΥ.

2202 2318 2270 2367 α’,
2307 2329 2326 2362 ς
2386 2312 2512 2385 ᾮδὴ
2568 2314 2676 2369 τῶν
2718 2317 3072 2391 ἀναϐαθμῶν.
3130 2342 3149 2376 ι
3196 2324 3404 2399 Πολλὴν
3446 2328 3477 2381 ὁ
3504 2328 3724 2400 ψαλμὸς

2130 2397 2286 2468 οὗτος
2327 2405 2464 2478 πρὸς
2490 2406 2583 2460 τὸν
2612 2407 2969 2481 ὀγδοηκοστὸν
2999 2414 3185 2483 ὃγδοον
3214 2416 3327 2487 ἔχει
3361 2397 3719 2489 συγγένειαν.

2131 2497 2242 2553 Καὶ
2269 2498 2379 2571 γάρ
2406 2500 2642 2556 ἐνταῦθα
2668 2503 2833 2558 κάκεῖ
2854 2505 2945 2559 τὸν
2967 2506 3076 2560 τ’ὦν
3098 2508 3235 2563 ὅλων
3263 2510 3397 2567 Θεὸν
3440 2515 3722 2569 ἱκετεύουο

2135 2607 2220 2643 σιν
2245 2591 2297 2644 οἱ
2328 2593 2385 2645 ὲν
2413 2592 2695 2663 Βαβυλῶνι
2724 2594 3077 2669 δορυάλωτοι,
3109 2602 3209 2666 τὰς
3240 2604 3378 2675 πρὸς
3411 2606 3507 2659 τὸν
3541 2609 3719 2678 μέγαν

2126 2681 2290 2735 Δαϐὶδ
2323 2682 2416 2735 ὑπ’
2439 2682 2604 2737 αύτοῦ
2633 2688 3009 2758 γεγενημένας
3036 2690 3360 2763 ὑποσχέσεις
3380 2697 3501 2749 ἀνθ’
3530 2697 3720 2769 ίκετη-

2128 2772 2254 2842 ρίας
2279 2774 2702 2846 προσφέροντες,
2729 2778 2823 2864 καὶ
2847 2783 3030 2850 τυχεῖν
3053 2783 3330 2851 ἀξιοῦντες
3353 2792 3712 2865 συγγνώμης.

2129 2863 2286 2933 Ἔχει
2319 2863 2377 2916 δὲ
2410 2866 2501 2918 καὶ
2525 2863 2834 2939 πρόρρησιν
2862 2871 2957 2925 τοῦ
2990 2875 3135 2930 κατά
3163 2878 3347 2949 σάρκα
3381 2863 3717 2954 βλαστήσαν-

2122 2973 2217 3019 τος
2283 2958 2347 3011 ὲκ
2404 2958 2594 3026 γένους
2653 2960 2819 3031 Δαβίδ
2872 2964 2974 3035 τῆς
3036 2968 3368 3042 οἰκουμένης
3433 2975 3715 3048 Σωτῆρος.

2130 3064 2149 3099 ι
2176 3047 2483 3120 Μνήσθητι,
2505 3049 2700 3121 Κύριε,
2723 3051 2818 3106 τοῦ
2845 3054 3029 3124 Δαβὶδ.
3059 3058 3155 3111 καὶ
3188 3059 3371 3131 πάσης
3398 3064 3500 3134 τῆς
3528 3047 3717 3142 τραύ-

440 3137 527 3193 ιίε
561 3138 699 3207 ejus.
741 3155 760 3189 ι
795 3136 1094 3213 Quoniam,
1122 3155 1246 3194 cum
1276 3140 1445 3195 multa
1474 3150 1699 3211 peccata
1734 3145 2026 3202 commise-

2134 3156 2288 3211 τητος
2314 3142 2356 3174 ¹⁰
2384 3141 2573 3195 αὐτοῦ.
2612 3161 2632 3195 ι
2674 3144 2896 3217 Ἐπειδὴ
2950 3147 3122 3202 πολλά
3178 3136 3717 3225 πεπλημμεληκότες

439 3228 639 3296 rimus,
688 3231 842 3284 omni
902 3230 1102 3286 ﬁducia
1155 3232 1332 3287 orbati
1399 3248 1628 3299 sumus,
1684 3249 1908 3295 oramus
1946 3247 2020 3307 te,

440 3319 691 3387 Domine,
729 3333 791 3377 ut
829 3322 1049 3381 Davidis
1094 3325 1425 3391 recorderis,
1465 3325 1725 3396 illiusque
1764 3346 2025 3387 mansue-

440 3412 646 3468 tudinis
690 3422 745 3469 et
771 3415 1010 3484 pietatis.
1041 3416 1216 3488 Hujus
1268 3432 1401 3472 sane
1438 3419 1752 3488 praecedens
1778 3423 2023 3490 psalmus

439 3506 774 3560 mentionem
807 3506 955 3571 fecit,
987 3516 1043 3563 et
1071 3509 1232 3579 plane
1254 3510 1441 3565 docuit
1466 3510 1588 3580 ejus
1618 3515 1815 3571 mentis
1836 3516 2022 3573 mode-

438 3593 730 3653 rationem.
1702 3671 1707 3676 ,

512 3687 821 3746 Vsas.2-5.
860 3710 879 3743 ι
923 3693 1077 3748 Sicut
1104 3693 1308 3764 iuravit
1344 3696 1597 3764 Domino,
1642 3708 1829 3756 votum
1872 3703 2021 3758 vovit

432 3777 545 3834 Deo
581 3779 794 3837 Jacobi.
844 3782 901 3837 Si
950 3782 1213 3840 introiero
1260 3787 1312 3841 in
1361 3793 1778 3846 tabernaculum
1820 3791 2019 3849 domus

434 3887 595 3937 mea};
616 3872 662 3927 si
699 3874 996 3930 ascendere
1040 3878 1092 3929 in
1126 3876 1323 3932 lectum
1356 3882 1515 3935 strati
1559 3882 1687 3937 mei.
1728 3881 1785 3937 Si
1817 3884 2017 3940 dedero

431 3975 688 4016 somnum
726 3962 904 4017 oculis
948 3965 1106 4030 meis,
1159 3975 1212 4021 et
1248 3968 1525 4039 palpebris
1568 3973 1704 4028 meis
1750 3973 2018 4029 dormita-

428 4054 658 4108 tionem.
694 4052 759 4109 Et
796 4056 1037 4124 requiem
1080 4060 1420 4128 temporibus
1463 4064 1621 4132 meis,
1656 4066 1830 4121 donec
1865 4067 2017 4123 inve-

426 4146 578 4207 niam
619 4147 802 4202 locum
839 4146 1100 4216 Domino,
1148 4152 1561 4211 tabernaculum
1596 4159 1708 4214 Deo
1735 4158 1948 4215 Jacobi.
1990 4181 2008 4214 ι

2125 3232 2291 3302 ἡμεῖς
2337 3233 2519 3303 πάσης
2577 3234 2928 3307 ἐστερήμεθα
2982 3242 3335 3313 παρρησίας,
3384 3246 3717 3318 ίκετεύομέν

2126 3339 2207 3391 σε,
2225 3323 2494 3391 Δέσποτα,
2511 3325 2607 3379 τοῦ
2630 3326 2796 3399 Δαβὶδ
2814 3329 3249 3404 ἀναμνησθῆναι,
3269 3336 3366 3390 καὶ
3379 3338 3481 3408 τῆς
3497 3340 3712 3394 ἐκείνου

2122 3417 2433 3489 πραότητός
2462 3436 2524 3471 τε
2557 3419 2653 3473 καί¹
2678 3421 2981 3487 εὐσεϐείας.
3009 3424 3227 3498 Ταύτης
3249 3427 3307 3482 δὲ
3334 3430 3430 3483 καὶ
3454 3432 3486 3484 ὁ
3520 3448 3714 3500 προτε-

2120 3510 2394 3578 ταγμένος
2437 3509 2652 3581 ψαλμοὺς
2678 3514 3088 3585 ἐμνημόνευσε,
3129 3518 3225 3573 καὶ
3267 3520 3456 3591 σαφῶς
3499 3522 3711 3589 ἐδίδαξε

2118 3597 2216 3669 τὴν
2244 3598 2338 3651 τοῦ
2377 3602 2726 3673 φρονήματος
2760 3604 2929 3659 αὐτοῦ
2963 3607 3317 3679 μετριότητα.

2190 3690 2331 3761 β’-ε’.
2393 3710 2413 3745 ι
2477 3693 2564 3758 Ὠς
2598 3694 2779 3765 ὤμοσε
2805 3696 2884 3768 τῷ
2916 3699 3127 3771 Κυρίῳ,
3165 3700 3370 3771 ηὔξατο
3397 3703 3478 3775 τῷ
3505 3705 3627 3778 Θεῷ
3662 3708 3705 3739 ιι

2131 3781 2349 3837 Ἰακώϐ.
2384 3782 2447 3838 Εἰ
2477 3786 2859 3859 εἰσελεύσομαι
2885 3790 2967 3853 εἰς
2994 3792 3260 3863 σκήνωμα
3285 3795 3435 3849 οῐκου
3478 3814 3615 3867 μου,
3652 3800 3705 3853 εἰ

2117 3872 2467 3946 ἀναϐήσομαι
2512 3877 2605 3931 ἐπὶ
2656 3878 2845 3950 κλίνης
2892 3883 3184 3954 στρωμνῆς
3238 3902 3364 3956 μου.
3418 3887 3485 3940 Εἰ
3541 3887 3705 3944 δώσω

2118 3962 2287 4020 ὕπνον
2331 3968 2445 4031 τοῖς
2496 3967 2798 4040 ὀφθαλμοῖς
2838 3989 2964 4043 μου,
2996 3976 3232 4039 καὶτοῖς
3262 3975 3559 4051 βλεφάροις
3597 3997 3704 4050 μου

2117 4059 2455 4127 νυσταγμόν.
2480 4061 2588 4115 Καὶ
2618 4062 2661 4093 ¹²
2677 4062 2990 4119 ἀνάπαυσιν
3011 4066 3126 4130 τοῖς
3143 4068 3440 4139 κροτάφοις
3466 4089 3572 4140 μου
3594 4072 3703 4134 ἕως

2116 4141 2349 4219 οὗέύρω
2369 4151 2538 4205 τόπον
2558 4152 2637 4222 τῷ
2657 4155 2868 4227 Κυρίῳ,
2894 4157 3161 4228 σκήνωμα
3179 4157 3258 4230 τῷ
3278 4159 3399 4233 Θεῷ
3426 4162 3647 4221 Ἰακώϐ.
3669 4184 3696 4220 )

291 5481 296 5485 <
412 5468 644 5534 me_erat
682 5460 865 5515 anima
894 5479 1028 5534 mea.
1111 5468 1130 5498 ⁸
1168 5460 1491 5534 Ἐξίσωσὰ.
1526 5460 1685 5531 Prior
1740 5460 2049 5534 let-{iocrth

426 4232 554 4290 llaec
591 4236 811 4305 planius
840 4236 1298 4308 Paralipomenon
1335 4241 1568 4301 historia
1612 4249 1772 4303 docet
1801 4257 1841 4301 °.
1874 4249 2009 4305 Nam

2134 4242 2302 4296 Γαῦτα
2345 4244 2681 4317 σαφέστερον
2724 4249 2758 4319 ή
2802 4248 2910 4303 τῶν
2946 4232 3446 4324 Παραλειπομένων
3483 4258 3701 4329 ἰστορία

426 4325 665 4394 primum
707 4327 929 4396 quidem
976 4329 1173 4395 oravit,
1223 4339 1287 4386 ut
1327 4332 1446 4403 ipse
1492 4338 1727 4409 erigeret
1767 4341 2010 4397 divinum

2134 4335 2375 4390 ῐιδάσκει.
2400 4337 2625 4406 Πρῶτον
2653 4339 2752 4408 μὲν
2785 4342 2895 4412 γὰρ
2926 4342 3205 4398 ἱκέτευσεν
3235 4346 3397 4411 αὐτὸς
3424 4349 3520 4402 τὸν
3552 4325 3699 4405 θεῖον

428 4423 713 4486 templum.
746 4415 1045 4488 Postquam
1085 4428 1269 4476 autem
1317 4439 1416 4495 per
1443 4429 1768 4499 praphetam
1802 4432 2010 4487 Natha-

2134 4429 2465 4501 »ἰκοδομῆσαι
2514 4430 2650 4485 νεών
2699 4434 2763 4489 ¹³.
2803 4435 3021 4508 Ἐπειδὴ
3060 4436 3118 4492 δὲ
3150 4438 3240 4493 διὰ
3271 4440 3366 4493 τοῦ
3407 4444 3697 4515 προφήτου

426 4520 548 4559 nem
596 4506 737 4563 Deus
783 4508 1088 4579 prohibuit,
1137 4514 1498 4587 praedixitque
1540 4523 1728 4591 templi
1769 4524 2005 4581 azdilica-

2134 4521 2301 4576 ηάθαν
2347 4500 2621 4579 ἐκώλυσεν
2670 4528 2700 4581 ὁ
2745 4527 2900 4593 Θεὸς,
2953 4500 3050 4585 καὶ
3090 4529 3191 4602 τὴν
3229 4531 3335 4585 ὑπὸ
3386 4500 3482 4587 τοῖ’)
3531 4500 3699 4589 ὶολοο

425 4598 630 4653 tionem
677 4612 709 4653 a
753 4600 1051 4660 Salomone
1089 4604 1506 4678 instituendam,
1544 4613 1755 4670 distulit
1786 4616 2004 4686 quidem

2134 4614 2329 4677 ιῶντος
2358 4616 2627 4688 ἐσομένην
2666 4621 2978 4692 οἰκοδομίαν
3009 4598 3364 4695 προείρηκεν,
3392 4627 3695 4684 ἀνεϐάλετο

424 4692 876 4761 exstructionem,
906 4711 1014 4751 non
1047 4707 1229 4754 autem
1256 4702 1545 4770 segnitiam
1578 4708 1864 4776 amplexus
1899 4718 2007 4775 est,

2134 4707 2212 4759 ιὲν
2260 4708 2360 4777 τὴν
2404 4711 2752 4781 οἰκοδομίαν,
2801 4713 2902 4766 οὐκ
2949 4692 3240 4784 ἠσπάσατο
3276 4718 3332 4771 δὲ
3377 4721 3690 4792 ῥᾳστώνηνο

422 4784 517 4835 sed
550 4796 767 4850 aurum,
790 4794 845 4840 et
878 4800 1194 4858 argentum,
1214 4801 1266 4846 et
1292 4792 1523 4861 ferrum,
1545 4806 1599 4852 et
1630 4814 1726 4862 trs,
1752 4809 1807 4855 et
1838 4801 2004 4872 ligna,

2134 4798 2245 4853 ιλλά
2300 4802 2395 4854 καὶ
2446 4803 2678 4873 χρυσὸν,
2720 4804 2817 4859 καὶ
2852 4804 3117 4877 ἄργυρον,
3165 4810 3262 4863 καὶ
3307 4784 3552 4882 σίδηρον,
3597 4784 3693 4868 καὶ

423 4880 477 4924 et
510 4871 716 4941 lapides
746 4879 1117 4933 coacervavit.
1148 4879 1216 4933 Et
1246 4879 1362 4936 haec
1391 4886 1600 4952 omnia,
1621 4896 1680 4940 ut
1703 4886 1839 4956 dixi,
1869 4871 2007 4945 liber

2134 4889 2328 4960 ςαλκὸν,
2361 4871 2643 4959 καὶξύλα,
2676 4896 2769 4948 καὶ
2797 4871 2981 4958 λίθους
3003 4871 3305 4967 συνήγαγε.
3335 4871 3447 4954 Kal:
3476 4871 3652 4956 ταῧτα
3670 4944 3687 4968 ,

420 4958 513 5016 ille
541 4960 699 5017 docet
755 4978 849 5020 eos
882 4967 974 5035 qui
1007 4968 1185 5039 legere
1212 4972 1499 5029 voluerint.

2134 4958 2180 5047 ις
2231 4973 2390 5053 ἔφην,
2437 4984 2654 5039 ἅπαντα
2697 4987 2741 5018 ¹⁸
2783 4988 2817 5057 ἡ
2858 4986 3039 5056 βίϐλος
3078 4958 3261 5062 εέέινῆ
3291 4991 3538 5051 διδάσκει
3563 4958 3691 5059 τοὺς

2103 5067 2346 5139 ἐντυχεῖν
2381 5071 2753 5143 βουλομένους.

454 5165 482 5193 ο
516 5158 534 5210 l
567 5158 747 5215 Paral.
783 5180 890 5219 xvn
921 5178 975 5220 ct
1011 5184 1142 5222 χχιι.

1507 5290 1743 5347 νΑῐὶΙᾹΞ
1796 5292 2192 5352 LECTlONES
2224 5297 2312 5351 ET
2341 5296 2573 5355 NOTAE.

487 5385 509 5416 ’
540 5386 886 5494 Εὶΐῧψάξσα·
920 5391 1081 5450 "ebr-
1340 5406 1611 5494 compos‘ui
1644 5416 1691 5461 et
1716 5410 2027 5476 compescui.

487 5471 496 5492 ι
528 5472 618 5494 ονη
683 5474 863 5494 (Inibi!!!
894 5479 1008 5494 mann
1275 5471 1470 5494 .'-.._.A_
1603 5479 1611 5494 f
1742 5479 1754 5494 Ι
1831 5481 1863 5494 ,ι

2249 5443 2318 5453 -
2344 5432 2501 5494 μου.
2536 5413 2699 5473 Hebr.
2736 5418 2888 5494 Sicut
2918 5420 3240 5494 obluctatus,
3270 5424 3512 5494 inquam,
3543 5429 3684 5493 apud

682 5482 1044 5561 «largiﬁca;
1111 5482 1130 5498 υ
1168 5482 1491 5561 ξςζξσωσα.
1526 5482 1685 5561 tjt'iu‘r
1707 5482 2049 5561 “lectioerat
2080 5482 2311 5561 ἠξίωσα.
2344 5484 2496 5540 llanc
2531 5496 2725 5561 autem
2776 5493 2983 5561 saniori
3017 5482 3355 5561 postponere
3380 5482 3681 5551 non'dubi-

412 5535 1046 5632 ἱῗῖὶῖἷῖἓῗὴῗέ,¹.⁰ί9τίὲθὶθ
1082 5537 1218 5632 ἓὲἒ·
1264 5542 1563 5632 ¹.ηΑ.ξ¹8έ9ι
1625 5548 1923 5632 ⁰ο¹δεῑῑ¹ἰιιί
1961 5535 2147 5632 illius?
2186 5535 2983 5632 ρυὶυέἰὖέἶιιίίιῖἰ”ἒιρῦἶέσ”ἓὶι’
3012 5535 3348 5632 ἧὶὲἶὶὶῖρῖῗῖἶιῖ
3380 5535 3675 5621 iiii-"i33-

410 5611 629 5666 quoque
656 5596 820 5653 Cora].
852 5602 887 5655 ι.
922 5619 970 5658 c.
994 5622 1045 5674 p.
1082 5606 1205 5662 605.
1287 5612 1329 5643 ιο
1353 5596 1941 5683 Πὸἀόῖητᾶξῗῇἔιῖιῖ,
1961 5596 2027 5675 "1'

410 5681 533 5707 mare
587 5668 618 5707 Κ
755 5670 798 5700 η
838 5674 939 5707 (In)
1004 5705 1015 5707 ,
1056 5679 1375 5707 munt“-.-
1445 5702 1552 5707 ---η
1617 5686 1712 5707 ιι--
1800 5689 1831 5707 εν
1921 5700 1957 5707 .,
2015 5701 2025 5707 .

2188 5596 2347 5622 νηυυ
2382 5596 2628 5611 ...νυ-...η
2677 5596 2867 5621 ιιιμιιιι.
2921 5596 2975 5616 ιιι
3012 5596 3235 5632 ιιῠιὶαγιο
3282 5596 3347 5618 au
3380 5596 3435 5621 ιι.
3485 5596 3522 5620 ι.
3568 5596 3675 5621 vtu.

2134 5624 2315 5707 ctionis
2351 5624 2532 5707 ρας..
2586 5628 2635 5707 “_
2669 5628 2756 5694 Τῷ
2779 5701 2789 5707 Δ
2811 5630 2957 5707 Θεῷ-.-
2984 5632 3149 5707 llebr.
3186 5633 3441 5707 forti._lta
3463 5651 3681 5707 quoque

407 5681 553 5720 vers.
587 5668 639 5722 5.
755 5670 798 5700 "
834 5674 939 5728 Καὶ
964 5668 1032 5715 -ῖ-
1054 5679 1377 5749 κροτάφοις
1400 5668 1586 5751 ’μους
1614 5668 1735 5743 ῧέέ.
1777 5668 2027 5747 -ίιιψίοιί

407 5736 761 5807 σαφέστερον.

2134 5668 2315 5677 ,ην-..υ
2370 5668 2505 5691 ην-ν.
2670 5668 2756 5694 ..μ
2811 5668 2950 5697 um,“
2984 5668 3149 5687 ucun.
3186 5668 3437 5716 lentu-It.
3463 5668 3674 5707 quuquc

2134 5694 2273 5749 lebr.
2351 5695 2394 5725 ³³
2432 5696 2555 5750 cod.
2615 5698 2640 5753 1
2696 5701 2845 5755 ναόν.
2926 5702 2969 5733 ιδ
3006 5705 3469 5761 Ἀπαντωὼιύ.
3520 5721 3674 5777 sequ.
