3996 6498
279 349 417 417 1905
1588 370 1613 429 Ι
1624 369 1665 429 .‘i
1714 370 1857 431 PSAI

1951 370 2209 435 CXXXI.
3384 381 3520 457 I905

343 461 421 558 ςξ.
453 480 475 514 ι
519 461 648 518 Ἰδοὺ
692 464 1012 536 ἠκούσαμεν
1043 472 1213 543 αὐτὴν
1235 476 1292 527 ἐν
1323 476 1589 547 Ἐφραθὰ,
1614 478 1849 549 εὕρομεν
1877 482 1921 538 Α

2027 481 2189 537 Vsus.
2219 483 2272 537 6.
2320 500 2339 535 ι
2386 481 2525 540 Ecce
2563 483 2877 540 audivimus
2921 484 3097 555 ipsum
3150 485 3207 541 in
3258 487 3520 558 Ephrata,

272 552 445 625 αὐτὴν
494 557 554 610 ἐν
599 559 713 620 τοῖς
760 559 964 624 πεδίοις
1000 561 1097 614 τοῦ
1147 563 1375 635 δρυμοῦ.
1420 582 1439 618 ι
1493 566 1757 621 ’ἱκέτευεν
1805 568 1850 600 ⁸⁸

1952 572 2269 630 invenimus
2314 573 2493 644 ipsum
2539 574 2593 629 in
2639 576 2852 645 campis
2902 576 3074 631 silva.
3127 596 3146 629 ι
3191 578 3416 647 Orabat,
3466 593 3526 638 ut

272 646 627 754 οἰκοδομῆσαι
664 650 790 703 ναὸν
817 651 896 722 τῷ
923 651 1043 723 Θεῷ
1063 672 1079 687 ·
1113 657 1142 709 ὁ
1168 655 1227 709 δὲ
1256 660 1553 730 μονογενὴς
1587 660 1682 715 τοῦ
1715 661 1850 716 Θεοῦ

1955 664 2067 721 Deo
2092 668 2356 737 templan
2387 668 2651 738 erigeret:
2677 667 2769 723 sed
2798 667 3139 738 unigenitum
3166 670 3259 727 Dei
3282 671 3521 729 Verbum

273 737 449 831 am;
484 741 550 794 ὲκ
588 741 804 813 καρποῦ
836 744 939 813 τῆς
979 745 1179 815 ὀσφύος
1218 749 1385 803 αὐτοῦ
1420 750 1557 805 νεὼν
1598 752 1777 823 ἑαυτῷ
1804 752 1851 785 ³⁸

1949 773 2014 814 ex
2061 757 2243 815 fructu
2273 758 2443 817 lumbi
2480 737 2694 831 1507
2725 759 2845 830 ejus
2880 737 2981 816 sibi
3013 762 3313 817 animatum
3353 765 3524 820 ratio-

273 827 519 901 έμψυχόν
548 848 609 885 τε
644 834 737 886 καὶ
780 834 999 904 λογικὸν
1038 839 1418 911 οἰκοδομήσειν
1446 843 1731 914 ὑπέσχετο.
1760 845 1851 899 Διό

2066 866 2152 919 lue
2196 827 2768 921 particepstem'plum
2813 852 3207 909 aadilicaturum
3244 869 3368 913 esse
3398 873 3525 928 pro-
3641 839 3644 842 ⁴

274 939 443 1023 φησιν
469 925 502 995 ή
536 927 865 1023 προφητείαο
905 948 925 983 ‹
970 930 1101 986 Ἰδοὺ
1135 932 1453 1006 ἠκούσαμεν
1473 936 1643 1008 αὐτὴν
1669 938 1729 991 ιν
1764 937 1852 992 Ἐ-

1950 941 2123 996 misit.
2157 940 2503 1013 Quapropter
2533 942 2667 998 dicit
2708 943 3063 1000 vaticinatio:
3118 962 3137 996 ι
3181 944 3321 1002 Ecce
3362 925 3521 1004 audi-

273 1015 480 1128 φιραθὰ,
514 1016 750 1088 εὕρομεν
776 1018 949 1093 αὐτὴν
975 1024 1032 1079 ὲν
1061 1027 1176 1089 τοῖς
1197 1026 1404 1091 πεδίοις
1426 1026 1523 1081 τοῦ
1551 1024 1781 1100 δρυμοῦ.
1824 1048 1844 1082 ι

1950 1031 2133 1087 vimus
2181 1033 2359 1103 ipsum
2424 1033 2478 1088 in
2536 1032 2797 1105 Ephrata,
2856 1033 3169 1092 invenimus
3224 1037 3403 1108 ipsum
3465 1040 3522 1094 in

284 1105 531 1219 ΞΞφρμθα
565 1110 684 1183 δὲή
729 1112 827 1166 νῦν
868 1116 1181 1190 καλουμένη
1224 1116 1473 1192 Βηθλεὲμ
1514 1118 1847 1193 ὠνομάζετο.

1949 1126 2159 1195 eampis
2202 1126 2372 1181 silvae.
2428 1144 2447 1179 ι
2501 1126 2741 1198 Ephrata
2794 1138 2975 1182 autem
3027 1128 3145 1193 illa,
3198 1105 3321 1199 quae
3376 1145 3523 1187 nunc

288 1199 435 1309 Ἐκεῖ
462 1202 579 1309 γὰρ
609 1203 668 1309 *ιτ
693 1205 732 1309 ,ὁ
772 1207 1049 1279 Δεσπότης
1093 1211 1288 1284 ἐτέχθη
1335 1212 1601 1284 Χριστὸς,
1641 1214 1701 1278 ὃς
1734 1216 1850 1278 τοῖς

1949 1218 2253 1288 appellatur
2282 1217 2574 1283 Bethleem,
2603 1210 3012 1275 nominabatur.
3044 1218 3122 1275 lbi
3158 1222 3302 1276 enim
3334 1221 3522 1277 Domi-

299 1288 560 1398 ξουδαίοις
575 1292 636 1346 τὸ
658 1294 858 1349 οίκεῖον
882 1297 1042 1369 σῶμα
1066 1300 1351 1366 ὑποδείξας
1372 1303 1564 1374 ἔφησεο
1587 1322 1607 1356 ι
1634 1304 1849 1359 Λύσατε

1948 1322 2056 1364 nus
2087 1308 2341 1367 Christus
2376 1320 2540 1367 natus
2573 1321 2677 1378 est,
2712 1311 2807 1382 qui
2834 1309 3040 1368 Iudaeis
3078 1326 3281 1383 corpus
3312 1316 3330 1336 “
3363 1328 3519 1369 suum

270 1379 364 1490 τόν
399 1383 548 1490 ναὺςνα
570 1385 782 1447 τοῦτον.
833 1407 852 1441 ι
886 1391 1121 1461 Δρυμοῦ
1148 1393 1206 1447 δὲ
1248 1395 1426 1450 πεδία
1463 1397 1620 1451 καλεῖ
1651 1397 1746 1451 τοῦ
1790 1397 1848 1451 ἐν

1949 1403 2242 1455 ostendens
2269 1401 2443 1455 dixit:
2473 1418 2492 1452 ι
2533 1379 2742 1456 Solvite
2763 1402 3026 1471 templum
3063 1379 3275 1457 hoc—0'.
3298 1402 3522 1472 Campos

300 1474 684 1548 Ιεροσολύμοις
721 1479 853 1532 ναοῦ
898 1481 991 1536 τὸν
1019 1483 1204 1547 τόπον,
1236 1485 1444 1556 ἔρημον
1482 1486 1634 1551 ὅντα,
1674 1486 1717 1519 ⁸⁸
1754 1486 1850 1541 καὶ

1949 1504 2080 1544 vero
2108 1489 2255 1543 silua:
2277 1499 2437 1544 vocat
2464 1489 2644 1545 locum
2684 1490 2871 1560 templi
2900 1491 3399 1562 Hierosolymitani,
3430 1493 3520 1560 qui

272 1564 587 1639 οἰκοδομίαν
632 1570 734 1625 οὐκ
781 1572 992 1642 ἔχοντα.
1047 1576 1194 1629 Ἐκεῖ
1232 1578 1342 1649 γὰρ
1385 1577 1476 1633 τὸν
1521 1578 1849 1651 όλοθρευτὴν

1948 1581 2203 1637 desertus
2240 1590 2379 1645 erat,
2431 1589 2484 1637 et
2529 1581 2821 1638 aediﬁcium
2872 1581 3082 1637 nullum
3135 1583 3389 1638 habebat.
3444 1583 3522 1638 lbi

269 1659 505 1751 ἄγγελον
523 1661 612 1716 διὰ
643 1662 747 1733 τῆς
774 1663 912 1735 πρὸς
938 1666 1073 1723 Θεὸν
1107 1669 1345 1734 ίκετείας
1371 1670 1611 1742 ἐπισχὼν
1628 1671 1657 1724 ό
1676 1671 1847 1743 μέγας

1949 1674 2095 1728 enim
2126 1689 2355 1751 magnus
2381 1671 2568 1738 David,
2603 1688 2728 1728 cum
2762 1674 3241 1727 exterminatorem
3272 1672 3523 1743 angelum

269 1750 459 1816 Δαΰὶδ,
497 1754 592 1806 καὶ
631 1754 815 1825 βωμὸν
851 1756 1071 1830 ἔστησε,
1115 1760 1211 1814 καὶ
1247 1761 1441 1816 θυσίαν
1479 1764 1844 1835 προσήνεγκε,

1950 1778 2048 1835 per
2078 1750 2271 1834 preces
2304 1762 2416 1818 Deo
2456 1762 2608 1818 fusas
2650 1761 3009 1828 cohibuisset,
3043 1769 3096 1816 et
3133 1776 3287 1815 aram
3320 1763 3520 1827 erexit,

270 1843 368 1897 καὶ
406 1847 491 1910 εἰς
520 1821 944 1928 την-οἰκοδομήν
968 1821 1067 1907 τοῦ
1110 1839 1214 1908 νεὼ
1244 1821 1578 1926 ἀφιέρωσεν.
1629 1821 1848 1928 ’ἐπειδή

1949 1821 2005 1910 et
2044 1821 2377 1911 sacriﬁcium
2415 1853 2635 1917 obtulit,
2673 1862 2727 1908 et
2765 1852 2945 1907 locum
2982 1853 3145 1907 istum
3178 1850 3524 1908 aediﬁcationi

266 1934 327 1989 δὲ
365 1936 462 1991 δύο
492 1942 710 2010 σκηναὶ,
751 1944 783 2015 ή
822 1943 923 2013 μὲν
965 1946 1029 1999 ὲκ
1061 1946 1229 2001 λίθων
1261 1947 1359 2001 καὶ
1398 1945 1593 2015 ξύλων,
1626 1949 1662 2020 ἠ
1690 1949 1749 2003 δὲ
1784 1950 1844 2004 ὲκ

1950 1948 2137 2017 templi
2187 1946 2554 2003 consecravit.
2596 1944 2865 2012 Quoniam
2914 1951 3094 2000 autem
3145 1945 3255 1999 duo
3305 1943 3526 2000 fuerunt

269 2027 528 2100 σώματος
573 2035 669 2088 καὶ
711 2034 914 2107 ψυχῆς.
964 2038 1059 2093 καὶ
1101 2040 1134 2111 ή
1187 2039 1287 2110 μὲν
1339 2041 1399 2095 ἐν
1450 2040 1847 2115 Ἱεροσολύμοις

1948 2038 2325 2103 tabernacula,
2372 2052 2542 2091 unum
2598 2050 2666 2091 ex
2711 2034 2874 2105 lignis
2923 2034 3333 2105 lapidibusque,
3376 2034 3524 2089 aliud

266 2118 376 2173 ὑπὸ
408 2120 756 2192 Σολομῶντος
784 2127 1024 2195 ἐγένετο,
1059 2128 1159 2199 τὴν
1181 2129 1238 2184 δὲ
1275 2131 1336 2185 ὲν
1474 2132 1722 2203 Βηθλεὲμ
1752 2131 1844 2187 τοῦ

1946 2146 2078 2187 vero
2122 2146 2189 2187 ex
2228 2144 2462 2201 corpore
2490 2137 2545 2184 et
2573 2127 2781 2190 anima,
2814 2135 2870 2181 et
2911 2126 3041 2182 illud
3076 2127 3295 2197 quidem
3328 2127 3524 2182 Hiero-

265 2214 539 2280 παναγίου
561 2217 879 2289 Πνεύματος
901 2223 934 2292 ή
961 2222 1122 2293 χάρις
1141 2222 1409 2295 ὲξύφηνεν
1426 2242 1442 2258 ο
1466 2226 1517 2278 οῖ
1546 2225 1843 2297 τηνικαῦτα

1948 2223 2171 2294 solymae
2221 2236 2251 2276 a
2306 2220 2600 2275 Salomone
2653 2217 2932 2273 conditum
2980 2225 3084 2282 est,
3135 2217 3239 2270 hoc
3285 2231 3415 2271 vero
3467 2215 3521 2270 in

262 2304 323 2359 δὲ
366 2307 616 2373 εὐσεϐεῖς
660 2310 763 2383 τήν
815 2313 918 2383 μὲν
966 2313 1173 2385 ἑώρων,
1224 2315 1325 2387 τὴν
1370 2316 1429 2370 δὲ
1470 2318 1840 2389 προσεδόκων·

1947 2312 2225 2371 Bethleem
2269 2312 2444 2369 sancti
2491 2310 2733 2382 Spiritus
2784 2309 2954 2379 gratia
2995 2308 3294 2373 contexuit,
3331 2317 3386 2363 et
3430 2309 3523 2378 qui

265 2397 494 2462 εἰκότως
514 2401 544 2452 ό
572 2403 912 2473 προφητικδς
939 2404 1096 2474 λόγος
1120 2404 1225 2478 ἔφη
1249 2421 1263 2435 ·
1302 2424 1322 2459 ι
1366 2407 1499 2461 Ἰδοὺ
1531 2407 1843 2479 ἠκούσαμεν

1946 2422 2010 2463 ea
2037 2412 2359 2475 tempestate
2384 2402 2458 2473 pii
2482 2410 2661 2467 erant,
2678 2400 2781 2454 hoc
2807 2398 3028 2468 quidem
3052 2398 3367 2461 cernebant,
3391 2397 3524 2452 illud

261 2488 437 2562 αὐτὴν
466 2495 526 2546 ὲν
575 2493 841 2566 Ἐφραθὰ,
879 2514 899 2548 ι
936 2498 1235 2563 τουτέστιν,
1267 2499 1375 2553 ὑπὸ
1405 2499 1500 2554 τοῦ
1528 2500 1839 2572 Πνεύματος

1945 2511 2078 2554 vero
2110 2493 2501 2565 exspectabant
2536 2509 2550 2546 :
2591 2490 2714 2561 jure
2753 2487 3109 2559 propheticus
3148 2500 3329 2540 sermo
3354 2484 3519 2540 dicit:

259 2586 359 2640 τοῦ
394 2588 553 2657 ἁγίου
595 2591 973 2664 γενησομένην
1008 2593 1073 2645 ’⁸.
1098 2612 1117 2646 ι
1157 2592 1408 2665 Εύρομεν
1448 2594 1617 2665 αὐτὴν
1644 2596 1705 2648 ὲν
1732 2596 1837 2659 τοῖς

1950 2609 1971 2645 ι
2012 2591 2154 2646 Ecce
2186 2586 2500 2643 audivimus
2533 2585 2713 2653 ipsum
2758 2578 2815 2634 in
2854 2578 3117 2649 Ephrata,
3156 2594 3176 2630 ι
3220 2577 3325 2632 hoc
3359 2586 3465 2652 est,
3492 2586 3523 2628 ι

259 2678 473 2744 πεδίοις
500 2679 597 2735 τοῦ
626 2680 860 2751 δρυμοῦ,
892 2701 910 2734 ι
934 2683 1039 2754 τὴν
1068 2684 1175 2738 ὑπὸ
1199 2684 1295 2739 τοῦ
1322 2684 1670 2757 Σολομῶντος
1702 2684 1837 2740 κατὰ

1945 2681 2150 2753 Spiritu
2189 2686 2382 2736 sancto
2420 2673 2774 2739 faciendum;
2823 2684 2842 2722 ι
2888 2668 3205 2724 Invenimus
3247 2668 3429 2737 ipsum
3466 2666 3523 2721 in

257 2771 360 2843 τὴν
383 2772 481 2826 τοῦ
506 2772 824 2844 Πνεύματος
840 2774 1293 2848 οἰκοδομηθεῖσαν
1315 2777 1630 2848 ὑπόσχεσιν.

1946 2773 2153 2844 campis
2181 2770 2354 2834 silvae,
2392 2785 2411 2820 ι
2447 2764 2747 2822 secundum
2778 2760 3200 2832 promissionem
3232 2756 3471 2827 Spiritus
3492 2769 3524 2810 a

1947 2864 2243 2922 Salomone
2276 2859 2626 2917 aediﬁcatum.

329 2955 413 3022 ζ’.
455 2972 476 3009 ι
522 2956 979 3030 Εἰσελευσώμεθα
1012 2961 1095 3025 εἰς
1139 2961 1208 3016 τὰ
1262 2964 1600 3036 σκηνώματα
1645 2964 1835 3033 αὐτοῦ,

2018 2953 2183 3010 Vsus.
2233 2955 2286 3007 7.
2334 2969 2352 3002 ι
2408 2948 2756 3004 lntroeamus
2808 2946 2863 3000 in
2924 2942 3336 3000 tabernaculum
3380 2940 3522 3012 ejus,

258 3051 734 3122 προσκυνήσωμεν
764 3052 846 3114 εἰς
884 3053 976 3106 τὸν
1009 3053 1197 3119 τόπον,
1228 3048 1289 3109 οὗ
1324 3033 1562 3127 ἔστησαν
1588 3058 1640 3112 οἰ
1682 3059 1836 3124 πόδες

1945 3050 2238 3108 adOremus
2296 3041 2351 3097 in
2407 3040 2530 3095 loco
2595 3038 2686 3093 ubi
2740 3043 3009 3092 steterunt
3066 3036 3230 3105 pedes
3283 3033 3425 3103 ejus.
3496 3048 3520 3086 ι

258 3141 449 3196 αὐτοῦ.
488 3161 507 3194 ι
534 3121 648 3196 Τὸν
674 3143 867 3215 χρόνον
886 3144 1171 3217 ἐνήλλαξε.
1207 3121 1546 3217 Λέγουσι-δὲ,
1572 3151 1661 3204 δτι
1695 3121 1836 3206 Ἐκεῖ

1948 3142 2187 3208 Tempus
2223 3129 2575 3206 permutavit.
2602 3128 2799 3183 Dicunt
2844 3134 3025 3179 autem
3060 3141 3073 3178 :
3119 3122 3228 3178 Nos
3268 3122 3400 3178 illuc
3436 3121 3526 3178 in-

2108 3232 2119 3239 -
2224 3228 2239 3239 -
2548 3238 2551 3239 ν
2858 3217 3116 3239 .-_.-._-__
3164 3216 3342 3239 λεηεη
3393 3230 3491 3239 _-_

260 3236 525 3300 εἰσιόντες
554 3216 995 3310 προσκυνοῦμεν,
1033 3240 1182 3306 θείας
1218 3243 1548 3313 ἐπιφανείας
1582 3245 1675 3298 τὸν
1707 3246 1838 3301 νεὼν

1951 3232 2125 3305 gressi
2174 3228 2492 3291 adoramus,
2536 3222 2820 3279 credentes
2858 3217 3120 3287 templum
3160 3216 3347 3271 divino
3390 3230 3525 3271 con-

260 3328 531 3399 ἠξιῶσθαι
566 3308 938 3396 πιστεύοντες.
968 3334 1188 3406 Ταύτην
1213 3308 1463 3407 γὰρνέχει
1490 3337 1731 3392 διάνοιαν
1759 3338 1838 3403 τὸ,

1952 3332 2141 3398 spcctu
2185 3320 2409 3393 dignum
2448 3315 2702 3373 eli‘ectum
2746 3326 2887 3367 esse.
2929 3309 3088 3364 Hunc
3122 3308 3264 3363 enim
3302 3322 3526 3364 sensum

268 3436 286 3472 ι
326 3414 403 3472 Ob
439 3419 676 3491 ἔστησαν
705 3424 753 3476 οἱ
785 3423 948 3486 πόδες
982 3398 1172 3477 αὑτοῦ.
1210 3398 1236 3477 ι.
1265 3398 1699 3498 (λύκηάσώματον
1735 3398 1844 3499 γὰρ

1950 3418 2153 3474 habent
2200 3415 2326 3469 illa:
2384 3428 2402 3463 ι
2466 3408 2571 3465 Ubi
2628 3411 2896 3459 steterunt
2937 3403 3102 3473 pedes
3145 3399 3286 3471 ejus.
3334 3419 3354 3452 ι
3407 3398 3528 3454 Non

265 3513 446 3583 μόνον,
471 3514 608 3569 ἀλλὰ
636 3515 729 3568 καὶ
748 3515 1128 3587 ἀπερίγραφον
1158 3519 1219 3572 τὸ
1241 3521 1395 3573 Θεῖον
1415 3492 1556 3575 εἶναι
1585 3492 1842 3575 πιστεύοί-

1951 3513 2117 3570 modo
2161 3510 2307 3566 enim
2360 3507 2479 3563 sine
2539 3519 2771 3572 corpore
2823 3498 3165 3554 divinitatem
3223 3508 3381 3558 esse,
3433 3492 3527 3549 sed

264 3621 388 3675 μεν.
424 3605 894 3675 Σωματικὼτερον
925 3607 982 3660 δὲ
1024 3610 1056 3679 ἡ
1105 3608 1223 3691 θεεία
1266 3610 1398 3681 περὶ
1438 3610 1605 3665 αὐτοῦ
1650 3613 1842 3683 Γραφὴ

1952 3606 2114 3662 etiam
2156 3597 2689 3668 incircumscriptam
2726 3594 3022 3650 credimus.
3050 3588 3129 3644 Ad
3167 3589 3387 3643 modum
3428 3599 3528 3640 au-

259 3695 594 3765 διαλέγεται,
620 3699 740 3760 ταῖς
756 3676 1129 3768 ἀνθρωπίναις
1149 3676 1353 3766 ἀκοαῖς-
1366 3702 1642 3775 μετροῦσα
1662 3676 1707 3736 ’δ
1720 3676 1837 3770 τοῦς

1955 3707 2060 3753 tem
2102 3693 2350 3765 corporis
2390 3691 2572 3746 divina
2626 3686 2904 3751 Scriptura
2952 3684 3019 3737 de
3077 3680 3196 3750 ipso
3249 3676 3525 3748 loquitur,

260 3788 478 3858 λόγους·
1368 3769 1377 3772 ἠ
1472 3769 1485 3775 ’
1951 3787 2211 3846 humanis
2238 3786 2801 3861 auribussermonem
2842 3774 3057 3846 1508
3079 3769 3523 3827 accommodans.

330 3890 402 3955 η’.
434 3903 455 3937 ι
504 3884 818 3956 Ἀνάστηθι,
848 3885 1043 3956 Κύριε,
1079 3888 1159 3951 εἰς
1187 3889 1287 3959 τὴν
1326 3887 1631 3943 ἀνάπαυσιν
1668 3908 1782 3945 σου.
1820 3909 1838 3943 ι

2022 3877 2188 3932 Vens.
2235 3877 2287 3931 8.
2339 3890 2359 3925 ι
2411 3872 2605 3941 Surge,
2644 3867 2890 3930 Domine,
2919 3865 2985 3917 ad
3024 3863 3265 3932 requiem
3297 3870 3467 3915 tuam.
3499 3878 3520 3913 ι

274 3976 598 4030 ’Δνόιστασιν
618 3978 713 4030 τοῦ
739 3976 876 4031 Θεοῦ
905 3978 948 4010 ⁹¹
974 3978 1202 4033 καλοῦσι
1230 3979 1329 4050 τὴν
1364 3982 1509 4034 κατὰ
1544 3983 1708 4050 νόμον
1746 3983 1842 4037 λα·-

1952 3970 2433 4029 Resurrectionem
2476 3964 2567 4018 Dei
2610 3969 2808 4016 vocant
2849 3959 3056 4014 cultum
3104 3955 3408 4009 secundum
3444 3953 3522 4007 le-

261 4064 474 4137 τρείαν,
502 4068 563 4120 ού
595 4067 803 4137 ταύτης
839 4068 1126 4139 δεομένου,
1158 4066 1225 4141 [¹¹
1251 4045 1375 4124 οῦδὲ
1406 4071 1577 4145 ταύτῃ
1610 4045 1839 4144 -ὲπιτερ-

1952 4082 2097 4139 gem,
2128 4078 2234 4119 non
2280 4062 2385 4117 huc
2421 4055 2736 4128 indigentis,
2766 4052 2901 4125 [nec
2933 4049 3354 4105 oblectationem
3400 4045 3526 4145 inde

264 4157 555 4230 πομένου,]
598 4156 737 4212 ἀλλὰ
767 4158 878 4213 τῶν
926 4139 1349 4231 προσφερόντων
1405 4163 1507 4236 τήν
1552 4139 1842 4220 ἐὐσέϐειαν

1951 4155 2278 4230 capientis],
2312 4150 2409 4209 sed
2432 4147 2779 4206 offerentium
2824 4145 3079 4215 pietatem
3112 4139 3525 4209 amplectentis:

262 4251 650 4322 ἀσπαζομένου
669 4266 682 4281 ·
717 4253 812 4306 καὶ
839 4253 1219 4324 παρακαλοῦσι
1250 4255 1307 4309 δὲ
1338 4251 1493 4319 αὖθις
1543 4257 1708 4311 αὐτοῦ
1746 4260 1840 4329 τὴν

1951 4260 2004 4307 et
2037 4251 2349 4308 obsecrant,
2387 4251 2445 4297 ut
2474 4241 2596 4311 ejus
2624 4236 2797 4308 gratia
2823 4235 3019 4289 iterum
3052 4240 3328 4303 appareat,
3362 4238 3529 4300 utque

262 4344 423 4415 χάριν
452 4320 803 4415 ἐπιφανῆναι,
837 4320 933 4400 καί
970 4346 1069 4418 τὴν
1097 4349 1367 4419 προτέραν
1403 4348 1587 4403 δοῦναι
1620 4350 1697 4421 τῷ
1734 4320 1840 4422 val?)

1952 4342 2247 4415 pristinum
2290 4333 2635 4406 Splendurem
2682 4327 2885 4396 templo
2933 4326 3215 4395 largiatur.
3266 4341 3285 4373 ι
3315 4320 3423 4422 ~an
3476 4330 3530 4422 et

264 4413 648 4507 περιφάνειαν.
680 4413 719 4491 ⁷ι
770 4440 843 4493 Σὺ
878 4440 975 4494 καὶ
1089 4413 1323 4505 κι-ϐωτδς
1358 4441 1455 4495 τοῦ
1501 4413 1842 4513 ἁγιάσματός

1952 4413 2077 4494 arca
2133 4426 2585 4490 sanctiﬁcationis
2642 4433 2768 4479 tuae.
2828 4440 2849 4474 ι
2903 4418 3168 4486 Quoniam
3202 4418 3257 4470 in
3312 4413 3529 4471 Sanctis

269 4506 384 4582 σου.
419 4530 465 4559 ’³
494 4548 512 4580 ι
560 4528 777 4599 Ἐπειδὴ
810 4532 869 4584 ἐν
895 4531 1009 4594 τοῖς
1039 4506 1251 4599 ⁷Ἀγίοις
1279 4533 1388 4585 τῶν
1427 4506 1648 4603 ἁγίωνὴ
1676 4506 1847 4588 inﬁm-

1968 4537 2270 4591 sanctorum
2310 4537 2436 4578 arca
2485 4518 2666 4575 stabat
2708 4513 2921 4569 tabulas
2953 4510 3088 4581 legis
3124 4509 3352 4569 habens,
3400 4506 3546 4561 huic.

264 4620 359 4683 τδς
385 4621 564 4673 ἔκειτο
604 4620 703 4684 τὰς
740 4621 956 4684 πλάκας
982 4622 1183 4693 ἔχουσα
1216 4622 1309 4677 τοῦ
1355 4600 1548 4695 νόμου,
1590 4600 1842 4680 ἐπέκειτο

1951 4630 2132 4681 autem
2191 4615 2511 4674 imminebat
2556 4605 3014 4682 propitiatorium,
3060 4618 3157 4673 per
3210 4600 3343 4656 illud
3401 4614 3529 4654 vero

264 4713 322 4768 δὲ
360 4713 534 4784 ταύτῃ
570 4712 630 4766 τὸ
674 4713 1007 4785 ἱλαστήριον,
1036 4692 1111 4768 δι’
1157 4717 1365 4770 ἐκείνου
1407 4692 1463 4770 δὲ
1492 4717 1571 4786 τῷ
1599 4720 1842 4789 ἀρχιερεῖ

1950 4714 2195 4795 pontiﬁci
2242 4710 2447 4766 indicia
2487 4703 2737 4769 quaedam
2777 4697 2945 4754 divini
2990 4697 3256 4795 adventus
3302 4692 3525 4795 ﬁcbant,

268 4804 567 4875 μηνύματα
598 4821 722 4858 τινα
754 4803 853 4873 τῆς
889 4803 1040 4867 θείας
1071 4806 1395 4875 ἐπιφανείας
1428 4784 1846 4875 ὲγίνήετοξείκό-

1951 4784 2070 4880 jure
2109 4814 2250 4860 arca:
2284 4796 2552 4854 meminit.
2578 4794 2719 4846 Nam
2758 4790 2921 4851 Deus.
2958 4787 3050 4857 qui
3088 4785 3216 4842 fecit
3244 4784 3442 4840 caelum
3471 4791 3529 4880 et

262 4916 375 4961 τως
408 4896 781 4967 ἐμνημόνευσε
814 4896 909 4965 τῆς
938 4896 1192 4951 κιϐωτοῦ.
1241 4898 1298 4951 '0
1328 4898 1459 4963 Θεὸς
1480 4899 1588 4970 γὰρ
1617 4903 1840 4970 ποιήσας

1946 4875 2176 4963 terram,
2223 4891 2527 4952 secundum
2574 4886 2717 4943 beati
2768 4880 2924 4935 Pauli
2972 4892 3163 4934 vocem
3208 4888 3256 4942 P,
3304 4892 3414 4931 non
3471 4875 3524 4930 in

264 4991 359 5044 τὸν
400 4966 633 5059 οὐρανὸν
668 4991 764 5042 καὶ
801 4988 902 5058 τὴν
945 4989 1070 5059 γῆν,
1101 4990 1243 5044 κατὰ
1285 4992 1385 5059 τὴν
1424 4966 1519 5044 τοῦ
1556 4966 1842 5064 μακαρίου

1951 5006 2115 5046 manu
2178 4986 2336 5042 factis
2385 4975 2606 5050 templis
2656 4974 2885 5030 habitat.
2935 4969 3028 5025 Sic
3083 4970 3249 5024 etiam
3306 4966 3526 5036 sapiens

267 5082 481 5135 Παύλου
515 5082 718 5154 φωνὴν,
743 5083 843 5136 οὐκ
874 5085 933 5137 ὲν
960 5085 1362 5155 χειροποιήτοις
1391 5087 1540 5147 ναοῖς
1570 5060 1843 5139 κατοικεῖ.

1952 5084 2175 5139 Salomo
2218 5086 2473 5150 precatus
2501 5083 2584 5128 est
2622 5089 2636 5125 :
2676 5087 2695 5121 ι
2740 5065 2798 5122 Si
2838 5065 3036 5120 coelum
3078 5074 3133 5119 et
3170 5062 3367 5119 caelum
3402 5060 3524 5115 coeli

265 5174 423 5231 Οῦτω
471 5175 529 5229 δὲ
569 5178 665 5231 καὶ
712 5178 740 5231 ό
781 5176 944 5246 σοφδς
971 5153 1323 5249 προσηύξατο
1350 5177 1634 5249 Σολομώνο
1670 5196 1689 5229 ι
1727 5179 1786 5231 Εἰ
1818 5177 1843 5230 ό

1956 5186 2066 5229 non
2098 5170 2368 5228 Sullicient
2390 5168 2487 5224 tibi
2512 5176 2562 5221 ιι.
2598 5184 2617 5218 ι
2654 5163 2768 5219 Hoc
2799 5162 2962 5218 etiam
2993 5159 3107 5229 ipse
3140 5153 3524 5210 universorum

336 5376 379 5406 °‘
406 5373 564 5432 Joan.
595 5391 655 5441 ιι,
686 5376 773 5432 l9.
850 5385 878 5426 ι)
910 5374 1029 5430 Aet.
1076 5393 1207 5442 xvn,
1236 5376 1343 5442 ΞΜ
1386 5378 1513 5433 coll.
1547 5376 1713 5433 Hebr.
1767 5393 1843 5443 ix,
1895 5376 1981 5430 11.
2061 5385 2087 5424 s
2121 5373 2167 5428 ll
2206 5371 2387 5428 Paral.
2427 5386 2501 5437 vr,
2550 5370 2635 5424 l8.

1364 5531 1599 5587 νΑιιιιΕ
1639 5528 2027 5590 LECTIONES
2077 5530 2166 5588 ET
2192 5528 2428 5589 NOTA-I.

338 5675 385 5709 "
449 5674 765 5730 Ἰκέτευεν.
804 5635 884 5731 ἰὶ).⁸
937 5691 1125 5744 praem.
1185 5676 1214 5726 ὁ
1254 5674 1353 5745 μὲν
1382 5670 1475 5728 οὖν
1510 5674 1781 5745 μακάριος
1829 5676 1849 5727 Δ

271 5746 315 5779 ⁸⁷
352 5745 497 5799 Γάο.
535 5746 666 5799 ibid.
717 5746 795 5799 δέ.
876 5746 919 5778 ³⁸
955 5749 1159 5799 Ὄντα.
1189 5747 1309 5799 εοιΙ.
1350 5746 1375 5799 1
1413 5745 1541 5799 add.
1580 5744 1765 5797 πάλιν.

1946 5672 2011 5729 ίδ.
2078 5673 2123 5704 ¹⁶
2194 5669 2445 5735 Ἐἀυτῷ.
2492 5669 2550 5721 In
2608 5665 2731 5721 cod.
2788 5665 2807 5716 l
2848 5659 3072 5731 ponitur
3112 5666 3234 5726 post
3269 5654 3517 5723 λογικόν.

1944 5740 2396 5799 Γενπσοιιένην.
2430 5739 2506 5793 ib.
2540 5751 2696 5799 sequ.
2745 5731 2973 5799 σκηνήν.
3073 5729 3119 5765 ὀ
3154 5726 3278 5799 end.
3312 5726 3343 5782 1
3388 5740 3517 5798 μετ-η

275 5746 315 5779 ιτ
352 5745 497 5815 Γὰρ.
535 5746 666 5801 ibid.
717 5746 795 5801 δέ.
876 5731 1159 5800 ιε”οντιι
1189 5731 1309 5802 coll.
1350 5746 1375 5799 ι
1413 5731 1541 5801 add“.
1580 5731 1777 5797 πάλινῐ

275 5816 453 5873 δοῦσα.
530 5817 573 5850 ’³
612 5816 781 5873 Θεοῦ.
859 5816 934 5873 ib.
967 5817 1216 5887 sequitur
1262 5814 1439 5888 ήμῶν.
1518 5816 1563 5847 ²²
1593 5815 1634 5871 Ε
1664 5814 1788 5872 cod.
1823 5816 1848 5871 1

1908 5746 1915 5775 ’
1944 5731 2408 5810 Γεννησοιιένην.⁷
2430 5739 2506 5793 ib.
2540 5751 2696 5805 sequ.
2745 5731 2973 5800 σκηνήν.
3073 5731 3119 5811 ’.ο
3154 5731 3278 5808 end.
3312 5731 3343 5782 1
3388 5740 3486 5798 μετ

1928 5815 1973 5847 ’³
2003 5814 2112 5870 Τοῦ
2146 5810 2513 5883 ἀγιάσματός
2543 5821 2680 5862 σου.
2707 5802 2868 5861 Hebr.
2904 5801 3128 5857 Roboris
3164 5807 3263 5853 tut.
