3996 6494
455 350 595 416 19οἿ
1447 346 1942 408 THEODORETI
1967 341 2312 407 EPISCOPI
2340 340 2714 402 CYRENSIS
2904 390 2909 393 ς
3582 336 3734 402 1908

452 459 597 516 Deus
620 456 725 513 ait:
758 474 775 508 ι
809 454 1021 511 Caelum
1046 454 1204 511 sedes
1226 468 1347 510 mea
1381 464 1487 521 est,
1520 466 1667 511 terra
1694 464 1874 509 autem
1906 467 2028 509 sca-

2166 448 2383 519 ὑρανδς,
2419 449 2517 502 καὶ
2554 450 2583 501 6
2617 445 2853 519 οὐρανὸς
2884 444 2979 499 τοῦ
3010 444 3245 516 ούρανοῦ
3276 443 3379 498 οὑκ
3428 445 3719 516 ἁρκέσουσ
3768 460 3773 465 ‘

451 551 654 607 bellum
694 548 891 618 pedum
930 562 1197 603 meorum.
1231 545 1404 614 Quam
1433 547 1657 601 domum
1691 543 2032 601 aediﬁcabitis

2161 558 2238 593 ret.
2279 560 2297 592 ι
2338 539 2511 594 Τοῦτο
2541 540 2637 594 καὶ
2674 539 2837 602 αὑτὸς
2866 541 2894 592 6
2924 538 3033 592 τῶν
3075 538 3212 592 ὅλων
3256 538 3363 607 ἔφη
3405 537 3575 601 Θεόςσ
3614 555 3633 588 ι
3670 537 3739 591 Ὁ

452 642 628 697 mihi?
661 651 755 695 aut
782 639 907 711 quis
938 640 1088 696 locus
1110 641 1316 710 requiei
1348 655 1480 695 meae
1509 647 1592 695 est
1620 638 1724 693 τῖ’

430 880 437 901 ³
525 899 694 956 Vens.
731 900 786 955 9.
823 920 843 953 ι
895 899 1221 955 Sacerdotes
1262 897 1339 951 lui
1374 895 1673 949 induentur
1708 891 1950 961 justitia,
1984 899 2038 946 et

457 998 638 1055 sancti
682 997 758 1050 tui
808 994 1174 1051 exsultatione
1209 990 1584 1047 exsultabunt.
1641 1005 1660 1039 ι
1709 984 1825 1040 Hoc
1863 984 2034 1050 enim,

458 1091 555 1154 ait,
588 1088 849 1157 perfecto,
884 1095 939 1141 et
974 1086 1140 1139 domo
1170 1092 1471 1144 exstructa,
1502 1090 1557 1134 et
1593 1094 1721 1133 arca
1752 1091 1951 1133 rursus
1982 1077 2039 1131 in

460 1184 639 1255 adytis
671 1183 874 1253 posita,
907 1179 1221 1235 sacerdotes
1256 1176 1479 1247 quidem
1518 1189 1634 1229 rem
1672 1172 1911 1227 divinam
1953 1185 2039 1225 se-

460 1278 700 1333 cundum
731 1276 903 1346 legem
938 1273 1198 1327 facientes
1227 1269 1711 1340 justiﬁcabuntur:
1746 1266 1872 1336 quia
1911 1279 2040 1319 vero

460 1368 812 1423 sacerdotalis
828 1365 1110 1436 dignitatis
1125 1364 1352 1417 minime
1364 1361 1654 1430 participes
1666 1369 1814 1426 sunt,
1832 1358 2043 1429 pietatis

464 1470 643 1515 autem
678 1464 808 1514 sunt
864 1456 1121 1522 studiosi,
1169 1454 1318 1511 omni
1354 1454 1539 1509 laetitia
1577 1452 1970 1523 implebuntur.

533 1613 700 1669 Vens.
730 1612 815 1668 lO.
858 1630 877 1663 ι
918 1610 1149 1680 Propter
1174 1610 1432 1665 Davidem
1467 1624 1685 1665 servum
1718 1618 1895 1673 tuum,
1934 1623 2045 1662 non

467 1716 682 1761 avertas
722 1704 919 1760 faciem
976 1704 1138 1760 Uncti
1176 1704 1273 1757 tui.
1326 1723 1344 1755 ι
1397 1701 1631 1757 Unctum
1676 1702 1782 1756 hoc
1823 1700 1877 1754 in
1926 1700 2048 1755 loco

468 1815 695 1869 regnum
721 1805 1021 1868 nuncupat.
1053 1796 1356 1902 Eth1509
1373 1796 1501 1865 quia
1526 1807 1655 1850 tunc
1675 1810 1866 1898 eorum
1892 1808 2047 1864 reges
2077 1796 2120 1852 Β
2147 1830 2249 1902 τὴν

468 1891 619 1961 impii
656 1899 835 1953 erant,
862 1898 1083 1960 propter
1115 1887 1374 1942 Davidem
1401 1896 1580 1954 orant,
1610 1902 1674 1942 ne
1696 1886 1847 1955 regni
1874 1899 2045 1955 genus

466 1983 871 2053 exstinguatur.
914 1980 1120 2036 Deinde
1136 1979 1205 2035 de
1245 1977 1711 2050 promissionibus
1747 1978 1908 2035 lactis
1948 1976 2045 2031 ad-

467 2082 717 2129 ιηοιιεηι.

540 2164 707 2221 Vens.
754 2164 837 2220 ll.
889 2184 907 2217 ι
941 2164 1156 2220 Juravit
1199 2164 1466 2219 Dominus
1496 2162 1690 2218 Davidi
1732 2162 2040 2228 veritatem,

467 2270 652 2315 etnon
687 2258 1047 2315 l‘rustrabitur
1078 2274 1222 2314 eam.
1264 2277 1283 2309 ›
1327 2257 1521 2324 Verax,
1556 2258 1652 2323 ait,
1694 2265 1777 2313 est
1811 2257 1902 2311 ille
1950 2257 2045 2326 qui

468 2352 749 2422 pollicitus
778 2360 884 2417 est,
920 2351 1277 2420 veritatisque
1321 2350 1443 2406 fons
1475 2359 1582 2414 est,
1628 2360 1681 2405 et
1718 2350 1831 2404 lieri
1867 2348 2045 2404 baud-

467 2460 746 2516 quaquam
781 2452 981 2515 potest,
1026 2443 1157 2512 quin
1213 2442 1537 2512 pollicitatio
1579 2457 1735 2496 suum
1782 2441 2047 2497 sortiatur

470 2538 657 2593 linem.
716 2556 735 2589 ι
777 2536 851 2591 De
886 2534 1068 2591 l‘ructu
1105 2536 1313 2591 ventris
1348 2535 1425 2589 ttti
1467 2550 1666 2605 ponam
1702 2549 1865 2605 super
1895 2534 2049 2589 thro-

469 2643 603 2685 num
657 2636 833 2682 tuum.
878 2643 897 2678 ι
969 2624 1087 2681 Una
1144 2626 1363 2695 quidem
1417 2625 1713 2697 promissio
1764 2625 1881 2680 hate
1940 2634 2044 2691 est,

468 2729 525 2777 et
581 2720 744 2775 linem
807 2716 1021 2773 habuit.
1077 2715 1198 2773 Non
1248 2718 1399 2772 solus
1446 2717 1593 2772 enim
1653 2715 1894 2781 Salomo,
1950 2717 2047 2772 sed

468 2812 632 2867 etiam
665 2810 757 2880 qui
790 2825 859 2865 ex
892 2809 1189 2865 Salomone
1229 2810 1496 2877 originem
1533 2817 1834 2873 traxerunt,
1870 2808 2047 2879 regios

468 2904 705 2960 thronos
754 2902 1133 2957 obtinuerunt.
1186 2899 1603 2955 Vaticinationis
1661 2915 1826 2970 porro
1884 2900 2046 2954 linem

470 2998 739 3054 Dominus
802 2997 1061 3054 Christus
1110 2995 1484 3063 conﬁrmavit,
1544 2994 1767 3050 Davidis
1819 3009 2047 3065 regnum

471 3090 861 3147 corroborans.
909 3088 1026 3144 Hoc
1073 3090 1222 3145 enim
1257 3098 1312 3144 et
1354 3088 1550 3143 beatus
1591 3087 1924 3143 vaticinatus
1965 3095 2050 3142 est

472 3183 646 3240 Isaias
697 3201 710 3236 :
765 3200 783 3234 ι
822 3178 1094 3247 Quoniam
1132 3195 1269 3250 puer
1318 3188 1482 3235 natus
1533 3187 1619 3234 est
1664 3178 1846 3244 nobis,
1893 3177 2050 3248 cujus

472 3275 764 3346 imperium
804 3289 969 3344 super
1001 3274 1230 3328 humero
1270 3273 1418 3343 ejus,
1466 3281 1521 3328 et
1571 3280 1801 3328 vocatur
1852 3285 2051 3326 nomen

473 3368 598 3437 ejus
631 3365 815 3435 magni
849 3366 1068 3421 consilii
1101 3365 1351 3434 angelus,
1396 3365 1758 3429 admirabilis,
1795 3364 2053 3419 consilia-

475 3458 616 3523 rius,
666 3456 811 3510 Deus
858 3454 1037 3519 l'ortis,
1090 3464 1303 3524 potens,
1358 3456 1614 3525 princeps
1662 3455 1852 3525 pacis,
1899 3463 2055 3525 pater

477 3548 648 3604 futuri
694 3547 904 3615 saeculi,
951 3562 1111 3602 amen
1137 3558 1183 3600 ο.
1225 3564 1244 3597 ι
1292 3546 1360 3600 Ει
1409 3547 1572 3616 paulo
1620 3556 1761 3617 post.
1823 3564 1843 3598 ι
1880 3546 2056 3618 Super

477 3646 677 3701 throno
710 3643 931 3699 Davidis
959 3652 1012 3698 et
1039 3657 1205 3713 super
1234 3656 1405 3713 regno
1426 3641 1546 3710 ejus
1576 3643 1806 3705 sedebit,
1842 3650 1903 3697 ut
1930 3657 2055 3697 cor-

474 3738 619 3808 rigat
651 3736 811 3800 illud,
852 3735 921 3790 ab
950 3735 1057 3790 hoc
1103 3734 1232 3789 inde
1269 3745 1515 3805 tempore
1547 3750 1722 3804 usque
1768 3734 1823 3788 in
1861 3748 2056 3804 perpe-

478 3842 656 3885 tuum.
722 3847 742 3881 ι
805 3827 959 3884 Hanc
1005 3828 1229 3898 quidem
1279 3828 1765 3898 pollicitationem,
1802 3835 1865 3881 ut
1910 3827 2055 3891 dixi,

479 3920 748 3975 Dominus
781 3920 1035 3974 Christus
1079 3919 1430 3974 conﬁrmavit
1464 3936 1478 3972 :
1522 3918 1750 3974 alteram
1784 3933 1911 3974 vero
1942 3932 2054 3973 non

480 4011 891 4068 interminatam
923 4010 1067 4065 Deus
1097 4010 1268 4066 dedit.
1306 4010 1448 4065 Dicit
1481 4019 1663 4064 autem
1698 4011 1778 4065 sic
1811 4028 1824 4065 :

553 4101 719 4158 Vens.
759 4102 848 4157 l2.
887 4121 905 4154 ι
949 4102 1005 4157 Si
1039 4102 1401 4157 custodierint
1428 4102 1527 4157 lilii
1559 4103 1636 4157 tui
1669 4110 2056 4157 testamentum

480 4212 686 4263 meum,
729 4204 785 4251 et
830 4196 1146 4251 testimonia
1184 4210 1304 4250 mea
1346 4195 1480 4258 haec,
1531 4209 1655 4264 qua:
1694 4194 1902 4249 docebo
1941 4209 2053 4261 eos,

479 4299 531 4343 et
560 4289 656 4343 lilii
693 4292 884 4342 eorum
937 4303 1111 4357 usque
1162 4289 1216 4341 in
1275 4287 1534 4341 saeculum
1584 4287 1851 4341 scdebunt
1893 4302 2058 4356 super

480 4384 679 4435 throno
720 4390 835 4434 tuo.
878 4398 898 4431 ι
943 4377 1092 4433 Talis
1132 4379 1299 4447 igitur
1345 4376 1564 4432 Domini
1614 4379 1907 4449 promissio
1949 4388 2054 4444 est,

2134 632 2363 703 οὐρανός
2407 649 2499 701 μοι
2531 632 2746 702 θρόνος,
2782 632 2816 701 ή
2846 630 2903 684 δὲ
2936 630 3011 700 γῆ
3052 630 3347 684 ὑποπόδιον
3385 628 3497 682 τῶν
3544 629 3739 682 ποδῶν

2138 741 2265 793 μου.
2304 725 2463 777 Ποῖον
2488 718 2636 776 οἷκον
2679 720 3071 792 οἰκοδομήσετέ
3102 737 3229 790 μοις
3260 720 3293 791 ἢ
3328 718 3413 783 τίς
3433 719 3600 781 τόπος
3630 718 3743 786 τῆς
3802 742 3813 750 -

2137 813 2539 878 καταπαύσεώς
2574 813 2676 885 μού
2704 800 2892 877 ἐστίνέ
2927 830 2946 864 ι

2208 906 2274 960 θ’.
2306 926 2326 960 ι
2366 908 2428 959 Oi
2465 907 2629 977 ἱερεῖς
2653 922 2746 958 σου
2775 904 3086 958 ἐνδύσανται
3111 902 3479 975 δικαιοσύνην,
3537 904 3635 957 καὶ
3686 903 3741 958 οξ

2138 998 2274 1053 ὅσιοί
2303 1015 2398 1052 σου
2433 997 2880 1067 ἁγαλλιάσονται.
2920 1014 2939 1048 ι
2974 994 3180 1049 Τούτου
3211 995 3277 1060 ¹⁴⁵,
3310 996 3467 1066 φησὶ,
3510 995 3747 1065 γινομέ-

2140 1110 2254 1159 νου,
2293 1092 2387 1146 καὶ
2430 1089 2855 1162 ᾠκοδομημένου
2886 1087 2983 1142 τοῦ
3014 1089 3200 1150 οἴκου,
3231 1090 3327 1142 καὶ
3354 1089 3460 1158 τῆς
3489 1087 3743 1141 κιϐωτοῦ

2146 1185 2310 1239 πάλιν
2344 1182 2642 1253 τιθεμένης
2676 1184 2733 1234 ἐν
2778 1183 2891 1244 τοῖς
2932 1178 3172 1243 ἀδύτοις,
3196 1182 3244 1233 οί
3298 1180 3397 1249 μὲν
3436 1181 3605 1250 ἱερεῖς
3637 1181 3746 1250 τὴν

2143 1277 2289 1332 κατὰ
2328 1276 2498 1347 νόμον
2542 1272 2920 1335 ἐπιτελοῦντες
2954 1272 3213 1343 λατρείαν
3241 1271 3744 1341 δικαιωθήσονται,

2142 1371 2194 1423 οί
2250 1369 2307 1422 δὲ
2352 1372 2453 1441 τῆς
2505 1368 2603 1439 μὲν
2650 1366 2937 1437 ἱερατικῆς
2990 1364 3050 1417 οὑ
3108 1365 3501 1435 μετειληφότες
3551 1364 3743 1429 ἀξίας,

2145 1461 2429 1525 εὐσεϐείας
2455 1461 2513 1514 δὲ
2535 1461 2685 1531 ὅμως
2706 1457 3153 1530 πεφροντικότες,
3180 1459 3363 1530 πάσης
3383 1458 3743 1529 εὐφροσύνης

2147 1552 2578 1624 πλησθήσονται.

2219 1652 2271 1701 ι’.
2294 1666 2314 1698 ι
2339 1646 2568 1700 Ἕνεκεν
2586 1646 2750 1701 Δαϐὶδ
2774 1647 2869 1701 τοῦ
2905 1648 3096 1702 δούλου
3134 1663 3251 1709 σου,
3279 1645 3354 1716 μὴ
3382 1641 3747 1713 διττοῦ-τρέψῃς

2146 1738 2207 1791 τὸ
2246 1738 2540 1809 πρόσωπον
2582 1738 2677 1792 τοῦ
2702 1739 2942 1811 Χριστοῦ
2994 1758 3112 1793 σου.
3154 1758 3173 1790 ι
3212 1737 3477 1806 Χριστὸν
3508 1733 3748 1788 ἐνταῦθα

2278 1829 2555 1900 βασιλείαν
2584 1829 2757 1885 καλεῖ.
2793 1831 2903 1884 Καὶ
2929 1831 3121 1901 ἐπειδὴ
3157 1813 3447 1890 δυσσεϐεῖς
3496 1828 3547 1879 οί
3584 1842 3713 1893 τηνι

2148 1922 2326 1977 καῦτα
2357 1922 2541 1977 αὑτῶν
2580 1918 2723 1993 ἦσαν
2765 1923 3027 1993 βασιλεῖς,
3059 1922 3148 1976 διὰ
3193 1920 3282 1974 τόν
3322 1920 3487 1973 Δαϐ¹ιδ
3525 1917 3744 1982 ἀξιοῦσι

2150 2014 2226 2084 μὴ
2269 2013 2578 2085 ἀποσϐῆναι
2605 2015 2708 2085 τῆς
2757 2013 3037 2085 βασιλείας
3079 2012 3141 2067 τὸ
3205 2010 3388 2079 γένος.
3441 2004 3579 2062 Εἶτα
3630 2007 3741 2060 τῶν

2146 2106 2528 2177 γεγενημένων
2566 2107 3049 2179 ἀναμιμνήσκουσι
3083 2104 3453 2174 ὑποσχέσεων.

2221 2205 2311 2252 ια’.
2354 2218 2373 2251 ι
2419 2200 2625 2269 Ὠμοσε
2661 2198 2870 2271 Κύριος
2906 2198 2984 2269 τῷ
3024 2196 3189 2250 Δαϐὶδ
3221 2194 3503 2266 ἀλήθειαν,
3548 2193 3646 2246 καὶ
3680 2193 3738 2246 οὑ

2151 2291 2227 2363 μὴ
2263 2291 2519 2362 ἀθετήσει
2569 2290 2762 2361 αὑτήν.
2804 2308 2823 2342 ι
2863 2289 3147 2359 Ἀψευδὴς,
3197 2288 3384 2358 φησὶν,
3428 2287 3457 2337 6
3502 2286 3745 2354 ὑποσχό-

2150 2399 2336 2454 μενος,
2363 2382 2460 2435 καὶ
2516 2381 2778 2451 ἀληθείας
2835 2381 3071 2452 ὑπάρχει
3110 2379 3282 2449 πηγὴ,
3323 2376 3418 2430 καί
3460 2374 3575 2428 τῶν
3612 2375 3713 2428 ἀδυ

2150 2476 2333 2530 νάτων
2365 2475 2439 2546 μὴ
2480 2473 2659 2546 πέρας
2681 2473 2870 2527 λαϐεῖν
2889 2471 2989 2543 τὴν
3019 2470 3336 2540 ὑπόσχεσιν.
3375 2468 3503 2520 «Ἐκ
3521 2464 3743 2537 καρποῦ

2147 2567 2250 2638 τῆς
2272 2567 2482 2629 κοιλίας
2512 2583 2608 2619 σου
2641 2566 2880 2636 θήσομαι
2917 2564 3009 2617 ἐπὶ
3042 2562 3136 2616 τὸν
3174 2561 3365 2631 θρόνον
3400 2576 3514 2611 σου.
3567 2576 3586 2609 ι
3626 2557 3742 2610 Μία

2152 2660 2252 2731 μὲν
2275 2660 2568 2729 ὑπόσχεσις
2600 2656 2764 2727 αὕτη,
2794 2658 2891 2709 καὶ
2923 2655 2984 2708 τὸ
3010 2654 3188 2726 πέρας
3218 2652 3458 2716 ἐδέξατο.
3512 2650 3591 2703 Οὐ
3630 2648 3742 2719 γὰρ

2152 2754 2312 2825 μόνος
2334 2750 2609 2820 Σολομὼν,
2642 2749 2782 2805 ἀλλὰ
2807 2749 2902 2802 καὶ
2929 2750 2976 2801 οἱ
3012 2749 3076 2800 ἐκ
3102 2745 3469 2811 Σολομῶντος,
3504 2742 3616 2794 τῶν
3646 2739 3744 2810 βα-

2152 2844 2374 2898 σιλικῶν
2445 2841 2760 2913 ἠξιώθησαν
2796 2840 3026 2912 θρόνων.
3069 2838 3143 2891 Τὸ
3178 2837 3235 2891 δὲ
3271 2835 3423 2898 τέλος
3464 2833 3565 2903 τῆς
3612 2833 3747 2884 ὑπο-

2152 2936 2398 3006 σχέσεως
2426 2935 2455 2987 ὁ
2493 2935 2775 3003 Δεσπότης
2807 2930 3050 3002 Χριστὸς
3085 2927 3407 2989 ἐϐεϐαίωσε,
3428 2924 3524 2979 τοῦ
3578 2921 3749 2977 Δαϐὶδ

2151 3026 2432 3100 κρατύνας
2483 3026 2582 3095 τὴν
2620 3024 2921 3093 βασιλείαν.
2954 3020 3127 3075 Τοῦτο
3165 3019 3276 3091 γὰρ
3298 3017 3392 3071 καὶ
3419 3018 3449 3068 ό
3471 3014 3746 3084 μακάριος

2076 3145 2122 3207 C
2154 3119 2552 3207 προεθέσπισεν
2582 3115 2876 3207 Ἡσαΐας]
2898 3116 3021 3207 ξΟτι
3051 3110 3262 3207 παιδίον
3291 3106 3554 3207 ἐχειννὴθη
3584 3107 3743 3207 ημῖν,

2155 3206 2273 3269 υίὸς
2301 3207 2395 3260 καὶ
2430 3204 2591 3273 ἐδόθη
2610 3206 2766 3275 ἡμῖν,
2801 3196 2863 3256 οὑ
2890 3205 2923 3271 ἡ
2954 3201 3099 3273 ἀρχὴ
3127 3200 3219 3254 ἐπὶ
3243 3196 3336 3252 τοῦ
3367 3196 3521 3264 ὤμου
3546 3192 3743 3254 αὑτοῦ,

2154 3299 2249 3351 καὶ
2274 3297 2519 3351 καλεῖται
2543 3296 2607 3349 τὸ
2632 3295 2806 3365 ὄνομα
2830 3292 2996 3346 αὑτοῦ
3031 3292 3275 3363 μεγάλης
3310 3286 3508 3359 βουλῆς
3539 3287 3745 3353 Ἀγγε-

2154 3391 2266 3455 λος,
2310 3387 2650 3459 θαυμαστὸς,
2694 3385 3015 3456 σύμϐουλος,
3046 3384 3177 3446 Θεὸς
3221 3380 3462 3451 ἰσχυρὸς,
3497 3379 3745 3442 ἐξουσια-

2158 3481 2311 3551 στης,
2343 3479 2527 3550 ἄρχων
2558 3477 2804 3548 εἰρήνης,
2835 3474 3015 3545 πατὴρ
3056 3473 3149 3527 τοῦ
3192 3471 3479 3543 μέλλοντος
3520 3468 3741 3530 αἰῶνος,

2155 3574 2325 3643 ἁμήν.
2356 3592 2373 3623 ι
2409 3572 2516 3625 Καὶ
2550 3569 2666 3640 μετ’
2694 3569 2849 3637 ὀλίγα
2868 3584 2884 3600 ·
2925 3587 2943 3619 ι
2970 3566 3095 3619 Ἐπὶ
3122 3566 3214 3618 τὸν
3243 3563 3430 3635 θρόνον
3465 3561 3627 3614 Δαϐὶδ
3649 3560 3746 3613 καὶ

2155 3664 2255 3733 τὴν
2288 3664 2334 3695 ³⁸
2373 3661 2652 3733 βασιλείαν
2686 3658 2876 3721 αὐτοῦ,
2922 3656 3017 3711 τοῦ
3051 3654 3399 3725 κατορθῶσαι
3433 3650 3608 3721 αὑτὴν
3637 3649 3746 3704 ἀπὸ

2156 3753 2251 3806 τοῦ
2278 3752 2375 3806 νῦν
2428 3753 2520 3805 καί
2568 3752 2649 3814 εἰς
2689 3751 2782 3802 τὸν
2812 3750 2983 3802 αἰῶνα
3036 3746 3245 3817 χρόνον.
3279 3762 3298 3796 ι
3343 3742 3568 3811 Ταύτην
3622 3741 3743 3811 μὲν,

2157 3845 2232 3907 ὼς
2261 3843 2417 3913 ἔφην,
2438 3843 2538 3913 τὴν
2565 3842 2859 3911 ὑπόσχεσιν
2876 3837 3198 3906 όΔεσπότης
3224 3834 3457 3905 Χριστὸς
3481 3833 3747 3886 ἐϐεϐαίω-

2159 3953 2258 3988 σε·
2306 3936 2407 4007 τὴν
2478 3934 2664 4005 μέντοι
2727 3932 2924 4002 ἑτέραν
2988 3932 3090 3984 οὑκ
3147 3928 3399 4000 ἀόριστον
3450 3925 3742 3979 δέδωκενό

2158 4028 2291 4091 Θεός
2324 4045 2337 4057 ·
2375 4031 2478 4098 ἔφη
2512 4027 2568 4080 δὲ
2600 4026 2775 4089 οὕτως
2806 4042 2820 4056 ’
3064 4011 3070 4017 ’

2232 4119 2321 4189 ιβ’.
2369 4137 2387 4171 ι
2421 4118 2548 4172 Ἐὰν
2584 4116 2928 4187 φυλάξωνται
2954 4116 3004 4168 oi
3045 4112 3153 4166 υίοί
3187 4128 3281 4165 σου
3330 4111 3430 4182 τὴν
3479 4108 3750 4180 διαθήκην

2165 4228 2292 4282 μου,
2326 4210 2423 4264 καὶ
2454 4209 2524 4263 τὰ
2561 4207 2844 4279 μαρτύριά
2878 4223 2980 4277 μου
3014 4204 3211 4266 ταῦτα,
3239 4203 3273 4257 ἃ
3299 4201 3496 4268 διδάξω
3527 4200 3748 4262 αὐτοὺς,

2159 4303 2256 4356 καὶ
2277 4302 2328 4354 οί
2361 4300 2470 4353 υἱοὶ
2490 4299 2670 4353 αὑτῶν
2699 4300 2806 4362 ἕως
2832 4296 2928 4351 τοῦ
2959 4296 3157 4358 αἰῶνος
3187 4293 3509 4347 καθιοῦνται
3535 4292 3628 4346 ἐπὶ
3653 4291 3747 4343 τοῦ

2162 4394 2355 4466 θρόνου
2388 4410 2503 4447 σου.
2538 4412 2557 4445 ›
2611 4392 2674 4445 Ἡ
2701 4392 2800 4462 μὲν
2838 4385 2931 4444 οὖν
2968 4387 3061 4441 τοῦ
3108 4387 3378 4440 Δεσπότου
3443 4383 3750 4452 ἐπαγγελία

481 4473 576 4527 scd
621 4473 841 4526 illorum
887 4471 1152 4541 iniquitas
1187 4471 1339 4541 regni
1378 4486 1604 4527 cursum
1639 4470 1894 4529 inhibuit.
1933 4470 2047 4527 Mox

2167 4484 2414 4556 τοιαύτη,
2458 4486 2492 4554 ὴ
2534 4483 2590 4536 δέ
2631 4483 2854 4536 ἐκείνων
2885 4479 3206 4551 παρανομία
3224 4479 3322 4548 τῆς
3355 4476 3637 4547 βασιλείας
3657 4476 3750 4529 τὸν

480 4565 626 4618 enim
661 4562 886 4619 Salomo
916 4578 1041 4618 cum
1083 4563 1137 4617 in
1186 4562 1519 4629 impietatem
1566 4562 1871 4631 incidisset,
1916 4563 2059 4618 divi—

481 4673 609 4711 nam
645 4658 783 4713 iram
839 4657 944 4713 sibi
989 4656 1205 4712 ascivit.
1237 4655 1583 4727 Quapropter
1644 4655 1842 4710 solium
1875 4665 2061 4726 tyran-

483 4751 611 4805 nide
660 4765 912 4820 pressum
944 4760 1048 4814 est,
1094 4750 1431 4819 alteriusque
1469 4748 1682 4819 1510
1710 4764 1937 4819 regnum
1969 4748 2063 4803 de-

2159 4579 2356 4650 δρόμον
2396 4576 2667 4646 διέκοψεν.
2698 4594 2716 4626 ι
2779 4573 2958 4636 Εὐθὺς
3013 4572 3124 4642 γὰρ
3154 4574 3182 4624 ό
3210 4568 3460 4639 Σολομὼν
3496 4566 3750 4621 ἐκπεσὼν

2160 4673 2240 4734 είς
2290 4670 2547 4724 ἀσέϐειαν
2601 4668 2701 4738 τὴν
2748 4667 2899 4720 θείαν
2962 4664 3133 4734 ὀργὴν
3175 4662 3546 4716 ἐπεσπάσατο.
3580 4652 3657 4712 Οὑ
3684 4659 3749 4729 δὴ

2160 4763 2322 4834 χάριν
2344 4764 2373 4816 ό
2401 4760 2591 4832 θρόνος
2629 4757 2992 4830 ἐτυραννήθη,
3025 4754 3122 4809 καὶ
3158 4754 3346 4824 ἐτέρου
3395 4754 3453 4806 αί
3491 4751 3629 4804 δέκα
3654 4768 3751 4819 φυ-

484 4858 603 4898 cem
652 4843 831 4898 tribus
874 4842 1217 4898 admiserunt
1250 4861 1262 4896 :
1299 4850 1489 4911 postea
1523 4851 1704 4896 autem
1745 4841 1911 4896 etiam
1942 4841 2047 4897 dua

2162 4854 2252 4907 λαὶ
2309 4853 2593 4925 βασιλείαν
2656 4851 2942 4915 ἐδέξαντοο
2986 4847 3164 4920 χρόνῳ
3196 4846 3252 4899 δὲ
3290 4844 3518 4914 ὕστερον
3566 4844 3662 4897 καὶ
3693 4845 3749 4896 ai

485 4934 662 4989 tribus
695 4948 861 5003 regno
892 4933 1153 4988 Davidico
1181 4935 1407 5004 privata:
1437 4933 1613 4988 luere.

556 5024 725 5081 Vens.
772 5026 934 5080 l3.‘t
973 5025 1243 5093 Quoniam
1294 5028 1461 5099 elegit
1509 5025 1775 5080 Dominus
1818 5024 2061 5092 Sionem,

2169 4945 2262 5001 δύο
2282 4945 2449 5014 φυλαὶ
2487 4945 2584 5015 τῆς
2618 4942 2916 5012 Δαϐιτικῆς
2952 4936 3345 5010 ἐγυμνώθησαν
3376 4934 3679 5006 βασιλείας.

2244 5039 2330 5107 ιγ’.
2370 5056 2389 5090 ι
2427 5038 2551 5090 Ὅτι
2586 5034 2867 5104 ἐξελέξατο
2896 5033 3104 5104 Κύριος
3130 5030 3231 5101 τὴν
3264 5028 3424 5094 Σιὼν,
3459 5026 3748 5097 ᾑρετίσατο

484 5120 649 5190 elegit
671 5135 791 5173 eam
825 5120 929 5175 sibi
961 5135 1060 5191 pro
1091 5122 1446 5180 habitatione.
1479 5138 1498 5173 ι
1537 5120 1696 5183 Olim,
1732 5119 1928 5188 inquit,
1961 5119 2047 5175 Do

2173 5131 2343 5201 αὑτὴν
2388 5132 2467 5196 είς
2518 5129 2799 5183 κατοικίαν
2851 5126 3050 5197 ἐαυτῷ.
3093 5144 3109 5177 ι
3154 5122 3414 5186 ’Λνωθεν,
3468 5121 3658 5190 φησιν,
3703 5112 3747 5171 ὦ

488 5217 657 5282 mine,
698 5219 843 5272 hanc
880 5218 1006 5273 aliis
1045 5218 1273 5272 urbibus
1320 5217 1628 5284 praetulisu,
1672 5224 1726 5270 et
1775 5216 1917 5271 hanc
1964 5232 2063 5286 pro

489 5318 581 5365 tua
616 5309 953 5366 habitatione
986 5310 1353 5366 declaravisti.

565 5496 587 5527 τ
619 5484 662 5541 ΙΙ
692 5484 871 5543 Paral.
907 5503 967 5543 tt.
1000 5486 1065 5558 6;
1096 5489 1217 5543 Act.
1240 5504 1336 5567 vn,
1364 5489 1465 5557 49;
1499 5489 1601 5544 lsa.
1633 5505 1780 5557 LXVI,
1816 5493 1868 5544 l.

2171 5224 2436 5286 Δέσποτα,
2495 5221 2702 5291 ταύτην
2734 5219 2843 5273 τῶν
2873 5219 3049 5273 ἄλλων
3095 5214 3470 5287 προετίμησας
3516 5210 3744 5277 πόλεων,

2168 5314 2261 5369 καί
2280 5315 2479 5367 οἰκεῖον
2501 5314 2785 5385 ἀπέφηνας
2817 5312 3149 5383 οἰκητήριον.

1981 5497 2004 5526 ⁸
2048 5492 2152 5546 lsa.
2188 5508 2264 5559 ιχ,
2298 5492 2351 5547 6.

1595 5629 1831 5685 VARIIE
1870 5630 2257 5689 LECTIONES
2294 5632 2379 5687 ET
2416 5630 2644 5689 [\OTE.

526 5762 573 5799 ³⁸
608 5762 852 5819 Τούτου.
873 5761 995 5819 cod.
1027 5763 1049 5818 l
1088 5762 1211 5819 add.
1239 5763 1367 5832 γάρ.

1446 5766 1488 5793 ³³
1529 5763 1669 5834 Τήν.
1704 5764 1825 5820 cod.
1857 5765 1873 5820 l
1904 5783 2090 5835 praem.

2162 5798 2233 5818 [0'00
