3996 6498
258 340 399 408 1909

1570 349 1651 414 IN
1690 349 1898 412 PSAL.
1938 348 2223 411 CXXXII.

3395 340 3528 408 1910

333 452 417 511 ιδ’.
454 476 474 507 ι
504 455 652 528 Αὕτη
688 457 722 528 ἡ
764 458 1115 525 κατάπαυσίς
1168 478 1271 531 μου
1294 462 1374 526 είς
1396 461 1568 515 αἰῶνα
1588 461 1836 524 αἰῶνος.)

2023 459 2194 515 Vens.
2235 458 2323 513 14.
2374 476 2392 510 ι
2430 456 2557 514 Ηαεο
2600 464 2686 514 est
2733 455 2955 526 requies
3001 467 3123 510 mea
3167 453 3226 507 in
3264 446 3526 509 saeculum

259 547 468 615 Ταῦτα,
493 552 649 619 φησι,
674 552 739 605 σὺ
773 548 953 615 ε’ίπας,
972 548 1017 608 ὦ
1050 554 1318 617 Δέσποτα,
1348 556 1441 607 καὶ
1474 556 1716 624 ὑπέσχου
1745 555 1848 605 ὲπ-
1879 597 1886 605 .

260 643 647 698 αναπαύεσθαι
693 647 759 716 τῇ
810 645 951 701 Σιὼν
1002 648 1112 700 ἀεί.
1162 649 1271 701 Καὶ
1302 648 1542 701 τοῦτοδὲ
1575 647 1847 717 τετύχηκε

263 734 523 806 πέρατος.
559 738 620 791 Et
655 738 763 809 γὰρ
801 741 897 793 καὶ
920 743 949 795 6
975 741 1204 805 παλαιὸς
1238 741 1373 804 νεὼς
1401 741 1606 813 ἔρημος
1632 742 1720 795 διὰ
1746 740 1847 812 τὴν

262 825 538 882 Ἰουδαίων
561 831 761 900 μανίαν
778 832 1015 901 ἐγένετο,
1032 833 1149 887 ἀλλ’
1167 829 1259 889 οὖν
1278 836 1395 888 ἐκεῖ
1413 835 1596 899 πάλιν,
1629 835 1724 888 καὶ
1751 834 1846 888 τοῦ

264 917 528 987 σταυροῦ,
561 922 658 973 καὶ
695 920 795 990 τῆς
831 922 1206 988 ἀναστάσεως,
1243 924 1334 977 καὶ
1382 925 1480 994 τῆς
1522 923 1849 995 ἀναλήψεως

261 1010 332 1063 τά
357 1010 533 1081 χωρία
554 1011 643 1065 διὰ
675 1012 774 1083 τῆς
814 1013 963 1077 θείας
1007 1016 1053 1046 ’⁸
1094 1015 1293 1085 ἠξίωτο
1337 1017 1560 1087 χάριτος
1591 1033 1605 1047 ο
1650 1017 1744 1070 καὶ
1782 1019 1848 1071 ὲκ

264 1101 449 1172 πάσης
480 1105 584 1173 γῆς
620 1104 713 1157 καὶ
744 1104 1014 1177 Θαλάττης
1047 1107 1435 1179 συντρέχουσιν
1474 1108 1716 1173 ἅπαντες
1746 1110 1847 1179 τὴν

266 1192 327 1245 ὲν
361 1192 591 1258 ἐκείνοις
607 1195 1011 1261 ἀναϐλύζουσαν
1031 1198 1283 1268 εὐλογίαν
1312 1200 1642 1271 ἀρύσασθαι.
1666 1219 1685 1252 ‹
1716 1196 1846 1255 Ὧδε

264 1286 624 1357 κατοικήσω,
659 1288 741 1342 ὅτι
818 1291 1159 1362 ᾑρετισάμην
1220 1293 1412 1362 αὐτήν.
1467 1313 1486 1345 ι
1540 1295 1653 1347 Kal.
1689 1292 1848 1346 τοῦτο

262 1376 458 1442 τέλους
492 1381 783 1452 τετύχηκε,
826 1384 921 1437 καὶ
978 1385 1020 1417 ⁸⁷
1068 1386 1337 1457 ὲναλλαγή
1380 1404 1468 1451 τις
1516 1387 1626 1440 τῶν
1681 1386 1848 1440 οἴκων

264 1468 506 1537 ἐγένετο.
541 1472 652 1525 Καὶ
681 1475 710 1526 6
735 1476 1075 1545 προφητικδς
1103 1477 1159 1530 δὲ
1185 1477 1343 1546 λόγος
1369 1479 1470 1549 τῆς
1500 1479 1639 1533 Σιὼν
1676 1481 1848 1551 ὲμνη-

266 1558 551 1624 μόνευσεν.
590 1560 679 1615 Ἐν
733 1563 915 1635 ἐκείνῃ
969 1564 1025 1617 δὲ
1078 1568 1172 1621 καὶ
1209 1570 1238 1621 6
1292 1568 1387 1621 τοῦ
1430 1569 1687 1640 σταυροῦ,
1753 1571 1850 1624 καὶ

261 1647 362 1717 τῆς
393 1648 441 1679 ³⁸
470 1650 819 1715 ἀναστάσεως
850 1654 1037 1718 τόπος.

337 1745 423 1793 ιε’.
464 1759 483 1792 ι
517 1738 628 1813 Τὴν
656 1742 831 1814 θήραν
859 1744 905 1775 ²⁹
936 1747 1105 1818 αὐτῆς
1128 1748 1371 1817 εὐλογῶν
1390 1752 1689 1823 εὐλογήσω.
1723 1772 1741 1804 ι
1787 1755 1848 1807 '0

261 1829 319 1883 δὲ
350 1812 669 1903 Σύμμαχος,
712 1812 831 1903 Τὴν
867 1812 1116 1905 σίτησιν
1152 1812 1344 1909 αὐταῖς
1374 1812 1644 1914 εὐλογιῦν
1669 1848 1847 1902 813.10-
1879 1812 1923 1868 Β

260 1921 454 1989 τήσω.
486 1923 763 1991 Τουτέστι,
790 1929 899 1981 τῶν
936 1930 1158 1996 ἀγαθῶν
1194 1933 1377 1997 αὐτοῖς
1417 1935 1678 1990 ἁπάντων
1703 1954 1850 2011 παρ-

262 2014 375 2081 έξω
433 2014 531 2085 τὴν
564 2016 845 2083 ἀφθονίαν.
886 2039 905 2073 ι
945 2023 1083 2085 Τοὺς
1116 2025 1369 2094 πτωχοὺς
1396 2027 1567 2099 αὐτῆς
1600 2030 1852 2099 χορτάσω

264 2106 473 2179 ἄρτων.
506 2126 524 2160 ι
574 2111 803 2182 Παρέξω
830 2112 886 2166 δὲ
925 2114 1023 2168 καὶ
1056 2118 1167 2180 τοῖς
1208 2116 1484 2183 δεομένοις
1520 2119 1632 2174 τῶν
1685 2122 1853 2192 ἀναγ-

261 2200 441 2255 καίων
468 2203 567 2276 τὴν
589 2204 799 2276 χρείαν.

340 2292 437 2359 ις’.
478 2314 498 2346 ι
534 2296 673 2360 Τοὺς
705 2299 871 2369 ἱερεῖς
900 2299 1072 2373 αὐτῆς
1114 2302 1319 2358 ἐνδύσω
1354 2307 1651 2376 σωτηρίαν.
1684 2327 1703 2360 ι
1750 2311 1854 2362 Ἦν

262 2385 381 2439 ἄνω
423 2387 778 2461 δικαιοσύνην
801 2392 1081 2457 ἐκάλεσεν,
1114 2394 1351 2450 ἐνταῦθα
1381 2400 1688 2467 σωτηρίαν
1717 2400 1853 2454 ὠνό-

268 2490 437 2543 μασε.
487 2479 850 2550 Δικαιοσύνης
883 2484 994 2553 γὰρ
1048 2486 1295 2557 σωτηρία
1330 2490 1563 2560 καρπός.
1601 2509 1620 2543 ι
1660 2492 1771 2545 Καὶ
1803 2493 1853 2546 οἱ

264 2567 405 2620 ὅσιοι
438 2570 610 2642 αὐτῆς
635 2572 957 2641 ἀγαλλιάσει
993 2576 1439 2645 άγαλλιάσονται.
1481 2601 1500 2634 ι
1550 2584 1613 2636 Oi
1660 2584 1719 2637 δὲ
1756 2585 1855 2654 τῆς

263 2659 556 2802 εἰσεϐείας
585 2664 812 2734 ἐρασταὶ
842 2666 1026 2738 πάσης
1065 2670 1391 2739 γενήσονται
1420 2672 1691 2744 θυμηδίας
1721 2675 1855 2730 ἀνά-

267 2767 312 2802 π
347 2769 446 2802 εοι.

267 2767 446 2806 πλεοι.

343 2843 432 2908 ιζ’.
479 2864 499 2899 ι
552 2847 707 2904 Ἐκεῖ
741 2852 1052 2919 ὲξανατελῶ
1082 2854 1256 2927 κέρας
1286 2857 1363 2928 τῷ
1387 2858 1571 2913 Δαϐίδ.
1610 2879 1628 2912 ι
1659 2861 1732 2914 Τὸ
1756 2860 1857 2931 μὲν

266 2933 363 2991 οῦν
389 2940 685 3013 πρόχειρον
724 2945 906 3017 νόημα
929 2948 1021 3001 τὸν
1059 2949 1367 3021 Ζοροϐάϐελ
1404 2952 1575 3022 δηλοῖ.
1635 2954 1856 3028 Ἐπειδὴ

264 3029 325 3083 δὲ
356 3030 485 3085 οὔτε
520 3034 600 3098 είς
623 3035 905 3105 ἐκγόνους,
933 3038 1058 3093 οὔτε
1096 3042 1204 3113 μὴν
1224 3044 1303 3106 εἰς
1330 3044 1550 3111 παῖδας,
1602 3047 1701 3117 τὴν
1731 3049 1859 3118 ἡγε-

1948 555 2161 609 εαδουιί.
2198 573 2216 606 ι
2263 553 2410 619 Haec,
2442 553 2643 624 inquit,
2670 560 2729 607 tu
2757 551 2969 616 dixisti,
2998 548 3252 615 Domine,
3282 557 3337 603 et
3369 548 3531 618 polli-

1949 647 2093 702 citus
2135 662 2194 702 es
2239 645 2295 700 in
2348 645 2514 702 Sione
2559 654 2609 701 te
2654 659 2870 715 semper
2918 642 3165 713 requiem
3209 640 3528 695 habiturum

1948 753 2093 793 esse.
2144 738 2322 808 Atque
2369 739 2474 793 hoc
2520 738 2687 792 etiam
2737 736 2901 791 ﬁnem
2943 734 3199 789 sortitum
3252 740 3355 787 est.
3410 730 3525 786 Etsi

1949 831 2095 885 enim
2135 830 2376 899 priscum
2425 829 2685 892 templum
2713 828 2785 882 ob
2809 825 3124 881 Judaeorum
3152 823 3397 879 furorem
3430 823 3527 877 de-

1951 922 2189 976 solatum
2222 928 2307 973 est
2341 935 2354 971 :
2400 928 2581 973 tamen
2608 917 2700 972 ubi
2734 930 2927 971 rursus
2975 929 3072 986 per
3115 912 3356 969 divinam
3400 926 3530 982 gra-

1953 1015 2106 1082 tiam,
2138 1023 2192 1070 et
2225 1014 2430 1078 crucis,
2477 1021 2531 1068 et
2566 1008 3015 1077 resurrectionis,
3049 1016 3105 1063 et
3130 1003 3529 1075 assumptionis

1951 1107 2072 1163 loca
2103 1106 2301 1176 adepta
2335 1115 2482 1168 sunt,
2522 1113 2576 1159 et
2609 1120 2674 1158 ex
2716 1104 2865 1157 omni
2900 1110 3045 1156 terra
3082 1108 3137 1154 et
3168 1097 3309 1152 mari
3337 1110 3529 1151 omnes

1951 1206 2311 1258 concurrunt.
2356 1203 2416 1250 ut
2464 1194 2518 1249 in
2570 1194 2678 1249 illis
2727 1192 3040 1247 aﬂluentem
3092 1185 3527 1243 benedictionem

1947 1292 2231 1347 hauriant.
2270 1311 2288 1342 ‹
2325 1289 2427 1345 Hic
2462 1288 2739 1352 habitabo,
2771 1284 3033 1356 quoniam
3060 1282 3199 1352 elegi
3229 1294 3372 1335 eam.
3410 1297 3430 1330 ι
3465 1277 3532 1332 Et

1949 1384 2057 1439 hoc
2101 1399 2258 1439 suum
2314 1382 2568 1437 sortitum
2619 1388 2705 1435 est
2759 1378 2946 1441 ﬁnem,
2993 1381 3048 1430 et
3094 1374 3293 1429 aedium
3344 1370 3531 1439 aliqua

1951 1476 2186 1531 mutatio
2234 1472 2374 1528 facta
2428 1481 2533 1528 est.
2594 1471 2673 1525 Ac
2722 1467 3075 1540 propheticus
3127 1464 3294 1519 etiam
3347 1473 3532 1517 sermo

1954 1568 2139 1624 Sionis
2174 1567 2511 1622 mentionem
2558 1564 2705 1619 fecit.
2751 1564 2810 1617 In
2860 1561 2952 1616 ilia
2987 1567 3173 1614 autem
3219 1566 3304 1612 est
3349 1553 3531 1610 crucis

1950 1658 2486 1728 resurrectionisque
2518 1656 2695 1712 locus.

2023 1753 2193 1809 Vens.
2236 1752 2325 1807 15.
2374 1768 2394 1803 ι
2444 1748 2730 1806 Venationi
2774 1747 2893 1818 ejus
2937 1743 3265 1800 benedicens
3306 1736 3532 1795 benedi-

1952 1861 2095 1902 cam.
2137 1862 2157 1896 ι
2209 1842 2576 1914 Symmachus
2625 1849 2807 1896 autem
2839 1860 2853 1894 :
2888 1839 3126 1891 Annona:
3169 1835 3281 1905 ejus
3322 1830 3535 1885 benedi-

1952 1953 2072 1993 cens
2096 1936 2424 1992 benedicam.
2455 1934 2572 1989 Hoc
2600 1944 2704 1998 est,
2739 1933 2983 1987 omnium
3011 1933 3279 1985 bonorum
3308 1925 3535 1979 ailluen-

1954 2030 2085 2084 tiam
2150 2028 2287 2098 ipsis
2356 2025 2629 2097 praebebo.
2698 2045 2717 2077 ι
2762 2024 3034 2093 Pauperes
3091 2019 3209 2087 ejus
3273 2013 3535 2071 saturabo

1953 2121 2213 2193 panibus.
2257 2138 2275 2170 ι
2322 2117 2489 2172 Porro
2536 2114 2910 2187 indigentibus
2957 2110 3159 2182 largiar
3191 2102 3535 2162 necessaria-

1954 2229 2076 2269 rum
2104 2228 2287 2267 rerum
2318 2225 2502 2267 usum.

2031 2304 2194 2360 Vens.
2231 2303 2321 2358 16.
2380 2322 2400 2355 ι
2445 2300 2772 2356 Sacerdotes
2821 2297 2943 2369 ejus
3001 2294 3224 2351 induam
3269 2290 3468 2346 salute.
3509 2304 3529 2340 ο

1955 2396 2134 2464 Quam
2192 2394 2451 2466 superius
2499 2393 2775 2463 justitiam
2834 2388 3073 2453 vocavit,
3125 2386 3231 2440 hoc
3295 2383 3351 2438 in
3412 2382 3536 2436 loco

1956 2490 2186 2543 salutem
2220 2487 2546 2543 nominavit.
2577 2484 2814 2541 Iustitiae
2835 2482 2982 2538 enim
3010 2480 3222 2535 fructus
3247 2475 3532 2533 est‘salus.

1962 2601 1982 2634 ι
2022 2581 2088 2636 Ει
2132 2581 2310 2637 sancti
2355 2580 2475 2651 ejus
2520 2577 2887 2635 exsultatione
2926 2572 3300 2630 exsultabunt.
3344 2586 3363 2621 ι
3416 2565 3541 2622 Vir-

1960 2676 2092 2733 tutis
2144 2690 2275 2732 vero
2326 2673 2564 2732 studiosi
2613 2670 2767 2728 omni
2819 2668 3097 2737 voluptate
3150 2663 3533 2735 replebuntur.

2035 2876 2246 2948 1511
2271 2876 2435 2933 Vens.
2470 2874 2559 2929 17.
2596 2894 2615 2927 ι
2640 2871 2717 2929 lbi
2747 2871 3048 2944 producam
3071 2882 3240 2923 cornu
3272 2861 3482 2919 Davidi.
3514 2880 3535 2916 ι

1958 2972 2180 3028 Primus
2220 2969 2445 3039 quidem
2490 2964 2744 3022 litteralis
2784 2975 2981 3019 sensus
3020 2957 3415 3014 Zorobabelem
3442 2955 3541 3010 de—

1959 3062 2160 3133 signat.
2207 3061 2479 3128 Quoniam
2536 3068 2718 3113 autem
2769 3071 2871 3111 nec
2916 3055 2970 3109 in
3012 3061 3287 3124 posteros,
3334 3062 3437 3103 nec
3482 3046 3542 3101 in

271 3122 468 3223 μανίαν
508 3127 893 3223 παρέπεμψεν,
937 3130 1039 3184 οὐκ
1081 3132 1147 3186 ἄν
1183 3150 1266 3197 τις
1292 3134 1454 3189 αὑτὸν
1480 3138 1707 3202 εἰκότως
1737 3140 1854 3193 ὀνο-

1966 3154 2105 3209 tilios
2153 3153 2395 3222 regimen
2446 3149 2779 3215 transmisit,
2846 3162 2955 3200 non
3008 3152 3192 3216 posset
3245 3140 3540 3212 quisquam

271 3213 436 3284 μάσει
474 3217 863 3289 κέρας-,ὀλίγον
893 3223 1339 3293 ήγεμονεύσαντα
1384 3229 1593 3298 χρόνον.
1645 3229 1719 3284 Τὸ
1747 3232 1854 3302 γὰρ

270 3309 441 3379 κέρας
500 3312 722 3384 ἰσχυρόν
760 3332 813 3367 τι
843 3314 994 3386 δηλοί
1024 3319 1117 3370 καὶ
1148 3318 1397 3389 μόνιμον.
1429 3322 1650 3394 Ἐπειδὴ
1683 3325 1740 3378 δὲ
1778 3326 1855 3397 τῴ

270 3400 577 3471 Ζοροϐάϐελ.
598 3404 696 3475 οὐχ
724 3406 991 3477 ἁρμόττει
1036 3409 1069 3479 ή
1101 3413 1430 3484 προφητεία,
1464 3416 1492 3468 ὁ
1547 3415 1704 3485 λόγος
1753 3419 1855 3489 τὴν

270 3490 414 3544 κατὰ
450 3492 630 3564 σάρκα
664 3495 760 3549 τοῦ
810 3497 1050 3568 Χριστοῦ
1094 3502 1139 3532 ³⁰
1178 3503 1431 3572 γέννησιν
1471 3508 1851 3577 προθεσπίζει.

269 3581 430 3636 Οῦτω
457 3583 514 3637 δὲ
542 3586 638 3640 καὶ
667 3588 694 3639 6
723 3589 994 3660 μακάριος
1047 3593 1255 3664 Πέτρος
1297 3597 1356 3649 ἐν
1409 3600 1531 3662 ταῖς
1586 3601 1856 3671 Πράξεσιν

266 3672 377 3743 ἔφη
412 3692 426 3705 ·
473 3694 492 3726 (
524 3676 821 3749 Προφήτης
878 3681 1141 3753 ὑπάρχων
1186 3687 1213 3738 ὁ
1254 3687 1441 3754 Δαϐὶδ,
1472 3690 1566 3742 καὶ
1596 3690 1750 3754 εἰδὼς
1775 3694 1857 3745 ὅτι

270 3766 426 3836 ὅρκῳ
456 3766 670 3838 ὤμοσεν
701 3770 850 3842 αὐτῷ
878 3774 906 3825 6
961 3773 1093 3838 Θεὸς
1121 3778 1186 3829 ὲκ
1234 3778 1451 3848 καρποῦ
1501 3780 1601 3849 τῆς
1657 3782 1858 3851 ὀσφύος

272 3858 445 3911 αὐτοῦ
486 3861 792 3931 ἀναστῆσαι
826 3863 886 3915 τὸ
912 3866 1055 3918 κατὰ
1081 3868 1262 3937 σάρκα
1289 3868 1382 3922 τὸν
1411 3870 1669 3941 Χριστὸν,
1720 3875 1857 3928 καθ-

273 3949 391 4005 ίσαι
437 3954 529 4005 ἐπὶ
558 3952 652 4006 τοῦ
689 3953 877 4026 θρόνου
924 3958 1114 4025 αὐτοῦ,
1144 3960 1409 4031 προειδὼς
1437 3961 1697 4034 ἐλάλησεν
1732 3968 1859 4036 περὶ

274 4044 379 4114 τῆς
416 4046 766 4111 ἀναστάσεως
801 4048 989 4103 αὐτοῦ.
1027 4068 1044 4100 ι
1112 4068 1129 4101 ι
1184 4051 1486 4123 Ἡτοίμασα
1534 4054 1729 4125 λύχνον
1781 4056 1859 4127 τῷ

273 4137 501 4209 Χριστῷ
538 4156 662 4208 μου.
708 4158 728 4191 ›
772 4141 1017 4208 Λύχνον
1048 4142 1212 4196 πάλιν
1241 4146 1269 4197 ὁ
1310 4148 1648 4216 προφητικὸς
1703 4148 1860 4216 λόγος

273 4228 371 4281 τὸν
408 4233 472 4283 ὲκ
502 4232 668 4285 Δαϐὶδ
694 4232 951 4304 ὀνομάζει
972 4233 1120 4300 ναὸν,
1159 4238 1220 4289 τὸ
1250 4236 1351 4306 τῆς
1386 4238 1640 4311 θεότητος
1666 4239 1858 4294 ὑποδε-

273 4321 508 4393 ξάμενον
540 4325 675 4394 φῶς.

353 4424 445 4487 ιη’.
488 4437 507 4470 ι
543 4420 681 4482 Τοὺς
708 4418 937 4491 ἐχθροὺς
964 4418 1131 4473 αὐτοῦ
1163 4420 1370 4475 ἐνδύσω
1419 4424 1704 4493 αἰσχύνην,
1766 4424 1859 4479 ἐπὶ

1962 3240 2141 3309 ipsum
2183 3237 2307 3306 jure
2349 3238 2639 3292 nominare
2669 3252 2858 3298 cornu,
2889 3249 3014 3289 cum
3061 3246 3253 3302 parum
3282 3225 3544 3298 temporis

1965 3328 2335 3399 imperaverit.
2370 3326 2554 3381 Cornu
2596 3326 2743 3380 enim
2790 3320 3165 3379 fortitudinem
3210 3326 3267 3372 et
3310 3314 3543 3369 ﬁrmita-

1966 3430 2072 3474 tem
2105 3419 2331 3473 indicat.
2366 3416 2641 3484 Quoniam
2682 3429 2814 3470 vero
2859 3408 3179 3466 vaticinatio
3217 3401 3544 3461 Zorobabeli

1966 3510 2195 3565 minime
2230 3509 2521 3580 congruit,
2560 3520 2747 3562 sermo
2775 3502 2979 3559 Christi
3027 3508 3210 3555 ortum
3242 3493 3546 3552 secundum

1966 3617 2188 3658 carnem
2228 3599 2500 3671 praedicit.
2535 3597 2629 3653 Sic
2657 3596 2822 3653 etiam
2856 3595 3049 3649 beatus
3079 3590 3277 3646 Petrus
3314 3588 3368 3641 in
3396 3583 3550 3641 Acti-

1967 3695 2071 3751 bus
2105 3695 2239 3750 dicit
2270 3711 2283 3748 :
2328 3711 2347 3745 ι
2384 3692 2657 3762 Propheta
2706 3689 2875 3761 igitur
2920 3700 3044 3742 cum
3077 3689 3225 3738 esset
3269 3678 3460 3744 David,
3492 3684 3547 3731 et

1966 3787 2152 3849 sciret,
2180 3784 2542 3855 jurejurando
2566 3781 2784 3850 jurasse
2813 3779 2889 3834 illi
2917 3779 3109 3841 Deum,
3139 3773 3254 3829 fore
3286 3780 3345 3826 ut
3372 3768 3547 3826 susci-

1967 3878 2229 3933 taret'de
2279 3875 2458 3930 fructu
2513 3873 2685 3927 lumbi
2733 3872 2852 3939 ejus
2903 3868 3181 3925 Christum
3238 3862 3542 3921 secundum

1966 3986 2212 4036 carnem,
2251 3984 2412 4039 quem
2458 3967 2754 4023 collocaret
2785 3978 2950 4034 super
2991 3961 3116 4017 sede
3161 3958 3300 4030 ejus.
3346 3954 3543 4027 praevi-

1966 4064 2101 4119 dens
2131 4063 2348 4118 locutus
2395 4069 2481 4117 est
2512 4061 2578 4115 de
2620 4057 3024 4114 resurrectione
3065 4054 3184 4123 ejus
3212 4054 3254 4105 τ.
3285 4081 3355 4091 --
3380 4065 3399 4099 ι
3432 4045 3543 4100 Pa-

1970 4155 2083 4210 ravi
2150 4154 2431 4208 lucernam
2489 4150 2667 4206 Uncto
2723 4163 2864 4204 meo.
2924 4166 2942 4198 ι
3001 4145 3299 4199 Lucernam
3349 4153 3543 4196 rursus

1970 4244 2324 4317 propheticus
2350 4246 2367 4263 ‘
2396 4255 2578 4298 sermo
2620 4239 2881 4309 templum
2924 4252 2991 4293 ex
3031 4234 3233 4290 Davide
3273 4229 3543 4290 nominat,

1968 4339 2115 4410 quod
2151 4338 2329 4392 lucem
2361 4333 2663 4391 divinitatis
2695 4331 2927 4401 excepit.

2040 4430 2212 4486 Vens.
2255 4430 2342 4484 18.
2407 4448 2425 4480 ‹
2464 4427 2722 4482 Inimicos
2773 4425 2894 4495 ejus
2935 4422 3158 4478 induam
3203 4416 3544 4480 confusione,

272 4509 335 4563 δὲ
362 4511 525 4565 αὑτὸν
553 4511 838 4584 ὲξανθήσει
874 4513 936 4565 τὺ
960 4514 1212 4584 ἀγίασμά
1259 4531 1361 4585 μου
1410 4515 1478 4570 ³⁸.
1521 4535 1540 4567 ι
1595 4517 1711 4587 Τῆς
1763 4519 1854 4589 μὲν

1968 4541 2135 4595 super
2167 4526 2286 4594 ipso
2322 4532 2502 4577 autem
2527 4519 2794 4577 cillorebit
2825 4516 3185 4573 sanetilicatio
3216 4527 3357 4567 mea.
3380 4529 3411 4561 ι
3446 4509 3546 4563 De-

276 4598 373 4657 οὖν
394 4604 658 4675 αίσχύνης
687 4606 969 4676 μάρτυρες
1008 4606 1274 4671 Ἰουδαῖοι,
1306 4607 1409 4678 τὴν
1430 4607 1634 4679 ἔχθραν
1682 4611 1857 4665 ἀσπα-

278 4696 527 4766 σάμενοι,
556 4697 653 4749 καὶ
678 4696 776 4768 τὴν
802 4698 1064 4770 αἰσχύνην
1095 4698 1448 4771 δρεψάμενοι.
1482 4700 1555 4753 Τὸ
1599 4700 1656 4753 δὲ
1698 4701 1863 4771 ἁγία-

278 4804 407 4856 σμα
420 4788 556 4854 ³³,αἱ
586 4788 725 4843 κατὰ
760 4791 942 4844 πᾶσαν
966 4792 1066 4861 γῆν
1090 4792 1184 4844 καὶ
1215 4790 1489 4847 θάλασσαν
1519 4792 1862 4864 Ἐκκλησίαι,

282 4878 448 4950 σῶμα
490 4879 594 4950 μὲν
635 4878 731 4935 τοῦ
781 4881 1052 4935 Δεσπότου
1104 4882 1344 4954 Χριστοῦ
1401 4883 1861 4955 χρηματίζουσαι,

283 4971 383 5041 τῆς
413 4970 725 5041 ἁγιωσύνης
755 4973 854 5036 τὰς
890 4972 1073 5044 πηγάς
1111 4975 1243 5045 παρ’
1278 4972 1446 5026 αὐτοῦ
1477 4974 1859 5045 κομιζόμεναι.

569 5088 838 5145 EPMHIV.
889 5088 1025 5141 ΤΟΥ
1058 5088 1203 5141 ΡΛΒ’
1244 5089 1562 5143 ΨΑΛΜΟΥ.

357 5186 426 5230 α’.
461 5198 479 5229 ι
528 5179 652 5250 ᾩδὴ
682 5178 794 5233 τῶν
838 5179 1170 5252 ἀναϐαθμῶν
1193 5179 1258 5233 ⁸³.
1291 5197 1308 5230 ι
1342 5181 1468 5233 Ἐπὶ
1494 5180 1589 5233 τοῦ
1630 5180 1866 5252 Ῥοϐοάμ

370 5385 389 5419 ¹
426 5384 549 5442 Act.
584 5401 645 5451 Il,
678 5383 771 5449 50,
811 5384 900 5473 lii.

1967 4618 2187 4675 decoris
2241 4617 2407 4687 igitur
2452 4613 2623 4669 Judaei
2673 4624 2803 4669 sunt
2848 4620 3033 4675 testes,
3085 4607 3178 4678 qui
3226 4602 3547 4659 inimicitias

1972 4707 2209 4778 amplexi
2240 4714 2389 4769 sunt,
2423 4714 2477 4760 et
2508 4703 2887 4759 confusionem
2929 4699 3251 4754 retulerunt.
3290 4692 3549 4761 Sancti/iv

1971 4797 2113 4852 catio
2160 4809 2293 4851 vero
2342 4802 2471 4849 sunt
2517 4791 2774 4847 Ecclesia:
2818 4789 3020 4858 ubique
3070 4796 3210 4839 terra
3256 4779 3545 4846 marique:

1970 4892 2092 4962 quin
2121 4888 2327 4944 Christi
2354 4885 2569 4941 Domini
2592 4899 2792 4954 corpus
2813 4890 3098 4944 vocantur,
3129 4872 3550 4942 sanctitatisquc

1970 4983 2151 5038 fontes
2183 4981 2252 5035 ab
2282 4981 2401 5051 ipso
2433 4988 2733 5049 reportant.

2312 5087 2634 5142 INTERPR.
2679 5085 2928 5142 PSALMI
2966 5080 3227 5139 CXXXII.

2049 5179 2216 5236 Vens.
2264 5180 2313 5235 1.
2362 5198 2380 5231 ι
2427 5178 2711 5234 Canticum
2744 5179 3032 5248 graduum.
3070 5193 3088 5226 ι
3123 5171 3238 5228 Sub
3268 5167 3550 5226 Roboamo

1364 5526 1597 5582 νΑιιιΑε
1644 5525 2031 5585 LECTIONES
2082 5527 2169 5582 ET
2215 5526 2447 5583 NOTIE.

365 5663 411 5744 ’_'
434 5664 628 5744 Qelac.
652 5664 771 5744 cod;
808 5664 829 5717 1
870 5667 986 5744 σῆς.
1018 5667 1061 5697 ’⁷
1094 5666 1588 5744 Kaéibidmrmm.
1611 5670 1677 5722 εί.
1714 5670 1854 5744 "Ii

1966 5672 2038 5728 ib.
2074 5689 2261 5744 praem.
2289 5675 2337 5726 6.
2367 5666 2982 5744 "Aenprirrilebriribo
3021 5666 3165 5744 ejus.
3201 5662 3250 5696 ³⁸
3271 5658 3553 5744 Χρέρνξρῇ.

293 5732 475 5819 (ἱρά.)
508 5749 711 5819 prtem.-
734 5728 1021 5819 Δεσπότου.
1043 5806 1062 5819 ⁸
1100 5738 1140 5819 ³)
1290 5728 1556 5808 ἁγίὰσμά
1578 5757 1720 5809 μου.
1775 5740 1852 5819 lie

1971 5728 2175 5799 Cornua
2198 5742 2333 5814 ejus.
2412 5742 2456 5775 ³¹
2487 5728 2607 5798 an.
2646 5740 2669 5794 1
2702 5738 2799 5794 τοῦ
2832 5737 2891 5792 δὲ
2911 5728 3270 5808 ἁγιάσματος.
3313 5728 3393 5766 ’³⁸
3424 5728 3554 5799 Τῷν

294 5803 469 5860 ἀναὸ.
496 5804 618 5861 cod.
649 5805 804 5861 Alea.
840 5805 965 5863 add.
996 5806 1073 5877 τῷ
1105 5808 1288 5877 Δαδιδ,
1318 5803 1592 5879 ριιοοίιιιιό
1616 5820 1763 5867 textu
1808 5810 1970 5869 Hebr.
