3996 6502
501 339 636 410 1915

1483 338 1973 400 THEODORETI
2014 336 2360 400 EPISCOPI
2403 341 2775 402 CYRENSIS

3638 341 3781 407 1916

501 467 696 527 gerens
728 449 892 521 hujus
922 446 1267 519 potissimum
1299 462 1488 503 curam
1525 448 1714 518 gessit.
1750 448 1878 504 Haec
1905 456 2086 501 autem

2210 449 2414 517 ἰόμενος
2442 449 2507 517 ⁵⁸,
2539 451 2729 504 τούτου
2765 450 3136 522 διαφερόντως
3170 453 3527 524 πεφρόντικε.
3581 451 3776 505 Ταῦτα

498 547 667 600 etiam
700 544 895 599 beatus
925 541 1105 598 Moses
1136 542 1275 598 dixit
1315 559 1330 597 :
1379 562 1396 594 ι
1430 542 1660 607 Quando
1688 540 1965 595 dividebat
1992 540 2087 593 Al-

503 638 751 693 tissimus
797 645 1007 707 gentes,
1056 634 1278 706 quando
1334 636 1623 704 separabat
1676 632 1815 687 filios
1867 631 2084 697 Adami,

503 732 788 787 constituit
818 732 1083 787 terminos
1118 730 1358 801 gentium
1392 728 1548 798 juxta
1587 744 1878 784 numerum
1909 743 2088 799 ange-

503 825 681 879 lorum
713 824 830 890 Dei,
868 835 923 880 et
954 824 1136 879 factus
1163 834 1246 877 est
1275 838 1399 892 pars
1438 823 1652 876 Domini
1689 822 1925 892 populus
1967 821 2087 891 ejus

502 916 695 980 Jacob,
736 918 1013 973 funiculus
1043 918 1374 973 baereditatis
1398 917 1518 985 ejus
1546 916 1709 971 Israel
1731 928 1779 970 υ.
1825 935 1845 969 ι

576 1008 743 1065 Vens.
779 1010 833 1064 5.
866 1031 883 1062 ι
913 1011 1052 1077 Quia
1101 1026 1200 1081 ego
1241 1010 1493 1077 cognovi,
1527 1025 1782 1078 maguum
1817 1025 1939 1067 esse
1979 1009 2088 1065 Do—

503 1104 737 1170 miuum,
796 1112 851 1158 et
890 1103 1060 1157 Deum
1118 1112 1369 1159 nostrum
1420 1119 1531 1173 pra:
1584 1104 1840 1158 omnibus
1893 1104 2021 1159 diis.
2063 1121 2082 1155 υ

504 1197 526 1221 ¹
555 1196 658 1251 Per
684 1196 852 1266 ipsas,
884 1196 1082 1267 inquit,
1118 1212 1205 1253 res
1241 1198 1538 1253 didicimus
1564 1196 1657 1253 Dei
1699 1198 1869 1254 nostri
1898 1199 2085 1263 robur,

503 1294 558 1340 et
585 1288 740 1348 deos,
773 1286 865 1355 qui
897 1302 926 1339 a
962 1288 1217 1357 gentibus
1250 1288 1373 1343 aliis
1416 1288 1780 1354 honorantur,
1813 1303 1937 1343 cum
1969 1288 2088 1358 ipso

505 1381 730 1436 minime
771 1379 1011 1434 conferri
1062 1396 1242 1449 posse.
1280 1379 1450 1435 Nemo
1491 1381 1636 1434 cnim
1667 1397 1791 1435 cum
1834 1397 1899 1435 eo
1941 1382 2087 1452 quod

503 1482 611 1539 est,
645 1484 696 1527 et
724 1474 869 1543 quod
899 1484 981 1528 est
1008 1490 1242 1544 semper,
1276 1475 1326 1529 id
1354 1476 1497 1545 quod
1530 1492 1635 1529 non
1667 1483 1751 1529 est
1785 1486 2087 1545 comparat.

505 1566 765 1622 Deindee
796 1568 1078 1623 creatione
1120 1584 1301 1623 rerum
1349 1571 1598 1625 omnium
1646 1570 1737 1626 Dei
1788 1574 2088 1642 potentiam

506 1660 671 1714 tacite
704 1660 966 1715 ostendit.

2187 543 2243 596 δὲ
2274 545 2369 596 καὶ
2393 546 2420 596 ὁ
2448 544 2718 613 μακάριος
2752 544 2854 615 ἔφη
2882 545 3089 615 Μωσῆς
3109 559 3125 575 ⁸
3163 565 3182 597 ι
3218 547 3346 598 Ὅτε
3378 544 3701 615 διεμέριζεν
3751 546 3781 598 δ

2192 633 2457 703 ’Ύψιστος
2494 635 2644 706 ἔθνη,
2668 636 2744 699 ὡς
2773 636 3087 706 διέσπειρεν
3120 638 3270 700 υἱοὺς
3312 637 3505 706 Ἀδὰμ,
3542 636 3781 705 ἔστησεν

2189 728 2315 798 ὅρια
2354 728 2526 782 ἐθνῶν
2556 731 2677 783 κατ’
2712 728 2948 800 ἀριθμὸν
2976 729 3226 799 ἀγγέλων
3256 729 3392 782 Θεοῦ
3416 747 3431 761 ·
3464 730 3561 782 καὶ
3583 730 3779 798 ἐγενή-

2193 820 2261 889 θη
2296 822 2451 892 μερὶς
2469 822 2698 892 Κυρίου,
2730 822 2859 884 λαὸς
2883 821 3048 875 αὑτοῦ
3084 821 3297 885 Ἰακὼϐ,
3330 823 3626 893 σχοίνισμα
3646 821 3778 892 κλη-

2192 914 2454 985 ρονομίας
2503 912 2668 967 αὐτοῦ
2716 913 2954 984 Ἰσραήλ.
3004 934 3023 965 ι

2261 1002 2320 1057 ε’.
2372 1023 2389 1055 ι
2426 1005 2545 1057 Ὅτι
2578 1002 2689 1072 ἐγὼ
2723 1003 2959 1071 ἔγνωκα,
3000 1006 3082 1058 ὅτι
3122 1006 3295 1075 μέγας
3338 1007 3367 1058 ὁ
3408 1005 3639 1076 Κύριος,
3683 1005 3779 1058 καὶ

2189 1097 2217 1150 ὁ
2248 1095 2454 1169 Κύριος
2486 1098 2643 1166 ἡμῶν
2673 1100 2825 1168 παρὰ
2864 1099 3073 1161 πάντας
3124 1098 3251 1161 τούς
3291 1097 3467 1159 θεοὺς.
3509 1118 3526 1149 ι
3556 1098 3637 1149 Δι’
3687 1098 3781 1150 αὑ·

2190 1190 2321 1255 τῶν,
2366 1192 2522 1258 φησὶ,
2562 1191 2966 1262 μεμαθήκαμεν
2987 1190 3097 1243 τῶν
3125 1192 3471 1261 πραγμάτων
3503 1190 3605 1243 τοῦ
3646 1192 3782 1260 ἡμε-

2191 1284 2349 1353 τέρου
2378 1280 2516 1334 Θεοῦ
2548 1283 2647 1352 τὴν
2675 1283 2849 1352 ἰσχὺν,
2877 1282 2975 1335 καὶ
3001 1284 3083 1335 ὅτι
3123 1281 3375 1352 οὐδαμῶς
3405 1282 3558 1350 αὐτῷ
3599 1298 3782 1352 παρα⁴

2194 1374 2460 1445 ϐληθῆναι
2486 1374 2810 1444 δυνήσονται
2839 1376 2890 1426 οἱ
2922 1374 3070 1447 παρὰ
3095 1373 3203 1427 τῶν
3224 1373 3400 1428 ἄλλων
3416 1374 3592 1428 ἐθνῶν
3613 1390 3780 1446 προσ-

2194 1465 2523 1535 κυνούμενοι
2547 1465 2692 1519 Θεοί.
2727 1466 2917 1528 Οὐδεὶς
2945 1468 3055 1535 γὰρ
3092 1465 3168 1535 τῷ
3207 1464 3318 1518 δντι
3366 1465 3463 1518 καὶ
3514 1466 3603 1519 ἀεὶ
3664 1466 3780 1517 δντι

2195 1559 2478 1630 συγκρίνει
2515 1558 2577 1611 τὸ
2608 1557 2873 1629 μηδαμῶς
2902 1557 2980 1611 δν.
3028 1553 3163 1610 Εἶτα
3216 1556 3324 1610 ἀπὸ
3360 1557 3462 1628 τῆς
3510 1556 3783 1628 δημιουρ-

2194 1653 2321 1722 γίας
2355 1651 2704 1706 ὑποδείκνυσι
2729 1652 2791 1704 τὸ
2820 1650 2911 1704 τού
2935 1650 3069 1703 Θεοῦ
3102 1650 3345 1703 δυνατόν.

579 1751 745 1806 Vens.
774 1751 829 1805 6.
870 1771 888 1803 ι
929 1751 1124 1806 Omnia
1172 1767 1520 1822 quaecunque
1560 1753 1763 1821 voluit,
1828 1754 2091 1811 Dominus

2268 1749 2342 1809 ς’.
2378 1761 2397 1795 ‹
2430 1743 2615 1796 Πάντα
2643 1742 2743 1795 ὅσα
2773 1741 3039 1813 ἠθέλησεν
3064 1742 3094 1793 ό
3132 1740 3370 1811 Κύριος,
3410 1740 3679 1811 ἐποίησεν
3727 1741 3786 1793 ἐν

509 1844 639 1900 fecit
676 1845 733 1899 in
764 1844 906 1899 caelo
939 1855 992 1898 et
1028 1846 1080 1898 in
1114 1854 1277 1908 terra,
1310 1854 1366 1899 et
1401 1845 1452 1898 in
1488 1846 1754 1912 maribus,
1794 1858 1848 1901 et
1884 1848 1935 1901 in
1968 1854 2092 1901 0m-

509 1938 674 1993 nibus
700 1938 937 2008 abyssis.
970 1957 987 1987 ›
1019 1936 1093 1990 Ea
1121 1953 1242 2007 qua:
1270 1936 1412 1992 facta
1436 1947 1585 2001 sunt,
1621 1953 1729 1991 non
1758 1954 1856 2007 pro
1882 1940 2094 1995 ratione

509 2033 769 2102 potentiae
816 2031 907 2087 sed
942 2032 1242 2086 voluntatis
1279 2031 1419 2086 facta
1453 2039 1603 2086 sunt.
1636 2030 1897 2088 Potuerat
1947 2034 2091 2088 enim

509 2132 565 2178 et
596 2123 749 2192 plura
800 2123 970 2187 hisce,
1014 2132 1068 2177 et
1112 2123 1283 2177 multo
1318 2120 1525 2192 majora
1564 2121 1855 2189 fabricare,
1888 2124 1982 2179 sed
2016 2132 2097 2179 tot

510 2226 562 2271 et
590 2217 717 2270 talia
746 2216 934 2270 voluit.
958 2214 1347 2270 Verumtamen
1381 2217 1564 2270 omnia
1602 2225 1732 2272 sunt
1763 2219 1884 2286 ejus
1908 2234 2095 2289 opera,

510 2314 711 2367 C(Bllllll
737 2320 787 2367 et
822 2311 1091 2375 coelestia,
1117 2320 1261 2366 terra
1286 2321 1339 2365 et
1371 2312 1675 2371 terrestria.
1704 2312 1919 2384 1516
1946 2329 2097 2369 mare

511 2414 561 2461 el
587 2420 651 2459 ea
686 2420 804 2471 mm:
836 2404 889 2458 in
924 2405 1041 2475 ipso
1068 2415 1218 2460 sunt.
1253 2405 1523 2461 Caeterum
1559 2407 1778 2477 abyssos
1807 2419 1966 2463 vocat
1996 2409 2098 2463 im-

513 2512 761 2552 mensam
797 2513 1063 2567 aquarum
1117 2498 1547 2554 multitudinem.
1596 2498 1966 2557 Multitudinis
1997 2516 2099 2556 au-

514 2600 623 2646 tem
655 2607 887 2647 numero
914 2592 1087 2646 maria
1115 2594 1346 2659 vocavit,
1374 2580 1636 2662 quoniam
1668 2610 1835 2648 unum
1863 2611 2014 2650 mare
2044 2595 2098 2650 in

515 2685 688 2740 multa
724 2701 943 2756 mquora
971 2686 1256 2743 dividitur.
1284 2687 1589 2742 Atlanticus
1621 2688 1767 2743 enim
1804 2698 1889 2744 est
1922 2690 2098 2756 sinus,

514 2787 568 2833 et
596 2777 868 2846 Oceanus,
891 2789 947 2835 et
971 2778 1309 2852 Tyrrhenus,
1345 2788 1401 2835 et
1430 2779 1667 2847 Ionicus,
1688 2791 1744 2836 et
1776 2780 2021 2853 Egaeus,
2049 2794 2104 2837 et

513 2871 805 2935 Arabicus,
838 2881 893 2927 et
935 2872 1179 2935 Indicus,
1220 2882 1275 2927 et
1313 2870 1523 2929 Pontus
1575 2871 1846 2938 Euxinus,
1882 2884 1937 2929 et
1972 2875 2104 2931 Pro-

516 2965 721 3034 pontis,
748 2974 802 3019 et
829 2963 1234 3035 Hellespontus,
1259 2975 1314 3022 et
1341 2966 1448 3021 alia
1476 2981 1722 3040 aequora,
1751 2968 1922 3024 multo
1944 2968 2103 3039 plura

515 3073 681 3128 quam
717 3059 1046 3130 supradicta.

589 3215 756 3271 Vens.
790 3215 841 3270 7.
901 3237 919 3269 ί
960 3216 1213 3274 Educens
1257 3219 1432 3275 nubes
1463 3220 1531 3275 ab
1575 3228 1825 3276 extremo
1858 3229 2035 3276 terrae.
2081 3240 2099 3273 ι

518 3305 733 3362 Etenim
785 3324 1050 3379 aquarum
1098 3319 1312 3377 natura,
1339 3327 1462 3382 qua).
1493 3312 1751 3367 deorsum
1795 3314 1988 3375 tendit,
2021 3313 2106 3367 di—

518 3398 649 3453 vino
682 3397 861 3453 Verbo
890 3401 1236 3466 subducitur,
1258 3411 1315 3457 et
1343 3404 1597 3459 sublimis
1628 3404 1709 3469 lit,
1741 3414 1795 3459 et
1824 3407 2109 3461 continen-

522 3500 631 3545 tem
681 3491 888 3562 irrigat.
935 3492 1019 3546 Ab
1047 3503 1290 3549 extremo
1341 3505 1526 3550 autem
1579 3506 1737 3552 terra:
1769 3498 1903 3552 dixit
1936 3499 2108 3553 nubes

521 3602 742 3642 sursum
773 3587 910 3652 tolli,
944 3589 1204 3659 quoniam
1248 3606 1314 3645 ex
1355 3592 1587 3647 marinis
1616 3594 1776 3664 aquis
1809 3604 2105 3651 constant:

521 3678 660 3733 lines
697 3694 824 3733 vero
863 3688 1019 3734 terra:
1049 3689 1177 3736 sunt
1209 3681 1367 3738 sinus
1399 3684 1617 3739 marini.
1656 3706 1674 3737 ι
1717 3684 1957 3758 Fulgura
1990 3687 2110 3757 plu-

520 3772 623 3827 via:
655 3772 802 3828 fecit.
844 3791 865 3825 ι
903 3772 1245 3830 Praenuntiat
1278 3786 1457 3832 autem
1487 3778 1820 3834 afﬂuentiam
1849 3782 2107 3837 imbrium

522 3869 855 3939 fulguribus,
886 3879 941 3924 et
966 3873 1208 3927 ostendit
1238 3874 1567 3929 miraculum
1601 3876 1847 3930 omnium
1883 3876 2110 3932 mirabi-

522 3963 912 4019 lissimum.-ln
952 3967 1111 4035 aquis
1136 3968 1280 4021 enim
1328 3966 1565 4038 fulguris
1593 3967 1737 4037 ignis
1763 3968 2107 4036 discurrens,

524 4070 704 4124 neque
764 4055 888 4110 illas
952 4056 1243 4119 calefacit.
1305 4075 1483 4130 neque
1543 4059 1662 4130 ipse
1717 4061 2107 4132 exsﬁnguitur.

530 4168 549 4200 σ
588 4148 691 4216 Qui
725 4150 908 4206 educit
942 4162 1133 4206 ventus
1167 4168 1198 4208 e
1241 4154 1515 4208 thesauris
1564 4153 1700 4210 suis.
1744 4173 1762 4206 ι
1807 4155 2108 4210 Ventorum

526 4242 816 4298 thesauros
864 4260 975 4299 non
1029 4247 1189 4316 quasi
1220 4246 1601 4302 'reconditoria
1646 4262 1769 4303 esse
1807 4249 1982 4304 dicit:
2016 4251 2110 4304 sed

525 4337 808 4405 quoniam,
833 4353 955 4392 cum
989 4354 1082 4393 aer
1115 4350 1277 4394 vento
1311 4351 1481 4404 caret,
1517 4355 1892 4410 saepenumero
1919 4345 2112 4396 volun-

528 4438 614 4483 tas
644 4429 828 4484 divina
868 4439 1001 4485 nutu
1037 4446 1137 4486 suo
1167 4429 1327 4486 facile
1363 4432 1515 4485 illum
1558 4441 1759 4499 movet,
1795 4434 2109 4490 thesaurum

2197 1833 2275 1905 τῷ
2330 1832 2545 1905 οὐρανῷ
2591 1835 2688 1888 καὶ
2717 1835 2775 1886 ἐν
2805 1836 2870 1905 τῇ
2915 1836 3009 1902 γῇ,
3042 1834 3101 1885 ἐν
3154 1834 3275 1896 ταῖς
3333 1830 3645 1895 θαλάσσαις
3690 1833 3786 1886 καὶ

2196 1929 2254 1981 ἐν
2282 1927 2493 1989 πάσαις
2522 1929 2643 1990 ταῖς
2669 1926 2949 1988 άδὺσσοις.
2981 1944 2999 1977 ι
3045 1924 3119 1977 Οὐ
3163 1927 3231 1995 τῇ
3260 1924 3493 1993 δυνάμει
3558 1922 3783 1993 σὺμμε-

2197 2040 2303 2095 τρα
2332 2023 2400 2076 τά
2432 2023 2727 2092 γενόμενα,
2776 2020 2915 2074 ἀλλὰ
2950 2021 3020 2089 τῇ
3048 2018 3319 2089 βουλήσει.
3359 2016 3631 2071 Ἠδὺνατο
3688 2016 3785 2086 μὲν

2199 2118 2307 2188 γάρ
2334 2117 2431 2170 καὶ
2481 2115 2861 2169 πολλαπλάσια
2905 2113 3131 2177 τούτων,
3182 2112 3277 2165 καὶ
3332 2110 3515 2182 πολλῷ
3562 2109 3787 2180 μείζονα

2198 2208 2603 2279 δημιουργῆσαι
2634 2222 2647 2235 ·
2683 2204 2822 2260 ἀλλὰ
2851 2203 3091 2258 τοσαῦτα
3125 2203 3220 2256 καὶ
3255 2201 3487 2256 τοιαῦτα
3525 2199 3785 2270 ἠθέλησε.

2200 2304 2379 2357 Αὑτοῦ
2414 2303 2470 2356 δὲ
2492 2304 2645 2373 ὅμως
2675 2299 2853 2352 πάντα
2889 2299 3192 2367 ποιήματα,
3228 2294 3457 2369 οὐρανὸς
3481 2293 3581 2347 καὶ
3608 2296 3680 2347 τὰ
3701 2290 3789 2345 οὑ-

2206 2398 2385 2470 ράνια,
2417 2397 2487 2466 γῆ
2516 2394 2611 2449 καὶ
2642 2392 2712 2447 τά
2736 2393 2977 2461 ἐπίγεια,
3008 2390 3257 2445 θάλασσα
3296 2390 3393 2443 καὶ
3412 2388 3484 2441 τὰ
3517 2391 3578 2442 ἐν
3622 2387 3786 2456 αὐτῇ.

2216 2488 2546 2553 Ἇϐὐσσους
2574 2488 2633 2540 δὲ
2659 2485 2817 2540 καλεῖ
2843 2484 2903 2537 τὸ
2927 2485 3158 2554 ἄπειρον
3170 2482 3281 2537 τῶν
3314 2483 3525 2537 ὑδάτων
3555 2478 3786 2549 πλῆθος.

2205 2581 2594 2655 Πληθυντικῶς
2624 2581 2681 2635 δὲ
2720 2579 3042 2646 θαλάσσας
3062 2577 3342 2640 ἐκάλεσεν,
3373 2575 3567 2644 ἐπειδὴ
3594 2575 3677 2636 εἰς
3693 2590 3789 2624 πε-

2204 2675 2346 2747 λάγη
2379 2674 2551 2728 πολλὰ
2578 2675 2612 2745 ἡ
2650 2672 2749 2744 μία
2777 2671 3034 2743 διῄρηται
3088 2670 3357 2724 θάλασσα.
3431 2664 3791 2726 Ἀτλαντικὸς

2204 2772 2314 2841 γὰρ
2343 2768 2565 2831 κόλπος,
2594 2767 2689 2819 καὶ
2731 2766 3007 2830 Ὠκεανὸς,
3043 2763 3139 2816 καὶ
3167 2760 3534 2834 Τυρρηνικὸς,
3567 2759 3664 2811 καὶ
3698 2757 3794 2810 Ἰό-

2206 2862 2320 2925 νιός
2345 2878 2428 2925 τε,
2453 2860 2547 2913 καὶ
2570 2858 2794 2925 Αἰγαῖος
2829 2857 2900 2923 ⁸⁸,
2932 2855 3030 2909 καὶ
3068 2854 3123 2908 Ἀ
3135 2853 3382 2926 ραϐικὸς,
3409 2855 3503 2906 καὶ
3544 2848 3789 2913 Ἰνδικὸς,

2207 2954 2302 3010 καὶ
2329 2954 2579 3019 Εὔξεινος
2611 2953 2831 3015 Πόντος,
2860 2949 2957 3004 καὶ
2976 2947 3299 3019 Προποντὶς,
3338 2945 3433 2999 καὶ
3468 2943 3799 3014 Ἐλλήσπονο

2209 3066 2322 3113 τος,
2372 3049 2467 3102 καὶ
2496 3047 2662 3120 ἕτερα
2688 3044 2906 3114 πελάγη
2956 3039 3341 3095 πολλαπλάσια
3391 3036 3498 3091 τῶν
3560 3034 3795 3107 εἰρημέ-

2135 3144 2180 3203 C
2211 3160 2339 3197 νων.

2281 3233 2348 3299 ζ’.
2385 3250 2403 3284 ι
2448 3228 2691 3296 Ἀνάγων
2734 3225 2964 3294 νεφέλας
2992 3223 3038 3257 ⁵⁸
3061 3222 3121 3289 ἐξ
3168 3220 3398 3290 ἐσχάτου
3444 3217 3546 3287 τῆς
3607 3215 3735 3288 γῆς.
3770 3234 3793 3269 ι

2209 3326 2300 3397 Τῷ
2326 3324 2433 3395 γὰρ
2457 3323 2589 3390 θείῳ
2625 3321 2783 3390 Λόγῳ
2808 3320 2842 3389 ἡ
2872 3314 3204 3385 κατωφερὴς
3234 3312 3341 3365 τῶν
3386 3310 3596 3365 ὑδάτων
3638 3308 3799 3378 φύσις

2211 3416 2520 3481 ἀνέλκεται,
2553 3414 2647 3466 καὶ
2673 3410 2945 3481 μετέωρος
2973 3406 3201 3475 γίνεται,
3224 3404 3319 3457 καὶ
3338 3402 3491 3470 ἄρδει
3520 3400 3621 3470 τὴν
3644 3401 3802 3471 ἠπει-

2212 3527 2304 3582 ρον
2335 3509 2401 3562 δ’.
2449 3507 2537 3572 Ἐξ
2567 3504 2797 3575 ἐσχάτου
2828 3501 2884 3554 δὲ
2909 3499 3012 3570 τῆς
3045 3499 3148 3567 γῆς
3174 3495 3381 3565 ταύτην
3403 3490 3560 3547 εἶπεν
3603 3494 3800 3560 ἁνάγιε⁸

2213 3603 2363 3665 σθαι,
2397 3597 2587 3668 ἐπειδὴ
2618 3598 2682 3649 ἐκ
2718 3593 2825 3647 τῶν
2860 3591 3166 3646 θαλαττίων
3195 3588 3404 3642 ὑδάτων
3455 3587 3797 3639 συνίσταται.

2212 3692 2477 3765 Τέρματα
2504 3690 2559 3743 δὲ
2590 3689 2687 3757 τῆς
2708 3687 2811 3757 γῆς
2838 3685 2889 3737 οἱ
2923 3682 3200 3737 θαλάττιοι
3230 3679 3443 3733 κόλποι.
3490 3695 3509 3728 ι
3558 3677 3798 3746 Ἀστρα-

2212 3787 2322 3850 πάς
2362 3785 2441 3848 είς
2473 3782 2626 3836 ὑετὸν
2665 3779 2943 3849 ἐποίησεν.
2983 3794 3002 3828 ι
3040 3771 3353 3845 Προμηνύει
3384 3770 3442 3823 δὲ
3468 3770 3582 3821 τῶν
3629 3768 3802 3821 ὑετῶν

2212 3879 2311 3951 τὴν
2337 3874 2596 3948 χορηγίαν
2622 3874 2743 3935 ταῖς
2791 3870 3128 3941 ἀστραπαῖς,
3180 3866 3277 3919 καὶ
3316 3864 3564 3917 δείκνυσι
3619 3861 3803 3931 θαῦμα

2214 3973 2431 4026 πάντων
2462 3964 2914 4036 παραδοξότατον.
2975 3960 3064 4012 Ἐν
3114 3956 3269 4011 ὑδασι
3309 3956 3420 4027 γὰρ
3477 3955 3539 4007 τὸ
3600 3955 3805 4025 ἀστρα-

2213 4068 2368 4119 παῖον
2384 4063 2430 4095 ⁸⁸
2461 4060 2742 4131 διατρέχον
2766 4055 2899 4126 πῦρ,
2926 4052 3050 4107 οὐτε
3078 4054 3261 4105 ἐκεῖνα
3282 4051 3326 4081 ⁵9
3350 4048 3664 4119 θερμαίνει,
3683 4048 3807 4099 οὔτε

2213 4156 2348 4211 αὐτὸ
2380 4152 2829 4209 κατασϐέννυται.
2867 4167 2885 4200 ί
2926 4148 2983 4200 '0
3007 4144 3217 4213 ἐξάγων
3244 4142 3480 4211 ἀνέμους
3505 4141 3574 4193 ἐκ
3598 4138 3807 4208 θησαυ-

2218 4250 2324 4321 ρῶν
2356 4246 2543 4301 αὑτοῦ.
2585 4263 2603 4295 ι
2634 4240 2956 4313 Θησαυρούς
2982 4238 3204 4309 άνὲμων
3232 4235 3332 4288 οὐκ
3352 4232 3644 4303 ἀποθήκας
3667 4226 3808 4283 εἶναι

2216 4344 2364 4411 λέγει
2400 4340 2575 4403 τινὰς,
2611 4337 2724 4392 ἀλλ’
2760 4332 2950 4402 ἐπειδὴ
2994 4331 3286 4400 ἀπήνεμον
3337 4328 3467 4379 ὄντα
3519 4325 3617 4377 τὸν
3668 4324 3809 4393 ἀέρα

2218 4436 2479 4498 πολλάκις
2508 4432 2706 4504 ῥᾳδίως
2733 4427 2997 4498 ἐθελήσας
3028 4425 3167 4478 κινεῖ
3186 4424 3246 4474 τὸ
3269 4419 3518 4492 βούλημα
3548 4419 3613 4471 τὸ
3640 4418 3808 4479 θεῖον,

526 4531 812 4577 ventorum
846 4524 1083 4579 vocavit.
1138 4524 1316 4578 Simul
1368 4539 1433 4578 ac
1481 4526 1693 4589 annuit,
1725 4527 1965 4596 undique
1998 4529 2100 4598 spi-

2221 4530 2493 4602 θησαυρὸν
2535 4528 2753 4596 ἀνέμων
2814 4519 3099 4575 ἐκάλεσεν.
3137 4518 3292 4586 ’Ἅμα
3340 4531 3401 4567 τε
3459 4513 3575 4584 γὰρ
3637 4511 3810 4574 νεύει,

528 4623 672 4669 rant.
733 4612 832 4669 Ubi
876 4630 1170 4672 commune
1204 4617 1483 4687 opificium
1521 4627 1572 4671 ct
1611 4620 2002 4687 providentiam
2033 4623 2113 4678 sic

526 4709 949 4777 demonstravit,
980 4711 1234 4780 deinceps
1276 4710 1591 4767 Judzcorum
1638 4713 1900 4768 benelicia
1926 4730 2113 4784 perse-

528 4801 736 4868 quitur.

600 4894 770 4954 VERS.
799 4898 853 4955 8.
896 4920 913 4952 ι
945 4899 1048 4968 Qui
1082 4902 1351 4973 percussit
1389 4900 1749 4973 primogenita
1780 4903 2018 4975 Egypti,
2050 4906 2117 4961 ab

530 4994 751 5049 homine
821 5010 996 5064 usque
1042 4997 1106 5049 ad
1169 5011 1357 5065 pecus.
1398 5016 1415 5047 ›
1479 4997 1844 5055 Novissimam
1899 5000 2116 5070 plagam

530 5088 764 5157 primam
795 5091 996 5159 posuit,
1027 5092 1286 5160 quoniam
1315 5091 1621 5148 libertatem
1649 5104 1771 5164 post
1802 5093 1940 5149 banc
1974 5109 2120 5150 rece-

531 5196 746 5252 perunt.

609 5375 639 5405 ιι
670 5363 827 5419 Deut.
860 5380 1029 5432 χχιιι,
1061 5368 1112 5434 8,
1146 5370 1198 5424 9.
1716 5354 1736 5381 θ

2220 4627 2315 4682 καὶ
2346 4622 2681 4693 πανταχόθεν
2706 4618 3012 4692 προσίασιν.
3033 4611 3189 4667 Οὐτω
3202 4609 3302 4682 τὴν
3327 4607 3517 4676 κοινὴν
3542 4607 3810 4675 δημιουρ·

2226 4723 2351 4791 γίαν
2381 4720 2475 4774 καὶ
2524 4716 2789 4789 πρόνοιαν
2822 4707 3132 4772 ὑποδείξας,
3170 4706 3270 4766 τὰς
3312 4698 3591 4754 Ἰουδαίων
3622 4696 3809 4749 λοιπὸν

2224 4808 2545 4881 εὐεργεσίας
2576 4803 2847 4869 διέξεισιν.

2406 4921 2424 4952 ι
2469 4902 2564 4962 Ὃς
2589 4894 2826 4959 ἐπάταξε
2864 4892 2933 4949 τά
2977 4886 3309 4958 πρωτότοκα
3356 4879 3645 4948 Αἰγύπτου
3705 4876 3811 4927 ἀπὸ

2227 4994 2517 5068 ἀνθρώπου
2542 4993 2647 5054 ἕως
2700 4991 2953 5057 κτήνους.
2996 5003 3013 5034 ι
3060 4981 3172 5052 Τὴν
3227 4977 3546 5032 τελευταίαν
3600 4970 3811 5040 πληγὴν

2229 5064 2447 5140 τέθεικε
2493 5080 2738 5153 πρώτην,
2763 5076 2950 5148 ἐπειδὴ
3008 5074 3145 5147 μετὰ
3211 5068 3418 5141 ταύτην
3454 5067 3556 5136 τὴν
3592 5064 3813 5118 ἐλευθε-

2229 5186 2349 5257 ρίαν
2374 5175 2640 5242 ἐδέξαντο.

1661 5556 1893 5615 VARUE
1944 5554 2330 5614 LECTIONES
2362 5550 2447 5607 ET
2490 5545 2722 5603 NOTAE.

610 5740 655 5813 ξε
686 5739 1045 5813 Ιίτιδῷμενος.
1110 5740 1231 5794 cod.
1300 5740 1329 5813 li
1394 5739 1731 5809 φειδόμενος,
1775 5736 2027 5813 ascripta
2070 5744 2100 5790 t:

2210 5749 2249 5813 in.
2277 5730 2477 5813 altera
2529 5727 2783 5813 lectione.
2827 5718 3189 5813 Μ”ξιμοιξιΫ-ἎίΔ
3225 5714 3490 5787 Αἴγειος..

541 5803 767 5882 φέλαςζ
790 5803 949 5866 llebr.
976 5803 1213 5881 vapores.
1292 5812 1334 5843 °"
1366 5803 1662 5878 Ἤπειρον.
1689 5810 1808 5865 cod.
1849 5810 1870 5863 l
1904 5807 2027 5877 γῆν.

2210 5803 2311 5860 bid.
2351 5803 2719 5871 ἁστραπαῐον.

3598 5710 3647 5746 ⁸⁸
3701 5708 3807 5765 Nec

2826 5793 2870 5828 ⁵⁸
2899 5791 2975 5848 ib.
3012 5789 3213 5844 ἐκεῖνο.
