3996 6450
110 424 127 437 _
160 335 298 400 1917

1471 346 1553 407 IN
1580 347 1786 408 PSAL.
1822 348 2023 408 CXXX
2033 348 2127 409 IV.

3297 342 3445 407 1918-

232 452 298 508 0'.
334 470 355 506 ι
401 449 785 518 Ἐξαπέστειλε
836 456 1039 526 σημεῖα
1092 456 1189 511 καὶ
1238 456 1445 528 τέρατα
1473 460 1531 511 ἐν
1594 458 1745 528 μέσῳ

1918 459 2087 514 Vens.
2120 460 2211 515 9.1
2251 458 2448 515 Emisit
2482 458 2637 529 signa
2666 469 2718 514 et
2747 457 2995 530 prodigia
3034 459 3090 513 in
3122 456 3304 512 medio
3331 458 3431 527 tui,

160 562 281 609 σου,
338 547 609 615 Αἴγυπτε.
668 565 688 599 ι
733 547 846 611 Τὰς
890 548 1239 612 παντοδαπὰς
1296 550 1741 621 θαυματουργίας

161 641 258 693 καὶ
287 639 542 703 παιδείας
568 638 658 692 διὰ
704 639 915 693 τούτων
950 639 1241 712 ἐδήλωσεν.
1275 661 1292 693 ι
1366 642 1458 696 Ἐν
1513 642 1738 713 Φαραῷ,

162 730 259 783 καὶ
284 730 346 782 ἐν
372 732 509 784 πᾶσι
537 732 651 793 τοῖς
672 729 884 793 δούλοις
910 729 1101 784 αὐτοῦ.
1142 750 1160 782 ι
1207 731 1280 783 Ού
1310 730 1420 800 γὰρ
1449 730 1683 802 ἤρκεσεν
1708 731 1742 800 ή

167 819 421 889 βασιλεία
460 820 570 874 τῶν
601 819 879 892 θεηλάτων
914 820 1078 874 αὐτὸν
1093 821 1405 886 ἀπαλλάξαι
1437 821 1742 892 μαστίγων,

162 910 301 965 ἀλλὰ
333 914 448 975 τοῖς
487 912 674 973 αὐτοῖς
703 912 799 966 καὶ
847 912 898 965 οἰ
920 910 1330 983 βασιλευόμενοι
1380 913 1475 965 καὶ
1520 914 1549 965 ό
1592 911 1747 981 βασι-

163 1000 340 1055 λεύων
368 1006 558 1068 κακοῖς
580 1004 927 1073 περιέπεσεν.
971 1000 1129 1057 Οὕτω
1153 1004 1251 1057 καὶ
1280 1004 1414 1074 πρὸς
1455 1004 1547 1057 τὸν
1575 1004 1748 1075 μέγαν

165 1098 372 1167 Μωσῆν
452 1097 557 1168 ἐφη
605 1099 634 1150 ὁ
686 1097 794 1150 τῶν
824 1096 964 1151 ὅλων
993 1097 1127 1161 Θεός
1149 1113 1164 1128 ο
1195 1116 1214 1149 ι
1250 1096 1379 1151 Ἰδοὺ
1398 1095 1509 1165 ἐγὼ
1535 1099 1750 1151 πατάσ‹

169 1202 248 1239 σω
306 1188 418 1240 πᾶν
468 1188 818 1258 πρωτότοκον
868 1187 969 1257 τῆς
1004 1185 1308 1257 Αἰγύπτου,
1335 1186 1443 1241 ἀπὸ
1472 1185 1751 1257 πρωτοτό-

168 1295 267 1331 κου
294 1278 495 1348 Φαραὼ
510 1279 603 1332 τοῦ
628 1278 939 1349 καθημένου
970 1280 1062 1332 ἐπὶ
1088 1278 1183 1332 τοῦ
1202 1279 1393 1349 θρόνου
1419 1278 1608 1341 αὑτοῦ,
1642 1278 1748 1342 ἓως

168 1371 520 1442 πρωτοτόκου
548 1370 649 1441 τῆς
666 1370 1066 1440 αἰχμαλωτίδος
1089 1371 1354 1440 τῆςπαρὰ
1384 1370 1474 1423 τὸν
1507 1370 1695 1441 μύλον.
1730 1390 1747 1420 ο

242 1469 294 1515 t'.
338 1481 354 1512 ι
407 1464 503 1525 '0;
534 1462 807 1529 ἐπάταξεν
842 1461 972 1533 ἔθνη
1001 1462 1195 1519 πολλά.
1221 1482 1240 1515 ι
1263 1462 1345 1516 Τά
1384 1463 1483 1532 τὴν
1545 1463 1755 1516 Παλαι-

172 1555 359 1625 στίνην
386 1554 552 1609 πάλαι
578 1556 899 1627 οἰκήσαντα.

248 1666 265 1697 ι
301 1647 413 1700 Καὶ
442 1648 739 1702 ἀπέκτεινε
772 1647 1015 1719 βασιλεῖς
1069 1647 1389 1719 κραταιούς.
1451 1644 1595 1719 [ια¹.]
1651 1646 1757 1699 Τὸν

173 1739 329 1810 Σηὼν
362 1740 588 1809 βασιλέα
610 1740 720 1794 τῶν
754 1741 1101 1812 Ἀμορραίων
1126 1757 1141 1770 ο
1166 1741 1262 1793 καὶ
1288 1741 1378 1792 τὸν
1412 1741 1513 1807 Ὢγ
1532 1738 1757 1809 βασιλέα

174 1832 271 1901 τῆς
300 1833 503 1884 Βχσάν.
537 1851 555 1884 ι
598 1831 819 1886 Τούτων
847 1836 875 1886 ό
913 1832 1057 1895 θεῖος
1083 1832 1291 1903 Μωσῆς
1325 1831 1425 1903 τὴν
1475 1831 1756 1902 βασιλείαν

175 1924 500 1979 κατέλυσεν.
530 1944 549 1976 ι
584 1926 696 1977 Καὶ
727 1925 911 1988 πάσας
951 1927 1050 1988 τὰς
1112 1924 1393 1995 βασιλείας
1454 1924 1695 1977 Χαναὰν.
1733 1942 1751 1975 ι

177 2015 419 2079 Τούτους
447 2018 475 2069 ό
520 2018 793 2088 μακάριος
835 2016 1043 2088 Ἰησοῦς
1094 2016 1452 2087 ἐχειρώσατο,
1510 2017 1605 2069 καὶ
1660 2015 1760 2080 τὰς

178 2109 272 2161 ὑπ’
300 2108 529 2163 ἐκείνων
560 2110 941 2180 κατεχομένας
967 2108 1151 2179 χώρας
1185 2110 1279 2162 καὶ
1307 2109 1492 2171 πόλεις
1519 2107 1760 2179 διένειμε

177 2203 253 2273 τῷ
283 2203 419 2272 λαῷ.
447 2202 621 2256 Τοῦτο
659 2204 754 2257 καὶ
773 2202 1011 2256 ἐνταῦθα
1036 2205 1064 2256 ὁ
1111 2202 1404 2273 Προφήτης
1436 2200 1592 2272 φησί.

254 2296 344 2366 ιβ’.
379 2316 398 2347 ί
440 2298 549 2349 Καὶ
606 2297 775 2350 ἔδωκε
828 2296 925 2367 τὴν
960 2296 1067 2365 γῆν
1119 2295 1300 2349 αύτῶν
1357 2293 1761 2365 κληρονομίανν

180 2386 548 2456 κληρονομίαν
605 2386 820 2458 Ἰσραὴλ
844 2386 922 2456 τῷ
957 2384 1069 2455 λαῷ
1101 2383 1289 2439 αὐτοῦ.
1325 2402 1345 2435 ι
1367 2383 1633 2455 Καθάπερ
1661 2384 1764 2455 γάρ

179 2496 307 2532 τινα
354 2478 559 2549 κλῆρον
588 2477 863 2550 πατρῷον,
898 2477 998 2547 τὴν
1028 2477 1118 2531 ὑπ’
1147 2476 1376 2529 ἐκείνων
1398 2474 1510 2529 τῶν
1569 2474 1764 2528 δυσσε-

181 2568 294 2620 ϐῶν
332 2567 597 2637 βασιλέων
661 2567 826 2621 πάλαι
849 2566 1278 2638 κατασχεθεῖσαν
1305 2566 1413 2637 γῆν
1432 2564 1511 2637 τῷ
1550 2564 1768 2638 Ἰσραὴλ

180 2660 417 2714 δέδωκεν
456 2661 486 2712 ό
512 2659 720 2714 τούτων
743 2659 879 2723 Θεός
907 2659 978 2715 ⁸ο.

256 2754 349 2822 ιγ’.
373 2772 392 2804 ι
419 2752 614 2824 Κύριε,
641 2751 704 2805 τὸ
733 2751 911 2823 ὄνομά
936 2768 1031 2805 σου
1062 2753 1143 2815 εἰς
1163 2751 1256 2805 τὸν
1310 2750 1506 2815 αἰῶνα,
1555 2749 1653 2803 καὶ
1706 2748 1770 2802 τὸ

184 2846 533 2918 μνημόσυνόν
558 2862 651 2899 σου
705 2847 787 2910 εἰς
817 2845 1011 2914 γενεὰν
1074 2844 1171 2898 καὶ
1217 2845 1432 2912 γενεάν.
1466 2861 1486 2896 ι
1542 2841 1618 2896 Τὸ
1671 2841 1770 2913 μὲν

182 2940 293 3011 γάρ
347 2939 577 3010 μέγεθος
630 2939 740 2993 τῶν
797 2939 903 2992 ὑπὸ
938 2936 1035 2993 σοῦ
1066 2936 1451 3008 γεγενημένων
1475 2935 1770 3007 θαυμάτων

183 3034 246 3086 τὸ
308 3034 402 3086 σὺν
442 3033 690 3096 ἅπαντας
716 3032 956 3097 ἐδίδαξεν
984 3032 1155 3103 δνομα
1176 3047 1190 3062 '
1224 3031 1317 3085 καὶ
1353 3031 1540 3101 μέντοι
1569 3031 1662 3082 καὶ
1690 3030 1771 3092 εἰς

1843 548 2101 621 Ᾱῐίιγριε.
2140 570 2159 601 ι
2224 550 2437 621 1517
2492 553 2508 571 ‘
2554 552 2747 606 Omnis
2793 553 3009 623 generis
3064 552 3326 606 miracula
3382 561 3437 606 et

1843 643 2354 699 animadversiones
2386 659 2486 714 per
2522 644 2635 699 haec
2666 644 2987 699 declaravit.
3042 664 3060 696 ι
3100 645 3158 697 In
3187 642 3436 697 Pharao-

1830 751 1993 799 .nem,
2029 746 2084 791 et
2133 751 2323 791 omnes
2380 751 2572 792 servos
2625 739 2769 806 ejus.
2828 756 2845 788 ι
2905 735 3022 791 Non
3077 736 3222 791 enim
3266 738 3437 806 potuit

1846 844 2077 898 regnum
2111 843 2140 882 a
2170 829 2398 899 ﬂagellis
2428 845 2457 883 a
2491 828 2601 882 Deo
2632 830 2800 885 illatis
2837 830 3015 899 ipsum
3054 829 3307 892 liberare,
3342 828 3437 883 sed

1848 920 1902 974 in
1942 920 2131 974 eadem
2167 921 2310 974 mala
2354 930 2409 976 et
2444 922 2645 975 subdili
2683 922 2994 975 inciderunt
3024 928 3077 975 et
3108 936 3222 975 rex.
3253 920 3344 975 Sic
3386 928 3440 975 et

1850 1030 2047 1083 magno
2085 1015 2218 1069 Mosi
2257 1015 2398 1071 Deus
2443 1018 2827 1071 universorum
2875 1017 3012 1070 dixit
3049 1036 3061 1071 :
3116 1034 3134 1067 ι
3171 1016 3308 1071 Ecce
3337 1032 3437 1086 ego

1851 1107 2099 1176 percutio
2141 1122 2305 1162 omne
2353 1108 2777 1179 primogenitum
2820 1108 3063 1179 ZEgypIi,
3099 1125 3127 1163 a
3161 1109 3435 1178 primoge-

1853 1197 1970 1252 nito
2014 1197 2340 1266 Pharaonis,
2372 1200 2464 1268 qui
2511 1201 2663 1254 sedet
2696 1200 2749 1253 in
2802 1200 2940 1253 solio
2993 1200 3135 1268 ejus,
3172 1215 3347 1270 usque.
3372 1200 3439 1253 ad

1853 1290 2279 1360 primogenitum
2306 1290 2539 1355 ancillae,
2574 1306 2696 1360 qua‘
2721 1301 2803 1346 est
2834 1292 2900 1345 ad
2932 1293 3135 1345 molam
3156 1301 3204 1344 ν.
3249 1312 3266 1343 ι

1934 1471 2102 1525 Vnus.
2136 1469 2226 1524 10.
2262 1487 2280 1519 ι
2319 1467 2421 1535 Qui
2469 1476 2742 1536 percussit
2780 1478 2966 1538 gentes
2998 1465 3216 1522 multas.
3258 1487 3277 1520 ι
3309 1467 3442 1534 Qum

1858 1566 1986 1622 olim
2016 1562 2362 1618 Palaestinam
2389 1559 2739 1625 incolebantl,

1934 1677 1953 1708 ι
1995 1655 2062 1710 Ει
2093 1654 2291 1710 occidit
2343 1667 2499 1722 reges
2546 1650 2735 1706 fortes.
2778 1648 2969 1723 [Vens.
3018 1649 3130 1723 ll.]
3183 1650 3441 1706 Silmnem

1860 1763 2040 1819 regem
2091 1746 2578 1810 Amorrhaaorum,
2615 1753 2670 1799 et
2722 1742 2895 1814 Ogum
2946 1758 3125 1813 regem
3182 1743 3380 1798 Basan.
3420 1764 3438 1793 ι

1862 1838 2066 1894 Horum
2108 1852 2339 1908 regnum
2378 1835 2598 1890 divinus
2636 1834 2816 1889 Moses
2851 1834 3064 1889 evertit.
3105 1853 3123 1885 ι
3164 1834 3228 1888 Et
3261 1835 3444 1887 omnia

1863 1946 2026 2003 regna
2051 1930 2338 1987 Chanaan.
2376 1948 2395 1982 ι
2430 1928 2542 1983 Hos
2574 1928 2767 1983 beatos
2801 1925 2966 1982 Josua
3003 1928 3354 1996 expugnavit,
3393 1935 3446 1981 et

1861 2023 2111 2093 regiones
2136 2030 2300 2090 atque
2334 2019 2615 2083 civitates,
2649 2033 2772 2088 quae
2801 2018 2869 2072 ab
2900 2017 3008 2072 illis
3034 2018 3443 2079 detinebantur,

1861 2114 2063 2185 populo
2113 2113 2417 2170 distribuit.
2466 2109 2601 2167 Illud
2641 2121 2696 2167 et
2754 2111 2859 2166 hoc
2906 2111 2958 2166 iu
3012 2111 3134 2164 loco
3175 2108 3444 2180 Propheta

1863 2208 2062 2278 inquit.

1934 2300 2101 2357 Vens.
2147 2301 2238 2356 l2.
2272 2319 2290 2352 ι
2320 2299 2386 2354 Ει
2415 2299 2567 2355 dedit
2596 2306 2797 2354 terram
2828 2312 3019 2353 eorum
3052 2297 3446 2363 haereditatem,

1835 2381 2235 2451 ibalreditatem
2264 2391 2451 2447 lsraeli
2485 2390 2684 2460 populo
2713 2405 2836 2444 suo.
2866 2407 2885 2441 ι
2914 2385 3049 2443 Nam
3074 2389 3235 2443 veluti
3257 2405 3449 2459 quam-

1866 2482 1991 2535 dam
2022 2478 2393 2535 haereditatem
2427 2490 2737 2550 paternam,
2770 2488 2995 2542 terram,
3020 2492 3143 2548 quas
3168 2478 3237 2533 ab
3267 2480 3450 2548 impiis

1867 2570 1977 2626 illis
2034 2570 2257 2641 regibus
2294 2569 2428 2625 olim
2468 2569 2775 2635 tenebatur,
2812 2568 2999 2625 lsraeli
3058 2569 3258 2625 horum
3307 2568 3452 2626 Deus

1868 2660 2097 2730 largitus
2127 2666 2234 2715 est.

1940 2754 2106 2809 Vens.
2136 2754 2222 2809 l3.
2262 2771 2281 2806 ι
2311 2752 2562 2818 Domine,
2598 2765 2799 2808 nomen
2833 2759 2989 2806 tuum
3044 2751 3101 2806 in
3145 2751 3366 2819 saecula,
3398 2760 3456 2806 et

1870 2851 2189 2907 memoriale
2212 2858 2364 2903 tuum
2391 2847 2446 2901 in
2466 2847 2876 2917 generationem
2898 2854 2954 2902 et
2971 2846 3400 2917 generationem.
3428 2866 3448 2899 ο

1870 2944 2005 3000 Nam
2034 2941 2354 3014 magnitudo
2382 2940 2798 3007 miraculorum,
2831 2955 2956 3011 qua:
2984 2946 3015 2995 a
3046 2949 3101 2996 te
3108 2941 3274 3041 fdita
3300 2948 3451 3006 sunt,

1874 3048 2027 3093 tuum
2060 3051 2260 3091 nomen
2288 3049 2478 3089 omnes
2507 3033 2729 3088 edocuit
2757 3049 2772 3087 :
2800 3042 2963 3103 atque
2993 3031 3157 3088 etiain
3182 3033 3235 3087 in
3267 3031 3454 3087 futura

184 3126 283 3184 τὰς
301 3125 569 3196 ἐσομένας
596 3124 792 3194 γενεὰς
818 3124 975 3197 ἡτῶν
999 3124 1107 3178 σῶν
1137 3123 1468 3195 εὐεργεσιῶν
1492 3122 1764 3194 φυλαχθη-

1879 3129 2073 3186 saecula
2114 3137 2332 3184 tuorum
2373 3126 2767 3182 beneﬁciorum
2809 3125 3074 3180 memoria
3103 3123 3458 3180 conservabi-

187 3235 341 3272 σεται
374 3220 584 3289 μνήμη.

258 3311 344 3363 ιδ’.
380 3328 399 3361 ι
434 3308 559 3363 ’Ότι
583 3309 763 3380 κρινεῖ
788 3306 994 3378 Κύριος
1015 3309 1109 3361 τὸν
1144 3308 1273 3362 λαὸν
1299 3307 1490 3373 αὑτοῦ,
1537 3308 1633 3362 καὶ
1681 3308 1776 3362 ἐπὶ

184 3405 303 3465 τοῖς
333 3403 544 3466 δούλοις
573 3403 743 3456 αὑτοῦ
774 3401 1292 3473 παρακληθήσεται.
1326 3421 1344 3455 ι
1396 3402 1470 3455 Ού
1505 3401 1616 3472 γὰρ
1677 3417 1779 3454 πε-

188 3494 357 3566 ριόψει
415 3496 570 3568 παρὰ
616 3495 726 3549 τῶν
767 3494 1054 3565 δυσμενῶν
1119 3494 1271 3565 ἡμᾶς
1331 3491 1776 3563 πολεμουμένους

185 3587 354 3658 ὀρῶν,
381 3588 503 3641 οὐδὲ
532 3587 690 3652 ἀξίας
735 3588 846 3641 τῶν
893 3587 1183 3659 ἡμετέρων
1223 3585 1556 3657 ἁμαρτάδων
1603 3602 1777 3655 τιμω-

191 3682 314 3751 ρίας
338 3680 582 3746 ἐπάξεις,
607 3681 725 3736 ἀλλ’
767 3681 927 3744 ἵλεως
978 3680 1073 3754 ἔσῃ
1134 3680 1229 3732 καὶ
1281 3679 1519 3749 εὐμενής
1550 3693 1564 3707 °
1632 3675 1777 3728 οὕτω

185 3774 370 3839 δείξας
400 3774 493 3827 τοῦ
532 3774 689 3837 ὄντος
722 3773 861 3827 Θεοῦ
891 3776 990 3844 τὴν
1017 3773 1269 3843 δύναμιν,
1338 3770 1597 3841 κωμῳδεί
1658 3767 1767 3822 τῶν

188 3868 550 3938 καλουμένων
584 3868 706 3938 μὲν,
738 3868 840 3919 οὐκ
868 3866 1037 3920 ὄντων
1070 3866 1127 3919 δὲ
1159 3863 1299 3918 θεῶν
1324 3864 1424 3934 τὴν
1450 3861 1738 3916 ἀσθένειαν
1758 3876 1772 3892 ·

189 3963 287 4014 καὶ
333 3959 523 4031 ἐπειδὴ
575 3960 732 4023 θεοὺς
779 3959 1090 4030 ὠνόμασεν,
1153 3957 1427 4021 ἀνέδειξεν
1480 3957 1522 3988 ⁶¹
1578 3955 1777 4018 αὐτοὺς

194 4052 339 4124 μετὰ
361 4050 457 4105 τοῦ
516 4052 848 4123 πράγματος
909 4052 1004 4107 καὶ
1051 4051 1151 4122 τῆς
1207 4048 1583 4123 προσηγορίας
1644 4049 1778 4121 ἐρή-

195 4164 357 4219 μους.

265 4250 351 4297 ιε¹.
389 4261 408 4294 ι
445 4244 526 4297 Τά
556 4241 753 4296 εἴδωλα
782 4240 892 4293 τῶν
922 4239 1096 4293 ἐθνῶν
1126 4237 1391 4310 ἀργύριον
1421 4238 1517 4291 καὶ
1548 4237 1776 4309 χρυσίον

194 4336 336 4406 ἔργα
372 4335 573 4407 χειρῶν
598 4332 925 4404 ἀνθρώπων.
971 4351 989 4384 ι
1044 4330 1100 4383 '0
1164 4330 1263 4401 μὲν
1319 4329 1590 4401 ἡμέτερος
1644 4328 1778 4392 Θεὸς

192 4430 306 4482 τῶν
334 4430 592 4482 ἁπάντων
622 4428 762 4488 ἐστὶ,
822 4424 979 4494 φησὶ,
1015 4424 1269 4494 ποιητὴς,
1332 4423 1530 4476 ἐκεῖνοι
1595 4422 1655 4476 δὲ
1716 4421 1775 4475 ού

1877 3234 1985 3279 tur.

1949 3314 2113 3369 Vens.
2144 3314 2232 3368 l4.
2275 3329 2295 3364 ι
2340 3311 2611 3380 Quoniam
2660 3310 2936 3382 judicabit
2986 3310 3253 3367 Dominus
3285 3326 3458 3381 popu-

1875 3408 1987 3461 lum
2042 3422 2224 3469 suum,
2255 3414 2310 3459 et
2347 3406 2402 3460 in
2444 3405 2620 3459 servis
2673 3403 2791 3459 suis
2822 3403 3225 3474 deprecabitur.
3268 3424 3287 3457 ι
3338 3403 3457 3459 Non

1874 3499 2019 3555 enim
2060 3515 2161 3553 nos
2189 3498 2258 3551 ab
2288 3497 2539 3552 hostibus
2589 3505 2937 3566 oppugnatos
2976 3495 3193 3567 1518
3226 3511 3458 3551 cernens

1876 3592 2167 3662 despicies,
2194 3606 2372 3659 neque
2395 3590 2666 3660 condigna
2692 3589 2895 3645 nostris
2927 3591 3166 3657 peccatis
3188 3589 3457 3658 supplicia

1876 3684 2109 3753 inlliges,
2153 3685 2245 3738 sed
2276 3681 2549 3753 propitius
2586 3682 2697 3736 eris
2723 3693 2777 3737 et
2800 3683 3089 3753 benignus.
3127 3679 3203 3733 Ita
3240 3680 3330 3734 Dei
3362 3680 3457 3750 qui

1875 3789 1960 3833 est
1993 3787 2213 3831 Ostensa
2263 3772 2526 3843 potentia,
2563 3788 2754 3827 eorum
2802 3774 2897 3843 qui
2952 3773 3026 3827 dii
3074 3781 3360 3839 vocantur,
3402 3782 3460 3826 et

1875 3884 1983 3923 non
2020 3877 2167 3929 sunt,
2220 3864 2649 3918 imbecillitatem
2686 3864 2914 3919 deridet.
2947 3862 3013 3917 Et
3036 3862 3296 3932 quoniam
3328 3861 3459 3917 deos

1877 3958 2200 4024 nominavit,
2242 3955 2487 4012 ostendit
2523 3970 2620 4012 eos
2646 3971 2774 4012 cum
2804 3970 2864 4011 re
2905 3955 3071 4011 etiam
3097 3953 3462 4024 appellatione

1877 4053 2137 4124 privatos.

1952 4235 2114 4291 Vens.
2145 4235 2233 4289 15.
2272 4252 2291 4284 ι
2325 4233 2469 4288 ldola
2504 4231 2768 4303 gentium,
2816 4237 3101 4300 argentum
3144 4234 3199 4282 et
3238 4240 3459 4297 aurum,

1878 4345 2046 4401 opera
2098 4343 2361 4383 manuum
2410 4325 2716 4380 hominum.
2773 4341 2792 4374 ι
2831 4324 2901 4377 At
2947 4319 3091 4375 Deus
3134 4328 3338 4382 uoster,
3375 4319 3463 4371 in-

1880 4426 2021 4495 quit,
2068 4424 2317 4477 omnium
2354 4430 2439 4476 est
2492 4417 2672 4489 opifex
2716 4416 2842 4472 :illi
2897 4424 3076 4469 autem
3126 4430 3232 4468 non
3281 4413 3458 4467 solum

196 4521 362 4592 μόνον
389 4518 791 4591 δημιουργικὴν
826 4490 927 4570 οὐκ
952 4490 1141 4587 ἔχουσι⁷
1185 4490 1438 4583 δύναμιν,
1480 4513 1617 4567 ἀλλά
1682 4513 1764 4567 καλ

1884 4490 2151 4576 efﬁciendi
2204 4513 2497 4586 potentiam
2530 4525 2638 4564 non
2693 4508 2915 4571 habent,
2952 4506 3047 4560 sed
3083 4504 3245 4558 etiam
3286 4502 3459 4571 ipsam

192 4612 332 4668 αὐτὸ
363 4613 427 4667 τὸ
455 4608 596 4676 εἶδος
632 4610 785 4683 παρὰ
822 4610 1020 4683 τέχνης
1079 4606 1436 4679 ἀνθρωπείας
1497 4605 1772 4670 ἐδέξαντο.

208 4707 301 4772 Ἐξ
331 4706 465 4778 ὕλης
496 4706 605 4778 γὰρ
634 4705 822 4768 αὐτοῖς
853 4705 947 4758 καὶ
996 4701 1198 4773 τέχνης
1232 4700 1266 4770 ἡ
1301 4698 1581 4762 σύστασις.

269 4795 372 4862 ις’,
430 4796 515 4860 ιζ’.
580 4816 599 4848 ι
638 4792 836 4866 ’Στόμα
892 4793 1117 4863 ἔχουσι,
1149 4792 1245 4843 καὶ
1318 4790 1381 4843 ού
1448 4788 1782 4859 λαλήσουσιν

190 4888 515 4959 ὀφθαλμοὺς
545 4887 727 4960 έχουσι
746 4926 762 4952 ,
793 4887 889 4941 καὶ
904 4886 1003 4939 οὐκ
1034 4877 1424 4955 6ψονται.Ὤτα
1449 4881 1654 4952 ἔχουσι,
1682 4882 1780 4937 καὶ

193 4984 297 5037 οὐκ
327 4981 806 5052 ἐνωτισθήσονται.
850 4998 868 5030 ›
906 4977 1160 5039 Εἰκόνας,
1215 4977 1401 5047 φησὶν,
1467 4975 1779 5047 αἰσθήσεων

193 5076 407 5148 ἔχουσι,
437 5075 534 5145 τῆς
561 5075 618 5128 δὲ
651 5073 934 5146 ἐνεργείας
985 5071 1332 5142 ἐστέρηνται.
1416 5089 1434 5122 ι
1474 5069 1608 5124 Οὐδὲ
1668 5071 1778 5141 γάρ

196 5171 321 5220 ἐστι
347 5166 567 5237 πνεῦμα
599 5169 655 5219 ἐν
688 5165 764 5237 τῷ
799 5164 1030 5234 στόματι
1065 5163 1268 5217 αὐτῶν.
1308 5182 1324 5215 ι
1365 5163 1572 5217 Τούτου
1602 5163 1659 5218 δὲ
1682 5164 1779 5218 καὶ

194 5261 308 5315 τῶν
336 5260 550 5329 ἀλόγων
578 5261 611 5330 ἡ
664 5260 825 5329 φύσις
859 5255 1160 5327 μετέλαχεν
1184 5272 1197 5286 ·
1236 5256 1471 5309 ἀναπνεῖ
1524 5256 1634 5327 γὰρ
1666 5256 1776 5309 τῶν

199 5352 360 5419 ζώων
394 5352 645 5407 ἕκαστον.
673 5353 755 5406 Τά
791 5352 849 5405 δὲ
878 5350 1073 5405 εἴδωλα
1102 5347 1222 5401 οὐδὲ
1252 5352 1365 5413 τοῖς
1405 5350 1625 5420 ἀλόγοις
1669 5369 1777 5406 πα-

200 5445 527 5515 ραπλησίως
564 5446 757 5498 τούτου
802 5445 1043 5515 μετέχει.

279 5572 305 5601 ν
338 5561 513 5617 Exod.
553 5578 630 5625 χι,
656 5562 709 5625 4,
740 5560 791 5614 5.

1885 4610 2120 4666 formam
2159 4606 2228 4660 ab
2269 4615 2387 4659 arte
2438 4603 2675 4656 humana
2734 4605 3084 4666 acceperunt.
3113 4596 3191 4650 Ex
3237 4592 3465 4649 materia

1885 4703 2032 4759 enim
2067 4709 2124 4757 et
2156 4709 2274 4754 arte
2310 4713 2499 4751 eorum
2529 4694 2837 4749 substantia
2874 4697 3110 4746 constat.

1958 4796 1975 4815 ⁶
2002 4792 2167 4848 Vens.
2200 4791 2288 4851 lli.
2333 4789 2417 4841 l7.
2454 4807 2471 4839 ‹
2516 4787 2591 4841 Os
2636 4786 2858 4845 habent.
2907 4792 2961 4838 et
2991 4797 3098 4835 non
3148 4780 3463 4848 loquentur,

1882 4889 2076 4947 oculos
2108 4886 2330 4947 habent,
2364 4893 2418 4936 et
2475 4896 2583 4935 non
2617 4878 2894 4933 videbunt.
2940 4876 3117 4929 Aures
3159 4874 3378 4932 habent,
3412 4878 3464 4922 et

1882 4998 1994 5038 non
2046 4980 2290 5035 audient.
2339 4996 2358 5028 ›
2397 4973 2817 5035 Similitudines,
2868 4969 3064 5037 inquit,
3120 4980 3316 5022 sensus
3369 4962 3468 5016 ha-

1884 5077 2034 5139 bent,
2071 5073 2284 5130 actione
2315 5078 2494 5123 autem
2528 5067 2721 5136 privati
2750 5072 2899 5119 sunt.
2944 5079 2960 5111 ι
2992 5060 3178 5128 Neque
3204 5057 3348 5112 enim
3380 5064 3464 5110 est

1884 5168 2108 5238 spiritus
2133 5167 2297 5219 inore
2320 5163 2589 5231 ipsorum.
2621 5179 2639 5211 ι
2671 5158 2845 5226 llojus
2872 5164 3051 5208 autem
3074 5151 3235 5205 etiam
3256 5151 3467 5203 ratione

1892 5259 2194 5318 carentium
2252 5264 2447 5309 natura
2501 5262 2583 5307 est
2635 5251 2904 5319 particeps
2950 5265 2964 5300 :
3008 5258 3132 5298 nam
3187 5241 3468 5313 quodlibet

1887 5348 2207 5408 animalium
2245 5344 2502 5414 respirat.
2558 5340 2701 5395 ldola
2734 5349 2916 5393 autem
2944 5349 3119 5406 neque
3150 5332 3203 5388 in
3238 5333 3341 5388 hoc
3379 5345 3468 5388 Iac

1888 5447 2035 5501 tione
2068 5439 2386 5497 carentibus
2416 5433 2713 5492 assimilari
2747 5439 2998 5504 possunt.

1332 5674 1568 5730 VAllLE
1609 5675 1987 5731 LECTlONlCS
2020 5676 2103 5730 ET
2132 5669 2367 5728 ΝΟΤᾹΞ.

279 5790 323 5820 ⁸ο
359 5785 594 5841 Τούτων
621 5790 781 5854 Θεός.
803 5789 964 5844 cod.l
998 5788 1087 5843 τοῦ
1121 5790 1254 5842 Θεοῦ
1289 5790 1435 5855 Υἱός.

1516 5790 1557 5823 ⁶¹
1603 5788 1954 5856 ’Λνέὀειξεν.
1987 5790 2107 5845 cod.
2138 5788 2159 5843 1
2195 5788 2325 5842 ἅνω·
2357 5785 2588 5848 δεικνύς.
