3996 6494
527 366 663 432 1919
1490 362 1985 425 THEODOBETI
2036 358 2380 433 EPISCOPI
2428 356 2801 419 CYRENSIS
3660 341 3802 411 1920

596 482 763 535 Vens.
809 478 900 533 18.
939 496 958 530 ι
995 475 1215 533 Similes
1254 475 1365 532 illis
1407 475 1539 530 ﬁant
1569 475 1666 546 qui
1701 475 1911 532 faciunt
1931 493 2017 539 ea,
2049 484 2103 530 et

2278 471 2367 542 ιη’.
2407 491 2426 522 ι
2463 472 2680 540 Ὅμοιοι
2713 466 2900 529 αὐτοῖς
2931 462 3175 534 γένοιντο
3194 463 3245 517 οἱ
3281 459 3570 522 ποιοῦντες
3624 459 3794 521 αὑτὰ,

522 586 716 627 omnes
748 571 842 641 qui
873 570 1161 627 conlidunt
1187 569 1243 624 in
1275 569 1376 624 eis.
1421 587 1440 620 ι
1497 566 1673 637 Hujus
1714 583 1976 625 sensuum
2012 568 2106 623 dc-

2214 565 2304 619 καί
2358 564 2563 625 πάντες
2610 555 2660 613 οἱ
2727 558 3053 621 πεποιθότες
3099 554 3187 610 ἐπ’
3246 555 3451 614 αὐτοῖς.
3489 569 3510 603 ι
3570 550 3798 641 Ταύτης

522 662 702 719 fectus
726 640 878 734 digni
918 644 1047 719 sunt
1074 673 1136 718 ut
1174 662 1469 733 participes
1502 662 1653 727 ﬁant,
1694 671 1750 717 et
1775 662 1870 731 qui
1912 676 2104 717 eorum

2214 659 2346 711 είσὶν
2374 654 2517 720 ἄξιοι
2550 656 2652 724 τῆς
2684 648 3045 721 ἀναισθησίας
3078 646 3429 717 μεταλαχεῖν,
3462 642 3563 697 καὶ
3590 642 3644 694 οἱ
3701 640 3798 710 δη-

523 766 655 812 sunt
681 757 926 826 Opillces,
955 766 1011 811 et
1036 756 1130 826 qui
1158 756 1274 825 ipsa
1309 756 1521 811 colunt.
1552 753 1688 810 Nam
1718 770 1813 811 eos
1841 755 2103 825 qui,cum

2214 748 2599 821 μιουργοῦντες
2629 745 2769 799 αὐτὰ
2788 784 2803 807 ,
2829 744 2924 797 καὶ
2949 744 2998 796 οἱ
3027 735 3645 811 προσκυνοῦντες.Τοὺς
3683 734 3796 802 γὰρ

520 850 751 905 rationis
784 858 971 906 essent
1001 848 1320 919 participes,
1362 849 1492 903 deos
1528 855 1861 903 censuerunt
1886 862 1948 901 ea
1983 861 2106 918 quae

2214 842 2365 911 λόγου
2399 840 2751 912 μετέχοντας,
2813 838 2908 890 καὶ
2963 834 3120 897 θεοὺς
3182 830 3676 903 ὑπολαμϐάνοντας
3727 828 3796 879 τὰ

520 941 647 994 vitre
672 950 802 995 sunt
830 942 1074 1010 expertia
1109 949 1162 995 et
1202 938 1453 1004 rationis,
1482 939 1694 1009 justum
1727 947 1813 996 est
1857 940 2104 998 defectus

521 1032 758 1086 rationis
783 1033 1006 1087 illorum
1035 1046 1157 1087 esse
1187 1032 1507 1101 participes.

593 1125 757 1181 Vsns.
791 1126 873 1181 l9.
928 1146 947 1177 ι
987 1126 1191 1181 Domus
1218 1124 1734 1191 lsrael,benedicite
1777 1124 2035 1182 Domino.
2075 1145 2096 1180 ι

519 1215 603 1271 11ιί
643 1218 886 1287 quidem,
936 1218 1036 1285 ait,
1077 1225 1291 1273 tantum
1338 1219 1605 1273 honorem
1640 1218 1901 1275 inanimis
1937 1218 2102 1275 idolis

522 1309 793 1365 tribuunt.
830 1310 941 1365 Vos
978 1326 1109 1367 vero
1142 1326 1326 1365 rerum
1361 1311 1607 1365 omnium
1638 1310 1900 1381 Opificem
1923 1312 2102 1367 laudi-

522 1401 627 1457 bus
654 1403 1078 1471 prosequimini.
1126 1422 1144 1454 ι
1176 1403 1383 1458 Domus
1420 1403 1623 1467 Aaron,
1654 1404 1959 1461 benedicite
1990 1405 2099 1462 Do-

521 1493 694 1548 mino.
726 1512 745 1544 ι
782 1493 1051 1551 Discrevit
1095 1495 1406 1551 sacerdotes
1435 1509 1465 1549 a
1498 1497 1722 1566 populo,
1752 1506 1808 1552 et
1849 1512 2098 1553 commo-

517 1585 722 1641 nefecit
752 1594 813 1640 ut
845 1587 990 1656 apud
1025 1602 1084 1643 se
1119 1588 1267 1655 ipsos
1299 1598 1354 1642 et
1382 1588 1614 1644 seorsim
1648 1589 1933 1645 laudarent
1966 1609 1980 1645 :
2013 1600 2099 1646 at-

517 1691 626 1733 oue
650 1678 754 1732 hac
780 1678 994 1733 ratione
1020 1679 1319 1734 discrimen
1353 1679 1576 1733 illorum
1604 1680 1818 1750 1519
1836 1681 2095 1736 ostendit.

591 1766 758 1824 Vens.
788 1768 880 1824 20.
937 1788 957 1821 ι
989 1769 1193 1825 Domus
1248 1769 1399 1837 Levi,
1434 1771 1739 1826 benedicite
1777 1772 2027 1827 Domino.
2071 1788 2090 1824 ι

516 1857 734 1917 Rursus
766 1862 883 1916 haec
918 1874 1001 1917 est
1031 1863 1135 1917 alia
1169 1862 1497 1918 differentia.
1549 1863 1753 1919 Levita:
1797 1866 1941 1919 enim
1974 1866 2095 1922 aliis

516 1952 735 2021 quidem
770 1963 898 2007 sunt
946 1952 1349 2018 honoratiores,
1388 1953 1482 2009 sed
1524 1954 1908 2009 sacerdotibus
1958 1953 2089 2009 inle-

515 2043 715 2098 riores.
760 2041 839 2098 Ne
886 2044 1054 2116 igitur
1086 2052 1142 2101 et
1176 2045 1282 2116 ipsi
1328 2045 1722 2101 sacerdotalem
1777 2045 2097 2117 dignitatem

518 2137 830 2205 subripiunt
859 2138 1003 2209 (ausi
1028 2147 1160 2194 sunt
1184 2138 1332 2192 enim
1357 2147 1411 2193 et
1439 2137 1573 2194 olim
1608 2136 1712 2194 hoc
1740 2138 1926 2193 divino
1953 2136 2101 2195 Mose

518 2229 859 2298 superstite),
889 2244 1117 2285 necesse
1149 2238 1268 2283 erat
1296 2238 1355 2283 ut
1390 2229 1492 2284 hos
1525 2245 1743 2299 quoque
1770 2246 1799 2285 a
1846 2232 2102 2286 sacerdo-

521 2318 673 2373 tibus
696 2318 1058 2374 discerneret.
1096 2336 1116 2371 ι
1153 2319 1255 2385 Qui
1293 2319 1497 2375 timetis
1534 2320 1848 2387 Dominum,
1880 2322 2101 2377 benedi-

519 2410 627 2462 cite
661 2407 911 2463 Domino.
942 2427 961 2461 ι
1000 2410 1063 2465 Et
1091 2409 1181 2464 hic
1207 2418 1292 2466 est
1320 2410 1463 2465 alius
1492 2410 1629 2465 ordo
1658 2424 1850 2465 eorum
1911 2413 2004 2482 qui
2034 2428 2099 2468 ex

518 2499 724 2554 Jacobo
764 2500 985 2570 quidem
1029 2501 1256 2555 minime
1306 2516 1480 2572 genus
1521 2501 1751 2565 ducunt,
1805 2504 1899 2558 sed
1949 2503 2099 2561 illius

519 2592 777 2663 pietatem
809 2592 1239 2661 amplectuntur.
1276 2594 1368 2649 Sic
1402 2604 1584 2649 autem
1617 2603 1671 2649 et
1698 2595 1819 2665 pios
1850 2597 2101 2651 nomina-

519 2685 654 2740 bant
683 2686 1009 2757 proselytos.
1054 2684 1173 2742 Hoc
1198 2702 1328 2742 vero
1356 2687 1532 2757 ipsum
1564 2687 1727 2742 ctiam
1756 2687 1974 2744 JurlmOs
2000 2689 2101 2744 do-

520 2793 648 2835 cere
699 2788 897 2849 potest,
947 2780 1328 2836 universorum
1365 2781 1534 2836 Deum
1566 2794 1778 2837 morum
1816 2783 2099 2854 cognatio-

521 2888 647 2928 nem
679 2873 928 2943 corporis
952 2876 1268 2946 cognationi
1302 2879 1581 2946 prmierre.

594 2964 761 3022 Vsns.
805 2967 897 3023 2i.
955 2967 1338 3024 (Benedictus
1392 2966 1658 3024 Dominus
1707 2982 1738 3023 e
1772 2966 1955 3033 Sione,
2005 2970 2101 3040 qui

522 3056 737 3114 habitat
789 3060 841 3113 in
886 3059 1282 3131 Hierosolyma.
1325 3077 1343 3111 ι
1400 3060 1543 3115 Deus
1594 3076 1719 3115 cum
1764 3062 2105 3118 benedicitur

525 3151 799 3207 lienedicit
824 3169 837 3206 :
895 3153 989 3207 sed
1042 3168 1103 3207 re
1131 3153 1424 3218 benedicit,
1456 3152 1795 3209 benedicitur
1822 3172 1954 3212 vero
1985 3168 2103 3212 ser-
2130 3165 2177 3227 (ζ

2205 934 2352 1002 ζωῆς
2381 932 2722 1003 ἐστερημένα
2754 930 2850 983 καὶ
2900 927 3086 996 λόγου,
3136 922 3346 978 δίκαιον
3403 922 3504 993 τῆς
3561 919 3795 973 ἐκείνων

2208 1008 2499 1097 μετασχεῖν
2526 1023 2774 1093 ἀλογίας.

2277 1116 2362 1169 ιϐ’.
2403 1130 2424 1169 t
2460 1111 2625 1179 Οἶκος
2689 1107 2929 1186 Ἰσραὴλ,
2959 1112 3298 1183 εὐλογήσατε
3348 1108 3441 1162 τὸν
3492 1105 3735 1175 Κύριον.
3768 1120 3790 1153 ι

2214 1202 2445 1259 Ἐκεῖνοι
2474 1206 2591 1275 μὲν,
2627 1205 2783 1275 φησὶ,
2803 1202 3078 1270 τοσαύτην
3112 1201 3453 1270 ἀπονέμουσι
3483 1196 3796 1267 θεραπείαν

2199 1300 2315 1360 τοῖς
2343 1297 2577 1367 ἀψύχοις
2611 1294 2852 1355 εἰδώλοις
2878 1310 2892 1325 ⁸
2929 1296 3093 1363 ὑμεῖς
3126 1292 3185 1346 δὲ
3228 1291 3321 1345 τὸν
3362 1290 3472 1343 τῶν
3528 1288 3794 1341 ἁπάντων

2200 1390 2478 1461 ὑμνήσατε
2505 1389 2762 1460 ΙΙοιητήν.
2786 1404 2807 1438 ι
2841 1383 3001 1450 Οἶκος
3046 1384 3280 1456 Ἀαρὼν,
3311 1382 3643 1453 εύλογήσατε
3699 1380 3794 1432 τὸν

2200 1482 2431 1553 Κύριον.
2466 1500 2484 1533 ι
2529 1480 2781 1551 Διέκρινε
2842 1478 2940 1532 τοῦ
2974 1477 3104 1531 λαοῦ
3132 1478 3260 1539 τοὺς
3289 1476 3491 1544 ἱερέας,
3526 1474 3625 1527 καὶ
3663 1472 3791 1525 καθ’

2199 1574 2424 1635 ἑαυτοὺς
2450 1572 2638 1642 ὑμνεῖν
2672 1569 3038 1642 παρηγγύησε
3060 1611 3075 1636 ,
3108 1568 3283 1639 ταύτῃ
3310 1568 3530 1630 δεικνὺς
3562 1564 3625 1617 τὸ
3666 1563 3792 1617 διὰ-

2199 1681 2388 1734 φορον.

2269 1763 2338 1811 κ’.
2386 1775 2406 1808 ι
2429 1751 2591 1819 Οἶκος
2616 1756 3116 1825 Λευῒ,εύλογήσατε
3145 1752 3236 1807 τὸν
3261 1752 3490 1824 Κύριον.
3523 1768 3543 1803 ι
3593 1746 3789 1817 Ἑτέρα

2198 1848 2363 1902 πάλιν
2394 1848 2631 1902 ἐνταῦθα
2660 1847 2915 1919 διαφορά.
2957 1848 3023 1901 Οἱ
3078 1846 3189 1917 γὰρ
3240 1842 3467 1899 Λευῖται
3515 1841 3630 1895 τῶν
3687 1839 3790 1909 μὲν

2198 1940 2375 1995 ἀλλων
2407 1938 2748 2009 τιμιώτεροι,
2779 1937 2890 1992 τῶν
2919 1938 2974 1990 δὲ
3003 1936 3193 2007 ἱερέων
3226 1934 3635 2003 ὑποδεέστεροι.
3668 1930 3788 1982 Ἵνα

2197 2031 2381 2084 τοίνυν
2412 2028 2487 2101 μὴ
2510 2030 2607 2084 καὶ
2623 2024 2768 2083 οὗτοι
2797 2029 2898 2098 τὴν
2945 2027 3231 2098 ἱερατικὴν
3260 2025 3419 2090 ἀξίαν
3454 2022 3789 2094 ἁρπάσωσιν

2201 2123 2531 2195 (ἐτόλμησαν
2568 2122 2682 2192 γὰρ
2721 2122 2816 2175 καὶ
2850 2121 3021 2175 πάλαι
3039 2119 3200 2174 τοῦτο
3228 2118 3323 2172 τοῦ
3348 2114 3645 2170 θεσπεσίου
3665 2112 3789 2167 Μιν-

2202 2214 2297 2268 σοῦ
2336 2212 2665 2285 περιόντος),
2719 2214 3036 2281 ἀναγκαίως
3090 2212 3186 2265 καὶ
3249 2209 3470 2272 τούτους
3516 2207 3629 2262 ἀπὸ
3674 2206 3786 2259 τῶν

2203 2304 2392 2375 ἱερέων
2420 2303 2736 2375 ἁπέκρινεν.
2780 2320 2800 2355 ι
2836 2304 2901 2357 Οἱ
2956 2301 3277 2372 φοὸούμενοι
3328 2298 3423 2353 τὸν
3444 2296 3785 2370 Κύριον,εύ-

2199 2396 2468 2466 λογήσατε
2495 2394 2587 2448 τὸν
2608 2395 2832 2462 Κύριον.
2866 2413 2884 2445 ι
2924 2394 3152 2464 Ἕτερον
3182 2391 3454 2446 καὶτοῦτο
3475 2390 3690 2458 τάγμα.
3723 2389 3788 2441 ὲκ

2204 2486 2304 2556 μὲν
2326 2486 2422 2539 τοῦ
2457 2485 2653 2540 Ἰακὼὸ
2675 2485 2737 2539 ού
2765 2487 3006 2554 κατάγον
3041 2484 3102 2537 τὸ
3131 2484 3306 2553 γένος,
3337 2483 3547 2537 ἐκείνου
3597 2481 3659 2535 δὲ
3687 2487 3788 2549 την

2201 2578 2482 2632 εὐσέϐειαν
2535 2577 2941 2647 ἀσπαζόμενον.
2982 2575 3140 2629 Οὕτω
3168 2574 3224 2628 δὲ
3251 2573 3346 2628 καὶ
3371 2574 3498 2635 τοὺς
3535 2570 3789 2635 εὐσεϐεῖς

2199 2669 2481 2740 ὠνόμαζον
2539 2668 2930 2740 προσηλύτους.
2978 2668 3180 2723 ’ἱκανὸν
3206 2666 3266 2719 δὲ
3295 2666 3391 2720 καὶ
3441 2663 3605 2718 τοῦτο
3652 2666 3790 2717 Ἴου·

2201 2757 2384 2822 δαίους
2434 2758 2669 2824 διδάξαι,
2725 2758 2801 2822 ὡς
2825 2759 2853 2810 ὁ
2880 2758 2987 2810 τῶν
3011 2756 3147 2810 ὅλων
3181 2755 3315 2819 Θεὸς
3334 2754 3435 2823 τῆς
3462 2752 3791 2823 σωματικῆς

2205 2851 2529 2920 συγγενείας
2583 2850 2684 2922 τὴν
2721 2850 2831 2903 τῶν
2868 2850 3087 2921 τρόπων
3116 2847 3399 2919 προκρίνει
3443 2846 3791 2915 συγγένειαν.

2275 2942 2382 2999 κα¹.
2425 2963 2445 2996 ι
2479 2942 2789 3013 Εὐλογητὸς
2812 2942 3017 3014 Κύριος
3046 2944 3112 2995 ὲκ
3137 2942 3181 2972 ⁸³
3230 2940 3394 3003 Σιὼν,
3432 2940 3463 2993 ὁ
3512 2938 3796 2992 κατοικῶν

2219 3036 2581 3109 Ἰερουσαλήμ
2627 3037 2695 3091 ⁸³.
2732 3055 2753 3088 ›
2813 3033 3222 3105 Εύλογούμενος
3264 3035 3293 3088 ὁ
3349 3032 3484 3096 Θεὸς
3538 3031 3794 3099 εὐλογεῖ⁶

2206 3130 2322 3184 ἀλλ’
2357 3130 2570 3198 εύλογεῖ
2600 3128 2697 3200 μὲν
2740 3127 2908 3198 ἔργῳ,
2959 3127 3265 3197 εὐλογεῖται
3311 3125 3368 3178 δὲ
3389 3125 3558 3194 λόγῳ.
3590 3123 3707 3178 Καὶ
3745 3124 3795 3177 οἱ

524 3254 711 3300 none.
746 3244 812 3298 Et
865 3245 956 3314 qui
1011 3245 1258 3309 laudant,
1311 3247 1474 3301 verba
1507 3248 1779 3303 atl'eruntoz
1818 3249 1934 3318 ipse
1976 3265 2105 3305 vero

2214 3223 2308 3293 μὲν
2341 3221 2645 3292 ὑμνοῦντες»
2668 3220 3043 3291 προσφέρουσι
3072 3220 3318 3290 ῥήματα,
3362 3216 3527 3278 αὐτὸς
3576 3215 3651 3269 δὲ
3695 3215 3797 3318 τὴν

525 3349 710 3389 rerum
774 3335 1018 3403 ipsarum
1084 3336 1468 3392 benedictione
1530 3350 1862 3394 remunerat.
1922 3340 2104 3411 Ipsum

524 3432 709 3499 autem
764 3424 1161 3495 Hierosolyma:
1206 3427 1455 3483 habitare
1496 3429 1649 3494 dicit,
1704 3445 1813 3483 non
1864 3414 2104 3485 divinam

528 3523 783 3569 naturam
834 3516 910 3571 ibi
962 3518 1446 3586 circumscribens,
1496 3520 1593 3575 sed
1649 3521 1721 3575 ibi
1766 3521 1932 3577 Deum
1978 3532 2109 3579 tunc

526 3612 853 3679 apparuisse
890 3610 1092 3665 sciens.

914 3700 1189 3758 INTEBP.
1233 3700 1486 3757 PSALMI
1528 3703 1788 3761 CXXXV.

605 3789 769 3848 Vens.
801 3792 852 3847 ἱ.
892 3793 1148 3848 Alleluia.
1184 3792 1343 3851 llunc
1379 3796 1539 3850 etiam
1574 3796 1836 3868 hymnum
1873 3801 2111 3870 prophe-

529 3881 636 3939 tica
678 3886 847 3953 gratia
894 3885 1102 3940 eisdem
1141 3887 1386 3958 scripsit,
1442 3903 1539 3960 per
1588 3890 1744 3961 plura
1781 3892 2111 3951 documenta

531 3977 822 4032 utilitatem
863 3978 997 4048 ipsis
1038 3994 1373 4046 procurans.
1432 4002 1451 4035 ι
1488 3983 1838 4040 Couﬁtemini
1878 3985 2114 4043 Domino

531 4070 790 4140 quoniam
826 4072 1020 4136 bonus,
1052 4073 1313 4140 quoniam
1344 4074 1398 4128 in
1441 4083 1705 4130 aeternum
1739 4077 2111 4135 misericordia

533 4167 676 4236 ejus.
717 4187 737 4219 ι
798 4167 1021 4235 Oll‘erte,
1078 4170 1275 4240 inquit,
1346 4171 1459 4227 Deo
1519 4173 1820 4243 gratiarum
1882 4176 2115 4233 actionis

535 4257 824 4328 hymnum,
870 4261 1140 4316 recordati
1172 4262 1468 4328 bonorum,
1501 4280 1625 4335 qua:
1655 4266 1725 4321 ab
1756 4267 1876 4336 ipso
1913 4283 2114 4339 suppe-

534 4346 704 4403 ditata
756 4347 994 4414 fuerunt,
1038 4350 1597 4426 ineXplicabilemque
1632 4357 1754 4428 ejus
1796 4358 2115 4416 misericor-

533 4440 680 4496 diam
707 4440 1068 4499 admirantes.

2205 3315 2296 3370 διὰ
2326 3314 2672 3388 πραγμάτων
2700 3312 3039 3367 ἀντιδίδωσιν
3084 3310 3358 3379 εὐλογίαν.
3392 3310 3694 3363 Κατοικεῖν
3738 3305 3795 3360 δὲ

2208 3404 2367 3459 αὑτὸν
2397 3406 2456 3458 ἐν
2502 3402 2865 3473 Ἰερουσαλὴμ
2895 3402 3020 3472 ἔφη,
3054 3402 3117 3455 ού
3147 3401 3246 3472 τὴν
3278 3399 3431 3454 θείαν
3457 3401 3580 3452 ἐκεῖ
3631 3414 3795 3469 περι-

2209 3498 2439 3568 γράφων
2470 3496 2654 3568 φύσιν,
2688 3494 2804 3550 ἀλλ’
2832 3498 2950 3549 ἐκεῖ
2989 3493 3293 3566 τηνικαῦτα
3332 3492 3431 3564 τὴν
3462 3490 3619 3545 θείαν
3676 3493 3797 3544 ἐπι-

2209 3592 2440 3660 φάνειαν
2473 3589 2628 3654 είδώς
2657 3590 2722 3645 ⁸⁵.

2525 3699 2792 3754 ΕΡΜΗΝ.
2822 3698 2959 3752 ΤΟΥ
2990 3696 3132 3752 ΡΛΕ¹
3164 3698 3492 3753 ΨΔΛΜΟΥ.

2281 3820 2351 3868 α’.
2404 3812 2785 3879 Ἀλληλοωα.
2828 3810 2939 3863 Καὶ
2974 3810 3125 3863 τόνδε
3184 3809 3274 3863 τὸν
3310 3810 3481 3880 ὕμνον
3517 3812 3632 3872 τοῖς
3698 3808 3798 3862 αύ-

2211 3906 2322 3969 τοϊς
2346 3907 2380 3977 ἡ
2407 3903 2724 3976 προφητικὴ
2756 3901 3059 3974 συνέγραψε
3080 3902 3260 3975 χάρις,
3287 3901 3376 3955 διὰ
3404 3900 3678 3955 πλειονων
3702 3901 3799 3952 αύ-

2212 4000 2325 4062 τοῖς
2363 3996 2749 4069 παιδευμάτων
2798 3994 3303 4068 πραγματευομένη
3354 3995 3456 4066 τὴν
3504 3994 3797 4063 ὠφέλειαν.

2222 4109 2241 4143 ι
2294 4088 2740 4160 Ἐξομολογεῖσθε
2770 4088 2849 4159 τῷ
2881 4088 3070 4159 Κυρίῳ
3094 4088 3176 4142 ὃτι
3196 4087 3421 4155 ἀγαθὸς,
3452 4088 3537 4140 ὅτι
3592 4089 3675 4150 εἱς
3710 4087 3803 4138 τὸν

2213 4179 2387 4235 αἰῶνα
2416 4180 2478 4232 τὸ
2531 4178 2681 4241 ἔλεος
2710 4176 2901 4230 αὐτοῦ.
2939 4195 2958 4229 ο
3018 4175 3456 4247 Προσενέγκατε,
3504 4176 3660 4245 φησι,
3726 4173 3804 4244 τῷ

2213 4268 2335 4342 Θεῷ
2367 4269 2461 4323 τὸν
2494 4270 2851 4342 χαριστήριον
2881 4266 3070 4339 ὕμνον,
3096 4267 3204 4320 τῶν
3233 4268 3325 4319 ὑπ’
3355 4265 3522 4320 αὐτοῦ
3554 4283 3803 4337 χορηγη-

2216 4360 2423 4415 θέντων
2455 4360 2679 4430 ἀγαθῶν
2710 4360 3074 4432 μεμνημένοι,
3113 4358 3327 4414 καὶτὸν
3356 4358 3671 4431 ἀμέτρητον
3705 4358 3804 4410 αύ-

2215 4453 2311 4508 τοῦ
2351 4452 2728 4524 θαυμάζοντες
2750 4451 2921 4508 ἔλεον.

605 4530 772 4587 Vens.
802 4532 857 4587 2.
895 4554 914 4585 ι
950 4535 1297 4591 Conlitcmini
1324 4537 1433 4594 Deo
1452 4539 1704 4605 deorum,
1735 4541 1950 4612 1520
1977 4558 2106 4611 quo.

2290 4540 2355 4611 β’.
2398 4560 2419 4593 ι
2462 4516 2908 4611 Ἓξομολογεῖσθε
2933 4540 3011 4613 τῷ
3047 4540 3167 4611 Θεῷ
3195 4541 3305 4594 τῶν
3354 4538 3512 4603 θεῶν,
3578 4539 3664 4591 ὃτι
3726 4540 3805 4601 εἱς

534 4621 683 4676 niam
740 4625 795 4677 in
846 4633 1113 4680 aeternum
1146 4628 1528 4685 misericordia
1562 4631 1703 4701 ejus.
1749 4651 1769 4685 ι
1820 4633 1957 4689 Deos
2009 4635 2115 4693 hoc

534 4708 658 4765 loco
694 4727 802 4766 non
838 4712 981 4769 idola
1015 4716 1193 4772 dicit:
1233 4733 1342 4773 non
1377 4720 1522 4775 enim
1563 4720 1741 4790 ipsum
1774 4723 1943 4779 Deum
1980 4726 2113 4781 deo-

534 4816 681 4867 rum,
709 4805 802 4873 qui
838 4821 945 4861 non
982 4817 1132 4875 sunt,
1164 4812 1515 4881 appellasset.
1545 4811 1683 4869 Nam
1715 4814 1858 4872 Deus
1887 4833 1994 4872 non
2030 4828 2115 4875 est

537 4894 680 4951 Deus
724 4908 1097 4970 mortuorum,
1146 4905 1240 4961 sed
1294 4906 1593 4962 viventium
1620 4917 1670 4964 κ.
1726 4909 1901 4967 Vocat
1946 4912 2114 4984 igitur

536 4987 659 5041 deos
690 5002 805 5054 eos,
843 4991 939 5061 qui
985 4997 1298 5053 sacerdotio
1328 4999 1537 5069 praediti
1573 5011 1722 5067 sunt,
1756 5004 1849 5071 qui
1880 5003 1977 5059 lilii
2018 5005 2113 5062 Dei

537 5085 828 5134 vocantur.
869 5079 961 5137 Sic
992 5084 1157 5140 etiam
1206 5087 1263 5142 in
1323 5089 1439 5159 lege
1472 5091 1548 5145 ait
1589 5109 1602 5146 :
1652 5110 1670 5142 ι
1712 5090 1828 5148 Diis
1860 5109 1968 5148 non
2013 5095 2112 5151 de-

542 5168 747 5237 traiies,
785 5181 841 5227 et
880 5175 1115 5247 principi
1167 5181 1350 5250 p0puli
1400 5183 1476 5236 tui
1532 5199 1640 5238 non
1675 5185 1968 5242 maledices
1998 5196 2047 5242 1.
2088 5208 2107 5240 ι

2218 4632 2309 4686 τὸν
2328 4631 2501 4687 αἱῶνα
2523 4633 2586 4685 τὸ
2607 4632 2758 4695 έλεος
2788 4632 2978 4690 αὑτοῦ.
3014 4652 3033 4686 ι
3092 4632 3252 4687 Θεῶν
3298 4630 3531 4685 ἐνταῦθα
3584 4631 3648 4685 ού
3698 4630 3804 4683 τῶν

2219 4724 2453 4779 εἱδώλων
2481 4724 2630 4794 λέγει
2663 4740 2679 4757 ο
2722 4724 2784 4778 ού
2837 4726 2948 4797 γὰρ
2973 4724 3040 4780 ἂν
3078 4725 3240 4779 αὐτὸν
3273 4723 3499 4799 ὲκὸιλεσε
3555 4722 3667 4775 τῶν
3708 4723 3802 4774 οὐκ

2217 4817 2386 4871 ὅντων
2411 4816 2565 4869 Θεόν.
2600 4814 2680 4872 Ob
2708 4816 2818 4889 γάρ
2850 4818 3001 4872 ἔστιν
3029 4818 3057 4871 ὁ
3084 4816 3217 4881 Θεὸς
3238 4816 3373 4880 Θεὸς
3398 4814 3635 4885 νεκρῶν,
3670 4814 3805 4867 ἀλλὰ

2219 4906 2457 4972 ζώντων.
2486 4908 2658 4961 Καλεῖ
2694 4908 2876 4961 τοίνυν
2939 4908 3113 4976 θεοὺς
3154 4908 3279 4970 τοὺς
3331 4905 3601 4977 ἱερωσύνῃ
3660 4922 3802 4957 τετι-

2223 5001 2523 5072 μημένους.
2554 5000 2683 5064 τοὺς
2709 4999 2859 5064 υἱοὺς
2915 5000 3052 5053 Θεοῦ
3114 4999 3589 5071 χρηματίσαντας.
3650 4997 3804 5050 Οὕτω

2219 5095 2312 5147 καὶ
2340 5095 2397 5146 ὲν
2432 5092 2511 5163 τῷ
2531 5092 2683 5163 νόμῳ
2716 5092 2852 5163 φησί
2884 5109 2900 5123 ·
2937 5111 2955 5144 ι
2996 5092 3163 5157 Θεοὺς
3182 5093 3244 5145 ού
3273 5093 3687 5163 κακολογήσας,
3712 5090 3803 5142 καὶ

2218 5185 2454 5255 ἄρχοντα
2484 5183 2579 5237 τοῦ
2611 5184 2739 5238 λαοῦ
2766 5202 2859 5238 σου
2889 5165 3161 5257 ούίὲρεῖς
3184 5188 3387 5248 κακῶς.
3411 5205 3429 5238 ι
3453 5184 3564 5238 Καί
3584 5200 3600 5213 ο
3627 5201 3645 5233 ι
3680 5182 3803 5243 Υἱὸς

540 5255 648 5314 Et:
688 5278 708 5312 ι
744 5261 919 5322 Filius
976 5267 1375 5340 primogenitus
1431 5288 1588 5330 meus
1631 5273 1814 5330 Israel.
1854 5296 1873 5330 ι
1909 5276 1976 5332 Ει
2024 5293 2106 5347 per

2226 5276 2569 5348 πρωτότοκα
2603 5294 2703 5348 μου
2744 5277 2980 5349 Ἰσραήλ.
3028 5255 3061 5332 ί
3108 5279 3220 5333 Καὶ
3268 5277 3357 5333 διὰ
3406 5277 3502 5333 τοῦ
3556 5275 3799 5331 Ἦσαιου·

616 5468 645 5498 ι
678 5456 1007 5528 Μοιιὶι.ιιιι,
1041 5466 1132 5521 32.
1229 5475 1259 5515 γ
1293 5466 1467 5525 Exod.
1505 5487 1641 5539 xxii,
1663 5473 1754 5529 28.

1664 5650 1895 5710 VARUS
1935 5655 2311 5716 LECTIONES
2342 5659 2433 5716 ET
2466 5658 2699 5717 NOTAE.

615 5790 658 5823 ⁸³
690 5793 817 5851 Ἐκ.
845 5799 969 5854 cod.
999 5799 1298 5875 Vahliabct
1335 5808 1413 5861 ἑν.
1492 5810 1535 5842 ⁸³
1577 5809 1816 5880 Ἰεροιοσ.
1848 5814 1969 5871 cod.
2016 5816 2038 5870 l
2085 5819 2106 5871 Ἴ

2214 5818 2321 5891 ιήλ.
2400 5820 2446 5855 ⁸⁵
2476 5821 2683 5889 Εἰδὼς.
2717 5821 2853 5881 ibid.
2884 5838 3073 5895 prtem.
3106 5824 3510 5899 γεγενημένην.
