3996 6454
137 348 269 416 1921

1452 352 1535 413 IN
1574 352 1779 413 PSAL.
1813 353 2091 415 CXXXV.

3289 353 3437 421 1922‘

140 480 159 512 ι
190 457 358 524 Υἰοὺς
382 453 654 527 ἐγέννησα
681 454 778 510 καὶ
807 454 1055 527 ῦψωσα.»
1091 457 1201 513 Καὶ
1234 456 1293 517 ἐν
1323 459 1437 522 τοῖς
1459 457 1693 530 ψαλμοῖς
1712 474 1725 488 ο

1856 459 2030 513 saiam
2055 477 2069 514 :
2098 478 2116 512 ι
2148 456 2313 516 Filios
2338 459 2503 531 genui
2524 467 2579 517 et
2598 458 2832 516 exaltavi
2857 471 2903 517 ε.
2933 480 2952 514 ι
2981 462 3046 518 Et
3069 463 3125 519 in
3152 467 3380 538 psalmis
3405 492 3420 528 :

140 576 161 603 ι
182 549 331 618 Ἐγὼ
361 546 519 603 εἷπον
539 564 553 578 ·
580 549 703 601 Θεοί
731 551 877 616 ἐστε,
914 550 1135 604 καίυἰοί
1165 550 1426 620 Ὑψίστου
1455 551 1676 611 πάντες.
1704 570 1724 602 ι

134 645 379 708 Τούτους
415 640 576 705 θεοὺς
637 642 920 709 ἐκάλεσεν,
950 642 1027 706 ὡς
1077 644 1227 708 υἰοὺς
1263 642 1400 697 Θεοῦ
1462 642 1732 715 χρηματί-

138 754 361 801 σαντας.

206 830 279 900 γ’.
322 827 770 901 Ἐξομολογεῖσθε
801 827 881 899 τῷ
911 828 1105 900 Κῡρίῳ
1131 828 1241 881 τῶν
1264 826 1491 898 κυρίων,
1518 830 1602 881 ὅτι
1651 829 1733 892 εἰς

138 923 230 977 τὸν
261 922 439 977 αἰῶνα
461 921 525 974 τὸ
548 919 699 983 ἕλεος
725 919 917 976 αὑτοῦ.
959 939 979 973 ι
1006 921 1120 975 Καὶ
1147 918 1391 991 βασιλεῖς
1416 920 1512 973 καὶ
1537 920 1733 990 ἄρχον-

140 1032 254 1080 τες,
283 1014 441 1085 παρὰ
470 1014 608 1069 Θεοῦ
668 1013 936 1077 λαϐόντες
994 1013 1093 1085 τὴν
1146 1014 1420 1081 ἐξουσίαν,
1468 1014 1576 1068 τῶν
1626 1014 1734 1067 ὑπ-

142 1108 328 1179 ηκόων
383 1107 766 1174 δεσπόζουσιν.
798 1106 954 1161 Οῦτω
991 1108 1087 1162 καὶ
1114 1110 1143 1161 ὁ
1169 1107 1373 1179 Κύριος
1428 1107 1532 1178 ἔφη
1558 1121 1573 1137 ’
1610 1124 1629 1158 ι
1668 1107 1733 1161 Oi

145 1201 390 1271 βασιλεῖς
429 1201 539 1255 τῶν
572 1200 745 1255 ἐθνῶν
779 1201 1281 1273 κατακυριεύουσιν
1310 1202 1514 1267 αὐτῶν,
1549 1202 1645 1257 καὶ
1682 1201 1732 1256 οἰ

142 1292 406 1360 ἄρχοντες
443 1288 964 1355 κατεξουσιάζουσιν
987 1291 1189 1347 αὐτῶν.
1228 1311 1247 1344 ι
1281 1293 1403 1346 Εἰσὶ
1429 1292 1487 1347 δὲ
1518 1294 1613 1346 καὶ
1634 1292 1733 1362 ἄγ-

143 1383 296 1451 γελοί
336 1400 484 1449 τινες
524 1380 927 1454 ὀνομαζόμενοι
960 1384 1306 1456 κυριότητες.
1344 1386 1444 1439 Διὰ
1462 1385 1735 1441 τοῦτοκαὶ

143 1479 172 1532 6
193 1475 338 1541 θεῖος
375 1476 700 1540 Ἀπόστολος
729 1475 869 1547 ἔφη·
911 1496 933 1529 ι
968 1479 1076 1531 Καὶ
1099 1479 1205 1551 γὰρ
1239 1480 1397 1551 εἰπερ
1434 1479 1542 1533 εἰσί
1579 1479 1735 1550 λεγό-
1766 1540 1768 1542 τ

148 1585 300 1641 μενοι
337 1567 451 1622 θεοὶ
503 1567 716 1639 (πολλοὶ
742 1566 1051 1639 λεγόμενοι,
1088 1570 1189 1623 οὐκ
1241 1569 1414 1634 ὄντες,
1470 1570 1733 1641 ὀνόματος

149 1658 499 1730 μετέχοντες,
529 1657 590 1712 ού
620 1657 996 1730 πράγματος),
1021 1658 1133 1712 εἴτε
1164 1660 1222 1712 ἐν
1263 1659 1341 1729 τῷ
1360 1658 1595 1731 οὐρανῷ,
1622 1661 1734 1713 εἴτε

146 1753 240 1807 ἐπὶ
268 1753 374 1824 τῆς
402 1750 531 1822 γῆς,
585 1749 778 1825 ὥσπερ
825 1753 933 1813 εἰσί
962 1753 1077 1806 θεοὶ
1123 1753 1307 1807 πολλοί
1340 1754 1384 1786 ⁸⁸
1406 1770 1419 1786 ·
1449 1753 1566 1806 ἀλλ’
1602 1755 1736 1825 ἡμῖν

1833 568 1854 605 ι
1897 550 2010 621 Ego
2041 552 2185 606 dixi:
2217 553 2297 606 Dii
2325 554 2481 617 estis,
2516 563 2568 609 et
2602 553 2699 609 ﬁlii
2733 553 2947 610 Excelsi
2971 572 3165 614 omnes
3191 573 3274 615 ι.»
3315 562 3426 620 llos

1828 643 1961 698 deos
1990 645 2226 711 vocavit,
2263 655 2525 716 tanquam
2559 645 2652 701 Dei
2684 648 2827 702 ﬁlios
2862 650 3183 718 appellatos.
3444 718 3449 725 ,

1900 734 2065 790 Vens.
2098 736 2153 790 5,
2192 756 2211 788 ι
2243 736 2590 793 Conlitemini
2631 739 2866 794 Domino
2889 742 3263 809 dominorum,
3288 761 3426 816 quo-

1831 827 1979 881 niam
2019 828 2072 882 in
2111 838 2375 884 aeternum
2416 832 2793 887 misericordia
2830 834 2972 903 ejus.
3008 854 3028 885 ι
3063 836 3131 890 Et
3162 853 3338 909 reges,
3373 852 3420 895 et

1831 921 2126 991 principes,
2165 938 2290 977 cum
2332 939 2362 977 a
2403 924 2510 979 Deo
2545 935 2874 992 potestatem
2915 931 3247 999 acceperint,
3290 934 3425 988 sub-

1831 1011 1958 1067 ditis
1992 1013 2282 1083 imperant.
2345 1014 2436 1070 Sic
2481 1017 2645 1071 etiam
2708 1017 2973 1075 Dominus
3030 1023 3105 1076 ait
3149 1041 3163 1078 :
3202 1043 3219 1075 ι
3253 1023 3428 1096 Reges

1831 1102 2075 1171 gentium
2125 1104 2483 1160 dominamur
2524 1107 2628 1172 eis,
2669 1117 2724 1162 et
2778 1110 3059 1181 principes
3096 1122 3422 1183 potestatem

1830 1206 2090 1249 exercent
2126 1195 2181 1250 in
2227 1195 2379 1268 ipsos
2411 1198 2459 1254 ι’.
2498 1218 2517 1250 ι
2556 1198 2698 1254 Sunt
2740 1202 2908 1256 etiam
2960 1205 3139 1275 angeli
3174 1209 3422 1277 quidam,

1833 1286 1927 1355 qni
1969 1286 2383 1345 dominationes
2428 1303 2713 1348 vocantur.
2757 1292 3053 1365 Propterea
3101 1306 3156 1353 et
3205 1301 3425 1357 divinus

1834 1375 1912 1430 ait
1940 1377 2281 1446 Apostolus:
2343 1398 2362 1431 ι
2400 1380 2535 1436 Nam
2566 1382 2672 1439 etsi
2728 1393 2876 1451 sunt,
2922 1387 3016 1456 qui
3058 1387 3315 1445 dicantur
3347 1392 3423 1446 dii

1835 1468 2014 1539 (multi
2047 1470 2142 1539 qui
2181 1471 2458 1541 dicuntur,
2495 1475 2589 1530 sed
2620 1491 2727 1530 non
2755 1484 2904 1543 sunt,
2940 1481 3181 1536 nominis
3202 1484 3425 1551 partici-
3527 1528 3537 1536 .

1836 1574 1952 1628 pes,
1993 1561 2088 1616 sed
2134 1577 2244 1617 non
2279 1564 2408 1634 rei),
2452 1564 2568 1620 sive
2616 1566 2669 1619 in
2700 1568 2860 1633 caalo,
2902 1568 3015 1624 sive
3049 1570 3100 1624 in
3132 1582 3309 1639 terra;
3348 1576 3425 1628 si-

1835 1652 2055 1720 quidem
2096 1662 2227 1708 sunt
2272 1654 2348 1709 dii
2400 1656 2593 1724 multi;
2642 1658 2804 1713 nobis
2851 1670 3032 1715 tamen
3082 1677 3225 1717 unus
3280 1662 3425 1720 Deus

1837 1744 2019 1809 Pater,
2045 1762 2108 1802 ex
2145 1763 2255 1818 quo
2289 1750 2497 1814 omnia,
2524 1760 2577 1806 et
2608 1767 2712 1808 nos
2740 1752 2793 1807 in
2835 1754 2947 1817 illo,
2987 1764 3039 1810 et
3070 1772 3211 1813 unus
3237 1758 3425 1812 Domi-

147 1838 230 1909 εἰς
262 1844 447 1911 Θεὸςό
480 1845 693 1918 Πατὴρ,
730 1845 792 1911 ἐξ
830 1839 893 1900 οὗ
928 1845 998 1901 τὰ
1041 1846 1242 1913 πάντα,
1290 1846 1386 1901 καὶ
1438 1849 1600 1919 ἡμεῖς
1655 1848 1735 1912 είς

1849 1854 1943 1893 nus
1989 1837 2154 1895 .Iesus
2183 1841 2464 1905 Christus,
2513 1858 2609 1912 per
2640 1860 2803 1914 quem
2840 1849 3047 1912 omnia,
3093 1857 3147 1903 et
3191 1864 3293 1905 nos
3330 1865 3427 1920 per

147 1938 346 1993 αὐτόν·
382 1940 476 1993 καί
509 1933 592 2003 εἰς
616 1937 830 2010 Κύριος
873 1937 1084 2010 Ἰησοῦς
1124 1938 1384 2010 Χριστὸς,
1433 1938 1501 1993 δι’
1546 1930 1609 1992 οὗ
1668 1939 1739 1993 τὰ

148 2032 351 2096 πάντα,
383 2030 479 2086 καὶ
533 2033 695 2102 ἡμεῖς
732 2031 804 2085 δι’
832 2030 1018 2086 αὑτοῦ.
1055 2050 1075 2085 ι
1140 2031 1342 2087 Τοῦτον
1403 2032 1664 2087 ἐκάλεσεν
1709 2035 1739 2087 6

146 2123 367 2195 ψαλμὸς
397 2121 603 2193 Κύριον
628 2121 736 2176 τῶν
768 2121 984 2193 ἀληθῶν
1014 2123 1240 2193 κυρίων.

218 2218 282 2272 δ’.
322 2235 341 2268 ι
374 2215 466 2287 Τῷ
500 2217 788 2287 ποιήσαντι
821 2214 1103 2286 θαυμάσια
1159 2215 1371 2286 μεγάλα
1429 2215 1598 2287 μόνῳ,
1658 2217 1740 2270 ὅτι

151 2312 231 2374 εἰς
256 2310 351 2363 τὸν
383 2307 556 2362 αἰῶνα
593 2307 654 2360 τὸ
678 2306 827 2371 ἔλεος
849 2305 1039 2361 αὐτοῦ.
1073 2325 1093 2359 ι
1127 2307 1545 2378 Μεγαλουργίαι
1569 2308 1662 2361 καὶ
1684 2309 1740 2362 αί

150 2401 258 2457 τῶν
292 2400 466 2454 εύνῶν
497 2398 665 2453 αὐτοῦ
701 2399 1075 2469 θεραπόντων.
1123 2399 1286 2453 Ἀλλὰ
1358 2400 1485 2455 θεῖα
1540 2400 1741 2454 καλοῦ-

155 2511 255 2565 μεν
287 2493 383 2548 καὶ
408 2493 479 2546 τὰ
502 2492 728 2556 Μωσοῦ,
783 2494 878 2547 καὶ
916 2491 989 2546 τὰ
1043 2492 1244 2563 Ἰησοῦ,
1294 2492 1390 2547 καί
1430 2493 1498 2546 τὰ
1554 2493 1739 2547 Ἠλίου

154 2587 434 2657 θαυμάσια
470 2602 483 2617 ·
516 2585 779 2648 ὡσαύτως
808 2586 863 2638 δὲ
884 2585 978 2639 καὶ
1003 2585 1072 2638 τὰ
1102 2585 1208 2638 ὑπὸ
1231 2583 1340 2637 τῶν
1384 2583 1547 2656 ἰερῶν
1605 2586 1743 2639 ἁπο-

155 2680 357 2732 στόλων
410 2678 757 2747 γεγενημένα
790 2679 1015 2748 σημεῖα.
1073 2676 1316 2740 Εἰκότως
1361 2677 1540 2730 τοίνυν
1581 2676 1741 2730 αὑτὸν

153 2773 181 2824 6
210 2772 509 2843 Προφήτης
537 2770 842 2840 μόνον’ἓφη
880 2768 990 2822 τῶν
1023 2769 1275 2840 μεγάλων
1306 2768 1602 2839 θαυμάτων
1650 2768 1744 2838 δη-

157 2862 440 2933 μιουργόν.
474 2856 609 2915 Εἶτα
632 2862 909 2916 δείκνυσιν
945 2860 1114 2915 αὐτοῦ
1143 2861 1329 2915 καὶτὰ
1357 2861 1569 2933 μεγάλα
1581 2864 1744 2934 ποιή-

157 2973 328 3025 ματα.

221 3052 286 3106 ε’.
322 3069 341 3103 ι
369 3049 462 3121 Τῷ
489 3050 776 3121 ποιήσαντι
814 3048 944 3113 τοὺς
981 3049 1246 3121 οὐρανοὺς
1299 3051 1357 3104 ἐν
1392 3049 1628 3112 συνέσει,
1657 3048 1739 3103 ὅτι

155 3144 235 3208 εἰς
256 3140 352 3197 τὸν
378 3142 552 3197 αἰῶνα
595 3141 653 3194 τὸ
685 3141 832 3205 ἔλεος
876 3141 1061 3197 αὐτοῦ.
1101 3160 1120 3194 ι
1166 3143 1443 3214 Κηρύττει
1486 3143 1597 3213 γὰρ
1645 3143 1739 3196 καὶ

158 3237 321 3307 μόνον
354 3233 632 3304 ὁρώμενος
666 3234 893 3305 οὐρανὸς
923 3236 1017 3288 τοῦ
1050 3234 1188 3288 Θεοῦ
1221 3236 1319 3306 τὴν
1348 3236 1563 3305 σοφίαν.
1593 3236 1735 3289 Πολὺ

158 3329 265 3401 γὰρ
293 3327 355 3380 τὸ
388 3326 640 3398 μέγεθος,
666 3329 762 3381 καὶ
789 3327 852 3380 τὺ
880 3327 1095 3393 κάλλος,
1114 3327 1205 3381 καὶ
1230 3330 1264 3400 ἡ
1291 3328 1383 3380 ἐπὶ
1402 3328 1464 3381 τὸ
1486 3328 1737 3383 πλεῖστον

156 3422 410 3493 διαμονή.

228 3513 308 3579 ς’.
342 3531 363 3565 t
391 3511 482 3583 Τῷ
508 3509 876 3583 περεὼσαντι
905 3513 951 3544 ⁸⁸
980 3512 1080 3584 τὴν
1109 3514 1214 3585 γῆν
1248 3514 1340 3568 ἐπὶ
1370 3513 1479 3568 τῶν
1504 3516 1736 3580 ὑδάτων,

154 3608 237 3661 ὅτι
294 3607 377 3669 εἰς
421 3605 515 3658 τδν
564 3605 734 3658 αἰῶνα
776 3606 837 3658 τὸ
883 3605 1033 3669 ἔλεος
1076 3606 1265 3661 αὑτοῦ.
1302 3627 1320 3658 ι
1354 3609 1465 3660 Καὶ
1499 3608 1738 3661 τοῦτοδὲ

155 3698 514 3766 ἀξιάγαστον.
564 3696 657 3751 καὶ
708 3698 807 3767 τὴν
847 3698 1200 3771 ἀνθρωπίνην
1251 3700 1577 3769 ὑπερϐαῖνον
1619 3702 1738 3755 διὰ-

155 3800 329 3851 νοιαν,
359 3790 456 3842 καὶ
486 3787 531 3819 ⁸⁷
577 3788 916 3858 πανταχόθεν
967 3790 1065 3862 τὴν
1107 3794 1210 3862 γῆν
1270 3791 1739 3863 περικλυζομένην

153 3883 268 3945 τοῖς
326 3880 513 3934 ὕδασιν
574 3881 818 3946 ἑστάναι,
872 3884 969 3936 καὶ
1013 3883 1107 3937 ἐπὶ
1140 3884 1240 3953 τῆς
1277 3884 1484 3947 οἰκείας
1525 3883 1741 3952 φύσεως

154 3972 458 4043 διαμένειν.
491 3972 732 4034 Εἰκότως
760 3971 819 4024 δὲ
842 3975 955 4036 τοῖς
984 3976 1170 4044 ῥητοῖς
1194 3975 1367 4029 ἅπασι
1403 3976 1494 4028 τὸν
1518 3976 1740 4028 αἰώνιον

157 4064 310 4116 ἔλεον
355 4064 384 4115 ὁ
430 4063 850 4134 μεγαλογράφος
872 4064 918 4113 θεί
962 4065 1301 4132 συνέζευξεν,
1334 4066 1520 4137 ἐπειδὴ
1552 4068 1611 4119 ού
1651 4065 1740 4119 διὰ

156 4154 351 4227 χρείαν
376 4155 606 4218 οἰκείαν,
635 4156 774 4210 ἀλλὰ
816 4155 905 4211 διὰ
961 4156 1130 4227 μόνην
1170 4157 1581 4229 φιλανθρωπίαν
1620 4159 1742 4227 ἐδη-

159 4240 501 4320 μιούργησεν
530 4249 559 4301 6
596 4247 982 4320 φιλάνθρωπος
1005 4249 1245 4305 ἅπαντα.

226 4342 297 4408 ζ’.
337 4361 356 4395 ι
394 4342 485 4415 Τῷ
519 4345 809 4416 ποιήσαντι
839 4346 995 4413 φῶτα
1022 4347 1235 4416 μεγάλα
1279 4346 1428 4418 μόνῳ
1450 4349 1516 4412 ⁸³,
1544 4348 1741 4413 ῦτιείς

156 4437 250 4491 τὸν
270 4436 448 4490 αἰῶνα
471 4437 532 4489 τὸ
552 4437 699 4501 ἕλεος
722 4437 888 4491 αὐτοῦ
904 4439 970 4493 ⁷⁰.
995 4457 1014 4490 ι
1034 4439 1145 4509 Τῆς
1168 4439 1319 4502 θείας
1344 4440 1741 4509 μεταλαχόντες

1839 1931 2019 2002 ipsum
2059 1944 2109 1988 ο.
2149 1952 2169 1986 ι
2207 1933 2365 1990 Hunc
2394 1937 2612 1991 vocavit
2658 1938 2905 2008 psalmus
2940 1938 3232 1997 Dominum
3266 1957 3426 1999 vero-

1838 2040 1963 2081 rum
1993 2026 2365 2082 dominorum.

1914 2201 2080 2258 Vsus.
2105 2205 2161 2260 4.
2198 2224 2217 2257 ι
2247 2205 2353 2273 Qui
2387 2208 2519 2263 fecit
2550 2208 2824 2265 mirabilia
2856 2227 3053 2282 magna
3085 2214 3259 2280 solus,
3288 2232 3429 2287 quo-

1840 2293 1987 2348 niam
2020 2294 2072 2348 in
2098 2307 2365 2351 aeternum
2400 2298 2775 2354 misericordia
2802 2299 2943 2371 ejus.
2984 2320 3003 2352 ι
3038 2301 3424 2361 Miraculorum

1840 2386 2111 2442 editiones
2146 2398 2276 2442 sunt
2309 2389 2474 2443 etiam
2523 2390 2915 2447 benevolorum
2964 2408 3250 2451 servorum
3283 2398 3427 2468 ejus.

1844 2480 1950 2535 Sed
1973 2481 2154 2536 divina
2183 2497 2446 2539 vocamus
2474 2486 2637 2540 etiam
2669 2486 2857 2552 Mosis,
2901 2497 2954 2542 et
2983 2486 3184 2556 Josuae,
3213 2502 3269 2547 et
3300 2493 3431 2549 Elia:

1842 2577 2138 2633 mirabilia.
2194 2579 2460 2635 Similiter
2489 2594 2673 2637 autem
2717 2595 2772 2639 et
2816 2585 2971 2656 signa
3013 2602 3137 2657 quae
3190 2603 3220 2642 a
3253 2590 3430 2645 sacris

1842 2668 2109 2738 apostolis
2164 2678 2296 2724 sunt
2349 2670 2511 2727 facta.
2564 2673 2741 2729 ‘Jure
2793 2675 3002 2746 1521
3039 2679 3202 2748 igitur
3249 2681 3429 2750 ipsum

1843 2758 2121 2831 Pr0phela
2173 2764 2354 2818 solum
2408 2766 2541 2822 dicit
2605 2770 2974 2825 maximorum
3039 2773 3431 2832 miraculorum

1843 2854 2091 2924 opiﬁcem
2149 2871 2292 2911 esse.
2354 2858 2559 2915 Deinde
2612 2862 2854 2917 ostendit
2892 2864 3058 2919 etiam
3111 2881 3274 2936 opera
3310 2868 3432 2939 ejus

1843 2965 2057 3021 magna.

1916 3042 2085 3100 Vens.
2124 3046 2178 3101 5.
2221 3065 2240 3100 ι
2276 3044 2382 3113 Qui
2435 3043 2566 3101 fecit
2604 3047 2773 3103 caelos
2822 3048 3136 3118 prudenter,
3170 3054 3431 3121 quoniam

1846 3136 1899 3191 in
1936 3148 2197 3194 aeternum
2247 3140 2623 3195 misericordia
2656 3139 2799 3209 ejus.
2844 3161 2862 3193 ›
2901 3143 3134 3213 C(elum,
3178 3145 3226 3201 si
3262 3147 3429 3203 etiam

1842 3233 2223 3287 tantummodo
2251 3231 2609 3302 conspicitur,
2644 3231 2738 3287 Dei
2770 3214 3092 3304 sapientiam
3123 3238 3384 3307 praedicat
3410 3270 3426 3307 ε

1841 3324 2011 3377 multa
2044 3332 2127 3378 est
2160 3325 2307 3379 enim
2356 3323 2699 3395 magnitudo,
2732 3334 2785 3379 et
2818 3327 3189 3396 pulchritudo,
3218 3340 3273 3387 et
3306 3332 3433 3388 diu-

1842 3426 2001 3471 turna
2033 3400 2461 3487 perseverantia.

1913 3507 2080 3565 Vens.
2105 3510 2158 3565 6.
2196 3530 2215 3562 ι
2245 3510 2349 3577 Qui
2372 3510 2610 3566 ﬁrmavit
2642 3522 2841 3566 terram
2880 3529 3046 3584 super
3073 3516 3254 3586 aquis,
3287 3534 3427 3588 quo-

1842 3602 1989 3657 niam
2010 3604 2064 3657 in
2093 3612 2358 3658 arternum
2385 3604 2765 3659 misericordia
2793 3604 2934 3674 ejus.
2967 3625 2984 3656 ι
3014 3605 3073 3659 Et
3100 3608 3204 3663 hoc
3229 3620 3313 3663 est
3337 3610 3432 3665 ad-

1844 3694 2133 3749 miratione
2163 3695 2412 3764 dignum,
2448 3705 2501 3750 et
2533 3696 2833 3750 humanam
2869 3708 3105 3752 mentem
3138 3707 3430 3755 transcen-

1840 3788 1941 3853 dit,
1971 3788 2115 3857 quod
2151 3796 2295 3843 terra
2332 3788 2577 3858 undique
2607 3789 2767 3859 aquis
2799 3790 2979 3843 cincta
3013 3798 3141 3856 stet,
3175 3801 3230 3846 et
3267 3808 3433 3863 super

1841 3878 2064 3950 propria
2095 3888 2290 3933 natura
2323 3895 2422 3935 sua
2468 3888 2809 3949 permaneat.
2844 3879 3038 3934 Merito
3056 3890 3248 3957 autem
3285 3886 3433 3954 psal-

1842 3971 2179 4041 mograpltus
2207 3971 2465 4026 onmibus
2506 3972 2668 4028 dictis
2698 3980 2955 4027 aeternam
2992 3973 3430 4033 misericordiam

1842 4064 2131 4133 conjunxit
2166 4080 2179 4117 :
2222 4064 2483 4134 quoniam
2539 4080 2646 4119 non
2681 4065 2753 4120 ob
2796 4067 3077 4137 propriam
3128 4070 3429 4125 necessita-

1845 4166 1977 4221 tem,
2014 4158 2108 4213 sed
2160 4158 2231 4233 ob
2276 4157 2450 4212 solam
2504 4157 2896 4228 benignitatem
2933 4158 3203 4232 benignus
3242 4164 3429 4220 omnia

1844 4251 2109 4306 condidit.

1918 4343 2085 4400 Vens.
2120 4344 2170 4401 ’7.
2206 4364 2223 4396 ι
2252 4344 2355 4412 Qui
2391 4342 2517 4400 fecit
2546 4344 2836 4425 luminaria
2870 4362 3065 4418 magna
3096 4348 3267 4415 solus,
3293 4364 3429 4421 quo-

1848 4436 1993 4490 niam
2049 4436 2103 4490 in
2154 4444 2417 4506 externum
2466 4437 2836 4492 misericordia
2890 4437 3027 4506 ejus.
3093 4458 3111 4491 ι
3167 4439 3430 4498 Homines

158 4531 427 4603 Προνοίας
464 4531 516 4582 οἰ
548 4529 828 4602 ἄνθρωποι
855 4502 1116 4596 ἐξάπτειν⁷
1136 4502 1425 4601 λαμπάέας
1456 4502 1736 4598 εἰώθασιν,

1849 4525 2047 4582 divina:
2080 4502 2444 4581 Proviidentiae
2472 4526 2882 4597 participantes,
2918 4502 3200 4596 lampades
3232 4545 3428 4584 accen-

155 4623 272 4676 ἀλλ’
294 4622 419 4677 ὅλον
448 4622 510 4676 τὸ
536 4622 813 4692 περίγειον
848 4621 960 4692 πῦρ
986 4623 1107 4686 ἑνὸς
1137 4624 1366 4693 ἀστέρος
1398 4624 1459 4678 ού
1494 4627 1742 4694 μιμεῖται

154 4712 545 4783 λαμπρότητα.
576 4712 802 4767 Πάντων
824 4712 881 4765 δὲ
909 4713 1158 4787 ἀστέρων
1182 4717 1277 4769 καὶ
1311 4715 1542 4787 σελήνης
1571 4718 1743 4789 αὐτῆς

154 4802 474 4871 φανώτατος
497 4804 669 4873 ἣλιος.
686 4805 989 4869 Κάκείνους
1011 4806 1118 4877 γὰρ
1142 4807 1462 4878 φαινόμενος
1485 4808 1738 4878 κρύπτει,

154 4896 251 4948 καὶ
274 4895 449 4965 αὐτῆς
473 4894 573 4961 τὰς
598 4895 824 4960 ἀκτῖνας
849 4895 1139 4967 ἀμϐλύνει.

226 5085 301 5150 η’,
326 5076 392 5131 θ’.
431 5096 450 5129 ι
489 5078 591 5132 Τὸν
621 5078 772 5149 ἥλιον
799 5077 880 5141 εἰς
911 5076 1161 5141 ἐξουσίαν
1191 5076 1293 5145 τῆς
1324 5077 1559 5149 ἡμέρας,
1587 5079 1667 5132 ὅτι
1693 5081 1740 5112 ⁷⁰

155 5171 236 5231 εἰς
263 5168 359 5221 τὸν
398 5165 568 5221 αἰῶνα
588 5168 649 5220 τὸ
678 5167 826 5231 ἕλεος
848 5165 1038 5221 αὑτοῦῖ
1070 5166 1112 5216 Τ
1117 5165 1180 5236 ὴν
1208 5166 1459 5239 σελήνην,
1494 5170 1588 5223 καὶ
1612 5170 1738 5236 τοὺς

155 5260 435 5333 ἀστέρας,
456 5260 536 5324 εἰς
570 5260 825 5327 ἐξουσίαν
851 5262 949 5330 τῆς
982 5257 1195 5321 νυκτὸς,
1224 5259 1305 5313 ὅτι
1344 5263 1424 5324 εἰς
1450 5260 1541 5316 τὸν
1563 5262 1737 5317 αἰῶνα

254 5412 415 5473 ⁸183.
444 5432 483 5485 ι,
514 5418 571 5471 2.
651 5429 677 5458 ι
708 5416 855 5475 Psal.
896 5434 1083 5485 Lxxxt,
1119 5420 1175 5477 6.
1248 5420 1275 5460 ι)
1307 5419 1497 5501 Matth.
1532 5436 1624 5486 xx,
1651 5420 1741 5475 25.

1845 4617 1977 4671 dere
2017 4617 2215 4683 solent,
2264 4616 2359 4670 sed
2406 4624 2553 4671 totus
2603 4618 2880 4672 terrestris
2919 4616 3060 4686 ignis
3093 4617 3255 4671 unius
3294 4617 3428 4673 astri

1846 4707 2190 4778 Splendorem
2246 4708 2674 4777 haudquaquam
2738 4708 3006 4762 imitatur.
3080 4707 3198 4763 Prae
3256 4711 3429 4766 stellis

1845 4809 2027 4855 autem
2074 4800 2329 4855 omnibus
2366 4810 2421 4855 et
2468 4816 2579 4870 prae
2635 4802 2762 4855 luna
2816 4801 2934 4870 ipsa
2983 4800 3297 4870 splendidus
3344 4812 3430 4860 est

1846 4893 1950 4948 sol.
1985 4890 2119 4947 Nam
2154 4900 2209 4946 ct
2247 4892 2370 4947 illas
2418 4907 2686 4962 apparens
2714 4892 2938 4957 occulit,
2983 4899 3038 4946 et
3074 4892 3249 4962 ipsius
3284 4893 3429 4950 luna:

1849 4986 2031 5039 radios
2058 4984 2330 5041 obtundit.

1920 5077 2086 5134 Vens.
2120 5078 2173 5141 8,
2208 5076 2263 5131 9.
2300 5094 2319 5128 ι
2354 5076 2535 5130 Solem
2569 5076 2622 5130 in
2657 5082 2981 5145 potestatem
3004 5075 3134 5143 diei,
3164 5078 3424 5146 quoniam

1845 5169 1901 5224 iu
1937 5178 2205 5224 aeternum
2239 5167 2617 5223 misericordia
2655 5168 2795 5237 ejus.
2830 5166 3040 5223 Lunam
3073 5178 3129 5225 et
3157 5169 3341 5224 stellas
3371 5169 3429 5225 in

1843 5268 2169 5331 potestatem
2203 5262 2402 5327 noctis,
2430 5261 2690 5331 quoniam
2727 5264 2780 5317 in
2807 5267 3070 5315 aeternum
3111 5263 3428 5319 misericor-

1826 5429 1848 5457 ο
1878 5419 1898 5474 l
1930 5419 2058 5476 Cor.
2087 5437 2208 5487 vm,
2242 5420 2296 5485 5,
2324 5419 2377 5474 6.

1286 5575 1519 5631 VARl/E
1569 5575 1954 5633 LECTIONES
2103 5575 2335 5632 NOT/E.

227 5679 276 5711 ⁸⁸
304 5676 552 5732 Πολλοί.
580 5677 700 5731 cod.
765 5676 792 5730 1
832 5675 958 5729 add.
1019 5674 1159 5729 οῦτω
1218 5674 1312 5728 καὶ
1368 5673 1548 5743 κύριοι
1601 5673 1738 5727 πολλ

1884 5676 1928 5708 ⁸⁸
1968 5671 2521 5744 Τῷηστερεώσαντι.
2576 5671 2741 5729 liebr.
2793 5676 3134 5744 expandenlt'.
3212 5677 3258 5727 ‘v"
3284 5676 3420 5731 Καί.

157 5750 281 5828 _cod_.
322 5747 459 5828 1λτό.
616 5745 750 5827 ibid.
795 5744 1233 5828 μεγαλογράφος.
1311 5744 1354 5777 ⁸³
1382 5742 1575 5811 Μόνῳ,
1603 5745 1738 5800 Abes

1862 5744 2011 5802 teitu
2049 5742 2210 5799 Hebr.
2286 5743 2333 5775 ⁷ο
2386 5744 2515 5796 Ὅτι
2565 5774 2635 5784 -—-
2666 5742 2874 5800 αὑτοῦ.
2917 5745 3041 5803 Des.
3099 5747 3153 5803 in
3206 5750 3329 5803 cod.
3372 5750 3420 5814 Ι,

158 5822 212 5875 Ιι.
241 5820 281 5877 ι.
311 5825 367 5876 et
395 5818 449 5872 in
478 5817 705 5888 reliquis
735 5818 937 5873 versic.
