3996 6460
540 347 679 412 1923

1537 341 2029 403 THEODORETI
2069 342 2410 404 EPISCOPI
2443 342 2817 404 CYBENSIS

3682 335 3821 399 1924

536 466 625 520 dia
655 462 795 531 ejus.
832 478 850 511 ι
887 457 1099 523 Divisit,
1148 456 1347 527 inquit,
1398 456 1767 512 luminaribus
1802 464 2039 525 tempus,
2071 464 2128 510 et

2263 458 2457 523 ὺέλεος
2487 458 2674 513 αὐτοῦ.
2714 477 2732 509 ι
2769 456 3038 526 Διένειμε,
3066 451 3222 522 φησί,
3258 453 3373 513 τοίς
3407 452 3696 520 φωστῆρσι
3726 450 3821 501 τὸν

537 553 810 611 solaribus
856 551 1078 620 quidem
1128 550 1298 605 radiis
1324 550 1473 604 diem
1528 548 1679 612 facit,
1734 548 1860 601 luna
1897 563 2027 601 vero
2073 558 2129 601 et

539 644 704 700 astris
738 651 951 698 noctem
984 640 1259 695 illuminat
1287 658 1302 695 :
1338 656 1433 709 per
1462 640 1599 705 haec,
1630 653 1753 708 qua:
1797 637 1939 693 facta
1978 646 2128 703 sunt,

541 737 816 808 propriam
845 734 1150 790 bonitatem
1182 732 1502 786 ostendens.

518 900 519 903 η
616 920 783 974 Vsus.
816 917 906 975 10.
944 936 963 969 ι
999 915 1104 983 Qui
1136 913 1406 986 percussit
1436 911 1732 983 AEgyptum
1763 928 1889 967 cum
1922 912 2133 983 1522

546 1011 929 1084 primogenitis
959 1022 1174 1071 eorum,
1209 1005 1473 1075 quoniam
1520 1004 1573 1057 in
1605 1013 1871 1058 aeternum
1916 1004 2135 1057 miseri-

548 1102 737 1158 cordia
759 1100 900 1171 ejus.
939 1118 959 1151 ι
995 1096 1099 1152 Sed
1130 1096 1360 1149 fortasse
1394 1092 1596 1162 aliquis
1626 1092 1904 1162 ambigere
1931 1100 2134 1159 posset,

550 1195 827 1266 quomodo
865 1207 962 1262 per
1004 1188 1439 1243 misericordiam
1477 1199 1627 1239 mors
1673 1182 1945 1237 eﬂicitur?
1990 1180 2138 1236 Con-

553 1288 755 1345 sideret
801 1284 967 1355 igitur
1016 1281 1348 1337 solutionem
1398 1276 1749 1348 praesentium
1799 1275 2134 1328 verborum:

554 1378 701 1449 quod
747 1376 841 1448 qui
881 1373 1082 1443 injuria
1133 1370 1357 1426 allectos
1408 1370 1723 1429 miseratur,
1778 1365 1975 1435 injuria
2026 1363 2142 1416 alli-

556 1472 766 1525 cientes
814 1466 1022 1537 plectit.
1070 1463 1208 1519 lllud
1258 1461 1406 1519 enim
1461 1461 1568 1516 hoc
1618 1458 1673 1513 in
1706 1458 1829 1514 loco
1865 1455 2140 1526 Propheta

557 1560 861 1631 Sulijunxit.

628 1653 794 1708 Vsus.
830 1652 919 1705 11.
947 1669 964 1703 ι
992 1649 1096 1716 Qui
1125 1648 1314 1704 eduxit
1346 1647 1599 1703 lsraelem
1624 1645 1693 1701 de
1723 1643 1901 1700 medio
1921 1655 2137 1706 eorum,

559 1745 820 1814 quoniam
854 1742 908 1796 in
947 1752 1211 1795 aeternum
1255 1737 1636 1793 misericordia
1685 1734 1827 1805 ejus.
1871 1752 1890 1785 ›
1924 1731 2140 1787 Miseri-

2229 552 2439 622 χρόνον,
2492 551 2585 604 καὶ
2627 553 2750 612 ταῖς
2805 548 2903 617 μὲν
2953 544 3423 617 ἡλιακαῖςάκτῖσι
3468 542 3567 612 τὴν
3602 543 3821 612 ἡμέραν

2230 647 2397 709 ποιεῖ,
2422 644 2621 715 σελήνῃ
2649 641 2705 694 δὲ
2732 639 2828 695 καὶ
2852 640 3076 709 ἄστροις
3102 636 3469 706 καταφοιτίζει
3496 635 3596 705 τὴν
3622 635 3819 690 νύκτα.

2231 736 2331 789 Διὰ
2359 735 2562 788 τούτων
2596 735 2638 765 τι
2672 733 2975 803 γινομένων
3004 731 3102 802 τὴν
3126 730 3333 784 οἰκείαν
3358 728 3580 791 δεικνὺς
3606 727 3821 795 ἀγαθό-

2231 843 2392 896 τητα.

2307 926 2358 970 ι’.
2394 936 2411 968 ι
2442 916 2534 987 Τῷ
2560 914 2866 980 πατάξαντι
2886 914 3165 981 Αἴγυπτον
3191 913 3287 966 σὺν
3312 914 3426 976 τοῖς
3447 910 3823 983 πρωτοτόκοις

2234 1010 2434 1075 αὐτῶν,
2463 1011 2547 1063 ὅτι
2568 1011 2649 1071 εἰς
2667 1008 2759 1061 τὸν
2779 1007 2956 1062 αἰῶνα
2980 1005 3041 1058 τὸ
3060 1004 3208 1068 ἔλεος
3236 1004 3424 1059 αὑτοῦ.
3456 1023 3474 1056 ι
3521 1003 3667 1056 Ἀλλ’
3694 1005 3826 1063 ἴσως

2235 1105 2301 1159 ἄν
2330 1120 2413 1167 τις
2441 1102 2831 1173 ὲπαπορήσειε,
2856 1099 2977 1164 πῶς
3007 1099 3144 1171 ἐλέῳ
3172 1096 3519 1152 τεκταίνεται
3551 1098 3823 1159 θάνατος;

2236 1192 2516 1248 Σκοπείτω
2545 1191 2723 1246 τοίνυν
2762 1192 2806 1223 ⁷³
2839 1190 2937 1261 τὴν
2967 1191 3120 1245 λύσιν
3155 1191 3265 1244 τῶν
3304 1189 3692 1261 προκειμένων
3730 1190 3827 1259 ρη-

2237 1287 2403 1341 τῶν⁷³
2427 1302 2440 1316 ·
2476 1284 2550 1349 ὡς
2573 1285 2603 1337 ὁ
2632 1286 2759 1348 τοὺς
2786 1284 3175 1354 ἀδικουμένους
3211 1283 3519 1352 οἰκτείρων,
3548 1283 3680 1345 τοὺς
3710 1281 3827 1334 ἁδι-

2240 1379 2468 1442 κοῦντας
2495 1377 2735 1442 κολάζει.
2758 1377 2931 1431 Τοῦτο
2951 1376 3000 1409 ⁷⁸
3027 1377 3137 1447 γὰρ
3159 1376 3255 1430 καὶ
3275 1374 3515 1430 ἐνταῦθα
3541 1376 3571 1427 ὁ
3599 1375 3829 1445 Προφή-

2238 1488 2337 1543 της
2363 1471 2632 1541 ἐπήγαγε.

2314 1659 2403 1708 ια’.
2445 1671 2462 1702 ι
2486 1650 2596 1705 Kal
2624 1648 2946 1719 ὲξαγαγόντι
2967 1648 3059 1703 τὸν
3089 1648 3307 1721 Ἰσραὴλ
3334 1650 3399 1703 ὲκ
3422 1651 3591 1720 μέσου
3619 1649 3827 1717 αὐτῶν,

2240 1744 2322 1798 ὅτι
2376 1744 2457 1806 εἰς
2494 1741 2586 1796 τὸν
2620 1741 2794 1795 αἰῶνα
2834 1741 2894 1796 τὸ
2927 1741 3074 1805 ἔλεος
3101 1740 3289 1797 αὐτοῦ.
3314 1760 3332 1792 ι
3369 1741 3429 1794 '0
3465 1744 3598 1812 περὶ
3635 1740 3830 1795 τοῦτον

561 1836 748 1891 cordia
776 1848 904 1903 erga
956 1834 1103 1886 hunc
1129 1831 1392 1902 populum
1427 1830 1533 1885 illis
1568 1842 1789 1899 pinnam
1824 1824 2042 1880 inﬂixit.
2081 1821 2146 1877 Et

2263 1837 2393 1898 ἕλεος
2441 1836 2671 1898 ἐκείνοις
2688 1833 2787 1904 τὴν
2821 1833 3093 1904 τιμωρίαν
3126 1834 3394 1903 ἐπήγαγε.
3446 1835 3721 1896 Κάκεῖνος
3746 1833 3829 1895 δὲ,

563 1930 655 1984 illa
688 1936 894 1991 autem,
930 1936 985 1980 et
1018 1930 1033 1947 '
1078 1926 1194 1980 haec
1233 1926 1463 1994 justitia:
1490 1922 1782 1992 conjuncta
1817 1926 1968 1974 sunt.
2008 1914 2143 1970 Nam

562 2030 620 2077 et
652 2022 845 2075 horum
872 2019 1020 2090 juste
1060 2019 1321 2075 misertus
1345 2026 1449 2085 est,
1476 2025 1529 2073 et
1562 2015 1686 2072 illos
1711 2013 1836 2084 jure
1863 2009 2147 2081 suppliciis

566 2114 769 2168 affecit.
1469 2176 1475 2182 ι

641 2204 805 2259 Vens.
841 2201 929 2256 12.
971 2221 991 2255 ι
1038 2200 1095 2256 In
1131 2215 1294 2255 manu
1337 2200 1568 2271 potenti,
1596 2213 1651 2256 et
1694 2199 1750 2254 in
1794 2196 2018 2252 brachio
2050 2208 2139 2249 ex-

567 2298 736 2362 celso,
787 2294 1047 2367 quoniam
1106 2294 1161 2348 in
1205 2305 1467 2348 aeternum
1521 2293 1898 2348 misericordia
1942 2287 2085 2359 ejus.
2125 2305 2143 2338 ι

570 2388 796 2443 Manum
845 2386 1218 2457 operationem
1277 2385 1616 2455 appellavit:
1667 2385 1943 2440 brachium
1998 2400 2147 2447 vero,

571 2479 763 2534 robur.
786 2475 891 2532 Per
918 2490 1150 2547 utraque
1172 2475 1336 2547 igitur
1360 2474 1682 2541 declaravit,
1703 2490 1762 2531 se
1790 2490 1887 2545 per
1916 2474 2148 2530 salutem

570 2567 772 2639 populo
806 2567 1090 2638 pratbitam
1122 2566 1420 2638 potentiam
1458 2582 1613 2622 suam
1648 2576 2009 2623 monstrasse.

642 2744 812 2803 Vsus.
844 2746 935 2802 15.
976 2764 994 2798 ι
1023 2745 1127 2812 Qui
1155 2744 1339 2802 divisit
1373 2760 1524 2801 mare
1552 2744 1799 2801 Rubrum
1835 2746 1890 2800 in
1926 2744 2152 2802 divisio-

572 2850 693 2903 nes,
721 2835 981 2906 quoniam
1011 2835 1065 2889 in
1088 2849 1351 2891 aeternum
1382 2835 1759 2890 misericordia
1779 2834 1926 2904 ejus.
1954 2853 1973 2886 ι
2008 2833 2153 2888 Non-

577 2927 731 2990 nulli,
760 2925 1076 2981 Judazorum
1109 2926 1323 2982 fabulas
1350 2927 1546 2991 secuti,
1574 2926 1830 2981 dixerunt
1855 2926 2156 2981 divisiones

575 3019 713 3072 mari
736 3015 926 3074 Rubro
945 3019 1175 3089 aqualis
1204 3018 1416 3073 numeri
1440 3034 1563 3073 cum
1585 3017 1873 3074 duodecim
1906 3018 2157 3074 tribubus

577 3108 751 3165 factas
779 3124 924 3173 esse,
953 3111 1214 3181 quoniam
1243 3109 1513 3180 Propheta
1543 3125 1651 3165 non
1684 3110 2033 3175 divisionem,
2062 3111 2156 3166 sed

578 3202 858 3255 divisiones
888 3201 1046 3254 dixit.
1071 3199 1370 3270 Oportebat
1407 3210 1595 3255 autem
1635 3198 1777 3254 scire
1806 3200 1976 3269 ipsos,
2007 3214 2159 3255 mare
2182 3186 2227 3247 C

577 3292 833 3349 bifariam
872 3303 1105 3356 sectum,
1144 3307 1211 3348 ac
1235 3293 1345 3348 duo
1374 3306 1441 3347 ex
1480 3308 1591 3347 uno
1620 3292 1762 3346 facta
1796 3291 1988 3350 fuisse.
2019 3290 2155 3346 Nam

580 3397 721 3452 aqua
756 3382 889 3453 ipsis
919 3399 1111 3439 murus
1139 3392 1259 3439 erat
1289 3399 1321 3438 a
1347 3385 1609 3448 dexteris,
1641 3393 1697 3439 et
1727 3400 1918 3440 murus
1954 3400 1985 3439 a
2018 3384 2158 3439 sini-

576 3468 734 3528 'stris.
784 3474 1127 3544 Quapropter
1169 3475 1465 3530 sectionem
1514 3475 1681 3531 maris
1723 3475 1947 3531 induas
1978 3486 2157 3545 partes

580 3566 859 3619 divisiones
887 3566 1198 3635 appellavit.

654 3655 821 3712 Vsus.
849 3658 939 3724 14,
972 3657 1058 3712 15.
1093 3674 1111 3709 ι
1148 3656 1254 3724 Qui
1283 3658 1472 3712 eduxit
1507 3656 1761 3713 lsraelem
1798 3675 1891 3729 per
1920 3660 2155 3714 medium

580 3747 720 3817 ejus,
773 3751 1033 3816 quoniam
1085 3748 1140 3803 in
1184 3757 1447 3804 aeternum
1496 3749 1875 3804 misericordia
1908 3751 2047 3820 ejus.
2094 3751 2161 3805 Et

580 3842 823 3896 excussit
848 3842 1213 3905 Pharaonem,
1248 3851 1304 3897 et
1342 3841 1599 3896 virtutem
1632 3843 1752 3910 ejus
1781 3844 1833 3896 in
1869 3844 2005 3897 mari
2046 3843 2158 3897 Ru-

582 3928 718 3996 bro,
768 3932 1030 4002 quoniam
1082 3933 1136 3987 in
1186 3941 1450 3986 mternum
1512 3934 1899 3989 misericordia
1949 3937 2090 4005 ejus.
2133 3954 2152 3986 ι

582 4023 823 4094 Utraque
851 4025 995 4079 enim
1029 4024 1201 4095 ipsius
1231 4026 1489 4094 potentiae
1538 4041 1704 4096 opera
1734 4037 1884 4092 sunt,
1919 4038 1975 4083 et
2012 4027 2159 4097 quod

582 4117 669 4171 bis
699 4118 1035 4173 concesserit
1069 4125 1127 4171 ut
1156 4116 1313 4174 facile
1334 4119 1557 4189 pelagus
1582 4119 1898 4184 transirent,
1927 4129 1981 4176 et
2013 4122 2159 4193 quod

587 4208 797 4279 1523
829 4210 918 4265 ille
947 4210 1105 4279 aquis
1133 4209 1362 4266 obrutus
1391 4212 1483 4266 sit.

657 4318 819 4376 Vens.
852 4322 939 4375 l6.
979 4341 997 4374 ι
1035 4321 1141 4388 Qui
1178 4323 1336 4379 duxit
1364 4326 1628 4396 populum
1659 4343 1822 4385 suum
1856 4342 1952 4397 per
1974 4327 2160 4383 deser-

584 4423 726 4476 tum,
787 4413 1045 4483 quoniam
1105 4415 1161 4468 in
1215 4423 1480 4471 aeternum
1530 4420 1909 4476 misericordia
1955 4421 2095 4490 ejus.
2132 4438 2153 4473 ι

2246 1928 2340 1982 καὶ
2364 1926 2524 1998 αὓτη,
2552 1925 2869 1999 δικαιοσύνῃ
2901 1925 3295 1995 συγκέκραται.
3329 1923 3439 1977 Kal
3466 1924 3695 1987 τούτους
3721 1925 3832 1994 γὰρ

2243 2018 2470 2083 δικαίως
2495 2018 2717 2089 ἠλέησε,
2749 2017 3040 2081 κάκείνους
3066 2016 3291 2079 ἐνδίκως
3312 2016 3593 2070 ἐκόλασεν.

2320 2198 2409 2268 ιβ’.
2446 2215 2465 2249 ι
2502 2197 2591 2250 Ἐν
2639 2195 2786 2268 χειρὶ
2841 2197 3104 2267 κραταιᾷ,
3160 2196 3257 2249 καὶ
3305 2196 3364 2248 ὲν
3405 2193 3657 2266 βραχίονι
3699 2195 3831 2265 ὑψη-

2248 2293 2326 2363 λῷ
2350 2294 2418 2357 ⁷⁸,
2450 2293 2532 2346 ὅτι
2561 2294 2641 2355 εἰς
2664 2291 2755 2344 τὸν
2780 2291 2951 2344 αἰῶνα
2976 2290 3039 2343 τὸ
3062 2290 3210 2353 ἔλεος
3233 2289 3420 2345 αὐτοῦ.
3462 2309 3482 2343 ι
3528 2291 3710 2359 XEI'pa
3732 2291 3831 2361 τὴν

2247 2383 2528 2457 ἐνέργειαν
2592 2382 2841 2451 ἐκάλεσε,
2903 2381 3206 2451 βραχίονα
3259 2381 3316 2435 δὲ
3371 2382 3470 2454 τὴν
3522 2383 3701 2453 ἰσχύν.
3754 2382 3832 2436 Δι’

2247 2474 2578 2547 ἀμφοτέρων
2630 2474 2812 2545 μέντοι
2868 2474 3158 2545 ἐδήλωσεν,
3216 2472 3293 2538 ὡς
3353 2472 3444 2528 διὰ
3507 2477 3609 2547 τῆς
3666 2491 3836 2545 γεγε-

2248 2568 2494 2639 νημένης
2528 2565 2625 2620 τοῦ
2651 2565 2781 2620 λαοῦ
2810 2566 3085 2638 σωτηρίας
3123 2566 3223 2635 τὴν
3257 2565 3468 2619 οἰκείαν
3505 2567 3833 2639 anum-ae

2250 2658 2505 2730 δύναμιν.

2325 2748 2412 2818 ιγ’.
2442 2768 2461 2801 ι
2500 2747 2591 2820 Τῷ
2615 2747 2984 2803 καταδιελόντι
3027 2747 3127 2821 τὴν
3160 2748 3429 2821 Ἐρυθρὰν
3449 2747 3729 2804 θάλασσαν
3758 2752 3840 2814 εἰς

2253 2841 2570 2913 διαιρέσεις,
2594 2842 2683 2921 ﬁt:
2708 2843 2790 2905 εἰς
2807 2840 2901 2895 τὸν
2930 2841 3103 2895 αἰῶνα
3131 2842 3192 2896 τὸ
3218 2841 3369 2904 ἔλεος
3396 2842 3588 2896 αὐτοῦ.
3624 2862 3644 2894 ι
3682 2844 3843 2907 Τινὲς

2254 2937 2367 2998 τοῖς
2418 2934 2731 2997 Ἰουδαϊκοῖς
2779 2933 3251 3006 ἀκολουθήσαντες
3281 2935 3473 3005 μύθοις
3511 2934 3843 3005 ἰσαρίθμους

2254 3028 2375 3089 ταῖς
2398 3025 2722 3080 δυοκαίδεκα
2751 3026 2947 3095 φυλαῖς
2978 3026 3189 3097 ἔφασαν
3220 3030 3287 3097 τῇ
3327 3025 3569 3098 Ἐρυθρᾷ
3590 3026 3847 3097 θαλάσση

2257 3115 2585 3185 γεγενῆσθαι
2616 3115 2714 3179 τὰς
2734 3115 3053 3187 διαιρέσεις,
3088 3116 3276 3188 ἐπειδὴ
3303 3119 3331 3170 ὁ
3354 3118 3651 3188 Προφήτης
3675 3118 3740 3171 ού
3765 3119 3847 3171 δι-

2258 3208 2491 3277 αίρεσιν,
2528 3207 2665 3261 ἀλλά
2687 3206 3007 3277 διαιρέσεις
3031 3205 3205 3264 εἶπεν.
3237 3208 3387 3263 Ἔδει
3411 3208 3471 3266 δὲ
3496 3210 3701 3273 αὐτοὺς
3728 3226 3848 3262 aw-

2262 3300 2411 3365 ιδείν,
2437 3300 2521 3353 ὅτι
2547 3300 2675 3371 διχῆ
2702 3300 2912 3373 τμηθὲν
2942 3302 3003 3355 τὸ
3030 3300 3265 3371 πέλαγος
3295 3302 3389 3356 δύο
3425 3302 3544 3356 ἀνθ’
3570 3302 3695 3366 ἑνὸς
3723 3304 3847 3370 ἐγέ-

2258 3406 2398 3443 νετο.
2441 3391 2515 3444 Τὸ
2555 3391 2663 3463 γὰρ
2694 3390 2841 3464 ὕδωρ
2884 3394 3068 3458 αὐτοῖς
3098 3395 3143 3426 ⁷⁸
3166 3396 3344 3465 τεῖχος
3388 3396 3455 3448 ὲκ
3486 3394 3709 3459 δεξιῶν,
3752 3396 3846 3448 καὶ

2258 3484 2435 3553 τεῖχος
2455 3483 2515 3548 ἐξ
2537 3484 2834 3555 εὐωνύμων
2859 3503 2874 3517 ·
2904 3481 2967 3541 οὗ
2988 3487 3052 3558 δὴ
3084 3487 3241 3558 χάριν
3263 3486 3584 3557 διαιρέσεις
3613 3489 3844 3542 ἐκάλεσε

2256 3572 2356 3644 τὴν
2386 3574 2468 3637 εἰς
2500 3573 2594 3628 δύο
2623 3575 2718 3628 τοῦ
2738 3577 3013 3647 πελάγους
3036 3581 3229 3651 τομήν.

2333 3666 2415 3729 ιδ’,
2447 3672 2527 3721 ιε’.
2569 3686 2587 3720 ι
2625 3668 2734 3723 Kal
2778 3669 3093 3739 διαγαγόντι
3139 3673 3231 3726 τὸν
3272 3674 3491 3746 Ἰσραὴλ
3536 3674 3627 3729 διὰ
3677 3676 3844 3746 μέσου

2260 3757 2450 3827 αὐτῆς,
2479 3758 2563 3811 ὃτι
2586 3761 2665 3822 εἰς
2688 3760 2780 3813 τὸν
2814 3761 2988 3816 αἰῶνα
3013 3763 3075 3816 τὸ
3105 3763 3252 3828 ἔλεος
3281 3764 3469 3819 αὐτοῦ.
3497 3765 3613 3819 Kal
3636 3767 3846 3820 ὲκτινὰο

2261 3846 2411 3912 ξαντι
2462 3848 2663 3918 Φαραὼ
2688 3852 2783 3904 καὶ
2830 3853 2929 3923 τὴν
2974 3854 3205 3926 δύναμιν
3250 3855 3414 3908 αὐτοῦ
3452 3858 3534 3919 εἰς
3566 3856 3846 3911 θάλασσαν

2271 3940 2562 4013 Ἐρυθρὰν,
2593 3942 2676 3996 ὅτι
2702 3945 2783 4007 εἰς
2806 3944 2898 3998 τὸν
2915 3946 3090 4000 αἰῶνα
3118 3946 3178 3999 τὸ
3199 3947 3346 4011 ἔλεος
3374 3947 3563 4002 αὐτοῦ.
3588 3968 3607 4001 ι
3642 3950 3849 4019 Ἀμφό-

2257 4051 2393 4104 τερα
2434 4035 2544 4107 γὰρ
2567 4035 2669 4105 τῆς
2705 4037 2871 4091 αὑτοῦ
2906 4039 3191 4109 δυνάμεως
3216 4039 3374 4112 ἔργα,
3402 4041 3498 4095 καὶ
3530 4041 3597 4095 τὸ
3623 4043 3846 4107 τούτους

2259 4126 2503 4191 εὐπετῶς
2528 4129 2783 4201 διαϐῆναι
2826 4128 2890 4182 τὸ
2938 4130 3198 4199 πέλαγος,
3244 4133 3339 4186 καὶ
3374 4132 3436 4185 τὸ
3464 4133 3678 4186 ἐκεῖνον
3712 4135 3848 4187 ὑπο-

2260 4217 2487 4290 ϐρύχιον
2520 4221 2775 4290 γενέσθαι
2804 4224 2919 4287 τοῖς
2951 4224 3131 4278 ὕδασι.

2332 4332 2430 4400 ις’.
2465 4353 2483 4388 ι
2517 4336 2630 4390 Kal
2651 4339 2694 4370 ⁷⁷
2716 4338 3033 4409 διαγαγόντι
3058 4341 3151 4394 τὸν
3179 4340 3307 4394 λαὸν
3334 4340 3499 4394 αὑτοῦ
3523 4342 3584 4393 ὲν
3615 4344 3684 4411 τῇ
3719 4342 3850 4411 ἐρή-

2262 4442 2371 4496 μῳ,
2393 4428 2475 4482 ὅτι
2499 4430 2579 4493 εἰς
2603 4428 2696 4483 τὸν
2722 4431 2896 4484 αἰῶνα
2925 4430 2988 4484 τὸ
3019 4432 3167 4495 ἔλεος
3195 4432 3381 4486 αὐτοῦ.
3412 4452 3430 4483 ι
3461 4432 3573 4485 Kal
3605 4433 3768 4485 τοῦτο
3791 4432 3849 4485 δὲ

583 4506 650 4559 Et
679 4522 809 4561 vero
850 4506 956 4562 boc
981 4507 1183 4563 divinae
1218 4509 1441 4565 virtutis
1466 4520 1550 4566 est
1586 4511 2008 4579 demonstratio,
2036 4523 2150 4568 tan-

2263 4521 2358 4590 τῆς
2384 4521 2535 4584 θείας
2566 4522 2748 4593 ἰσχύος
2777 4524 3074 4591 ἀπόδειξις,
3102 4525 3357 4579 τοσοῦτον
3380 4526 3511 4578 λαὸν
3544 4526 3641 4578 ἐπὶ
3670 4525 3849 4594 χρόνῳ

584 4607 700 4650 tum
735 4601 997 4669 populum
1042 4610 1195 4656 tanto
1230 4611 1475 4673 tempore
1505 4605 1559 4658 in
1604 4605 1897 4660 solitudine
1936 4607 2160 4673 aluisse,

2257 4610 2495 4683 τοσούτῳ
2554 4614 2614 4666 ὲν
2671 4615 2867 4685 ἐρήμῳ
2920 4616 3227 4686 διαθρέψαι,
3267 4618 3362 4670 καὶ
3385 4616 3496 4670 τῶν
3528 4617 3848 4687 ἀναγκαίων

584 4706 879 4761 rerumque
938 4695 1378 4749 necessariarum
1432 4696 1763 4753 aﬂluentiam
1814 4700 1917 4769 ipsi
1966 4714 2150 4769 suppe-

2263 4702 2407 4772 αὐτῷ
2446 4705 2756 4776 χορηγῆσαι
2784 4706 2882 4779 τὴν
2913 4708 3193 4776 ἀφθονίαν.

586 4782 810 4839 ditasse.

664 4899 827 4955 Vsus.
880 4903 967 4967 17,
1019 4902 1107 4958 18.
1166 4924 1185 4956 ι
1237 4904 1343 4971 Qui
1394 4908 1666 4975 percussit
1714 4922 1870 4976 reges
1914 4923 2161 4975 magnos,

2333 4905 2402 4969 ιζ,
2431 4911 2519 4975 ιη’,
2558 4924 2575 4957 ι
2613 4906 2702 4975 Τῷ
2732 4907 3035 4972 πατάξαντι
3070 4908 3306 4979 βασιλεῖς
3337 4905 3637 4975 μεγάλους,
3670 4905 3753 4958 ὅτι
3773 4905 3852 4967 εἰς

587 4994 846 5062 quoniam
886 4995 939 5048 in
977 5006 1242 5051 aternum
1278 4999 1656 5053 misericordia
1685 5000 1825 5069 ejus.
1870 4999 1933 5053 Et
1959 5000 2150 5053 occidit

2263 4996 2353 5050 τὸν
2388 4996 2560 5049 αἰῶνα
2584 4999 2644 5051 τὸ
2671 4999 2819 5062 ἕλεος
2844 5001 3033 5054 αὑτοῦ.
3065 5002 3171 5054 Kal
3195 4999 3582 5053 ἀποκτείναντι
3612 4998 3852 5067 βασιλεῖς

586 5101 742 5153 rcges
792 5084 1002 5150 fortes,
1053 5088 1313 5156 quoniam
1366 5091 1418 5143 in
1467 5101 1729 5144 aeternum
1783 5092 2157 5147 misericordia

587 5179 729 5248 ejus.
770 5196 790 5231 ι
842 5180 1171 5236 Summatim
1208 5184 1323 5237 haec
1350 5182 1461 5253 jam
1495 5183 1931 5253 explanavimus.

2268 5089 2586 5159 κραταιοὺς,
2619 5093 2702 5145 ὅτι
2738 5094 2818 5155 εἰς
2842 5093 2933 5146 τὸν
2967 5094 3143 5159 αἰῶνα
3190 5094 3249 5145 τὸ
3278 5093 3423 5155 ἔλεος
3455 5091 3649 5147 αὐτοῦ.
3688 5112 3705 5144 ι
3764 5092 3853 5144 Ἐν

2267 5179 2545 5253 κεφαλαίῳ
2595 5183 2692 5237 καὶ
2728 5184 2934 5239 τούτων
2975 5185 3077 5257 ἤδη
3117 5183 3215 5257 τὴν
3245 5183 3548 5257 ἑρμηνείαν
3592 5184 3853 5255 ἐποιησὰ-

2270 5272 2430 5343 μεθα.

1684 5469 1924 5526 VARIIE
1956 5469 2347 5530 LECTIONES
2375 5472 2461 5528 ET
2503 5471 2738 5529 NOTAE.

604 5714 614 5726 ‘
689 5654 731 5736 1“
770 5654 878 5707 Διὰ.
919 5656 1178 5736 {curcur-.-
1203 5656 1361 5736 _cod_._
1401 5657 1525 5736 _i_6t’
1550 5659 1807 5736 ἑκάστου.
1868 5661 1912 5690 ⁷³
1949 5659 2088 5727 Τήν.
2126 5677 2150 5715 c

2292 5662 2310 5715 ι
2351 5677 2555 5736 praem.
2588 5664 2652 5736 6._
2715 5662 2760 5736 ’ἦ
2828 5664 3069 5732 Ῥητῶν.
3099 5665 3172 5719 ib.
3203 5664 3403 5736 ζητῶν.
3483 5667 3530 5699 7‘
3558 5666 3751 5719 Tof-ro
3784 5696 3853 5706 —

592 5722 872 5807 ξαςῇγαγε.
906 5724 1056 5807 _De_s._
1107 5726 1241 5783 ibid.
1318 5728 1362 5758 ⁷⁸
1401 5727 1669 5796 ’Υψηλῷ.
1716 5730 1878 5786 Hebr.
1930 5722 2144 5787 extenso

2283 5722 2517 5799 Λὺτοῒς.
2553 5733 2676 5788 cbd.
2742 5735 2766 5788 1
2799 5722 2926 5790 Μαί
2972 5739 3125 5807 φησί.
3170 5722 3229 5777 τί
3256 5722 3387 5794 Kal.
3426 5741 3546 5794 coil.
3591 5740 3614 5791 1
3654 5736 3763 5807 τῷ,
3792 5744 3852 5789 ut

590 5789 646 5843 ill
679 5789 822 5848 téxtit
863 5796 969 5847 τῶν
1002 5801 1077 5851 U'.
