3996 6474
185 350 315 415 1925

1481 344 1563 404 ΙΝ
1602 343 1807 406 PSAL.
1847 342 2152 406 CXXXVI.

3302 334 3443 400 19%.

254 460 336 526 ιϐ’,
369 476 440 514 κ.
485 476 504 510 ι
547 456 650 511 Τὸν
688 454 843 527 Σηὼν
878 441 1107 527 βασιλέα
1137 455 1247 509 τῶν
1285 456 1652 528 Ἀμορραίων,
1681 457 1764 515 ὃτι

1942 453 2105 509 Vens.
2140 455 2206 509 19
2233 452 2325 510 20.
2363 471 2381 505 ι
2431 452 2687 508 Sibonem
2735 464 2921 522 regem
2960 448 3438 508 Amorrltmorum,

186 556 264 618 εἰς
286 554 376 607 τὸν
412 552 585 605 αἰῶνα
620 550 682 604 τὸ
710 550 857 613 ἔλεος
890 547 1079 603 αὑτοῦ.
1115 549 1227 603 Καὶ
1254 549 1348 603 τὸν
1380 551 1482 617 Ὢγ
1529 548 1753 620 βασιλέα

1894 550 2124 617 quoniam
2170 549 2225 602 in
2268 554 2535 603 teternum
2577 542 2958 600 misericordia
2982 543 3122 612 ejus.
3170 540 3237 595 Et
3265 539 3441 611 Ognm

188 646 281 716 τῆς
303 643 506 709 Βασὰν,
536 645 618 696 ὅτι
653 644 733 704 εἰς
760 641 853 693 τὸν
887 640 1061 693 αἰῶνα
1093 640 1156 692 τὸ
1185 640 1332 704 ἕλεος
1368 639 1557 694 αὐτοῦ.
1597 659 1616 691 r
1648 640 1761 710 Οὐχ

1863 658 2044 712 regem
2080 641 2280 707 Basan‘,
2336 640 2597 710 quoniam
2646 639 2702 692 in
2740 648 3006 692 aeternum
3066 633 3441 689 misericordia

192 736 368 799 ἁπλῶς
393 734 472 799 δέ,
496 735 625 797 τοὺς
651 732 848 797 ἄλλους
883 730 1215 804 παραλιπὼν
1251 730 1526 802 βασιλέας.
1556 732 1763 786 τούτων

1894 734 2001 804 jus.
2045 753 2064 786 ι
2102 732 2221 787 Non
2255 741 2465 789 temere
2487 738 2694 793 autem,
2737 729 2876 784 alios
2920 742 3076 798 reges
3103 726 3441 797 prazteriens,

189 827 545 898 διαφερόντως
588 825 857 897 ἐμνήσθη,
889 824 1026 879 ἀλλὰ
1073 824 1166 877 τὸν
1196 823 1325 877 λαὸν
1350 822 1452 893 τῆς
1483 822 1763 877 θεοσδότου

192 921 340 991 νίκης
367 918 835 989 ἀναμιμνήσκων·
871 916 963 969 ἐπὶ
990 914 1150 987 ῥώμη
1193 916 1301 986 γὰρ
1334 909 1501 982 οὗτοι,
1541 915 1637 968 καὶ
1675 915 1765 968 δυ-

193 1014 430 1084 ναστείᾳ,
478 1013 574 1065 καὶ
624 1009 845 1082 μεγέθει
895 1008 1149 1079 σώματος
1186 1007 1563 1079 ἐσεμνύνοντο.
1604 1008 1661 1059 'O
1707 1006 1766 1060 δὲ

198 1108 293 1175 Ὢγ
327 1108 421 1160 καὶ
448 1106 604 1176 κλίνῃ
633 1106 902 1175 ἐκέχρητο
936 1104 1150 1174 σιδηρᾷ,
1189 1102 1280 1155 διὰ
1306 1102 1368 1155 τὸ
1391 1101 1485 1155 τοῦ
1515 1099 1767 1171 σώματος

198 1198 417 1269 μέγεθος
446 1195 604 1249 ἐννέα
642 1194 742 1266 μὲν
765 1196 962 1265 πήχεις
995 1194 1056 1246 τὸ
1085 1193 1285 1264 μῆκος,
1319 1192 1478 1245 πέντε
1507 1190 1565 1243 δὲ
1593 1190 1654 1243 τὸ
1680 1182 1770 1243 εὗ-

197 1307 283 1361 ρος
320 1287 541 1359 ἐχούσῃ.

262 1472 365 1532 κα¹,
400 1466 506 1537 κβ’.
544 1485 562 1517 ι
598 1463 710 1518 Καὶ
742 1463 889 1517 δόντι
934 1463 1032 1535 τὴν
1061 1462 1166 1533 γῆν
1192 1462 1559 1533 κληρονομίαν
1583 1460 1652 1527 ⁷⁸,
1687 1463 1771 1516 ὅτι

198 1563 274 1625 εἰς
313 1560 404 1614 τὸν
432 1557 608 1613 αἰῶνα
638 1558 699 1610 τὸ
725 1556 874 1620 ἐλεος
904 1554 1095 1609 αὑτοῦ.
1138 1553 1524 1625 Κληρονομίαν
1555 1552 1773 1625 Ἰσραὴλ

196 1652 360 1722 δούλῳ
413 1649 601 1710 αὑτοῦ,
637 1649 720 1702 ὃτι
768 1649 850 1711 εἰς
890 1646 983 1700 τὸν
1026 1644 1200 1701 αἰῶνα
1243 1644 1304 1698 τὸ
1338 1644 1486 1706 ἕλεος
1527 1644 1713 1697 αὐτοῦ.
1747 1662 1768 1695 ι

200 1745 473 1804 Ἀπαντας
531 1741 638 1814 γὰρ
677 1741 916 1804 ἐκείνους
966 1738 1183 1810 θανάτῳ
1234 1736 1642 1802 καταναλώσας,
1682 1735 1774 1790 τὸν

208 1835 425 1907 Ἰσραὴλ
450 1832 716 1902 δεσπότην
737 1831 834 1899 τῆς
859 1829 1085 1883 ἐκείνων
1104 1829 1344 1899 ἐπέφηνε
1373 1829 1419 1861 ⁷⁸
1448 1827 1568 1898 γῆς.

267 1927 373 1995 κγ’,
399 1926 497 1982 κδ’.
537 1943 556 1977 ι
599 1925 724 1977 Ὅτι
758 1926 815 1977 ἐν
857 1925 926 1992 τῇ
958 1919 1284 1976 ταπεινώσει
1329 1918 1486 1989 ἡμῶν
1528 1915 1775 1989 ἐμνήσθη

197 2023 355 2095 ήμῶν
374 2021 404 2074 6
427 2019 652 2091 Κύριος,
681 2019 763 2071 ὃτι
786 2020 867 2081 εἰς
886 2016 979 2071 τὸν
1002 2016 1177 2069 αἰῶνα
1200 2014 1259 2067 τὸ
1280 2014 1428 2078 ἐλεος
1452 2012 1640 2068 αὐτοῦ.
1664 2012 1778 2065 Καὶ

199 2113 543 2184 ἐλυτρώσατο
588 2110 736 2181 ἡμᾶς
758 2112 823 2162 ἐκ
847 2108 956 2162 τῶν
1000 2105 1209 2178 ἐχθρῶν
1245 2104 1423 2176 ἡμῶν,
1455 2105 1538 2158 ὅτι
1567 2105 1647 2168 εἰς
1686 2103 1777 2156 τὸν

199 2207 369 2262 αἰῶνα
407 2204 469 2258 τὸ
507 2203 654 2259 ἔλεος
686 2200 877 2255 αὐτοῦ.
912 2219 932 2252 ι
974 2200 1268 2270 Μέμνηται
1305 2198 1512 2251 τούτων
1540 2196 1586 2229 ⁸ο
1616 2195 1710 2247 καί
1749 2194 1779 2247 6

204 2298 472 2369 μακάριος
501 2294 703 2364 Μωσῆς
729 2308 743 2323 ο
781 2311 801 2345 ι
841 2289 1165 2356 Ἑστέναξαν
1197 2290 1328 2362 γὰρ,
1360 2288 1546 2359 φησὶν,
1580 2290 1629 2342 οἰ
1671 2287 1780 2342 υἰοί

212 2388 429 2462 Ἰσραὴλ
472 2386 581 2440 ἀπὸ
625 2385 734 2438 τῶν
787 2384 991 2457 ἐργων,
1033 2383 1127 2438 καὶ
1172 2381 1338 2453 ἀνέϐη
1383 2383 1416 2452 ή
1454 2380 1551 2452 βοὴ
1598 2381 1780 2436 αὐτῶν

202 2484 337 2556 πρὸς
388 2481 481 2536 τὸν
532 2480 687 2534 Θεόν.
743 2479 855 2532 Καὶ
909 2475 1288 2548 αἰχμαλώτους
1335 2475 1391 2529 δὲ
1418 2474 1581 2529 πάλιν
1630 2492 1782 2544 γενο-

204 2582 400 2652 μένους
452 2575 702 2649 ᾤκτειρε,
740 2575 833 2630 καί¹
871 2576 952 2638 εἰς
1002 2572 1101 2645 τὴν
1149 2572 1412 2645 πατρῴαν
1459 2573 1782 2644 ἐπανήγαγε

200 2691 372 2744 γην.»

270 2772 372 2821 κε’.
407 2784 426 2817 ι
461 2764 522 2818 'O
553 2762 726 2826 διδοὺς
762 2759 970 2833 τροφὴν
1012 2758 1163 2832 πάσῃ
1205 2756 1390 2830 σαρκὶ,
1435 2756 1518 2810 δτι
1563 2756 1645 2821 εἰς
1689 2756 1783 2811 τὸν

203 2859 377 2915 αἰῶνα
408 2857 471 2911 τὸ
498 2856 645 2919 ἕλεος
670 2854 858 2919 αὑτοῦ.
889 2872 909 2907 ›
958 2852 1093 2906 Ἀπὸ
1130 2851 1231 2922 τῆς
1262 2850 1499 2922 μερικῆς
1527 2849 1783 2921 προνοίας

205 2952 369 3007 πάλιν
400 2950 493 3003 ἐπὶ
527 2948 626 3019 τὴν
663 2946 897 3001 καθόλου
945 2944 1171 3015 μετέϐη,
1198 2942 1297 3014 τὴν
1337 2932 1469 3014 περί
1502 2942 1713 3004 πάντας
1737 2942 1783 2973 ⁸¹

1865 827 1969 883 hos
2026 826 2378 896 potissimum
2439 825 2494 879 in
2542 823 2783 879 medium
2837 820 3040 887 attulit,
3094 819 3189 874 sed
3241 818 3445 889 populo

1865 921 2155 977 victoriam
2189 921 2457 976 divinitus
2500 931 2821 974 concessam
2851 915 2905 969 in
2936 914 3259 969 memoriam
3283 928 3446 967 revo-

1867 1028 2001 1069 cans
2040 1032 2053 1069 :
2090 1013 2534 1084 quandoquidem
2561 1011 2650 1066 isti
2673 1009 2744 1063 ob
2772 1009 2962 1073 robur,
2993 1016 3047 1062 et
3077 1012 3093 1030 ‘
3119 1004 3443 1076 potentiam,

1868 1115 1924 1161 et
1954 1106 2204 1175 corporis
2230 1102 2663 1175 magnitudinem
2706 1098 3103 1170 gloriabantur.
3137 1096 3205 1150 Et
3237 1094 3316 1166 Og
3340 1095 3448 1151 fer-

1870 1214 1966 1254 reo
2007 1199 2173 1253 etiam
2234 1200 2376 1252 lecto
2435 1196 2693 1251 utebatur
2724 1194 2776 1258 ά,
2821 1193 2983 1263 cujus
3034 1191 3341 1261 longitudo,
3376 1189 3449 1245 ob

1871 1290 2125 1361 corporis
2182 1286 2654 1360 magnitudinem,
2701 1301 2895 1343 novem
2948 1286 3258 1341 cubitorum
3308 1291 3446 1349 erat,

1870 1394 1927 1441 et
1962 1384 2204 1454 quinque
2243 1383 2497 1438 latitudo.

1953 1476 2116 1532 Vens.
2153 1476 2243 1539 21,
2276 1474 2366 1531 2‘2.
2403 1492 2423 1526 ‹
2460 1474 2526 1530 Ει
2558 1473 2707 1529 dedit
2737 1483 2936 1527 terram
2987 1486 3177 1527 eorum
3219 1471 3452 1528 hatredi-

1873 1577 2083 1631 tatem,
2133 1567 2394 1636 quoniam
2436 1565 2489 1621 in
2554 1576 2820 1621 aeternum
2871 1562 3254 1620 misericordia
3307 1564 3449 1634 ejus.

1876 1660 2263 1716 llaereditatem
2312 1658 2498 1713 lsraeli
2540 1672 2698 1731 servo
2731 1672 2852 1721 suo,
2907 1657 3166 1727 quoniam
3198 1656 3253 1710 in
3288 1665 3451 1711 aeter-

1876 1769 2008 1808 num
2047 1752 2429 1807 misericordia
2479 1750 2622 1821 ejus.
2671 1768 2690 1801 ›
2723 1750 2926 1804 Omnes
2969 1749 3115 1804 enim
3152 1749 3277 1805 illos
3326 1765 3452 1803 cum

1813 1848 1854 1903 Β
1882 1852 2058 1899 morte
2088 1842 2399 1908 multasset,
2431 1842 2685 1897 lsraelem
2724 1840 3006 1895 dominum
3058 1848 3216 1896 terra:
3254 1839 3455 1896 cil'ecit.

1951 1934 2121 1991 Vens.
2149 1936 2241 2001 Q3,
2265 1927 2357 1990 26.
2396 1954 2416 1987 ‹
2442 1933 2579 2000 Quia
2610 1934 2666 1988 in
2696 1933 3005 1988 humilitate
3026 1942 3212 1988 nostra
3245 1949 3456 1988 memor

1878 2028 1985 2085 fuit
2009 2030 2207 2092 nostri,
2235 2028 2495 2100 quoniam
2528 2027 2582 2082 in
2614 2036 2879 2082 aeternum
2912 2026 3285 2082 misericordia
3309 2027 3451 2097 ejus.

1878 2120 1945 2176 Et
1997 2122 2231 2176 redemit
2282 2137 2382 2176 nos
2413 2120 2482 2175 ab
2520 2118 2763 2175 inimicis
2804 2119 3030 2186 nostris,
3084 2120 3344 2189 quoniam
3399 2120 3454 2175 in

1878 2225 2146 2268 aeternum
2180 2212 2553 2269 misericordia
2587 2212 2731 2282 ejus.
2768 2235 2787 2264 ι
2831 2211 3037 2266 [lorum
3062 2212 3226 2267 etiam
3263 2212 3455 2268 beatus

1878 2306 2056 2363 Moses
2087 2305 2423 2361 mentionem
2456 2304 2586 2361 facit
2619 2323 2632 2360 :
2672 2325 2692 2358 ι
2729 2302 3121 2376 lngemuerunt
3164 2305 3335 2371 enim,
3373 2307 3458 2361 in-

1880 2399 2020 2469 quit,
2050 2398 2143 2451 ﬁlii
2173 2396 2339 2451 Israel
2363 2396 2433 2451 ob
2455 2411 2647 2467 opera,
2675 2405 2729 2452 et
2755 2397 3001 2453 ascendit
3023 2397 3233 2452 clamor
3262 2415 3455 2455 eorum

1886 2487 2101 2559 1524
2136 2487 2202 2542 ad
2241 2488 2410 2543 Deum
2435 2488 2592 2545 °.rEl
2609 2502 2733 2544 cum
2760 2502 2953 2543 rursus
2994 2488 3191 2556 captivi
3239 2490 3457 2546 abdumi

1880 2590 2090 2646 essent,
2115 2580 2375 2635 misertus
2401 2587 2487 2635 est
2511 2589 2566 2635 et
2593 2580 2648 2634 in
2670 2581 2907 2650 patrium
2932 2581 3110 2637 solum
3134 2581 3376 2641 reduxit.
3413 2582 3416 2584 ⁷

1953 2758 2119 2814 Vens.
2155 2757 2246 2814 25.
2290 2777 2309 2810 ι
2337 2756 2441 2824 Qui
2470 2757 2564 2812 dat
2589 2770 2771 2813 eseam
2797 2757 2947 2813 omni
2971 2761 3149 2826 carni,
3197 2760 3457 2830 quoniam

1884 2848 1940 2904 in
1972 2859 2239 2904 aeternum
2274 2849 2656 2903 misericordia
2686 2849 2828 2918 ejus.
2862 2868 2881 2901 ι
2918 2850 2959 2904 Α
2995 2852 3309 2921 particulari
3342 2871 3457 2924 pro-

1888 2940 2132 2997 videntia
2170 2956 2365 2995 rursus
2414 2940 2482 2994 ad
2516 2941 2823 3009 generalem
2860 2943 3097 3009 transiit,
3133 2944 3225 2998 Dei
3270 2961 3461 3000 curam

203 3042 295 3097 τοῦ
346 3039 486 3093 Θεοῦ
528 3037 816 3110 κηρύττων
845 3034 1195 3107 κηδεμονίαν.
1224 3035 1298 3089 Οὐ
1328 3033 1437 3105 γὰρ
1478 3035 1641 3103 μόνον
1674 3034 1780 3097 τοῖς

1894 3034 2041 3088 circa
2076 3048 2273 3087 omnes
2307 3033 2638 3101 praedicans.
2687 3033 2810 3088 Non
2839 3035 2984 3088 enim
3020 3034 3334 3093 hominibus
3370 3054 3464 3094 so-

205 3131 536 3204 άνθρώποις,
591 3128 729 3183 ἀλλὰ
760 3128 999 3189 καὶτοῖς
1044 3125 1261 3193 ἀλόγοις
1308 3124 1408 3194 τὴν
1450 3123 1780 3194 κατάλληλον

1894 3126 2025 3193 lum,
2068 3127 2162 3182 sed
2209 3126 2375 3181 etiam
2433 3127 2645 3182 ratione
2694 3128 3009 3184 carentibus
3053 3131 3466 3187 convenientem

206 3201 512 3293 πρασεέρει
544 3219 771 3291 τροφήν.
806 3215 963 3271 Οὕτω
995 3216 1089 3269 καὶ
1121 3217 1149 3268 6
1174 3215 1377 3287 Κύριος
1400 3218 1458 3268 ἐν
1487 3217 1599 3278 τοῖς
1630 3214 1780 3286 ἱεροῖς

1896 3216 2079 3271 cibum
2114 3216 2335 3287 praebet.
2371 3216 2464 3271 Sic
2498 3216 2665 3271 etiam
2699 3215 2964 3271 Dominus
3000 3218 3053 3272 in
3088 3220 3259 3276 sacris
3291 3219 3470 3275 Evan-

208 3315 568 3385 Εὐαγγελίοις
591 3329 605 3344 ο
647 3331 666 3364 ι
706 3309 1083 3380 ’Λποϐλέψατε
1116 3309 1161 3341 ⁸⁸
1196 3309 1276 3372 εἰς
1326 3307 1395 3361 τὰ
1429 3308 1657 3361 πετεινὰ
1694 3307 1780 3361 τοῦ

1895 3309 2052 3381 geliis
2085 3309 2208 3364 ait:
2247 3328 2265 3360 ι
2321 3308 2596 3378 Respicite
2644 3310 2887 3365 volatilia
2940 3312 3088 3377 cmli,
3138 3328 3260 3383 quae
3294 3331 3472 3385 neque

207 3407 467 3479 οὐρανοῦ,
504 3403 691 3460 ἂοῦτε
722 3403 960 3474 σπείρει,
1007 3400 1130 3454 οὔτε
1180 3398 1403 3467 συνάγει
1450 3400 1531 3462 εἰς
1583 3397 1780 3470 ἀποθή-

1897 3411 2109 3466 serunt,
2160 3417 2339 3472 neque
2382 3412 2719 3473 congregant
2768 3403 2823 3458 in
2858 3404 3076 3471 horrea,
3099 3415 3153 3461 et
3193 3405 3351 3463 Pater
3385 3426 3475 3465 ve-

211 3519 338 3565 κας,
374 3501 472 3554 καὶ
505 3498 533 3549 6
561 3496 752 3567 Πατὴρ
780 3494 977 3565 ὑμῶνό
1007 3493 1257 3566 οὐράνιος
1288 3492 1481 3564 τρέφει
1511 3491 1670 3545 αὑτά.
1701 3510 1719 3543 ι

283 3600 400 3660 κς’.
439 3612 458 3645 ι
488 3587 931 3660 Ἐξομολογείσθε
957 3585 1036 3656 τῷ
1064 3586 1183 3657 Θεῷ
1207 3584 1299 3639 τοῦ
1329 3584 1581 3657 οὐρανοῦ,
1604 3585 1687 3638 ὅτι
1717 3585 1798 3647 εἰς

210 3688 305 3743 τὸν
335 3687 506 3741 αἰῶνα
530 3685 589 3738 τὸ
616 3672 984 3746 ἐλιεοςαὺτοῦ.
1011 3698 1029 3731 ι
1057 3680 1284 3733 Πάντων
1308 3679 1407 3749 μὲν
1432 3677 1566 3740 Θεὸς
1589 3680 1617 3731 6
1643 3677 1793 3740 Θεός’

216 3780 441 3834 πάντων
474 3776 581 3845 γάρ
624 3776 742 3827 ἐστι
783 3772 1016 3843 ποιητής
1036 3786 1049 3801 ο
1078 3769 1309 3840 οὐρανοῦ
1343 3770 1400 3822 δὲ
1426 3770 1632 3838 κυρίως
1662 3785 1799 3839 χρη-

217 3868 441 3942 ματίζει
468 3865 620 3930 Θεὸς,
650 3865 755 3918 ὑπὸ
779 3864 888 3917 τῶν
919 3865 977 3915 ἐν
1002 3861 1217 3932 οὐρανῷ
1240 3861 1609 3930 διαιτωμένων
1636 3858 1803 3928 ἀγγέ-

192 3963 328 4017 -λων
364 3959 802 4032 θεραπευόμενος
827 3971 842 3985 ο
878 3958 1058 4009 ἐκεῖνο
1086 3955 1197 4025 γὰρ
1235 3953 1295 4007 τὸ
1326 3953 1523 4025 χωρίον
1560 3952 1801 4023 καθαρὸν

216 4055 523 4129 ἁμαρτίας.
638 4126 639 4129 η

506 4165 773 4221 EPMHN.
815 4164 954 4218 ΤΟΥ
999 4163 1163 4231 ΡΛΕῙ’
1200 4163 1522 4218 ΨΑΛΜΟΥ.

292 4280 467 4349 Οὗτος
520 4284 548 4337 6
606 4281 821 4353 ψαλμὸς
881 4279 1261 4352 ἀνεπίγραφος
1322 4279 1456 4349 παρ’
1494 4277 1804 4367 Ἐξραίοιςο

220 4384 403 4453 θρασὺ
458 4380 518 4434 δέ
568 4396 716 4441 τινες
762 4379 996 4448 πρᾶγμα
1029 4375 1426 4446 τετολμηκότες
1464 4372 1805 4444 ἐπέγραψαν,

228 4473 370 4541 «Tir
406 4471 572 4525 Aa6‘t6
614 4470 704 4524 διὰ
741 4466 1097 4539 Ὶερεμίου⁸³·
1139 4484 1157 4516 ι
1198 4467 1293 4519 καὶ
1345 4464 1681 4536 προσέθεσαν
1727 4465 1807 4528 τὸ,

1898 3503 2010 3550 ster
2040 3495 2277 3550 caelestis
2304 3496 2482 3565 pascit
2513 3496 2603 3550 illa
2640 3493 2683 3550 ί.
2727 3514 2746 3555 ι

1970 3584 2137 3641 Vens.
2196 3587 2288 3643 26.
2349 3607 2368 3639 ι
2428 3589 2776 3645 Conﬁtcmini
2815 3590 2949 3659 Deo,
3004 3594 3167 3660 coeli,
3217 3597 3476 3666 quoniam

1903 3679 1957 3734 in
1990 3690 2255 3735 aeternum
2294 3682 2671 3737 misericordia
2701 3683 2841 3752 ejus.
2890 3703 2908 3734 ι
2960 3682 3219 3741 Omnium
3253 3689 3476 3757 quidem

1902 3771 2050 3828 Deus
2080 3783 2162 3827 est
2193 3771 2356 3838 Deus,
2392 3773 2639 3827 omnium
2693 3776 2837 3829 eiiim
2867 3786 2953 3831 est
2983 3778 3185 3846 opifex,
3228 3781 3320 3836 sed
3355 3797 3483 3851 pro-

1904 3864 2023 3933 prie
2058 3864 2182 3918 ειειί
2220 3864 2362 3918 Deus
2392 3874 2769 3932 nuncupatur,
2817 3868 2962 3936 quod
3016 3870 3086 3923 ab
3119 3872 3348 3940 angelis,
3388 3875 3483 3944 qui

1905 3956 1960 4010 in
1991 3956 2147 4011 caelis
2167 3956 2391 4026 degunt,
2422 3955 2639 4010 colatur
2669 3974 2684 4011 :
2714 3956 2805 4013 ille
2832 3958 2980 4014 enim
3005 3961 3158 4018 locus
3193 3979 3222 4018 a
3255 3976 3484 4035 peccato

1906 4063 2080 4119 purus
2113 4056 2216 4104 est.

2260 4158 2537 4215 INTERP.
2572 4159 2828 4217 PSALMI
2853 4162 3142 4220 CXXXVI.

1980 4272 2083 4329 llic
2137 4272 2382 4342 psalmus
2434 4274 2552 4329 sine
2619 4274 2781 4330 titulo
2833 4286 2917 4331 est
2982 4278 3123 4346 apud
3177 4277 3431 4338 Hebraeos
3474 4301 3491 4339 :

1914 4367 2007 4421 Sed
2061 4366 2311 4419 nonnulli
2366 4382 2478 4420 rem
2531 4366 2796 4422 audacem
2842 4368 3001 4435 ausi,
3061 4371 3493 4443 inscripserunt,

1924 4482 1941 4512 ι
1986 4461 2174 4515 Davidi
2224 4475 2319 4530 per
2369 4458 2688 4526 Jeremiam,
2728 4480 2747 4513 ι
2798 4471 2853 4515 et
2891 4463 3266 4521 addiderunt:
3304 4486 3323 4518 ι
3366 4468 3497 4525 Sine

230 4585 251 4617 ι
292 4564 701 4631 Ἀνεπίγραφος
752 4561 883 4631 παρ’
924 4558 1215 4629 Ἑϐραίοις.
1262 4576 1281 4609 ι
1331 4557 1444 4610 Καὶ
1481 4556 1615 4610 αὐτὸ
1658 4556 1716 4609 δὲ
1755 4574 1780 4609 τ

1923 4555 2080 4609 titulo
2134 4552 2274 4620 apud
2334 4552 2615 4608 Hebr-zicus.
2662 4572 2680 4605 ι
2740 4554 2910 4607 Porro
2972 4555 3073 4610 hoc
3126 4557 3500 4629 inscriptionis

224 4658 461 4725 πλάσμα
509 4657 607 4724 τῆς
639 4651 951 4723 ἐπιγραφῆς
991 4649 1250 4721 κηρύττει
1292 4647 1402 4702 τῶν
1446 4649 1817 4720 ἐπιγεγραφό-

1920 4647 2238 4716 ﬁgmentum
2297 4644 2584 4699 stultitiam
2625 4660 2858 4708 eorum,
2914 4646 3007 4715 qui
3058 4649 3498 4718 inscripserunt,

222 4769 339 4804 των
387 4751 488 4819 τὴν
537 4750 744 4802 ἄνοιαν.
789 4743 1056 4815 Ἱερεμίας
1095 4744 1203 4811 γάρ
1246 4741 1347 4795 οὐκ
1398 4744 1477 4803 εἰς
1522 4740 1779 4793 Βαϐυλῶν

1920 4740 2032 4806 prie
2059 4752 2117 4791 se
2148 4734 2274 4791 fert.
2313 4734 2584 4792 Jcrcmias
2618 4739 2764 4792 enim
2798 4739 3127 4811 Babylonem
3165 4757 3287 4796 cum
3322 4746 3501 4815 capti-

226 4842 375 4914 μετὰ
403 4840 513 4893 τῶν
540 4837 894 4909 δορυαλώτων
917 4835 1162 4904 ἀπήχθη,
1189 4832 1304 4886 ἀλλ’
1333 4831 1516 4901 ὀλίγον
1539 4833 1597 4885 ἐν
1626 4834 1690 4903 τῇ
1721 4830 1780 4883 Ἱε

1919 4828 2003 4881 vis
2037 4842 2144 4880 non
2195 4834 2281 4880 est
2328 4827 2621 4891 abductus,
2666 4830 2760 4883 sed
2816 4846 2942 4884 cum
2992 4848 3185 4901 parum
3244 4838 3503 4906 temporis

229 4932 525 5006 ρουσαλὴμ
577 4930 781 4998 διάγων
811 4928 857 4959 ⁸⁸
897 4927 1110 4998 χρόνον.
1163 4925 1270 4978 ὑπὸ
1320 4925 1430 4977 τῶν
1487 4923 1780 4993 παρανόμω

1921 4917 2319 4987 Hierosolyma:
2361 4918 2610 4981 vixisset,
2667 4919 2735 4973 ab
2785 4919 2986 4990 iniquis
3026 4923 3230 4981 Judaeis
3281 4937 3507 4985 coactus

226 5026 486 5097 βιασθεὶς
514 5022 805 5087 Ἰουδαίων,
836 5020 937 5089 τῆς
961 5021 1040 5082 εἰς
1064 5018 1340 5086 Αἴγυπτον
1362 5017 1545 5080 αὐτοῖς
1576 5014 1697 5069 ὁδοῦ
1727 5031 1780 5068 κε

1922 5010 1979 5065 in
2006 5010 2301 5082 Egyptum
2332 5027 2456 5065 cum
2492 5011 2646 5066 ‘illis
2674 5012 2846 5067 abire.
2877 5012 3165 5079 Quomodo
3187 5019 3351 5089 igitur
3374 5036 3507 5076 con-

224 5121 563 5189 κοινώνηκε·
592 5120 710 5182 πῶς
742 5117 923 5170 τοίνυν
949 5114 1211 5184 ἁρμόττει
1241 5111 1321 5183 τῷ
1356 5110 1593 5183 Ἱερεμίᾳ
1616 5109 1780 5177 λέγειι

1928 5104 2080 5158 venit
2113 5101 2365 5159 Ieremia:
2394 5105 2578 5159 dicere
2613 5119 2626 5159 :
2662 5124 2681 5156 ι
2716 5106 2795 5159 Ad
2832 5105 3055 5163 ﬂumina
3091 5109 3402 5182 Babylonis,
3430 5114 3506 5171 ibi

233 5232 254 5266 ι
291 5214 424 5267 Ἐπὶ
474 5210 584 5263 τῶν
631 5208 891 5278 ποταμῶν
938 5204 1275 5269 Βαϐυλῶνος,
1322 5204 1440 5256 ἐκεῖ
1483 5201 1780 5270 ἐκαθίσαμε

1929 5194 2198 5260 sedimus,
2229 5202 2283 5249 et
2308 5194 2604 5251 ﬂevimus?
2644 5214 2663 5246 ι
2699 5194 2779 5250 llli
2822 5212 2953 5267 ergo
2986 5198 3196 5270 1525
3226 5203 3507 5273 prophetae

806 5372 829 5400 ε
866 5359 1039 5415 Exod.
1071 5374 1132 5423 ιι,
1162 5356 1253 5412 25.
1335 5354 1365 5405 ί.
1387 5353 1578 5410 Matth.
1614 5369 1689 5417 vi,
1723 5353 1815 5408 26.

1328 5495 1567 5551 VARUE
1608 5492 1994 5552 LECTIONES
2022 5492 2110 5547 ET
2147 5490 2385 5549 NOT/E.

305 5366 338 5405 α
374 5365 534 5420 Deut.
564 5378 646 5427 ιιι,
669 5362 727 5417 2.

336 5649 380 5679 ⁷⁸
414 5650 672 5712 Κληρον.
702 5642 755 5696 In
786 5651 935 5712 textu
985 5640 1094 5691 τῶν
1126 5642 1180 5712 O’
1212 5653 1401 5712 przem.
1436 5637 1638 5712 uiderim:
1664 5636 1780 5712 codj

1894 5637 2037 5690 labet
2064 5636 2594 5712 ἀντὶ-κληρονομίας.
2673 5642 2714 5673 ⁷9
2739 5641 2907 5712 εοιίηἰ
2945 5640 3212 5712 ἀπέφηνε.
3291 5642 3338 5676 ⁸ο
3372 5643 3513 5699 Τού-

232 5737 384 5773 των.
427 5718 499 5770 ib.
526 5705 713 5784 praem.
745 5713 820 5784 δέ.
899 5710 941 5784 ⁸)
971 5712 1089 5784 cod.
1122 5705 1385 5784 1λπάντα.
1418 5778 1429 5784 _
1451 5709 1494 5739 ⁸⁸
1524 5708 1658 5762 ibid.
1692 5709 1780 5773 ἐμε

1894 5706 2271 5784 ιατεζωω-ᾼιᾴ
2300 5705 2457 5784 ’Ἱερς
2488 5710 2613 5784 Huic
2640 5711 2929 5784 inscriptio
2951 5705 3084 5765 teste
3113 5710 3275 5765 Bosio
3330 5725 3513 5770 exstat

234 5791 299 5844 in
335 5789 468 5844 edit.
510 5776 631 5840 Ald.
663 5794 718 5839 ει
745 5782 956 5854 Compl.
990 5780 1114 5837 cod.
1155 5780 1309 5834 Alex.
1342 5778 1507 5834 habet
1539 5786 1746 5832 tantum

1931 5776 2118 5841 Δαϐίδ,
2154 5776 2328 5833 Vatic.
2357 5779 2480 5833 add.
2551 5776 2836 5852 Ἱερεμίου.
2892 5782 2939 5814 ⁸³
2998 5785 3121 5837 cod.
3158 5784 3177 5837 l
3210 5783 3510 5855 διαγαγὼν.
