3996 6470
533 356 666 423 1927

1523 346 2019 409 THEODORETI
2056 344 2399 407 EPISCOPI
2433 344 2807 407 CYRENSIS

3675 345 3815 410 1923

530 476 961 546 haudquaquam
996 470 1113 526 haec
1144 466 1441 524 convenire
1469 466 1619 537 patet
1655 482 1719 521 ex
1756 464 2113 535 supradictis.

2236 462 2313 516 ιαὶ
2357 462 2747 546 ἐκλαύσαμενς
2782 480 2802 513 ι
2857 460 2981 515 Ὀτι
3027 459 3127 532 μὲν
3182 458 3437 533 οὕδαμῶς
3484 458 3685 531 ἐκείνῳ
3735 462 3814 532 τῷ

530 567 920 623 Verumtamen
972 561 1169 634 psalmi
1205 575 1403 616 sensus
1451 560 1649 629 planus
1676 568 1781 614 est.
1821 558 1925 623 Qui
1968 558 2115 610 enim

528 658 731 729 captivi
764 656 986 712 fuerant
1023 653 1271 720 abducti,
1321 660 1376 707 et
1413 652 1655 707 reditum
1705 651 2013 714 consecuti.
2053 665 2118 705 ca

526 762 761 808 narrant
792 766 915 823 quae
947 749 1225 820 Babylone
1258 747 1600 804 acciderant.

598 928 764 984 Vsus.
790 928 839 981 Ι.
856 944 875 980 ι
898 925 974 980 Ad
999 924 1223 980 ﬂumina
1248 921 1561 996 Babylonis,
1590 922 1663 977 ibi
1689 923 1933 979 sedimus
1948 933 2001 979 et
2021 922 2119 979 ﬂe-

527 1021 728 1087 vimus,
764 1036 889 1076 cum
937 1018 1357 1075 recordaremur
1391 1032 1493 1073 nos
1528 1016 1735 1072 Sionis.
1779 1036 1799 1069 ι
1829 1017 2119 1073 Mcerentes

530 1116 708 1170 solent
736 1115 952 1170 deserta
977 1114 1095 1168 loca
1114 1121 1320 1183 petere,
1350 1122 1403 1167 et
1427 1110 1499 1165 ibi
1519 1126 1647 1167 suas
1663 1111 2001 1166 calamitates
2024 1113 2121 1167 de-

530 1207 766 1276 plorare.
790 1204 855 1259 lli
899 1204 1065 1274 igitur
1088 1202 1155 1258 ad
1185 1203 1333 1272 ripas
1372 1201 1667 1257 ﬂuviorum
1701 1204 2034 1267 assidentes,
2066 1212 2120 1258 et

529 1315 643 1355 suae
673 1296 991 1368 metropolis
1044 1297 1400 1352 solitudinem
1438 1296 1866 1366 perpendentes,
1920 1298 2121 1353 multas

529 1390 933 1462 profundebant
973 1390 1267 1465 lacrymas,
1321 1393 1615 1448 ﬂuviorum
1662 1392 1863 1449 ﬂuenta
1896 1393 2120 1449 imitan-

528 1494 632 1540 ICS.

603 1688 774 1744 Vens.
807 1688 862 1742 2.
917 1707 936 1741 ι
972 1687 1031 1742 In
1077 1687 1341 1744 salicibus
1371 1689 1425 1742 in
1462 1689 1641 1745 medio
1673 1690 1793 1760 ejus
1827 1690 2121 1760 suspendi-

531 1797 658 1835 mus
697 1795 902 1851 organa
935 1788 1149 1834 nostra.
1192 1799 1209 1832 ι
1240 1778 1695 1850 Quandoquidem
1736 1781 1955 1850 penitus
1986 1781 2119 1851 ipsis

2217 558 2477 630 προφήτῃ
2528 542 2824 628 προσήκει,
2864 556 3027 627 δῆλον
3075 558 3140 610 ἐκ
3179 555 3290 608 τῶν
3322 557 3660 627 εἰρημένων.
3705 556 3814 610 Σαο

2217 649 2325 720 φὴς
2379 649 2437 702 δὲ
2486 650 2636 720 ὅμως
2680 647 2777 702 τοῦ
2813 648 3035 720 ψαλμοῦ
3079 650 3113 718 ἡ
3147 649 3425 711 ὑπόθεσις.
3462 650 3524 702 οι
3554 651 3669 721 γὰρ
3702 652 3809 702 ἀπ-

2217 740 2475 813 αχθέντες
2495 740 2858 812 αἰχμάλωτοι,
2888 741 2984 795 καὶ
3014 744 3113 812 τῆς
3134 740 3398 794 ἐπανόδου
3421 742 3810 813 τετυχηκότες,

2217 830 2532 903 διηγοῦνται
2553 833 2624 885 τὰ
2652 834 2712 886 ἐν
2741 832 3023 885 Βαϐυλῶνι
3060 831 3471 903 συμϐεϐηκότα.

2289 930 2359 976 α’.
2384 942 2404 976 ι
2434 923 2561 977 Ἐπὶ
2584 923 2693 977 τῶν
2716 924 2982 995 ποταμῶν
3017 922 3362 987 Βαϐυλῶνος,
3399 924 3518 975 ἐκεῖ
3548 922 3812 975 ἐκαθίσα-

2222 1038 2347 1091 μεν,
2388 1023 2484 1077 καὶ
2533 1020 2903 1093 ἐκλαύσαμεν,
2935 1023 2995 1075 ὲν
3162 1020 3470 1091 μνησθῆναι
3511 1020 3667 1089 ἡμᾶς
3716 1020 3812 1089 τῆς

2220 1115 2380 1173 Σιών.
2408 1135 2427 1168 ι
2461 1116 2524 1169 Οἱ
2554 1114 2892 1186 ἀθυμοῦντες
2917 1113 3141 1167 εἰώθασι
3171 1113 3240 1166 τὰ
3298 1113 3614 1182 ἐρημότερα
3645 1130 3817 1164 κατα-

2220 1208 2520 1279 λαμϐάνειν
2577 1209 2775 1280 χωρία,
2833 1209 2997 1261 κάκεῖ
3050 1201 3150 1269 τὰς
3197 1207 3403 1268 οἰκείας
3446 1204 3816 1274 ὀλοφύρεσθαι

2222 1301 2532 1371 συμφοράς.
2562 1301 2675 1353 Καὶ
2696 1291 2841 1353 οὗτοι
2864 1299 3042 1353 τοίνυν
3065 1300 3182 1363 ταῖς
3208 1298 3394 1369 ὄχθαις
3415 1298 3526 1350 τῶν
3550 1314 3691 1349 ποτα
3702 1296 3821 1365 μῶν

2221 1394 2695 1466 προσκαθήμενοι,
2733 1393 2957 1464 καὶτῆς
2995 1391 3384 1463 μητροπόλεως
3431 1391 3617 1443 αὐτῶν
3666 1390 3820 1455 λογι-

2222 1485 2442 1556 ζόμενοι
2491 1488 2590 1558 τὴν
2623 1483 2887 1558 ἐρημίαν,
2930 1482 3106 1537 πολλὰ
3147 1484 3412 1555 προέχεον
3441 1483 3679 1554 δάκρυα,
3712 1482 3822 1533 τῶν

2222 1577 2485 1649 ποταμῶν
2521 1579 2853 1650 μιμούμενοι
2886 1575 3157 1648 ῥεύματα.
3724 1604 3727 1607 <

2296 1695 2362 1767 β’.
2396 1715 2414 1747 ι
2457 1694 2583 1747 Ἐπὶ
2604 1696 2723 1757 ταῖς
2753 1692 2924 1756 ἱτέαις
2952 1693 3011 1744 ἐν
3040 1690 3194 1762 μέσῳ
3220 1689 3395 1760 αὐτῆς
3416 1691 3822 1762 ἐκρεμάσαμεν

2221 1789 2292 1842 τὰ
2320 1788 2532 1859 ὄργανα
2558 1786 2740 1858 ἡμῶν.
2773 1805 2790 1838 ι
2828 1786 3113 1857 Ἀχρηστα
3150 1783 3258 1853 γὰρ
3285 1783 3471 1846 αὐτοῖς
3504 1779 3575 1854 ἦν
3610 1801 3822 1837 παντεο

530 1875 750 1931 inutilia
806 1882 985 1938 erant,
1021 1891 1145 1930 cum
1199 1876 1283 1951 lex
1315 1876 1615 1946 praecipiat,
1650 1884 1709 1930 ut
1761 1875 1816 1929 in
1859 1890 1971 1930 uno
1997 1876 2119 1932 loco

2236 1879 2331 1944 itii;
2357 1880 2426 1944 ³⁸,
2474 1879 2570 1932 τοῦ
2629 1880 2794 1949 νόμου
2840 1875 3253 1948 διαγορεύοντος
3302 1876 3362 1929 ὲν
3403 1876 3485 1928 ἐνὶ
3526 1876 3686 1947 τόπῳ
3719 1878 3821 1947 τὴν

531 1968 713 2023 cultus
746 1966 1083 2037 perﬁciatur.

608 2080 772 2136 Vens.
813 2081 867 2135 ὅ.
918 2099 937 2133 ι
986 2079 1126 2147 Quia
1184 2079 1256 2134 ibi
1310 2080 1791 2152 interrogaverunt
1840 2094 1964 2147 nos,
2023 2078 2120 2148 qui

530 2173 781 2245 captivos
823 2173 1104 2228 duxerunt
1152 2188 1278 2239 nos,
1327 2174 1493 2228 verba
1537 2175 1859 2229 cantionum
1894 2179 1989 2227 :et
2026 2170 2121 2241 qui

533 2268 884 2323 abduxerunt
910 2280 1009 2322 nos
1045 2282 1057 2319 :
1097 2264 1370 2337 llymnum
1404 2276 1624 2322 cantate
1654 2267 1819 2327 nobis
1842 2265 1910 2321 de
1944 2264 2122 2320 canti-

536 2362 618 2417 cis
652 2360 859 2416 Sionis.
904 2378 923 2412 ›
956 2359 1252 2414 llludentes
1293 2361 1475 2425 nobis,
1508 2370 1563 2417 et
1595 2360 1798 2416 nostris
1831 2359 2120 2414 calamita-

533 2454 683 2511 tibus
721 2452 1078 2517 insultantes,
1109 2468 1208 2507 nos
1247 2468 1443 2509 canere
1476 2453 1887 2524 praecipiebant,
1929 2460 1987 2508 ut
2022 2466 2125 2505 no-

535 2547 668 2603 stris
722 2544 975 2601 cantibus
1028 2542 1181 2615 ipsos
1212 2543 1680 2611 demulceremus,
1732 2558 1843 2599 non
1890 2554 1952 2599 ut
1992 2542 2123 2599 hinc

533 2626 774 2710 aliquam
829 2637 1119 2694 utilitatem
1161 2638 1527 2709 perciperent,
1560 2640 1655 2693 sed
1692 2649 1753 2693 ut
1790 2646 1981 2693 nostra
2025 2637 2123 2692 de-

535 2734 800 2789 riderent.

601 2846 772 2901 Vnas.
802 2846 855 2901 ιι.
900 2864 920 2898 ί
971 2842 1262 2910 Quomodo
1293 2841 1643 2899 cantabimus
1689 2839 1967 2897 canticum
2014 2838 2125 2894 Do-

537 2940 671 2994 mini
709 2940 764 2994 in
797 2947 942 2993 terra
976 2936 1196 2993 aliena?
1238 2955 1256 2988 ι
1299 2937 1414 2991 Nos
1447 2946 1632 2991 autem
1665 2934 2122 3006 praecipientibus

536 3032 767 3087 minime
798 3030 1325 3101 obtemperavimus,
1355 3030 1595 3086 scientes
1621 3030 1968 3100 iniquitatem
2001 3028 2123 3099 ejus

535 3125 682 3195 quod
726 3125 886 3183 nobis
940 3122 1385 3194 praecipiebatur.
1430 3122 1573 3177 Sane
1613 3122 1733 3177 haec
1777 3122 1996 3193 iniquos
2023 3119 2123 3175 Ju-

2219 1970 2564 2041 λειτουργίαν
2595 1967 2860 2041 πληροῦν.

2291 2088 2363 2151 γ’.
2407 2100 2425 2132 ι
2459 2081 2581 2134 Ὀτι
2612 2081 2728 2134 ἐκεῖ
2765 2078 3132 2151 ἐπηρώτησαν
3163 2082 3310 2152 ἡμᾶς
3342 2082 3392 2134 οἱ
3425 2079 3813 2151 αἱγμαλωτεύ-

2223 2189 2418 2236 σαντες
2469 2173 2642 2243 ἡμᾶς,
2694 2171 2889 2241 λόγους
2944 2172 3098 2243 ᾠδῶν
3121 2188 3136 2204 ·
3187 2173 3282 2226 καὶ
3326 2174 3380 2227 οί
3425 2173 3818 2242 ἀπαγαγόντες

2219 2266 2371 2336 ἡμᾶς
2390 2281 2405 2299 ν
2432 2264 2641 2335 ’Ύμνον
2667 2264 2836 2336 ᾄσατε
2865 2267 2997 2335 ἡμῖν
3022 2266 3088 2318 ἐκ
3114 2264 3225 2317 τῶν
3239 2264 3391 2336 ᾠδῶν
3420 2265 3614 2320 Σιών.)
3660 2266 3817 2319 Ἑπι-

2222 2358 2559 2424 τωθάςοντες
2593 2359 2746 2428 ἡμῖν,
2777 2358 2871 2412 καὶ
2898 2360 3020 2421 ταῖς
3043 2359 3342 2429 ἡμετέραις
3384 2358 3816 2428 ἐπεμϐαίνοντες

2224 2453 2556 2522 συμφοραῖς,
2590 2451 2739 2522 ᾅδειν
2779 2452 2912 2521 ἡμῖν
2952 2450 3227 2509 ἐκέλευον,
3278 2451 3373 2503 καὶ
3432 2454 3554 2514 ταῖς
3612 2453 3817 2521 ἡμετέ-

2227 2560 2350 2614 ραις
2409 2543 2611 2607 αὐτοὺς
2661 2542 3021 2612 καταθέλγειν
3075 2542 3259 2613 ᾠδαῖς,
3294 2542 3395 2612 οὐχ
3430 2541 3517 2596 ἵνα
3560 2541 3818 2596 ἐντεῦθέν

2221 2655 2344 2691 τινα
2373 2636 2611 2691 λάϐωσιν
2640 2635 2934 2705 ὠφέλειαν,
2975 2634 3093 2689 ἀλλ’
3129 2635 3215 2689 ἵνα
3248 2634 3523 2705 γελάσωσι
3557 2636 3627 2690 τὰ
3675 2637 3820 2708 ἡμέ-

2222 2747 2375 2801 τερα.

2295 2846 2355 2903 δ’.
2399 2865 2419 2897 ‹
2455 2844 2835 2933 Πῶςπᾷσωμεν
2860 2846 2959 2917 τὴν
2989 2846 3132 2919 ᾠδὴν
3156 2847 3363 2919 Κυρίου
3394 2847 3489 2902 ἐπὶ
3513 2849 3621 2917 γῆς
3657 2847 3822 2903 ἁλλο-

2223 2941 2413 3013 τρίας;
2455 2959 2473 2992 ι
2529 2941 2721 3012 Ἡμεῖς
2750 2942 2809 2995 δὲ
2840 2941 2935 2994 τοῦ
2972 2941 3452 3011 προστεταγμένου
3481 2941 3542 2994 τὺ
3572 2943 3822 3013 παράνο-

2228 3051 2329 3104 μον
2357 3034 2580 3097 ειδότες,
2610 3035 2710 3088 οὐκ
2740 3034 2967 3105 εἴξαμεν
2997 3034 3044 3067 ⁸⁸
3071 3036 3187 3097 τοῖς
3215 3034 3530 3088 κελεύουσιν
3550 3048 3564 3061 ·
3594 3034 3824 3105 ἔλεγχος

2223 3125 2279 3179 δὲ
2314 3124 2488 3179 ταῦτα
2529 3125 2804 3179 Ἰουδαίων
2829 3126 2939 3179 τῶν
2970 3126 3325 3198 παρανόμων,
3368 3124 3616 3196 πληροῦν
3653 3144 3824 3179 σπου-

535 3221 685 3276 ὐωοε
718 3218 1075 3287 redarguunt,
1110 3216 1287 3286 legem
1331 3216 1560 3285 implere
1583 3215 1891 3280 studentes.
1936 3224 1993 3270 et
2018 3228 2119 3269 ex-

2236 3217 2495 3281 Ξαζόντων
2520 3218 2613 3272 τὸν
2637 3218 2825 3289 νόμον,
2858 3220 2952 3271 καὶ
2985 3217 3091 3283 ἔξω
3119 3219 3229 3272 τῶν
3264 3218 3680 3290 νενομισμένων
3711 3237 3823 3290 χω-

537 3322 622 3368 tra
644 3313 977 3366 constitutos
1003 3310 1155 3366 locos
1184 3309 1381 3381 legalia
1409 3310 1781 3380 perﬁcientes.

606 3425 771 3480 Vens.
800 3425 855 3487 5,
878 3426 931 3479 6.
969 3442 988 3474 ι
1028 3423 1084 3478 Si
1128 3424 1335 3479 oblitus
1385 3424 1544 3479 fuero
1576 3424 1683 3492 tui,
1718 3422 2118 3494 Hierosolyma,

538 3516 805 3574 oblivioni
840 3516 1003 3571 detur
1031 3517 1256 3570 dextera
1288 3530 1428 3570 mea.
1461 3514 1752 3571 Adhzereat
1779 3515 1960 3585 lingua
2002 3530 2123 3569 mea

538 3611 798 3667 faucibus
826 3609 986 3671 meis,
1023 3608 1073 3664 si
1100 3623 1206 3663 non
1241 3607 1549 3663 meminero
1578 3606 1680 3663 tui.
1718 3627 1736 3659 ι
1773 3607 1905 3663 Haec
1938 3622 1967 3660 a
1992 3606 2125 3661 Pro-

430 3699 435 3704 ’
536 3706 704 3773 pheta
744 3702 926 3758 dicere
956 3702 1250 3768 docentur,
1290 3712 1351 3757 ut
1381 3717 1554 3757 sacrae
1582 3701 1825 3757 civitatis
1871 3709 2123 3755 tenacem

537 3796 859 3852 memoriam
884 3795 1143 3862 habeant,
1168 3804 1223 3850 et
1252 3810 1349 3866 spe
1383 3795 1599 3867 1526
1619 3793 1827 3849 reditus
1864 3793 2121 3858 recreati,

537 3900 728 3940 eorum
756 3925 773 3950 ,
819 3884 913 3955 qui
959 3884 1109 3955 ipsos
1156 3886 1214 3940 in
1266 3886 1585 3942 servitutem
1637 3884 1980 3941 abduxerant
2018 3885 2126 3940 im-

540 3980 792 4048 pietatem
837 3993 949 4034 non
1015 3980 1256 4036 discant.
1302 3979 1500 4036 Dicunt
1543 3978 1709 4051 igitur
1740 3998 1755 4035 :
1783 3978 1970 4057 Neque
1998 3993 2125 4034 cum

539 4086 571 4126 a
608 4079 662 4127 te
711 4072 905 4141 procul
952 4086 1155 4136 essem,
1193 4088 1227 4126 ο
1275 4071 1681 4144 Hierosolyma,
1712 4071 1976 4127 oblivioni
2009 4086 2126 4127 me-

539 4164 774 4218 moriam
827 4164 1028 4221 tradidi
1066 4173 1162 4220 :et
1198 4166 1304 4221 hoc
1351 4164 1397 4219 si
1447 4164 1651 4228 fecero,
1693 4165 1798 4220 hoc
1840 4164 2038 4236 patiar,
2073 4172 2127 4219 et

542 4271 842 4326 supernum
885 4258 1152 4312 auxilium
1188 4274 1258 4314 ne
1284 4254 1616 4328 consequar.
1655 4257 1770 4314 Hoc
1797 4257 1942 4313 enim
1969 4265 2128 4312 vocat

542 4349 836 4403 dexteram.
907 4368 925 4401 ι
967 4350 1023 4403 Si
1073 4365 1185 4406 non
1239 4354 1254 4373 ⁴
1307 4367 1543 4422 posuero
1593 4350 2025 4423 Hierosolymam
2069 4351 2125 4406 in

541 4441 816 4513 principio
855 4441 1063 4498 laetitiae
1095 4457 1249 4499 mese.
1295 4463 1314 4497 ι
1346 4444 1656 4512 Summam,
1690 4445 1890 4515 inquit,
1924 4443 2129 4499 laetitiae

2229 3312 2363 3382 ρίων
2390 3311 2792 3366 ἐπιτελούντων
2839 3311 2911 3364 τὰ
2941 3311 3173 3382 νόμιμα.

2296 3425 2358 3486 ε’,
2387 3425 2459 3491 ς’.
2494 3444 2511 3477 ι
2552 3425 2678 3479 Ἐὰν
2704 3423 3059 3495 ἐπιλάθωμαί
3090 3423 3587 3495 σου,’1ερουσαλὴμ
3604 3425 3671 3491 δ’,
3704 3427 3821 3479 ἐπι-

2225 3520 2449 3591 λησθείη
2496 3519 2709 3590 ἡδεξιὰ
2742 3537 2866 3589 μου.
2907 3517 3212 3589 Κολληθείη
3258 3517 3549 3587 ἡγλῶσσά
3596 3536 3698 3587 μου
3743 3518 3822 3589 τῷ

2225 3612 2466 3684 λάρυγγί
2498 3630 2621 3683 μου.
2662 3614 2759 3666 ἐὰν
2790 3613 2861 3682 μή
2899 3628 2993 3664 σου
3042 3609 3287 3682 μνησθῶ.
3316 3628 3333 3660 ι
3363 3608 3552 3663 Ταῦτα
3588 3610 3695 3662 ὑπὸ
3723 3610 3820 3663 τοῦ

2228 3705 2522 3777 Προφήτου
2548 3704 2894 3760 διδάσκονται
2930 3703 3137 3772 λέγειν,
3162 3703 3248 3756 ἵνα
3274 3703 3375 3775 τὴν
3397 3703 3499 3770 τῆς
3534 3703 3689 3772 ἱερᾶς
3726 3703 3823 3756 7:6-

2227 3799 2365 3863 λεως
2402 3799 2635 3871 ἄληστον
2663 3798 2829 3869 ἔχωσι
2862 3798 3106 3869 μνήμην,
3139 3796 3196 3849 ἐν
3221 3797 3342 3859 ταῖς
3369 3795 3553 3848 ἐλπίσι
3584 3797 3685 3865 τῆς
3723 3798 3821 3849 ἐπ-

2228 3892 2421 3947 ανόδου
2471 3890 2990 3961 ψυχαγωγούμενοι,
3026 3888 3134 3942 τῶν
3176 3887 3698 3957 ἀνδραπδισάντων
3744 3887 3823 3958 μὴ

2234 3984 2449 4057 μάθωσι
2474 3985 2573 4054 τὴν
2605 3982 2885 4037 ἀσέϐειαν.
2908 3982 3143 4050 Λέγουσι
3171 3979 3374 4043 τοίνυν,
3405 3980 3489 4033 ὅτι
3519 3980 3661 4033 Ούδέ
3687 3980 3825 4052 πόρ-

2234 4082 2313 4151 ρω
2350 4095 2442 4132 σου
2472 4076 2779 4146 τυγχάνων,
2808 4069 2853 4129 ὦ
2892 4071 3267 4145 Ἰερουσαλὴμ,
3299 4071 3436 4143 λήθῃ
3468 4072 3570 4141 τὴν
3596 4073 3825 4142 μνήμην

2233 4170 2597 4239 παραδέδωκα
2621 4182 2638 4200 ³
2673 4169 2723 4220 εί
2767 4168 2823 4220 δὲ
2874 4164 3034 4219 τοῦτο
3076 4166 3390 4234 ποιήσαιμι,
3421 4162 3585 4216 τοῦτο
3622 4164 3822 4216 πάθοι-

2234 4279 2294 4333 μι
2319 4261 2388 4326 ”,
2421 4260 2518 4315 καὶ
2550 4260 2651 4330 τῆς
2682 4257 2890 4314 ἄνωθεν
2926 4256 3180 4328 βοηθείας
3213 4255 3288 4325 μὴ
3319 4255 3567 4324 τύχοιμι.
3598 4254 3824 4324 Ταύτην

2229 4356 2336 4426 γὰρ
2368 4354 2524 4407 καλεί
2545 4351 2773 4417 δεξιάν.
2806 4369 2824 4402 ι
2868 4349 2993 4404 Ἐὰν
3026 4347 3100 4419 μὴ
3125 4346 3625 4419 προσανατάξωμαι
3646 4347 3693 4379 θ’
3723 4346 3826 4417 τὴν

2243 4444 2626 4517 Ἰερουσαλὴμ,
2648 4443 2726 4506 ὼς
2751 4446 2810 4497 ἐν
2841 4443 2983 4513 ἀρχῇ
3006 4442 3104 4511 τῆς
3140 4438 3484 4512 εὐφροσύνης
3508 4456 3613 4505 μου
3638 4481 3653 4496 .
3693 4459 3712 4492 ι
3749 4439 3825 4493 To

543 4535 622 4590 tui
658 4544 1019 4607 conspectum
1054 4535 1218 4600 duco,
1270 4546 1532 4606 tuamque
1562 4536 2040 4604 instaurationem,
2072 4544 2123 4593 et

2236 4540 2534 4609 κεφάλαιον
2573 4579 2587 4603 ,
2638 4535 2777 4607 φησι
2805 4579 2819 4603 ,
2850 4536 2949 4607 τῆς
2995 4535 3339 4608 εὐφροσύνης
3382 4532 3484 4603 τὴν
3557 4532 3663 4602 σὴν
3712 4532 3823 4602 ἐχω

545 4637 671 4683 tuas
703 4628 1076 4685 celebritates.
1103 4628 1184 4684 Ex
1218 4629 1307 4685 his
1331 4630 1480 4685 enim
1506 4644 1694 4685 veram
1728 4631 1974 4686 laetitiam
2001 4645 2123 4701 per-

2236 4631 2383 4695 θέαν,
2411 4631 2506 4686 καὶ
2527 4630 2623 4701 τὴν
2651 4628 2751 4701 σὴν
2774 4626 3082 4697 νεουργίαν,
3114 4628 3209 4680 καὶ
3244 4625 3343 4688 τὰς
3365 4626 3424 4678 ἐν
3451 4624 3536 4678 σοὶ
3565 4624 3823 4693 πανηγύ-

543 4734 709 4790 οιριο.

616 4833 784 4889 Vens.
824 4835 880 4889 7.
927 4853 947 4887 ι
982 4832 1190 4889 Memor
1216 4843 1360 4899 esto,
1395 4835 1645 4903 Domine,
1679 4836 1914 4892 ﬁliorum
1958 4836 2132 4892 Edom

545 4926 600 4981 in
637 4926 727 4982 die
751 4925 1164 4998 Hierosolyma,
1198 4928 1292 4995 qui
1322 4928 1515 4985 dicunt
1547 4948 1560 4984 :
1591 4930 1908 4997 Exinanite,
1942 4930 2135 4986 exina-

546 5018 660 5072 n'ite
702 5032 879 5087 usque
930 5017 997 5072 ad
1054 5017 1475 5074 fundamentum
1516 5022 1570 5076 in
1607 5037 1694 5077 ea.
1737 5041 1758 5074 ι
1788 5022 2014 5078 ldummi
2064 5037 2131 5077 ex

546 5107 731 5164 Esauo
764 5109 1184 5173 descendentes,
1218 5109 1274 5164 in
1300 5111 1494 5181 patriis
1531 5112 1833 5169 inimicitiis
1875 5114 2129 5184 perstite-

547 5209 696 5256 runt.
732 5198 829 5256 Isti
864 5200 1243 5272 Hierosolyma
1288 5215 1514 5259 accensa
1539 5211 1594 5259 et
1642 5205 1942 5270 destructa,
1972 5205 2128 5260 dice-

545 5293 683 5349 bant
726 5292 1026 5349 laetantes:
1074 5311 1093 5345 ι
1146 5291 1458 5361 Exinanite,
1508 5297 1786 5353 exinanite
1841 5312 2015 5367 usque
2061 5296 2129 5353 ad

2236 4716 2373 4799 ρεις.
2387 4727 2467 4779 Δι’
2480 4724 2706 4778 ἐκείνων
2727 4723 2838 4793 γὰρ
2866 4719 3189 4791 καρποῦμαι
3206 4718 3305 4789 τὴν
3325 4717 3504 4788 ἁληθῆ
3520 4716 3817 4787 θυμηδίαν.

2304 4838 2371 4902 δ”
2412 4834 2767 4906 ’Μνήσθητι,
2824 4832 3022 4904 Κύριε,
3073 4829 3184 4885 τῶν
3247 4830 3379 4884 υἱῶν
3399 4829 3446 4862 ’⁸
3490 4829 3675 4899 Ἐδὼμ
3725 4830 3823 4900 τὴν
3905 4842 3909 4846 ~

2231 4929 2447 5001 ἡμέραν
2476 4924 2863 4998 Ἰερουσαλὴμ,
2892 4924 3003 4978 τῶν
3036 4923 3306 4993 λεγόντων
3325 4939 3340 4954 ·
3363 4921 3824 4986 Ἐκκενοῦτε,ὲχ-

2231 5022 2453 5076 κενοῦτε
2483 5019 2589 5083 ἕως
2622 5017 2732 5072 τῶν
2759 5016 3032 5087 θεμελίων
3069 5016 3260 5084 αὐτῆς.
3292 5034 3312 5067 ι
3362 5015 3460 5070 Ἐκ
3509 5013 3607 5067 τοῦ
3648 5014 3823 5068 Ἦσαῦ
3900 5080 3907 5089 1

2235 5114 2285 5168 οἱ
2340 5112 2628 5182 Ἰδουμαῖοι
2679 5109 3046 5180 καταγόμενοι
3089 5108 3364 5177 διέμειναν
3406 5106 3506 5178 τὴν
3557 5108 3825 5179 πατρῴαν

2237 5200 2565 5275 δυσμένειαν
2588 5202 2825 5274 ἔχοντες.
2855 5196 3016 5255 Οὗτοι
3039 5201 3138 5270 τῆς
3161 5198 3518 5270 Ἰερουσαλὴμ
3536 5199 3824 5271 ἐμπιπρα-

2245 5296 2413 5367 μένης
2442 5296 2537 5349 καὶ
2570 5293 3008 5365 καταλυομένης,
3038 5291 3226 5360 ελεγον
3257 5288 3582 5361 ἐφηδόμενοι
3602 5306 3617 5322 ο
3636 5309 3658 5341 ι
3705 5291 3824 5344 Ἑκ-

1656 5492 1888 5549 νΑῐιιΑΞ
1924 5494 2311 5551 LECTIONES
2340 5495 2428 5552 ET
2466 5495 2698 5552 NOTAE.

550 5690 553 5693 '
618 5676 665 5709 ⁸⁸
693 5678 877 5731 Παντ.
910 5674 1030 5730 cod.
1068 5674 1090 5728 l
1125 5690 1309 5743 pnem.
1336 5674 1526 5728 ταῦτα.
1560 5674 1609 5706 ⁸⁸
1636 5674 1767 5729 ibid.
1798 5673 2122 5743 ὑπείξαμεν.

2236 5679 2244 5707 ⁷
2284 5674 2543 5744 Ἰερουσ.
2583 5674 2658 5728 ib.
2728 5673 2965 5743 Ἰσραήλ.
3039 5672 3084 5744 δέ
3118 5669 3647 5744 Τοῦτο-πάθοιμι.
3689 5669 3804 5724 Des.

550 5745 681 5823 ibid.
758 5746 807 5823 3:
837 5747 961 5823 cod.
1009 5746 1494 5817 προανατάξωμαι,
1525 5761 1647 5815 quae
1684 5754 1769 5802 est
1794 5760 1903 5800 rec.
1947 5744 2109 5800 lectio

2236 5760 2284 5800 c.
2361 5742 2406 5777 9°
2440 5742 2568 5798 Τῶν
2600 5744 2766 5800 υἱῶν.
2799 5742 3028 5800 Ρνίιὲδιτιι
3063 5743 3223 5798 lectio
3282 5744 3395 5804 τοῖς
3423 5742 3564 5805 υἱοῖς
3597 5782 3613 5809 ,
3643 5757 3804 5812 quant

554 5816 716 5870 habet
771 5814 1019 5871 Drusius.
