3996 6494
430 344 584 449 ι’θθδ

1436 366 1930 428 TIIEODORETI
1962 367 2304 428 EPISCOPI
2345 367 2717 429 CYRENSIS

3578 365 3714 434 1936

440 488 687 549 funiculo
751 481 989 556 parietes
1054 476 1321 548 dirigunt.
1386 472 1748 545 Cognovisti,
1809 472 2020 543 inquit,

2143 476 2231 542 ad;
2248 474 2357 529 τῶν
2387 475 2821 547 οἶκοδομούντων
2842 518 2856 542 ,
2889 477 2985 530 καὶ
3023 476 3276 549 σπαρτίῳ
3325 475 3453 539 τοὺς
3500 478 3715 548 τοίχους

439 591 631 638 θυαε
659 591 807 632 meas
838 571 1105 635 actiones,
1134 576 1191 624 et
1212 566 1353 622 nihil
1372 579 1620 621 mearum
1654 577 1841 619 rerum
1868 571 2021 618 tuam

2143 565 2529 621 ἰιενθυνόντων.
2575 566 2814 636 Ἐγνως,
2834 567 3297 639 φησ“ιν,-ἀκρι6ῶς
3319 584 3423 639 μου
3444 567 3547 632 τάς
3571 570 3714 638 πρα-

440 670 726 731 seientiaut
753 667 929 723 latuit.

447 790 457 797 -
515 764 681 819 Vens.
718 762 772 815 4.
806 778 826 811 ι
869 756 936 811 Et
964 768 1161 811 omnes
1193 752 1308 808 \ias
1356 766 1508 806 meas
1538 748 1863 821 prmidisti,
1894 748 2023 820 quia

444 875 550 914 non
575 867 658 913 est
682 855 846 910 dolus
881 850 1094 922 1532
1135 848 1188 904 in
1218 848 1399 917 lingua
1423 860 1563 899 mea.
1606 863 1625 896 ι
1660 846 1677 865 ‘
1705 841 1824 897 Non
1860 841 2026 897 modo

444 948 715 1022 praevidit,
753 960 944 1000 verum
976 945 1141 998 etiam
1167 939 1423 1012 praedixit
1465 937 1852 991 universorum
1878 933 2025 990 Deus

445 1062 542 1116 per
572 1042 897 1113 prophetas,
921 1044 977 1091 et
1003 1033 1339 1090 Jeroboamo
1370 1027 1733 1092 sacrificanti,
1761 1034 1815 1081 et
1832 1025 2028 1096 juven-

446 1141 526 1196 cis
566 1138 816 1195 divinum
862 1133 1129 1187 honorem
1165 1124 1448 1191 oli'erenti,
1500 1123 1831 1177 vaticinatus
1861 1128 1947 1176 est
1981 1122 2024 1184 ί,

447 1233 616 1288 ﬁlium
651 1228 920 1284 oriturum
960 1236 1082 1277 esse
1111 1216 1305 1274 Davidi
1334 1255 1349 1279 ,
1382 1214 1592 1271 Josiam
1649 1211 1874 1267 nomine
1900 1249 1916 1275 ,
1972 1216 2026 1263 et

447 1324 715 1393 idolorum
749 1318 1068 1376 sacerdotes
1094 1320 1269 1367 morte
1298 1308 1661 1365 multaturum
1687 1346 1703 1371 ,
1745 1313 1800 1359 et
1835 1318 2025 1373 eorum

444 1429 574 1489 ossa
610 1414 663 1467 in
694 1409 790 1465 illo
829 1405 987 1461 altari
1010 1404 1453 1460 combusturum.

458 1576 461 1579 Ι
515 1596 683 1652 Vens.
709 1592 761 1647 5.
814 1610 831 1641 ι
864 1587 1024 1647 Ecce,
1062 1583 1323 1648 Domine,
1367 1592 1423 1635 tu
1477 1575 1779 1650 cognovisti
1819 1574 2027 1641 omnia,

447 1668 748 1761 novissima
781 1692 834 1737 et
872 1681 1122 1750 antiqua.
1169 1696 1188 1728 ι
1218 1674 1325 1730 Per
1350 1674 1499 1745 ipsos
1529 1682 1759 1727 eventus
1786 1667 1947 1723 didici
1977 1676 2029 1721 te

448 1784 692 1837 omnium
738 1774 1022 1831 scientiam
1074 1769 1305 1835 habere,
1345 1776 1456 1821 tum
1493 1780 1685 1819 eorum
1730 1778 1851 1833 qua:
1890 1761 2023 1816 olim

446 1850 589 1928 facta
623 1869 798 1933 fuere,
838 1879 947 1919 tum
976 1878 1166 1918 eorum
1212 1875 1335 1929 quae
1370 1858 1611 1912 nondum
1645 1855 1835 1911 eifecta
1874 1862 2024 1908 sunt.
2060 1844 2102 1903 Β

455 1985 473 2017 ο
511 1961 593 2019 Tu
627 1958 874 2016 formasti
903 1973 1011 2023 me,
1054 1964 1109 2010 et
1152 1952 1388 2024 posuisti
1451 1964 1616 2020 super
1666 1964 1753 2002 me
1803 1962 2026 2001 manum

452 2071 622 2111 tuam.
668 2072 686 2107 i
725 2050 1017 2118 Quomodo
1040 2046 1188 2103 enim
1242 2058 1490 2101 meorum
1538 2038 1745 2111 aliquid
1778 2038 2028 2109 opificem

450 2163 631 2205 meum
666 2146 834 2200 latere
882 2148 1082 2211 potest,
1114 2138 1208 2208 qui
1237 2152 1325 2192 me
1360 2135 1505 2190 intra
1547 2142 1856 2187 maternum
1898 2145 2031 2185 ven-

450 2222 586 2294 trem
636 2233 930 2299 formavit,
978 2240 1034 2286 et
1069 2229 1217 2284 omni
1256 2243 1388 2283 cura
1437 2225 1697 2292 dignatus
1739 2221 1866 2280 est?
1918 2218 2032 2277 Ποο

450 2317 650 2403 porro:
690 2348 708 2381 ι
750 2324 992 2381 Posuisti
1023 2337 1188 2393 super
1210 2334 1298 2375 me
1320 2332 1543 2374 manum
1582 2326 1755 2379 tuam,
1804 2332 1823 2366 ι
1856 2314 2032 2369 simile

449 2436 531 2481 est
555 2424 665 2479 illi:
707 2441 725 2473 ι
765 2419 956 2475 Manus
985 2422 1090 2472 tuze
1117 2415 1367 2470 fecerunt
1392 2426 1506 2476 me,
1553 2417 1607 2464 et
1654 2408 2032 2464 formaverunt

451 2533 536 2571 me
573 2514 618 2568 i.
648 2513 887 2569 ilndicat
929 2519 1112 2564 autem
1168 2505 1362 2562 iisdem
1403 2502 1586 2558 verbis
1628 2517 1818 2557 curam
1854 2503 2031 2571 etiam

450 2617 574 2680 post
608 2606 969 2660 creationem.

523 2697 686 2751 Vens.
713 2694 767 2750 6.
798 2712 816 2744 ι
864 2690 1131 2748 Mirabilis
1164 2688 1303 2745 facta
1328 2697 1409 2744 est
1442 2685 1672 2742 scientia
1701 2693 1793 2739 tua
1826 2700 1891 2739 ex
1920 2699 2027 2749 me,

449 2789 756 2845 confortata
781 2795 881 2847 est,
918 2795 973 2840 et
998 2800 1106 2839 non
1141 2792 1329 2850 potero
1355 2780 1421 2835 ad
1450 2795 1571 2835 eam
1599 2778 1975 2849 (pertingere).
2005 2795 2026 2831 ι

452 2872 543 2934 ex
572 2879 658 2933 bis
684 2892 807 2950 quae
839 2891 967 2947 erga
1005 2889 1093 2929 me
1126 2872 1268 2928 facta
1300 2878 1451 2933 sunt,
1494 2879 1643 2923 tuam
1678 2868 1909 2939 cogumi
1934 2882 2032 2938 po-

454 2972 721 3036 tentiam,
772 2977 827 3024 et
865 2966 1191 3038 sapientiam
1236 2974 1386 3019 tuam
1438 2961 1665 3043 laudare
1699 2961 1926 3027 volens,
1979 2968 2034 3014 et

451 3064 669 3136 assequi
712 3077 812 3137 pro
831 3062 1098 3131 dignitate
1123 3073 1233 3114 non
1278 3056 1465 3111 valens
1490 3096 1505 3124 ,
1548 3069 1636 3109 me
1667 3053 1871 3108 victum
1900 3069 2032 3107 con-

2127 658 2259 725 ξεις,
2292 663 2387 715 καὶ
2416 660 2569 715 οὐδὲν
2594 661 2704 714 τῶν
2738 660 2890 731 ἐμῶν
2920 659 3021 732 τὴν
3053 663 3154 733 σὴν
3183 660 3344 715 ἔλαθε
3377 660 3609 730 γνῶσιν.

2196 752 2261 806 δ’.
2303 772 2321 805 ι
2361 754 2472 808 Καὶ
2515 752 2700 815 πάσας
2727 753 2831 816 τὰς
2866 751 3020 816 ὁδούς
3054 769 3159 824 μου
3187 752 3437 824 προεῖδες
3462 791 3477 815 ,
3504 753 3591 806 ὅτι
3616 754 3717 805 οὐκ

2126 844 2244 898 ἔστι
2267 845 2417 908 δόλος
2447 846 2493 876 ⁸⁸
2520 847 2578 899 ὲν
2602 846 2670 917 τῇ
2701 845 2743 877 ²¹
2768 843 2993 915 γλώσσῃ
3028 860 3154 914 μου.
3187 864 3208 897 ι
3252 845 3326 899 Οὐ
3386 844 3551 914 μόνον
3586 861 3717 914 προ-

2127 936 2287 1005 είδεν,
2312 937 2450 992 ἀλλά
2481 938 2577 992 καὶ
2600 939 2935 1010 προείρηκεν
2960 939 2990 990 ὁ
3026 936 3138 991 τῶν
3167 936 3305 991 ὅλων
3342 936 3475 1000 Θεὸς
3494 937 3587 990 διὰ
3612 938 3719 990 τῶν

2127 1029 2449 1102 προφητῶν,
2487 1030 2582 1083 καὶ
2622 1029 2703 1100 τῷ
2743 1029 3031 1101 Ἰεροὸοάμ
3073 1028 3292 1093 θύοντι,
3328 1028 3425 1083 καὶ
3456 1031 3582 1090 ταῖς
3623 1029 3719 1082 δα-

2131 1120 2327 1191 μάλεσι
2356 1121 2416 1175 τὸ
2444 1121 2589 1175 θεῖον
2630 1121 2797 1186 σέϐας
2858 1123 3232 1194 προσφέροντι
3290 1121 3717 1194 προεθέσπισεν,

2127 1213 2203 1280 ώς
2238 1215 2612 1285 ἀναστήσεται
2633 1214 2747 1280 υἱὸς
2775 1214 2851 1287 τῷ
2884 1216 3072 1281 Δαδὶδ,
3091 1216 3309 1279 Ἰωσίας
3335 1215 3510 1286 δνομα
3542 1216 3719 1287 αὐτῷ,

2130 1301 2223 1354 καὶ
2267 1302 2394 1365 τοῦς
2452 1300 2563 1354 τῶν
2620 1299 2857 1354 εἰδώλων
2910 1301 3094 1372 ἱερέας
3126 1300 3448 1372 παραδώσει
3475 1302 3718 1373 θανάτῳ,

2129 1394 2226 1447 καὶ
2251 1392 2319 1446 τὰ
2348 1391 2554 1444 τούτων
2582 1392 2717 1447 ὀστᾶ
2742 1394 2798 1445 ὲν
2826 1392 3025 1464 ἐκείνῳ
3041 1391 3121 1464 τῷ
3149 1391 3319 1465 βωμῷ
3350 1391 3719 1448 κατακαύσει.

2203 1594 2263 1650 ε’.
2307 1615 2325 1647 ι
2380 1595 2534 1660 Ἰδοὺ,
2568 1594 2767 1667 Κύριε,
2806 1593 2871 1649 σὺ
2927 1595 3100 1665 ἔγνως
3130 1597 3308 1651 πάντα
3340 1638 3360 1664 ,
3386 1596 3459 1651 τὰ
3516 1595 3723 1669 ἔσχατα

2132 1687 2227 1742 καὶ
2255 1687 2324 1742 τά
2350 1688 2574 1758 ἀρχαῖα.
2602 1706 2623 1741 ›
2659 1686 2737 1741 Δι’
2763 1686 2943 1741 αὐτῶν
2971 1687 3272 1759 μεμάθηκα
3305 1688 3417 1743 τῶν
3454 1688 3721 1759 πραγμά-

2130 1799 2238 1836 των
2264 1823 2278 1848 ,
2303 1780 2378 1846 ώς
2428 1779 2644 1835 ἅπασαν
2671 1779 2817 1851 ἔχεις
2856 1781 2956 1851 τὴν
2998 1780 3200 1851 γνῶσιν
3227 1823 3243 1847 ,
3278 1783 3376 1835 καὶ
3413 1781 3527 1835 τῶν
3553 1780 3723 1835 πάλαι

2132 1875 2539 1947 γεγενημένων,
2590 1876 2685 1930 καὶ¹
2725 1874 2837 1928 τῶν
2876 1874 3103 1945 μηδέπω
3152 1874 3562 1947 γεγενημένων.
3593 1892 3612 1925 ι
3650 1875 3724 1928 Σὺ

2132 1970 2376 2034 ἔπλασας
2400 1987 2491 2041 με,
2512 1970 2608 2023 καὶ
2635 1970 2840 2038 ἔθηκας
2857 1968 2946 2022 ἐπ’
2972 1968 3073 2038 ἐμὲ
3095 1967 3194 2039 τὴν
3212 1969 3371 2041 χεῖρά
3397 1984 3518 2024 σου.
3551 1987 3571 2021 t
3601 1965 3721 2029 Πῶς

2131 2064 2242 2135 γὰρ
2275 2057 2388 2117 οἶόν
2422 2078 2483 2116 τε
2504 2060 2689 2116 λαθεῖν
2717 2062 2764 2092 ²¹
2788 2078 2842 2114 τι
2865 2061 2975 2114 τῶν
2996 2060 3147 2132 ἐμῶν
3180 2060 3272 2114 τὸν
3296 2061 3431 2131 ἐμὸν
3464 2061 3723 2131 ποιητὴν,

2130 2155 2223 2213 τὸν
2253 2154 2400 2209 ἔνδον
2434 2157 2495 2210 ὲν
2527 2157 2595 2225 τῇ
2628 2155 2861 2226 μητρῷα
2890 2169 2958 2223 με
2991 2150 3373 2209 διαπλάσαντα
3416 2152 3596 2225 νηδύϊ,
3630 2153 3725 2207 καὶ

2134 2246 2319 2317 πάσης
2349 2246 2661 2312 ἀξιώσαντα
2692 2261 2769 2318 πρ
2782 2244 3080 2317 ομηθείας;
3111 2244 3186 2298 Τδ
3201 2245 3280 2310 δὲ,
3320 2263 3340 2297 ι
3362 2244 3617 2317 Ἔθηκας
3636 2246 3723 2299 ἐπ’

2133 2338 2234 2409 ἐμὲ
2264 2337 2361 2410 τὴν
2380 2339 2541 2410 χεῖρά
2574 2355 2690 2403 σου,
2716 2355 2737 2389 ι
2762 2336 2907 2390 lout;
2932 2335 3035 2407 τῷ,
3054 2354 3073 2387 ι
3096 2336 3162 2391 Al
3192 2335 3374 2407 χεῖρές
3407 2352 3505 2390 σου
3532 2335 3725 2409 ἐποίη-

2136 2430 2234 2485 σάν
2264 2446 2354 2500 με,
2384 2432 2480 2484 καὶ
2508 2428 2753 2483 ἔπλασαν
2786 2445 2877 2499 με.
2916 2446 2935 2478 i
2967 2427 3229 2499 Σημαίνει
3256 2426 3314 2481 δὲ
3353 2427 3497 2481 κατά
3525 2429 3727 2483 ταυτὸν

2134 2520 2229 2575 καὶ
2255 2521 2353 2591 τὴν
2389 2520 2530 2592 μετά
2555 2519 2654 2591 τὴν
2678 2518 2971 2573 διάπλασιν
3011 2517 3379 2590 προμηθείαν.

2205 2707 2283 2767 ς’.
2321 2718 2339 2752 ι
2389 2696 2829 2770 Ἐθαυμαστώθη
2875 2699 2908 2768 ἡ
2954 2697 3158 2767 γνῶσίς
3192 2714 3285 2751 σου
3315 2695 3362 2729 ’³
3381 2696 3441 2764 ἐξ
3482 2694 3624 2773 ἐμοῦ
3655 2694 3723 2757 ιι,

2133 2791 2484 2864 ὲκραταιώοη
2510 2793 2580 2857 ’⁸,
2612 2794 2673 2844 οὐ
2732 2790 2810 2861 μὴ
2849 2789 3097 2861 δύνωμαι
3144 2790 3283 2861 πρὸς
3319 2789 3514 2861 αὐτήν.
3561 2808 3582 2842 ι
3633 2790 3727 2843 Ἐκ

2132 2886 2242 2941 τῶν
2276 2887 2354 2949 είς
2385 2884 2487 2956 ἐμὲ
2518 2883 2906 2955 γεγενημένων
2925 2881 3027 2954 τὴν
3062 2882 3162 2953 σὴν
3193 2882 3409 2952 ἔγνωκα
3446 2880 3681 2953 δύναμιν
3705 2896 3721 2911 ·

2133 2980 2228 3047 καὶ
2255 2978 2499 3049 ὑμνῆσαι
2529 2977 2628 3048 τὴν
2656 2977 2755 3048 σὴν
2784 2973 2957 3029 θέλων
2991 2974 3183 3046 σοφίαν
3203 3015 3222 3042 ,
3257 2971 3379 3027 εἶτα
3420 2974 3521 3044 τῆς
3568 2974 3729 3041 ἀξίας

2132 3070 2543 3143 διαμαρτάνων,
2571 3068 2669 3140 τὴν
2708 3062 2883 3140 ἦτταν
2950 3066 3223 3139 ὁμολογῶ.
3255 3066 3412 3121 U'wm
3474 3066 3576 3121 καὶ
3629 3065 3730 3139 τὴν

452 3146 631 3210 Ιίιιξοτ.
659 3153 797 3207 Cum
840 3166 972 3222 ergo
1014 3156 1070 3205 et
1128 3146 1416 3204 scientiam
1453 3185 1468 3212 ,
1525 3154 1579 3200 et
1633 3138 2030 3215 przescientiam

2143 3160 2360 3232 γνῶσιν,
2394 3161 2490 3214 καὶ
2518 3158 2615 3231 τὴν
2651 3159 2963 3230 πρόγνωσιν
2994 3156 3096 3211 τοῦ
3123 3155 3258 3211 Θεοῦ
3300 3156 3409 3211 τῶν
3433 3156 3576 3211 ὅλων
3599 3155 3731 3209 Gau-

451 3248 834 3302 univcrsorum
869 3244 961 3299 Dei
999 3243 1303 3298 admiratus
1330 3241 1409 3298 sic
1440 3248 1611 3305 esset,
1642 3249 1695 3294 et
1722 3238 1867 3310 quod
1900 3237 2033 3293 nihil

2143 3253 2346 3326 μάσας,
2378 3251 2474 3306 καλ⁵
2498 3252 2583 3305 ὅτι
2617 3250 2771 3305 οὐδὲν
2801 3249 2973 3305 αὑτὸν
3026 3248 3240 3313 ἔλαθεν,
3280 3246 3405 3301 οὔτε
3426 3248 3539 3303 τῶν
3563 3265 3732 3318 γεγεο

452 3342 850 3413 pra:teritarum
919 3347 974 3394 et
1030 3336 1339 3392 futurarum
1407 3350 1592 3391 rerum
1653 3334 1825 3389 latere
1877 3332 2030 3387 illum

453 3436 645 3508 possit,
685 3435 752 3489 ad
784 3434 933 3487 aliud
960 3431 1177 3496 transit,
1221 3430 1339 3485 haec
1365 3428 1593 3484 dicens:

520 3526 689 3581 Vens.
713 3526 767 3581 7.
812 3545 829 3576 ι
869 3523 990 3589 Quo
1025 3523 1116 3577 ibo
1145 3537 1174 3575 a
1212 3520 1407 3591 spiritu
1453 3528 1549 3574 tuo
1572 3519 1597 3571 ?
1624 3526 1679 3572 et
1707 3533 1819 3587 quo
1840 3534 1869 3573 a
1899 3517 2035 3573 facie

450 3634 545 3678 tua
573 3619 827 3692 fugiam?
876 3637 893 3669 ι
939 3615 1227 3683 Quomodo
1266 3614 1383 3669 fieri
1428 3621 1644 3685 potest,
1705 3621 1767 3668 ut
1818 3611 2035 3682 fugiens

450 3716 615 3770 lateat
641 3727 789 3776 eum,
825 3709 921 3782 qui
956 3709 1095 3777 adeo
1138 3706 1433 3761 manifesto
1460 3705 1647 3760 omnia
1685 3703 1872 3759 novit?
1929 3701 2037 3757 No-

451 3792 674 3861 tandum
706 3801 918 3873 1533
939 3810 1038 3868 .est
1103 3808 1284 3853 autem
1305 3797 1561 3852 docuisse
1597 3812 1723 3853 eum
1792 3795 2035 3851 eamdem

451 3892 825 3964 operationem
858 3891 1057 3945 habere
1085 3896 1140 3944 et
1166 3888 1335 3942 Deum
1372 3895 1429 3942 et
1472 3885 1735 3956 Spiritum
1766 3895 2038 3941 sanctum.

459 4006 475 4037 ι
525 3984 646 4052 Quo
702 3983 813 4048 ibo,
847 3982 943 4046 ait,
977 3998 1005 4036 a
1046 3979 1243 4050 spiritu
1268 3978 1603 4049 tuo?etquo
1632 3977 1814 4033 afacie
1839 3986 1929 4031 tua
1963 3978 2043 4031 fu-

449 4073 636 4146 giam?
662 4093 678 4123 ι
704 4073 847 4125 Sane
883 4085 1121 4141 quorum
1162 4078 1246 4126 est
1269 4084 1375 4124 una
1394 4068 1660 4138 operatio,
1681 4083 1787 4123 una
1816 4068 2040 4125 omnino

451 4177 533 4221 est
574 4164 835 4235 potentia,
888 4172 941 4217 ct
1007 4176 1246 4233 quorum
1290 4169 1375 4215 est
1449 4175 1557 4215 una
1625 4161 1898 4233 potentia,
1931 4176 2038 4216 una

453 4259 639 4327 utique
671 4266 755 4309 est
802 4263 1021 4323 natura.
1073 4252 1188 4307 Una
1239 4251 1405 4322 igitur
1451 4260 1536 4308 est
1569 4251 1664 4307 Dei
1701 4260 1753 4307 et
1805 4249 2042 4321 Spiritus

451 4351 623 4407 sancti
680 4357 897 4403 natura.

526 4440 689 4496 Vsus.
720 4440 773 4495 8.
815 4458 832 4491 I
878 4432 935 4494 Si
972 4438 1268 4495 ascendero
1297 4436 1351 4492 iu
1386 4436 1584 4492 ctelum
1612 4476 1626 4499 ,
1662 4446 1718 4491 tu
1767 4435 1839 4491 ibi
1871 4451 1963 4492 es:
1994 4438 2040 4493 si

2138 3344 2392 3417 νημένων
2428 3344 2496 3410 ’⁸,
2542 3342 2666 3396 οὔτε
2712 3342 2823 3397 τῶν
2867 3340 3165 3413 ἐσομένων,
3226 3339 3535 3412 ἐφ’ἒτερον
3568 3356 3734 3412 μετα-

2138 3436 2316 3491 ϐαίνει
2346 3435 2522 3489 ταῦτα
2547 3433 2933 3506 διηγούμενος·

2210 3527 2275 3592 ζ’.
2316 3547 2333 3579 ι
2373 3526 2484 3581 Ποῦ
2522 3524 2775 3597 πορευθῶ
2807 3525 2916 3580 ἀπὸ
2963 3522 3055 3579 τοῦ
3106 3524 3420 3596 πνεύματός
3464 3540 3604 3591 σου;
3637 3524 3732 3577 καὶ

2138 3618 2247 3675 ἀπὸ
2275 3618 2371 3673 τοῦ
2406 3618 2702 3691 προσώπου
2728 3636 2823 3672 σου
2859 3619 2962 3673 ποῦ
2994 3618 3183 3690 φύγως
3210 3636 3231 3671 t
3255 3617 3359 3672 Τὸν
3382 3617 3529 3671 οὕτω
3552 3618 3731 3671 πάντα

2142 3712 2330 3782 σαφῶς
2382 3712 2751 3782 ἐπιστάμενον
2808 3710 2928 3775 πῶς
2989 3711 3216 3766 δυνατὸν
3288 3709 3475 3763 λαθεῖν
3534 3710 3730 3781 δραπε-

2138 3803 2394 3871 τεύοντα;
2424 3802 2904 3875 Ἐπισημήνασθαι
2923 3802 2980 3855 δὲ
3012 3803 3304 3875 προσήκει,
3324 3802 3408 3858 ὃτι
3433 3784 3537 3873 τὴν
3560 3803 3733 3871 αὐτὴν

2140 3893 2419 3965 ἐνέργειαν
2464 3892 2611 3965 ἔχειν
2647 3892 2875 3959 ἐδίδαξε,
2928 3893 3023 3946 καὶ
3074 3893 3167 3946 τὸν
3194 3892 3350 3959 Θεὸν,
3376 3893 3475 3946 καὶ
3501 3892 3563 3946 τὸ
3603 3910 3729 3945 παν-

2140 3987 2295 4055 ἀγιον
2325 3985 2553 4056 Πνεῦμα
2570 4003 2585 4016 ο
2621 4003 2640 4037 ι
2670 3983 2781 4039 Ποῦ
2809 3983 3085 4057 πορευθῶ,
3109 3985 3295 4057 φησὶν,
3317 3984 3427 4040 ἀπὸ
3451 3983 3548 4039 τοῦ
3570 3984 3732 4038 mis-J-

2145 4075 2315 4146 ματός
2346 4092 2461 4141 σου,
2492 4075 2587 4128 καὶ
2636 4074 2747 4129 ἀπὸ
2777 4073 3076 4146 προσώπου
3107 4075 3151 4106 ’ν
3182 4090 3273 4127 σου
3320 4072 3425 4127 ποῦ
3466 4076 3669 4143 φύγως
3746 4114 3753 4131 .

2142 4161 2243 4220 Ὧν
2279 4167 2336 4220 δὲ
2373 4166 2524 4237 μίαή
2558 4165 2833 4239 ἐνέργεια,
2865 4166 2962 4237 μία
3006 4166 3225 4230 πάντως
3270 4165 3365 4219 καὶ
3390 4166 3426 4236 ἠ
3448 4164 3687 4235 δύναμις

2139 4251 2214 4315 ὧν
2244 4260 2428 4331 δὲημία
2447 4261 2481 4330 ἡ
2499 4256 2752 4325 δύναμις,
2784 4258 2884 4329 μία
2912 4260 2947 4329 ἡ
2975 4257 3138 4327 φύσις
3158 4273 3173 4289 ’
3207 4256 3308 4327 μία
3344 4258 3453 4329 ἄρα
3482 4258 3581 4312 τοῦ
3594 4256 3729 4311 Θεοῦ

2142 4355 2238 4409 κοιλ¹
2268 4354 2362 4408 τοῦ
2393 4353 2711 4423 Πνεῦματος
2744 4353 2779 4424 ἡ
2812 4349 2995 4420 φύσις.

2216 4452 2287 4518 η’.
2332 4464 2350 4496 ι
2396 4445 2521 4499 Ἐἀν
2580 4443 2769 4498 ἁναϐῶ
2820 4444 2898 4508 είς
2954 4442 3046 4495 τὸν
3092 4442 3344 4513 οὐρανὸν,
3384 4442 3450 4495 σὺ
3480 4443 3602 4495 ἐκεῖ
3641 4436 3727 4495 εἴ·

453 4532 790 4586 descendero
828 4529 881 4584 in
910 4527 1187 4584 infernum
1212 4568 1227 4594 ,
1282 4528 1433 4582 ades.
1485 4547 1503 4579 ι
1541 4525 1736 4582 Omnia
1759 4568 1774 4594 ,
1822 4527 1999 4598 inquit
2022 4567 2034 4591 ,

2145 4539 2239 4593 ἐὰν
2269 4534 2492 4591 καταϐῶ
2522 4536 2567 4567 ³⁸
2595 4536 2675 4597 εἰς
2697 4534 2789 4589 τὸν
2818 4532 3179 4605 ᾆδην,πάρει.
3217 4555 3235 4584 ι
3263 4532 3537 4600 ’Λπαντα,
3570 4533 3727 4605 φησι,

450 4628 666 4699 imples,
689 4635 745 4685 et
784 4642 907 4695 qua:
933 4639 1097 4694 supra
1150 4632 1317 4690 sunt,
1374 4632 1430 4678 et
1468 4638 1594 4694 quae
1642 4620 1805 4687 infra.
1853 4622 2033 4678 Unum

449 4719 598 4773 enim
640 4716 949 4771 altitudinis
983 4723 1067 4770 est
1104 4702 1381 4777 ultimum,
1431 4714 1663 4768 alterum
1690 4713 2037 4784 profundita-

451 4813 541 4864 tis.
575 4811 743 4865 ﬂecte
777 4818 958 4866 autem
993 4808 1135 4864 crelo
1181 4806 1508 4878 conjunxit:
1548 4826 1566 4859 ι
1611 4805 1692 4861 Tu
1724 4807 1797 4862 ibi
1835 4822 1929 4869 es.
1980 4816 2037 4862 et

451 4901 665 4968 inferis,
702 4901 856 4960 ades.
916 4918 936 4953 ι
992 4900 1051 4959 In
1100 4900 1308 4971 angelis
1343 4900 1586 4973 quippe,
1637 4899 1732 4970 qui
1774 4899 1829 4953 in
1880 4899 2035 4955 catlis

449 4998 675 5070 degunt,
706 4995 1325 5079 conquiescit.'Ubique
1346 5005 1529 5051 autem
1557 4996 1737 5063 adest,
1778 5005 1832 5051 et
1872 4998 2036 5053 rebus

452 5092 709 5148 omnibus
732 5100 930 5171 praesto
946 5099 1030 5149 est
1056 5108 1069 5143 :
1094 5109 1111 5141 ι
1141 5102 1195 5145 et
1228 5092 1282 5145 in
1307 5090 1427 5161 ipso
1453 5091 1709 5154 vivimus,
1733 5091 2036 5146 secundum

452 5178 696 5234 divinum
729 5178 1078 5250 Apostolum.
1107 5190 1161 5233 et
1200 5195 1500 5245 movemur,
1535 5189 1587 5233 et
1610 5195 1802 5234 sumus
1836 5180 1881 5231 ιι.
1907 5200 1924 5231 ι

524 5338 546 5381 ἕ
580 5336 646 5392 ΠΙ
678 5337 810 5408 Reg.
842 5354 962 5403 xm,
992 5337 1047 5389 2.
1125 5379 1139 5391 .
1178 5339 1283 5395 Job
1308 5355 1361 5405 χ,
1390 5338 1443 5393 8.
1523 5339 1544 5377 ¹ί
1578 5342 1698 5394 Act.
1729 5355 1836 5394 xvtt
1862 5380 1877 5404 ,
1902 5337 1993 5393 9.8.

2141 4630 2391 4701 πληροῖς,
2424 4628 2518 4682 καὶ
2547 4628 2614 4681 τὰ
2641 4627 2755 4683 ἄνω
2793 4628 2890 4681 καὶ
2911 4629 2982 4681 τά
3003 4626 3179 4682 κάτω.
3218 4623 3293 4677 To
3334 4624 3463 4701 μὲν
3489 4623 3604 4695 γάρ
3637 4623 3731 4676 τοῦ

2139 4700 2306 4791 ὕψους
2335 4719 2564 4789 ἔσχατον
2588 4718 2684 4783 ,τὸ
2728 4718 2787 4771 δὲ
2814 4716 2909 4771 τοῦ
2941 4715 3161 4787 βάθους.
3199 4712 3396 4778 Καλῶς
3426 4700 3485 4767 δι
3514 4713 3595 4785 τῷ
3630 4713 3732 4785 μὲν

2138 4811 2353 4886 οὐρανῷ
2381 4812 2463 4878 τὺ,
2504 4831 2521 4864 ι
2549 4812 2622 4865 Σὺ
2666 4812 2784 4864 ἐκεῖ
2817 4804 2889 4874 εἴ,
2935 4828 2953 4861 ι
2992 4806 3302 4873 συνέζευξε,
3328 4807 3407 4878 τῷ
3432 4806 3488 4860 δὲ
3519 4806 3625 4878 ᾄδῃ
3673 4808 3731 4860 τὸ

2138 4906 2333 4974 πάρει.
2364 4905 2492 4969 Τοῖς
2521 4903 2631 4974 γὰρ
2674 4903 2733 4974 ὲν
2774 4900 2991 4973 οὐρανῷ
3036 4900 3420 4971 διαιτωμένοις
3474 4898 3731 4968 ἀγγέλοις

2144 4994 2578 5053 ὲπαναπαύεται.
2613 4991 2902 5063 Πανταχοῦ
2938 4991 2997 5045 δὲ
3025 4992 3281 5063 πάρεστι,
3324 4991 3417 5044 καὶ
3450 4992 3565 5055 τοῖς
3598 4991 3736 5043 πᾶσι

2148 5087 2487 5159 παρίσταται
2514 5098 2527 5113 ·
2564 5104 2583 5137 ι
2623 5084 2717 5139 καὶ
2741 5086 2799 5138 ὲν
2860 5082 3009 5155 αὐτῷ
3037 5082 3242 5154 ζῶμεν,
3271 5083 3415 5136 κατά
3461 5082 3558 5137 τὸν
3591 5081 3734 5136 θεῖον

2165 5178 2508 5246 Ἀπόστολον,
2534 5179 2631 5234 καί
2653 5176 2975 5247 κινούμεθα,
2990 5176 3087 5230 καὶ⁸
3110 5174 3329 5245 ἐσμέν.»

1536 5453 1772 5510 νΑῐιιλΕ
1803 5451 2189 5512 LECTIONES
2224 5450 2313 5505 ΕΤ
2353 5450 2587 5506 NOT/E.

520 5547 566 5577 ²⁰
598 5546 808 5621 Δόλος2
845 5545 1011 5621 llebr.
1074 5550 1287 5604 verbum
1350 5552 1498 5621 Aqn.
1557 5550 1736 5606 λαλιά.

449 5617 617 5671 Abest
647 5631 677 5672 a
709 5616 832 5672 cod.
871 5616 894 5669 1
927 5626 981 5673 et
1008 5634 1037 5673 a
1069 5629 1219 5675 textu
1251 5620 1359 5674 τῶν
1391 5616 1469 5675 0'.
1548 5623 1592 5654 ²¹
1620 5622 1857 5678 Λαθεῐν.
1886 5616 2013 5676 'cod.
2048 5620 2073 5672 t

1846 5548 1915 5623 Sy
1924 5564 2032 5629 min

2146 5562 2211 5600 us
2252 5545 2615 5629 ὲτερρλογίαι.
2642 5554 2701 5600 ut
2757 5546 2814 5629 in
2868 5544 3008 5629 edit.
3058 5546 3219 5629 lion};
3251 5544 3471 5629 legitur.
3532 5542 3592 5597 ."
3626 5540 3731 5629 ζεῖ.

2110 5632 2299 5687 prtem.
2334 5634 2418 5669 σε.

2493 5617 2539 5649 ’³
2568 5618 2709 5671 Σου.
2744 5616 2911 5672 Abest
2939 5631 2967 5667 a
2997 5625 3141 5671 textu
3176 5613 3337 5670 Hebr.
3377 5613 3513 5668 bene
3549 5622 3728 5666 autent

452 5684 692 5771 additu-tn
737 5688 805 5771 ab
837 5687 923 5771 his
956 5688 1376 5771 interpretibus;
1419 5691 1489 5771 _”
1521 5689 1623 5771 Ἐξ
1650 5692 1823 5761 ἐμοῦ.
1858 5690 2019 5771 llebr.

2143 5703 2185 5743 σε
2231 5680 2329 5766 me;
2412 5687 2475 5771 ’ξ’
2501 5686 2919 5771 ’βὲραταιώθη..
2937 5684 3102 5771 Hebr.
3138 5682 3320 5771 Ξέρξη,
3362 5699 3410 5738 s.
3444 5682 3733 5771 sublimior

448 5765 574 5833 est...
631 5759 677 5789 ³⁸
702 5757 824 5810 cod.
862 5758 881 5810 Ι
924 5752 1253 5829 γενομένων.
1332 5763 1376 5793 ³⁷
1411 5752 1766 5830 Προσώπόυ.
1801 5764 1923 5819 cod.
1957 5762 1978 5817 1
2014 5779 2034 5833 ι

2143 5778 2203 5817 n.
2236 5756 2350 5810 τοῦ.
2430 5758 2475 5788 ’³
2521 5752 2946 5814 Ἓᾶνκαταϐῶ.
2989 5755 3150 5813 Hebr.
3187 5753 3250 5810 Si
3285 5764 3513 5808 stratum
3567 5752 3733 5822 fecero

450 5824 596 5879 mihi.
