3996 6470
534 325 667 393 1951

1544 314 2033 379 THEODORE’I‘I
2063 314 2403 375 EPISCOPI
2427 312 2673 373 CYREN
2686 311 2802 373 SIS

3668 300 3811 368 193?.

450 419 460 432 ί
528 441 962 513 dissipabuntur.
996 435 1167 505 Prope
1196 435 1462 505 infernam
1490 434 1636 488 enim
1676 434 1934 503 sepulcra
1962 447 2115 487 nun—

2245 431 2352 482 ma
2377 427 2862 496 σκεδασθήσονται.
2895 422 3065 494 Παρὰ
3086 423 3200 478 τὸν
3228 422 3386 491 ᾅδην
3405 421 3516 493 γὰρ
3544 422 3678 486 τοὺς
3706 424 3813 477 1a-

531 535 776 603 cupavit.

604 626 770 681 Vsus.
803 624 911 678 83¢
930 622 1200 688 Quoniam
1238 622 1303 675 ad
1337 633 1410 684 te,
1435 620 1681 687 Domine,
1703 616 2114 681 Domine,oculi

532 721 659 781 mei,
704 719 757 771 in
802 727 854 769 te
908 716 1144 785 speravi.
1187 728 1256 767 ne
1300 712 1517 766 auferas
1562 712 1800 764 animam
1856 723 2055 763 meam.
2090 726 2109 758 ι

534 810 646 877 Ego
702 817 884 861 autem
935 807 988 860 in
1039 806 1203 859 nullis
1245 803 1409 858 rebus
1450 802 1705 857 humanis
1736 801 1974 865 conlldo,
2019 798 2116 854 sed

533 912 685 955 tuam
717 908 977 968 exspecto
1013 911 1195 966 Opem,
1222 903 1273 949 et
1304 908 1519 964 precor.
1545 908 1613 947 ue
1647 893 1748 947 hac
1779 906 1898 946 mea
1932 890 2116 945 anima

532 992 605 1046 sit
637 994 871 1061 privata.

603 1083 770 1140 Vsus.
798 1084 850 1138 9.
890 1099 909 1131 ι
939 1078 1164 1134 Custodi
1191 1091 1279 1130 me
1303 1092 1332 1130 a
1356 1076 1575 1145 laqueo.
1602 1089 1767 1144 quem
1797 1081 2113 1129 statuerunt

534 1176 693 1238 mihi,
724 1185 779 1229 ‘et
804 1188 832 1226 a
870 1170 1146 1226 scandalis
1174 1169 1520 1235 cperantium
1553 1166 1921 1236 iniquitatem.
1964 1184 1981 1217 ι
2016 1163 2119 1219 La-

535 1283 801 1339 queorum
834 1266 1069 1318 istorum
1110 1260 1325 1331 1556
1353 1272 1407 1314 et
1444 1260 1855 1323 scandalorum,
1896 1258 1949 1312 in
1983 1273 2120 1327 pran-

535 1357 751 1412 cedrnti
805 1355 969 1408 etiam
1021 1353 1233 1422 psalmo
1287 1352 1619 1407 mentionem
1677 1349 1826 1405 fecit.
1885 1348 2120 1419 Laqueos

484 1480 487 1483 ν
536 1461 746 1513 autem,
794 1456 848 1501 et
889 1445 1182 1511 scandala,
1222 1444 1454 1500 insidias
1497 1452 1687 1511 vocat,
1736 1460 1765 1501 ι
1816 1444 2018 1515 quibus
2066 1451 2124 1498 ut

484 1562 491 1569 η
540 1540 803 1595 liberetur
833 1538 1106 1592 obsecrat.
1256 1612 1259 1615 δ

615 1631 781 1688 Vens.
810 1630 898 1684 l0.
932 1649 951 1682 ε
989 1630 1199 1684 Cadent
1227 1630 1281 1683 in
1308 1628 1538 1683 reticulo
1565 1628 1687 1698 ejus
1720 1634 2057 1698 peccatores.
2097 1642 2115 1675 ι

488 1738 491 1739 ⁷
539 1721 654 1779 lloc
684 1732 787 1788 est,
819 1722 934 1777 Dei.
972 1720 1079 1788 Qui
1112 1721 1257 1774 enim
1284 1719 1406 1775 aliis
1432 1720 1657 1789 laqueos
1681 1726 1898 1788 parant,
1932 1716 2120 1771 divino

541 1818 813 1889 supplicio
842 1815 1399 1885 comprehendentur,
1432 1814 1595 1867 veluti
1632 1813 1868 1882 quodam
1902 1812 2001 1865 reti
2023 1853 2036 1872 .
2067 1819 2121 1865 et

540 1926 666 1981 qum
703 1909 936 1969 faciunt,
988 1905 1366 1967 sustinebunt,
1417 1914 1465 1958 et
1503 1918 1625 1973 qua
1656 1904 1779 1958 aliis
1804 1903 2127 1956 machinan-

541 2011 650 2068 tur,
681 2002 979 2073 patientur.
1021 2019 1039 2050 ε
1082 1997 1326 2052 Seorsim
1377 2000 1588 2065 positus
1628 2012 1747 2050 sum
1788 2010 1912 2067 ego,
1951 1995 2127 2049 donec

541 2104 835 2149 transeam.
865 2111 883 2145 ι
934 2090 1046 2162 Ego
1076 2104 1205 2144 vero
1233 2088 1302 2143 ab
1333 2089 1453 2142 istis
1484 2097 1725 2143 remotus
1759 2103 1973 2157 semper
2011 2102 2126 2151 ero,

542 2188 714 2241 donec
747 2185 872 2238 vita:
898 2181 1058 2237 tinem
1090 2181 1380 2252 accipiam.

957 2379 1231 2436 INTEBP.
1260 2378 1510 2435 PSALMI
1543 2378 1721 2434 CXLI.

617 2495 786 2552 Vsus.
824 2495 876 2550 l.
913 2513 931 2547 ‹
978 2494 1291 2550 Intellectus
1324 2495 1511 2549 Davidi
1534 2535 1550 2558 ,
1580 2510 1705 2549 cum
1740 2502 1886 2549 esset
1917 2493 1970 2548 in
2006 2508 2131 2564 spe-

552 2588 712 2641 lunra
763 2602 952 2641 orans.
1007 2606 1025 2638 ι
1073 2584 1302 2640 Planum
1348 2594 1431 2641 est
1474 2584 1668 2655 psalmi
1718 2595 2127 2655 argumentum.

554 2677 691 2733 Cum
750 2676 898 2732 enim
943 2693 971 2731 a
1016 2676 1181 2731 Saule
1230 2678 1419 2750 beatus
1476 2676 1643 2731 David
1695 2676 2129 2747 persecutionem

548 2780 850 2839 pateretur,
901 2770 954 2823 in
1002 2770 1319 2838 speluncam
1369 2766 1582 2837 aufugit

546 2860 665 2929 ejus
699 2860 1073 2929 penetralibus
1107 2859 1344 2913 delituit.
1378 2857 1581 2912 Deinde
1614 2856 1964 2926 conspicatus
1990 2856 2129 2911 Sau-

547 2951 656 3005 lem
710 2950 842 3004 illuc
882 2949 1158 3015 delatum,
1203 2948 1401 3003 mentis
1450 2949 1701 3001 timorem
1741 2947 1954 3017 exegit,
1993 2946 2132 3001 divi-

549 3058 795 3114 numque
840 3042 1104 3097 auxilium
1152 3040 1496 3112 imploravit,
1543 3049 1596 3094 ct
1653 3040 1759 3095 hoc
1801 3049 2132 3095 consecutus

547 3132 652 3189 cst.

619 3223 787 3281 Vsus.
814 3226 871 3279 Ξ.
908 3244 926 3278 ι
964 3223 1109 3280 Voce
1136 3239 1254 3280 mea
1284 3225 1348 3278 ad
1377 3222 1668 3277 Dominum
1700 3221 1955 3287 clamavi,
1997 3236 2133 3278 voce

550 3334 672 3374 mea
709 3318 851 3387 apud
888 3317 1055 3371 Deum
1100 3317 1424 3386 deprecatus
1465 3331 1609 3370 sum.
1654 3332 1671 3367 ι
1713 3315 1781 3370 Et
1810 3314 1936 3369 hinc
1966 3323 2131 3384 patet,

551 3411 839 3465 clamorem
898 3411 1097 3464 mentis
1156 3409 1513 3463 intentionem
1578 3410 1785 3463 vocari.
1845 3408 2133 3473 Quomodo

551 3502 699 3555 cnim
747 3503 839 3571 qui
880 3501 1151 3555 delitescit
1194 3508 1247 3551 et
1296 3498 1466 3551 latere
1505 3497 1795 3560 desiderat.
1842 3508 2017 3567 potest
2057 3500 2132 3552 uti

556 3608 716 3658 voce,
749 3601 803 3646 et
825 3588 1096 3645 clamare?
1123 3590 1261 3644 Dicit
1284 3589 1641 3659 igitur:Cum
1673 3590 1820 3643 omni
1855 3590 2136 3645 alacritate

559 3688 857 3742 Dominum
889 3686 1063 3741 ttl‘nVi.

629 3776 790 3834 Vsus.
817 3779 869 3833 5.
910 3796 929 3829 ι
968 3777 1252 3832 Ell'undam
1276 3775 1330 3831 iu
1363 3787 1661 3847 conspectu
1686 3776 1809 3846 ejus
1829 3778 2134 3831 orationem

554 3882 753 3931 meam,
785 3876 839 3921 et
875 3865 1284 3920 tribulationem
1334 3882 1509 3920 meam
1544 3875 1672 3920 ante
1709 3867 1885 3935 ipsum
1919 3881 2128 3921 annun-

496 3958 501 3959 “
554 3960 722 4014 tiabo.
754 3978 772 4011 ι
808 3960 871 4011 Et
894 3957 1281 4019 calamitatem.
1307 3959 1400 4025 ait,
1426 3970 1610 4013 notam
1641 3960 1740 4028 ipsi
1768 3958 1978 4030 1547
2012 3959 2135 4021 feci,

501 4038 509 4043 ’
553 4060 609 4105 et
652 4068 748 4120 pro
792 4067 854 4105 ea
905 4052 1271 4119 precationem
1311 4050 1501 4107 sedulo
1539 4051 1750 4107 obtuli:
1808 4051 2139 4122 precationis

514 4130 515 4133 ¹
557 4156 741 4197 autem
777 4143 1177 4196 vehementiam
1218 4157 1314 4212 per
1348 4141 1481 4198 illud
1513 4143 1783 4211 effundam
1816 4142 2136 4197 declaravit.

632 4232 793 4286 Vens.
828 4232 882 4285 4.
926 4252 942 4283 ι
991 4233 1127 4286 Cum
1165 4234 1422 4288 deﬁceret
1466 4233 1691 4303 spiritus
1741 4250 1917 4289 meus.
1953 4254 1971 4287 ι
2016 4234 2140 4289 Haec

558 4336 743 4380 autem
779 4324 1069 4390 faciebam,
1108 4342 1232 4382 cum
1268 4328 1535 4383 malorum
1587 4329 2023 4399 magnitudinem
2057 4330 2139 4384 vi-

1634 2778 1682 2832 ιι,
1716 2776 1772 2823 et
1811 2767 1865 2821 in
1919 2767 2131 2824 intimis
2162 2774 2185 2777 ⁷“

2217 538 2355 590 φους
2385 520 2671 575 ἐκάλεσεν.

2285 619 2355 682 η’.
2381 630 2400 663 ι
2431 613 2557 665 Ὀτι
2580 612 2719 679 πρὸς
2746 608 2830 675 si,
2860 608 3059 681 Κύριε,
3086 607 3282 676 Κύριε,
3303 608 3355 662 oi
3376 606 3647 678 ὀφθαλμοί
3681 623 3813 676 μου,

2218 702 2314 757 ἐπὶ
2345 703 2429 756 σοὶ
2459 701 2689 773 ἧλπισα,
2724 701 2801 772 μὴ
2822 700 3121 772 άντανὲλῃς
3143 701 3245 772 τὴν
3263 701 3446 771 ψυχήν
3467 717 3591 770 μου.
3618 719 3638 750 ι
3666 698 3817 765 Ἐγὼ

2218 794 2277 847 δέ
2311 793 2492 847 οὐδενὶ
2529 794 2637 847 τῶν
2685 793 3052 865 ἀνθρωπίνων
3104 790 3330 863 θαρῤὦ,
3368 791 3506 845 ἀλλὰ
3551 791 3655 862 τὴν
3711 790 3818 860 σὴν

2219 887 2519 958 προσμὲνω
2554 886 2833 957 βοήθειαν,
2856 886 2951 939 καὶ
2983 883 3289 953 παρακαλῶ
3312 883 3519 954 ταύτης
3540 882 3645 954 τὴν
3669 883 3820 953 ἐμὴν

2223 979 2299 1049 μὴ
2332 978 2695 1048 γυμνωθῆναι
2720 977 2923 1049 ψυχήν-

2291 1070 2359 1125 θ’.
2399 1088 2418 1122 ι
2453 1069 2695 1135 Φύλαξόν
2730 1087 2800 1142 με
2841 1070 2953 1126 ἀπὸ
2982 1070 3251 1140 παγίδος,
3295 1066 3365 1143 ἦς
3408 1068 3830 1139 συνεστήσαπό

2224 1178 2335 1233 μοι,
2364 1163 2460 1216 καὶ
2482 1162 2594 1216 ἀπὸ
2624 1163 2942 1218 σκανδάλων
2973 1162 3085 1218 τῶν
3119 1162 3512 1235 ἐργαζομένων
3547 1160 3651 1232 τὴν
3682 1162 3823 1214 ἀνο-

2224 1258 2375 1327 μίαν.
2408 1276 2427 1309 ι
2461 1256 2585 1311 Τῶν
2604 1258 2649 1289 ⁸⁵
2698 1258 2947 1326 παγίδων
2982 1256 3195 1312 τούτων
3225 1257 3320 1310 καὶ
3350 1255 3460 1309 τῶν
3491 1251 3825 1308 σκανδάλων

2223 1350 2603 1420 ἐμνημόνευσε
2634 1350 2733 1403 καὶ
2751 1352 2811 1404 ἐν
2834 1349 2913 1421 τῷ
2938 1350 3047 1422 πρὸ
3072 1349 3265 1403 τούτου
3294 1344 3515 1417 ψαλμῷ.
3546 1342 3826 1413 Πατίδας

2222 1443 2279 1496 δέ
2306 1445 2404 1496 καὶ
2427 1441 2748 1497 σκάνδαλα
2782 1443 2885 1507 τὰς
2912 1441 3209 1505 ἐπιϐουλὰς
3236 1440 3397 1495 καλεῖ
3418 1481 3435 1507 ,
3462 1431 3540 1494 ῶν
3565 1435 3827 1492 ἀπαλλα-

2223 1534 2389 1605 γῆναι
2420 1534 2754 1606 παρακαλεῖ.

2300 1632 2353 1681 ι’.
2387 1646 2405 1679 ι
2438 1627 2742 1682 Πεσοῦνται
2784 1629 2843 1681 ἐν
2886 1625 3294 1698 ἀμφιδλήστρφ
3322 1622 3492 1679 αὑτοῦ
3522 1624 3577 1677 οί
3628 1622 3827 1692 agap-

2226 1720 2409 1775 τωλοί.
2448 1738 2467 1771 ι
2496 1720 2782 1783 Τουτέστι,
2808 1719 2904 1773 τοῦ
2931 1717 3092 1773 Θεοῦ.
3116 1719 3179 1772 υί
3214 1717 3323 1788 γὰρ
3360 1719 3476 1780 τοῖς
3504 1715 3690 1778 ἄλλοις
3718 1712 3829 1776 τὰς

2232 1813 2530 1881 παγίδας⁸⁸
2562 1812 2893 1882 πηγνύντες,
2916 1812 3171 1883 καθάπερ
3203 1811 3309 1864 τινὶ
3337 1808 3563 1879 δικτύῳ,
3591 1810 3661 1878 τῇ
3693 1805 3825 1874 θείᾳ

2231 1904 2707 1976 συλληφθήσονται
2734 1903 3003 1975 τιμωρίᾳ,
3039 1904 3138 1956 καὶ
3182 1903 3330 1973 ἅπερ
3359 1900 3564 1972 δρῶσιν
3605 1899 3827 1967 ὑπομε-

2231 1995 2446 2060 νοῦσιν,
2510 1997 2604 2050 καὶ
2656 1996 2939 2050 πείσονται
2997 1994 3035 2050 a
3084 1997 3201 2059 τοῖς
3252 1994 3434 2058 ἄλλοις
3484 1991 3822 2059 ἐπάγουσιν.

2239 2103 2259 2138 ι
2300 2086 2687 2157 Καταμόνας³⁷
2716 2088 2837 2159 είμὶ
2863 2086 2997 2157 ἐγὼ,
3024 2086 3131 2151 ἐως
3152 2080 3215 2141 οὗ
3233 2086 3281 2120 ⁸⁸
3306 2084 3585 2159 παρέλθω.
3616 2101 3636 2137 ι
3676 2082 3827 2150 Ἐγὼ

2114 2229 2131 2247 ,
2231 2177 2291 2233 δέ
2319 2178 2526 2232 τούτων
2554 2178 2963 2251 κεχωρισμένος
2998 2178 3315 2243 διατελέσω,
3340 2178 3444 2241 ἐως
3474 2175 3543 2231 ἂν
3576 2174 3828 2244 δέξωμαι

2233 2266 2329 2320 τοῦ
2355 2266 2473 2337 βίου
2501 2268 2564 2322 τὸ
2588 2269 2784 2338 πέρας.

2517 2383 2781 2439 ΕΡΜΗΝ.
2822 2384 2961 2439 ΤΟΥ
2995 2384 3160 2439 PMA'
3198 2381 3517 2438 ΨΔΛΜΟΥ.

2307 2504 2377 2553 α’.
2416 2515 2435 2550 t
2470 2497 2750 2563 Συνέσεως
2774 2498 2854 2570 τῷ
2886 2499 3071 2566 Δαόὶδ,
3105 2499 3163 2552 ἐν
3190 2496 3266 2567 τῷ
3298 2494 3437 2550 εῖναι
3469 2495 3635 2549 αὐτὸν
3659 2496 3721 2548 ἐν
3747 2495 3829 2565 τῷ

2239 2587 2491 2661 σπηλαίῳ
2538 2589 2979 2660 προσευχόμενον
2993 2589 3060 2642 ’⁸.
3095 2607 3117 2641 ι
3157 2586 3302 2659 Δήλη
3317 2587 3362 2620 ³⁸
3390 2587 3485 2640 τοῦ
3529 2586 3756 2657 ψαλμοῦ
3789 2589 3824 2653 ἡ

2240 2678 2522 2742 ὑπόθεσις.
2564 2679 2904 2749 Διωκόμενος
2955 2678 3066 2751 γὰρ
3107 2681 3136 2732 ὀ
3184 2679 3327 2742 θεῖος
3364 2677 3529 2733 Δασιδ
3574 2679 3685 2731 ὑπὸ
3730 2677 3828 2731 τοῦ

2238 2766 2430 2830 Σαοὺλ,
2449 2768 2788 2837 καταφεύγει
2824 2768 2922 2840 μέν
2948 2766 3054 2821 ὑπὸ
3083 2768 3146 2823 τὸ
3176 2768 3463 2839 σπήλαιον,
3493 2766 3591 2821 καὶ
3616 2769 3676 2820 ἐν
3702 2771 3823 2830 τοῖς

2238 2857 2540 2923 ἐνδοτάτοις
2603 2857 2795 2913 τούτου
2861 2857 3317 2931 κατακρύπτεται
3377 2859 3624 2930 χωρίοις.
3691 2855 3828 2912 Εἶτα

2240 2950 2575 3023 θεασάμενος
2622 2952 2716 3006 τὸν
2762 2952 2940 3007 Σαοὺλ
2987 2954 3106 3007 ἐκεῖ
3156 2952 3516 3024 καταχθέντα,
3568 2950 3673 3022 τὴν
3725 2953 3830 3020 μὲν

2238 3042 2440 3097 δειλίαν
2465 3042 2566 3113 τῆς
2589 3042 2831 3107 διανοίας
2859 3044 3095 3115 ἐξήλασε
3117 3061 3132 3077 ο
3164 3044 3263 3117 τὴν
3308 3044 3366 3098 δέ
3410 3043 3565 3099 θείαν
3596 3045 3822 3098 ἐπικου-

2159 3125 2205 3184 C
2241 3136 2363 3206 ρίαν
2392 3135 2643 3200 ἐκάλεσε,
2681 3135 2777 3190 καὶ
2803 3136 3007 3209 ταύτης
3032 3134 3321 3207 τετύχηκε.

2308 3226 2375 3297 β’.
2414 3246 2432 3279 ι
2474 3227 2629 3298 Φωνῇ
2665 3244 2768 3296 μου
2801 3227 2938 3298 πρδς
2968 3226 3174 3298 Κύριον
3205 3226 3507 3298 ἐκέκραξα,
3532 3228 3691 3300 φωνῇ
3724 3242 3826 3297 μου

2237 3318 2375 3390 πρὸς
2436 3316 2641 3391 Κύριον
2692 3318 2941 3390 ἐδεήθην.
2977 3337 2996 3372 ι
3055 3319 3166 3373 Καὶ
3211 3318 3467 3374 ἐντεῦθεν
3518 3318 3711 3389 δῆλον,
3751 3320 3827 3383 ὡς

2237 3410 2489 3482 κραυγὴν
2527 3412 2627 3481 τὴν
2669 3409 2771 3481 τῆς
2832 3411 3074 3475 διανοίας
3118 3411 3426 3483 προθυμίαν
3473 3411 3653 3465 καλεῖ.
3702 3412 3826 3476 Πῶς

2237 3500 2344 3571 γὰρ
2376 3500 2442 3554 ἂν
2472 3500 2741 3572 ἐκέκραξε
2777 3504 2929 3572 φωνῇ
2966 3502 3317 3573 χρησάμενος
3351 3503 3379 3555 ὁ
3415 3503 3823 3572 κρυπτόμενος.

2239 3594 2332 3646 καὶ
2374 3592 2558 3646 λαθεῖν
2607 3593 3089 3664 προθυμούμενος;
3116 3596 3277 3665 Λέγει
3321 3595 3524 3659 τοίνυν,
3555 3597 3641 3649 ὅτι
3671 3598 3824 3650 Μετὰ

2239 3685 2420 3755 πάσης
2448 3684 2762 3756 προθυμίας
2798 3687 3057 3741 ίκέτευσα
3085 3687 3177 3741 τὸν
3202 3687 3355 3741 Θεόν.

2311 3784 2381 3845 γ’.
2416 3799 2431 3827 ι
2471 3776 2683 3849 Ἑγχεῶ
2728 3778 2960 3832 ἐνώπιον
3002 3779 3171 3834 αὐτοῦ
3200 3780 3297 3850 τὴν
3328 3780 3514 3851 δέησίν
3544 3799 3677 3852 μου,
3728 3782 3826 3853 τὴν

2242 3868 2420 3938 θλίψιν
2463 3886 2566 3939 μου
2612 3872 2841 3924 ἐνώπιον
2892 3870 3055 3923 αὑτοῦ
3089 3872 3461 3941 ἐπαγγελῶ³¹.
3504 3893 3524 3924 ι
3571 3875 3687 3927 Καὶ
3728 3875 3822 3945 τὴν

2244 3959 2548 4029 συμφορὰν,
2584 3960 2787 4028 φησὶν,
2815 3958 2962 4031 αύτῷ
3014 3960 3293 4031 πεποίηκα
3342 3960 3534 4033 δήλην.
3589 3964 3689 4016 καὶ
3732 3964 3827 4035 τὴν

2243 4051 2385 4122 ὑπὲρ
2426 4051 2630 4121 ταύτης
2678 4051 2917 4104 ἱκετείαν
2970 4053 3246 4122 ἐπιμελῶς
3306 4056 3725 4126 προσενήνοχα·
3771 4059 3830 4111 τὸ

2244 4142 2378 4195 πολὺ
2413 4142 2470 4195 δέ
2505 4142 2606 4212 τῆς
2647 4143 2888 4212 δεήσεως
2929 4142 3018 4197 διὰ
3049 4143 3143 4197 τοῦ
3176 4145 3369 4215 ἐκχεῶ
3412 4148 3827 4218 παρεδήλωσεν.

2314 4233 2377 4288 δ’.
2413 4251 2432 4285 t
2468 4235 2558 4287 Ἐν
2597 4233 2675 4305 τῷ
2706 4234 2980 4288 ἐκλείπειν
3011 4236 3069 4301 ἐξ
3101 4236 3235 4305 ἐμοῦ
3282 4237 3343 4291 τὸ
3371 4237 3593 4309 πνεῦμά
3631 4257 3759 4308 μου.
3805 4262 3823 4292 ι

2246 4326 2434 4381 Ταῦτα
2483 4326 2543 4381 δέ
2582 4326 2756 4399 ἔδρων
2784 4328 2885 4398 τὴν
2930 4327 3241 4400 ὑπερϐολὴν
3275 4327 3549 4400 θεώμενος
3590 4330 3704 4383 τῶν
3734 4349 3830 4384 κα-

560 4419 745 4473 derem
776 4436 790 4475 :
824 4435 948 4473 nam
976 4435 1141 4489 prope
1174 4418 1348 4488 ipsam
1390 4432 1618 4474 mortem
1654 4422 1988 4476 babitaham.
2023 4441 2041 4473 ‹
2075 4420 2129 4476 Et

2248 4417 2393 4469 κῶν⁹
2452 4416 2587 4488 παρ’
2637 4418 2800 4470 αὑτὸν
2849 4417 2959 4487 γὰρ
3008 4417 3356 4490 ἐσκηνούμην
3418 4419 3512 4472 τὸν
3570 4418 3827 4474 θάνατον.

506 4500 510 4504 Δ
561 4511 580 4531 ⁸
616 4518 673 4565 tu
708 4510 1010 4580 cognovisti
1058 4511 1285 4565 semitas
1336 4526 1505 4566 meas.
1546 4530 1564 4563 ι
1619 4512 1813 4567 Omnia
1864 4530 1983 4568 mea
2040 4515 2129 4567 tibi

2248 4528 2265 4559 ι
2313 4507 2425 4562 Καὶ
2453 4482 2725 4575 σίν-ἔγνως
2753 4482 3108 4581 τὰς-τρίϐους
3132 4482 3263 4580 p.00.
3355 4511 3540 4565 Πάντα
3561 4512 3707 4583 δῆλά
3752 4530 3830 4565 σοι

562 4608 691 4655 Sunt
722 4600 891 4666 nuda,
927 4610 982 4653 ct
1016 4600 1161 4654 nulla
1202 4616 1446 4654 mearum
1483 4601 1762 4655 actionum
1801 4613 1952 4656 tuum
1994 4619 2139 4672 pra:-

562 4691 691 4747 ti-rit
718 4691 962 4745 oculum.
1002 4693 1091 4747 «In
1114 4691 1198 4747 via
1230 4694 1350 4761 hac,
1370 4708 1474 4762 qua
1498 4692 1864 4756 ambulabam,
1899 4697 2141 4749 abst-on-

565 4786 764 4838 derunt
807 4783 1059 4852 laqueum
1110 4784 1264 4838 mihi.
1302 4804 1319 4837 ›
1380 4784 1442 4840 Et
1476 4786 1569 4856 qui
1603 4796 1873 4841 venantur
1904 4786 2141 4843 ferarqu

564 4874 684 4929 vias
721 4874 1073 4945 inVestigant,
1103 4884 1157 4929 et
1194 4877 1246 4930 in
1281 4876 1388 4931 illis
1422 4877 1554 4931 retia
1586 4886 1854 4932 statuunt.
1886 4878 1999 4933 Hos
2027 4879 2146 4932 imi-

566 4973 716 5025 tatus
754 4964 907 5031 Sani,
943 4975 996 5019 et
1043 4967 1110 5020 de
1160 4965 1357 5022 Davide
1396 4968 1674 5023 curiosius
1709 4969 2039 5039 inquirebat,
2088 4981 2142 5025 ct

570 5056 662 5109 ubi
697 5057 873 5125 ipsum
909 5056 1109 5125 degere
1134 5057 1489 5125 iutelligebat,
1525 5060 1597 5113 ibi
1635 5060 1862 5115 insidias
1897 5062 2139 5131 parabat.

571 5141 691 5200 Hoc
727 5148 893 5201 etiam
927 5147 1178 5209 diabolus
1212 5148 1363 5213 facit,
1393 5157 1449 5204 et
1478 5149 1747 5206 incedenti
1794 5151 1846 5205 in
1878 5153 1963 5207 via
2005 5162 2141 5207 temo

644 5293 675 5327 ιι
707 5281 725 5338 1
760 5282 896 5358 Reg.
934 5304 1082 5355 μιν,
1119 5288 1138 5340 l
1180 5305 1295 5358 seq.

2237 4599 2305 4653 τὰ
2335 4598 2466 4670 ἐμὰ,
2493 4600 2585 4653 καὶ
2612 4601 2765 4654 οὐδὲν
2791 4602 2897 4655 τῶν
2921 4602 3074 4672 ἐμῶν
3110 4602 3364 4671 πράξεων
3391 4603 3483 4656 τὸν
3516 4605 3608 4657 σὺν
3638 4605 3830 4659 ἔλαθεν

2241 4688 2538 4759 ὀφθαλμόν.
2579 4705 2597 4740 t
2629 4688 2719 4742 Ἐν
2743 4688 2845 4760 ὁδῷ
2876 4690 3070 4762 ταύτῃ,
3174 4690 3545 4761 ἐπορευόμην,
3584 4689 3829 4762 ἔκρυψαν

2246 4782 2450 4851 παγίδα
2506 4799 2618 4853 μοι.
2654 4801 2671 4832 ι
2716 4782 2824 4835 Καὶ
2854 4782 2903 4834 οί
2941 4780 3271 4853 θηρεύοντες
3311 4781 3420 4835 τῶν
3467 4780 3684 4854 θηρίων
3733 4782 3829 4845 τὰς

2248 4874 2401 4937 ὁδοὺς
2434 4874 2778 4945 ἁνιχνεύουσι
2798 4914 2813 4939 ,
2847 4876 2941 4928 καὶ
2974 4877 3032 4927 ἐν
3058 4874 3297 4938 ἐκείναις
3334 4876 3510 4929 ἱστᾶσι
3557 4874 3628 4927 τά
3660 4874 3828 4945 θήρα-

2250 4985 2375 5038 τρα.
2410 4964 2646 5029 Τούτους
2672 4964 3012 5037 μιμούμενος
3036 4967 3065 5019 ὁ
3094 4965 3289 5032 Σαοὺλ,
3320 4965 3827 5038 περιεργαζόμενος

2246 5060 2315 5113 τά
2352 5060 2493 5113 κατὰ
2523 5059 2616 5112 τὸν
2644 5057 2809 5111 Δαϐὶδ
2837 5057 3102 5125 διετέλει,
3137 5060 3235 5114 καὶ
3266 5059 3393 5113 ἔνθα
3422 5058 3637 5127 διάγειν
3668 5058 3823 5111 αὑτὸν

2248 5151 2548 5222 ἐμάνθανεν
2567 5189 2583 5214 ,
2622 5152 2739 5205 ἐκεῖ
2770 5152 2892 5213 ταῖς
2920 5150 3167 5223 ἐνέδραις
3194 5151 3485 5223 ἐκέχρητο.
3515 5150 3692 5205 Τοῦτο
3723 5151 3815 5204 καὶ

1670 5447 1905 5504 VARIE
1948 5448 2335 5508 LECTIONES
2385 5445 2470 5502 ΕΤ
2520 5444 2756 5499 ΝΟΤᾹΣ.

652 5574 702 5608 ¹³
740 5573 882 5633 Τῶν.
934 5565 1130 5634 Abest.
1165 5596 1194 5633 a
1247 5580 1369 5637 cod.
1398 5581 1450 5635 l.

1546 5583 1591 5614 “
1614 5582 1736 5654 god.
1791 5584 1815 5638 1
1862 5587 2063 5654 πάγας.

554 5653 842 5703 transeam
896 5666 965 5703 rc.
1002 5661 1113 5705 rete
1172 5666 1382 5706 eorum.

2166 5590 2211 5624 ⁸⁷
2265 5588 2614 5658 Καταμόγας
2661 5614 2737 5658 _--
2773 5585 3081 5658 παρέλθω.
3141 5584 3302 5641 Hebr.
3357 5582 3539 5658 Dom};
3583 5598 3692 5658 ego
3723 5598 3821 5634 αισα

1491 5652 1537 5684 ’⁸
2101 5662 2129 5693 ιλ

2245 5647 2474 5727 οοσευῇς.
2500 5647 2642 5729 Βεὸη
2661 5654 2827 5729 lectio
2853 5647 2909 5709 Ιὶ.
2934 5656 2971 5709 1.
3005 5666 3089 5713 est
3103 5655 3421 5729 ςξπςροσευχήἶ
3460 5664 3465 5671 ‘
3496 5654 3542 5684 ³ο
3574 5647 3817 5729 Δῇἒηῆ...

520 5772 527 5777 ,
578 5716 885 5787 τετύχηκε.
916 5717 1039 5789 Ilico
1072 5730 1131 5776 ut
1160 5722 1267 5776 alia
1296 5720 1458 5791 hujus
1489 5722 1679 5792 psalmi
1707 5724 1847 5793 apud
1862 5725 2027 5783 Cord.
2049 5730 2083 5783 Ι.
2105 5747 2129 5787 c

2270 5730 2389 5785 7i0.
2418 5716 2644 5798 'Origcui
2678 5726 3020 5782 tribuuntur.
3098 5726 3140 5759 ³⁸
3165 5716 3293 5783 ὀθά.
3328 5716 3359 5777 Ϊ
3383 5716 3715 5794 omnem».
