3996 6456
521 313 656 376 1955

1505 305 2000 362 ἰἰιιιυυυιιιςϊι
2043 305 2382 358 ιειιιιδιευιθι
2415 305 2496 359 (Α
2514 301 2790 359 MILNSIS

3660 297 3806 361 197.8

522 439 696 480 meam
735 422 788 477 in
820 419 1047 477 veritate
1079 428 1170 474 tua
1200 435 1213 473 :
1244 416 1440 473 exaudi
1469 431 1558 471 me
1585 415 1640 468 in
1683 422 1777 468 tua
1805 413 2039 484 iustitia.
2077 430 2096 464 ι

2211 411 2330 483 θείᾳ
2379 429 2473 466 σου
2499 430 2512 443 ·
2547 411 2872 466 είσάκουσόν
2910 428 3013 479 μου
3045 409 3104 463 ἐν
3151 411 3216 479 τῇ
3256 408 3578 484 δικαιοσύνῃ
3611 428 3732 465 σου.
3775 433 3794 462 ο

521 515 720 572 Pinnas
754 514 911 568 luens
946 526 1139 567 eorum
1174 525 1298 580 quae
1339 508 1696 564 commiserat
1730 506 1948 562 divinus
1999 506 2103 560 Da-

521 606 634 673 vid,
663 606 714 658 in
753 603 842 659 illa
877 604 1067 657 incidit
1094 602 1259 656 mala.
1285 601 1531 672 lujustus
1551 598 1754 663 tamen,
1776 608 1828 652 et
1859 597 2100 668 iniquus,

518 708 573 755 et
606 698 828 768 impius,
857 707 910 752 et
941 696 1215 772 parricida
1247 703 1367 749 erat
1394 679 1662 758 Absalon,
1711 692 1804 760 qui
1840 691 2102 762 genitoris

519 791 722 846 easdem
753 790 1124 845 desiderabat.
1161 788 1456 857 Propterea
1488 787 1682 840 beatus
1715 784 1882 840 David
1927 782 2100 838 Deum

518 884 790 949 obsecrat,
849 885 908 937 αι
963 881 1019 936 in
1064 881 1294 936 veritate
1334 888 1389 933 et
1429 878 1645 949 justitia
1696 892 1886 949 preces
1933 892 2104 933 exau-

516 975 654 1030 diat.

587 1068 754 1122 Vitas.
787 1067 842 1120 2.
890 1084 908 1119 ι
952 1065 1019 1120 Ει
1050 1082 1117 1119 ne
1149 1065 1324 1119 intres
1361 1063 1413 1117 in
1455 1061 1726 1132 judicium
1770 1074 1892 1116 cum
1937 1071 2100 1114 servo

516 1171 634 1226 tuo,
665 1159 791 1230 quia
818 1175 924 1212 non
955 1156 1352 1226 justilicabitur
1381 1157 1434 1210 in
1465 1163 1765 1226 conspectu
1799 1163 1892 1209 tuo
1919 1153 2100 1208 omnis

516 1252 723 1307 vivens.
759 1269 777 1302 ι
840 1251 895 1304 ln
945 1249 1175 1303 veritate
1209 1259 1264 1303 et
1306 1247 1543 1318 justitia,
1594 1245 1792 1316 inquit,
1842 1253 2100 1315 precatus

514 1361 636 1400 sum
679 1354 730 1397 te
762 1342 945 1398 verbis
978 1342 1150 1404 meis,
1190 1357 1298 1395 non
1343 1356 1460 1395 mea
1497 1339 1712 1409 justitia
1753 1338 1964 1401 fretus,
2003 1337 2101 1392 sed

516 1437 755 1492 hostium
805 1435 1150 1504 iniquitatem
1203 1434 1404 1489 sciens.
1462 1431 1599 1486 Novi
1645 1432 1792 1487 enim
1838 1431 1952 1486 lieri
1988 1444 2099 1485 non

515 1544 699 1596 posse,
721 1536 780 1580 ut
809 1525 1012 1595 aliquis
1045 1527 1308 1580 innocens
1335 1539 1365 1577 a
1401 1534 1495 1578 tuo
1527 1523 1789 1578 tribunali
1831 1522 2095 1578 discedat.

515 1619 572 1673 Si
599 1619 745 1673 enim
781 1619 1067 1672 hominum
1105 1617 1227 1670 vita:
1252 1616 1492 1686 regulam
1526 1615 1706 1685 legum
1736 1630 1766 1668 a
1789 1624 1841 1669 te
1863 1614 2097 1668 latarum

515 1711 863 1781 apposueris,
900 1724 1064 1764 nemo
1097 1709 1400 1764 secundum
1440 1707 1540 1762 has
1570 1708 1776 1762 vixisse
1801 1707 2094 1760 videbitur.

516 1775 792 1853 S’ivautem
825 1808 915 1852 tua
957 1799 1120 1853 etiam
1157 1797 1422 1852 beneticia
1459 1797 1512 1850 in
1548 1797 1788 1850 medium
1823 1795 2096 1860 attuleris,
2134 1775 2174 1829 Β

517 1900 570 1946 et
596 1901 730 1961 quot
755 1891 896 1945 bona
921 1891 1241 1944 hominibus
1263 1887 1696 1959 suppeditaveris
1719 1929 1734 1948 ,
1761 1902 1883 1956 quae
1907 1900 2099 1942 rursus

516 1993 754 2037 humana
775 1981 993 2052 justitia
1029 1982 1138 2036 tuis
1169 1981 1330 2036 donis
1360 1980 1795 2050 aaquiparabitur
1820 1980 1844 2032 ‘Z

588 2161 754 2216 Vatis.
781 2162 834 2216 3.
871 2179 889 2214 ι
919 2158 1060 2226 Quia
1092 2168 1414 2231 persecutus
1455 2164 1537 2214 est
1570 2159 1826 2215 inimicus
1857 2160 2098 2216 animam

516 2271 716 2324 meam,
766 2253 1079 2310 humiliavit
1122 2254 1174 2308 in
1224 2263 1370 2308 terra
1399 2255 1568 2309 vitam
1604 2271 1804 2310 meam.
1842 2273 1860 2307 ι
1898 2257 2100 2310 Precor

516 2352 701 2421 igitur,
749 2357 809 2404 ut
844 2357 990 2404 tuatn
1039 2348 1322 2404 veritatem
1367 2359 1421 2404 et
1450 2350 1718 2419 justitiam
1768 2365 2097 2419 consequar,

517 2460 624 2501 non
661 2444 736 2498 ita
768 2452 829 2496 ut
860 2457 1076 2497 mecum
1119 2441 1174 2496 in
1221 2442 1494 2512 judicium
1542 2442 1864 2506 descendas,
1903 2443 1998 2496 sed
2044 2451 2103 2498 ut

513 2552 614 2606 ego
645 2545 700 2590 et
742 2536 932 2590 hostes
967 2535 1302 2604 judicemur.
1338 2535 1526 2611 Regno
1560 2535 1706 2589 enim
1737 2535 1944 2603 ejcctus
1976 2551 2098 2590 sum

519 2628 585 2685 ab
611 2628 738 2693 illis,
769 2637 825 2682 et
853 2636 1084 2682 exactus
1116 2643 1238 2682 sum
1279 2629 1479 2698 patria.
1526 2626 1678 2682 [lane
1714 2628 1834 2698 ejus
1875 2628 2101 2682 humili-

515 2728 680 2774 tatem
716 2718 882 2773 etiam
927 2717 1160 2773 historia
1197 2720 1375 2773 docet.
1426 2716 1560 2772 Nam
1610 2718 1730 2772 sine
1760 2719 2002 2782 calceis.
2047 2731 2102 2776 et

515 2811 906 2877 absconditus,
950 2820 1006 2866 et
1035 2812 1349 2882 lacrymans
1394 2810 1700 2866 incedebat.
1747 2829 1766 2862 ι
1798 2809 2104 2866 Collocavit

518 2909 537 2930 °
564 2922 651 2960 me
675 2905 728 2958 in
751 2905 1026 2971 obscuris,
1057 2906 1204 2960 sicut
1231 2914 1480 2959 mortuos
1511 2905 1717 2958 saaculi.
1745 2924 1764 2957 ε
1801 2903 1934 2958 Nam
1967 2906 2102 2960 nihil

516 2998 708 3056 diﬂ'ero
747 3014 780 3053 a
814 3009 1033 3053 mortuo
1070 2998 1124 3053 in
1171 2998 1410 3053 tenebris
1451 2998 1690 3064 detento,
1737 2997 1954 3069 1550
1982 3003 2098 3068 eje-

515 3100 637 3148 ctus
666 3098 724 3148 et
755 3091 810 3145 in
837 3089 1074 3147 desertis
1107 3089 1248 3146 locis
1277 3092 1472 3159 degere
1499 3099 1742 3144 coactus.

583 3265 749 3321 Vna.
779 3265 835 3321 4.
872 3283 892 3318 ι
920 3263 987 3319 Ει
1014 3264 1214 3320 anxius
1233 3273 1319 3320 est
1343 3279 1507 3334 super
1531 3278 1617 3318 me
1635 3263 1860 3333 spiritus
1887 3278 2096 3318 meus.»

519 3360 809 3427 Propterea
843 3372 1041 3428 magno
1073 3372 1313 3412 mmrore
1347 3368 1402 3412 et
1432 3356 1653 3411 tristitia
1695 3355 1926 3411 alfectus
1957 3371 2100 3410 sum.

522 3448 777 3516 Spiritum
812 3451 960 3505 enim
1000 3451 1105 3504 hoc
1159 3450 1280 3505 loco
1337 3450 1580 3504 animam
1631 3459 1813 3503 vocat.
1860 3467 1877 3500 ι
1920 3448 1974 3503 ln
2018 3465 2104 3504 me

517 3542 798 3602 turbatum
849 3551 935 3596 est
995 3557 1093 3597 cor
1150 3557 1356 3596 meum.
1397 3561 1418 3594 ι
1475 3541 1704 3606 Omnes,
1755 3541 1954 3612 inquit,
2013 3555 2104 3595 ce-

517 3636 814 3708 gitationes
853 3648 990 3688 mea:
1045 3633 1287 3689 tumultu
1360 3644 1412 3688 et
1470 3632 1880 3703 perturbatione
1931 3631 2104 3703 plena:

522 3735 668 3789 sunt.

589 3821 755 3878 Vrsas.
788 3820 840 3876 5.
877 3838 896 3872 ι
933 3819 1140 3876 Memor
1178 3821 1256 3875 fui
1287 3821 1500 3876 dierum
1540 3822 1899 3891 antiquorum
1924 3861 1939 3886 ,
1985 3837 2103 3878 me-

517 3916 727 3972 ditatus
761 3929 882 3969 sum
916 3913 969 3968 in
1011 3915 1274 3984 operibus
1299 3915 1426 3980 tuis,
1476 3923 1530 3969 et
1568 3915 1622 3968 in
1656 3913 1814 3970 factis
1838 3930 2099 3970 manuum

522 4021 738 4067 tuarum
791 4006 1115 4062 meditabar.
1153 4026 1170 4060 ι
1213 4007 1440 4072 Animo,
1485 4008 1598 4072 ait,
1653 4007 2015 4070 consideravi,
2071 4022 2102 4061 a

523 4110 659 4171 quot
688 4101 1099 4156 calamitatibus
1141 4101 1378 4169 majores
1418 4109 1638 4154 nostros
1679 4100 2017 4164 liberaveris,
2049 4109 2104 4156 et

523 4194 915 4264 expugnabiles
953 4193 1193 4247 inimicis
1242 4209 1364 4247 esse
1412 4207 1518 4246 non
1568 4193 1804 4247 siveris:
1835 4202 1886 4246 et
1917 4208 2100 4247 recor-

524 4283 686 4338 datus
715 4299 834 4338 sum
879 4293 1159 4352 gestorum
1205 4283 1528 4350 Ahrahami,
1583 4291 1637 4338 et
1689 4283 1878 4348 lsaaci,
1917 4293 1970 4337 et
2008 4281 2100 4340 Ja-

525 4377 665 4444 cubi,
705 4384 757 4431 et
785 4373 1031 4445 Josephi,
1073 4384 1126 4430 et
1156 4373 1341 4441 Mos‘is,
1392 4375 1449 4429 et
1492 4375 1922 4431 consolationem
1969 4375 2099 4430 hinc

525 4471 665 4542 cepi.

594 4645 842 4703 \'t-:as.o.
895 4665 914 4698 ι
954 4647 1195 4719 ωερεηάι
1247 4662 1445 4702 manus
1495 4664 1644 4702 meas
1696 4648 1760 4701 ad
1805 4659 1876 4703 te.
1909 4667 1929 4702 ι
1985 4649 2102 4706 Hoc

523 4749 628 4807 est,
665 4757 788 4797 cum
838 4741 988 4796 omni
1037 4741 1319 4796 alacritate
1364 4756 1553 4810 preces
1600 4733 1786 4796 elTudi.
1845 4763 1863 4794 ι
1907 4742 2099 4798 Anima

524 4853 644 4892 mea
692 4836 834 4890 sicut
875 4843 1020 4888 terra
1057 4835 1174 4889 sine
1217 4849 1356 4903 aqua
1397 4834 1516 4887 tibi.
1558 4853 1575 4886 ι
1612 4833 1702 4888 Sic
1738 4837 1918 4889 autem
1947 4843 2099 4892 tuum

525 4930 652 4986 sitio
707 4926 1008 4992 auxilium,
1077 4925 1242 4982 veluti
1302 4925 1455 4980 arida
1523 4936 1664 4979 terra
1722 4923 1954 4982 imbrem
2007 4945 2103 4985 ex-

524 5031 754 5093 spectat.

603 5112 766 5168 Vens.
802 5115 856 5168 7.
897 5132 914 5164 ι
949 5111 1225 5168 Velociter
1247 5114 1447 5170 exaudi
1476 5131 1586 5182 me,
1621 5115 1870 5183 Domine,
1897 5117 2101 5176 defecit

525 5207 754 5276 spiritus
784 5221 963 5260 meus.
1005 5223 1024 5257 ι
1073 5204 1502 5276 Magnitudinem
1547 5210 1800 5266 ntmroris
1847 5227 1944 5283 per
1987 5213 2103 5270 htec

2203 503 2369 570 Δίκας
2406 505 2507 577 μὲν
2530 505 2692 558 τίνων
2719 506 2749 558 ό
2778 503 2923 566 θεῖος
2956 501 3125 556 Δαόὶδ
3162 497 3237 555 ὧν
3256 504 3305 533 ⁸⁸
3341 501 3795 573 ἐπλημμέλησεν,

2203 597 2432 660 ἐκείνοις
2487 595 2784 666 περιέπεσε
2835 597 2946 658 τοῖς
3000 599 3227 658 κακοῖς·
3279 595 3466 659 ἄδικος
3512 595 3569 650 δέ
3620 597 3799 665 ὃμωςι

2205 690 2298 743 καὶ
2313 691 2656 760 παράνομος,
2679 691 2775 744 καὶ
2789 688 3078 760 δυσσεϐὴς,
3097 690 3193 743 καὶ
3212 688 3546 760 πατραλοίας
3577 691 3609 743 ό
3637 689 3800 743 Ἄδα-ι

2205 781 2427 851 σαλὼμ,
2451 783 2550 852 τῆς
2581 781 2674 836 τοῦ
2721 782 3117 852 γεγεννηκότος
3154 781 3506 852 ἐπιθυμήσας
3551 782 3800 850 σφαγῆςέ

2201 875 2302 928 Διά
2338 890 2422 928 τοι
2450 874 2610 927 τοῦτο
2639 874 2732 928 τὸν
2765 874 2900 927 Θεὸν
2929 873 3258 947 ἀμακάριος
3287 874 3520 928 ἱκετεύει
3545 874 3714 928 Δαδὶδ
3736 877 3817 927 ἐν

2201 967 2434 1039 ἀληθείᾳ
2463 969 2557 1022 καὶ
2586 966 2908 1040 δικαιοσύνῃ
2929 968 3027 1037 τῆς
3050 968 3360 1038 προσευχῆς
3381 968 3712 1022 εἰσακοῦσαι
3729 965 3796 1019 “.-

2276 1061 2342 1130 β’.
2381 1080 2402 1113 ι
2436 1061 2550 1114 Καὶ
2586 1061 2662 1130 μὴ
2692 1059 2945 1133 εἰσέλθῃς
2974 1060 3056 1123 είς
3083 1060 3269 1130 κρίσιν
3297 1062 3440 1130 μετὰ
3467 1060 3563 1113 τοῦ
3601 1058 3803 1114 δούλην

2205 1170 2321 1219 σου,
2354 1155 2436 1208 ὅτι
2480 1155 2543 1207 οὐ
2593 1153 3025 1224 δικαιωθήσεται
3064 1153 3300 1208 ἐνώπιόν
3335 1170 3430 1206 σου
3460 1154 3566 1215 πᾶς
3599 1151 3738 1216 ζῶν.
3771 1167 3797 1202 ι

2215 1245 2304 1298 Ἐν
2333 1245 2601 1317 ἀληθεία,
2650 1247 2783 1318 φησὶ
2806 1287 2822 1310 ,
2869 1247 2965 1299 καὶ
2992 1245 3310 1316 δικαιοσύνῃ
3344 1249 3458 1309 τοῖς
3497 1248 3654 1314 ἐμοῖς
3707 1260 3798 1303 σεε

2204 1338 2392 1409 φησὶν,
2445 1339 2698 1392 ἱκέτευσα
2748 1339 2930 1408 λόγοις
2955 1379 2970 1403 ,
3007 1339 3070 1391 οὺ
3095 1341 3162 1409 τῇ
3197 1338 3441 1408 ἐμαυτοῦ
3471 1336 3802 1406 δικαιοσύνῃ

2203 1430 2446 1502 θαρρῶν,
2477 1429 2614 1484 ἀλλὰ
2645 1431 2746 1501 τὴν
2781 1430 2891 1484 τῶν
2917 1430 3197 1500 πολεμίων
3228 1430 3580 1501 παρανομίαν
3609 1426 3796 1490 εἰδώς.

2204 1519 2338 1576 υἷδα
2368 1522 2478 1594 γὰρ
2509 1522 2586 1585 ὡς
2617 1521 2881 1576 ἀδύνατον
2913 1520 3089 1576 άθῶόν
3123 1538 3245 1575 τινα
3277 1521 3337 1575 τὸ
3384 1521 3475 1574 σὸν
3525 1520 3800 1589 δικαστήδ

2207 1631 2323 1688 ριον
2350 1619 2633 1685 ἐκφυγεῖν.
2679 1617 2741 1670 Εἰ
2785 1615 2896 1686 γὰρ
2934 1615 3028 1669 τὸν
3058 1615 3258 1670 κανόνα
3300 1615 3410 1668 τῶν
3443 1613 3552 1668 ὑπὸ
3581 1612 3679 1667 σοῦ
3705 1628 3799 1665 τε·

2204 1708 2406 1761 θέντων
2459 1708 2642 1777 νόμων
2699 1707 2776 1778 τῷ
2806 1708 2914 1761 τῶν
2952 1706 3260 1779 ἀνθρώπων
3307 1707 3616 1778 παραθείης
3663 1707 3796 1776 βίῳ,

2203 1800 2379 1863 οὐδεὶς
2423 1799 2726 1870 ὀφθήσεται
2762 1799 2904 1853 κατά
2947 1799 3141 1854 τοῦτον
3174 1799 3489 1870 βεϐιωκώς·
3534 1803 3584 1852 εί
3609 1799 3670 1853 δὲ
3699 1803 3799 1853 καὶ

2201 1890 2300 1954 τὰς
2337 1891 2437 1954 σάς
2463 1891 2789 1962 εὐεργεσίας
2828 1893 2910 1955 εἰς
2937 1891 3103 1959 μέσον
3134 1892 3392 1959 ἀγάγοις,
3425 1891 3521 1944 καὶ
3545 1893 3649 1945 ὅσα
3677 1896 3798 1952 τοῖς

2201 1984 2515 2056 ἀνθρώποις
2557 1985 2906 2055 ἐχορήγησας
2944 1984 3127 2051 ἀγαθά
3149 2025 3163 2047 ,
3196 1985 3326 2038 ποία
3378 1986 3543 2038 πάλιν
3573 1985 3797 2054 ἀνθρω-

2203 2075 2334 2144 πίνη
2371 2075 2690 2147 δικαιοσύνη
2714 2079 2836 2139 ταίς
2869 2078 2992 2140 σαῖς
3022 2076 3416 2147 ἐξισωθήσεται
3453 2078 3721 2148 δωρεαῖς;

2272 2162 2319 2232 γ’
2328 2204 2343 2220 .
2386 2183 2403 2217 ι
2435 2165 2556 2218 Ὅτι
2615 2164 2944 2232 κατεδίωξεν
2975 2167 3006 2219 ό
3042 2165 3239 2237 ἐχθρὸς
3279 2167 3378 2238 τὴν
3425 2166 3611 2239 ψυχήν
3663 2184 3795 2236 μου.

2202 2257 2574 2312 ἐταπείνωσεν
2605 2259 2686 2324 είς
2722 2259 2826 2328 γῆν
2854 2258 2954 2330 τὴν
2984 2259 3133 2330 ζωήν
3171 2277 3294 2331 μου.
3335 2279 3353 2312 ι
3397 2260 3652 2315 Ἱκετεύω
3681 2260 3799 2315 tci—

2202 2367 2296 2403 νυν
2329 2349 2429 2420 τῆς
2465 2352 2565 2421 σῆς
2603 2350 2867 2422 ἀληθείας
2917 2353 3011 2405 καὶ
3055 2351 3406 2425 δικαιοσύνης
3436 2357 3648 2425 τυχεῖν,
3690 2355 3798 2409 οὐκ

2202 2443 2338 2514 ἐμοῦ
2373 2444 2470 2498 καὶ
2502 2443 2598 2496 σοῦ
2631 2444 2971 2516 κρινομένων
2991 2485 3008 2512 ,
3039 2445 3156 2499 ἀλλ’
3203 2445 3337 2517 ἐμοῦ
3367 2447 3465 2500 καὶ
3494 2447 3609 2502 τῶν
3639 2448 3798 2501 πολε-

2206 2533 2345 2602 μίων
2393 2531 2787 2604 δικαζομένων.
2831 2533 3200 2604 Ἐκδέϐλημαι
3253 2536 3364 2606 γὰρ
3414 2537 3508 2588 ὑπ’
3557 2537 3795 2592 ἐκείνων

2201 2622 2301 2690 τῆς
2331 2621 2608 2692 βασιλείας
2631 2663 2646 2687 ,
2684 2623 2958 2693 ἐλήλαμαι
2999 2623 3098 2694 τῆς
3130 2625 3409 2695 πατρίδος.
3438 2627 3663 2699 Ταύτην
3693 2629 3798 2682 αύ-

2201 2713 2298 2767 τοῦ
2333 2714 2433 2784 τὴν
2461 2716 2794 2770 ταπείνωσιν
2824 2717 2920 2769 καὶ⁵
2953 2717 2986 2788 ὴ
3024 2717 3238 2789 ἱστορία
3262 2717 3527 2772 διδάσκει.
3567 2721 3800 2775 ’Λνυπόι

2201 2808 2362 2877 δητος
2385 2808 2518 2878 γὰρ.
2555 2810 2651 2861 καὶ
2679 2809 3224 2881 συγκεκαλυμμένος,
3248 2812 3345 2865 καὶ
3373 2811 3638 2882 δακρύων
3663 2813 3797 2866 ἐδάἀ

2202 2901 2366 2966 διζεν.
2403 2921 2421 2953 ι
2464 2903 2719 2956 Ἐκάθισέ
2757 2921 2822 2974 με
2851 2907 2910 2958 ἐν
2945 2907 3263 2970 σκοτεινοῖς,
3295 2905 3374 2970 ὡς
3398 2908 3631 2978 νεκροὺς
3660 2908 3798 2962 αἰῶ.

2203 3008 2315 3055 νος.
2356 3012 2373 3043 ι
2409 2994 2577 3046 Οὐδὲν
2607 2995 2714 3064 γὰρ
2749 2995 2997 3067 διαφέρω
3029 2995 3228 3068 νεκροῦ
3267 2997 3326 3051 ἐν
3350 2998 3534 3053 σκότει
3560 2999 3795 3072 καθειρδ

2126 3110 2170 3170 C
2206 3085 2445 3154 γμένου,
2480 3088 2816 3158 ἐληλαμένος
2846 3089 2940 3143 καὶ
2969 3091 3029 3142 ἐν
3058 3091 3291 3161 ἐρήμοις
3322 3091 3548 3163 χωρίοις
3584 3093 3799 3163 διάγειν

2203 3181 2492 3252 ἡναγκασμ
2503 3184 2640 3246 ένος.

2277 3271 2344 3328 δ’.
2389 3292 2407 3325 ι
2439 3275 2550 3328 Καὶ
2603 3276 2900 3347 ἡκηδίασεν
2947 3275 3037 3331 ἐπ’
3085 3278 3188 3350 ἐμὲ
3232 3280 3296 3333 τὸ
3347 3279 3575 3352 πνεῦμά
3610 3299 3738 3352 μου.
3775 3299 3792 3334 t

2205 3366 2412 3420 Τούτου
2445 3368 2608 3440 χάριν
2641 3368 2884 3440 ἀθυμίας
2913 3370 3120 3442 πολλῆς
3162 3372 3259 3426 καὶ
3297 3373 3601 3443 ἀχθηδόνος
3627 3377 3800 3445 ἐμπέν

2206 3459 2482 3529 πλησμαι.
2541 3461 2790 3532 Πνεῦμα
2847 3462 2957 3534 γάρ
2985 3464 3223 3519 ἐνταῦθα
3262 3465 3362 3535 τὴν
3403 3465 3588 3537 ψυχὴν
3623 3467 3794 3524 καλεῖ.

2211 3569 2229 3603 ι
2265 3551 2356 3607 Ἑν
2381 3554 2508 3622 ἐμοὶ
2529 3555 2810 3627 ἐταράχθη
2839 3559 2871 3627 ἡ
2901 3558 3102 3628 καρδία
3135 3575 3258 3628 μου.
3292 3577 3310 3610 r
3341 3559 3574 3623 Πάντες.
3605 3561 3794 3631 φησὶν,

2203 3643 2252 3696 οί
2281 3643 2535 3715 λογισμοί
2567 3663 2668 3715 μου
2705 3647 2954 3719 ταραχῆς
2985 3650 3082 3702 καὶ
3115 3648 3285 3720 ζάλης
3315 3648 3702 3721 ἐπλήσθησαν.

2276 3832 2336 3880 ε’.
2393 3845 2414 3877 ι
2447 3828 2757 3899 Ἐμνήσθην
2792 3830 3016 3900 ἡμερῶν
3063 3829 3346 3901 ἀρχαίων,
3390 3831 3705 3902 ἐμελέτησα
3742 3834 3797 3886 ἐν

2206 3919 2340 3971 πᾶσι
2385 3922 2499 3983 τοῖς
2553 3919 2737 3990 ἔργοις
2771 3937 2889 3986 σου,
2926 3923 2984 3974 ἐν
3019 3924 3287 3993 ποιήμασι
3316 3923 3428 3975 τῶν
3455 3925 3670 3995 χειρῶν
3702 3940 3792 3979 σου

2206 4010 2506 4081 ἐμελέτων.
2543 4030 2560 4062 ι
2597 4012 2849 4075 Ἔλασον,
2877 4015 3064 4082 φησὶν,
3095 4016 3176 4079 είς
3201 4015 3462 4081 διάνοιαν,
3492 4017 3641 4070 ὅσων
3670 4017 3796 4078 τοὺς

2205 4102 2508 4174 ἡμετέρους
2563 4104 2864 4175 προγόνους
2898 4105 3283 4180 ἡλευθέρωσας
3336 4108 3666 4180 συμφορῶν,
3701 4108 3792 4162 καὶ

2205 4195 2570 4266 εὐχειρώτους
2615 4198 2871 4265 γενέσθαι
2915 4201 3030 4263 τοῖς
3079 4201 3361 4272 πολεμίοις
3402 4204 3508 4256 οὐκ
3565 4204 3787 4266 εἴασαςο

2205 4290 2300 4342 καὶ
2338 4290 2688 4360 ἀνεμνήσθην
2723 4291 2830 4344 τῶν
2868 4293 3013 4346 κατὰ
3043 4293 3136 4346 τὸν
3173 4295 3426 4366 Ἀϐραὰμ
3450 4335 3466 4359 ,
3503 4295 3620 4348 τῶν
3650 4297 3790 4350 κατά

2202 4382 2296 4435 τὸν
2331 4372 2539 4447 Ίσαάκ,
2570 4384 2680 4436 τῶν
2735 4385 2877 4438 κατά
2929 4385 3021 4439 τὸν
3061 4386 3280 4454 Ἰακὼϐ,
3318 4388 3485 4441 sibi!“
3515 4389 3664 4442 κατά
3701 4388 3789 4441 τὸν

2133 4465 2178 4520 Β
2219 4475 2414 4547 Ἰωσὴφ
2439 4519 2453 4541 ,
2492 4477 2601 4529 τῶν
2661 4477 2803 4530 κατά
2848 4481 2938 4531 τὸν
2989 4480 3226 4533 Μωσέα·
3275 4479 3365 4535 καὶ
3420 4481 3782 4552 ψυχαγωγίαν

2203 4565 2454 4620 ἐντεῦθεν
2507 4567 2718 4622 ἔλαϐον.

2274 4659 2347 4725 ς’.
2382 4679 2399 4710 ι
2431 4661 2740 4714 Διεπέτασα
2787 4662 2926 4732 πρὸς
2959 4663 3016 4717 σὲ
3048 4663 3150 4727 τὰς
3181 4666 3368 4736 χεῖράς
3403 4682 3526 4736 μου.
3572 4683 3591 4716 ι
3644 4663 3787 4716 Ἀντὶ

2201 4752 2316 4818 τοῦ,
2351 4740 2454 4806 Σὺν
2490 4753 2642 4826 πάσῃ
2683 4754 2966 4828 προθυμίᾳ
3003 4755 3102 4827 τὴν
3147 4757 3385 4811 ἱκετείαν
3415 4757 3784 4826 ἐποιησάμην.

2209 4864 2227 4896 ι
2271 4845 2333 4898 Ἡ
2363 4845 2507 4917 ψυχή
2544 4864 2680 4917 μου,
2715 4847 2792 4912 ὡς
2831 4848 2904 4919 γῆ
2948 4849 3176 4921 ἄνυδρός
3207 4867 3312 4903 σοι.
3355 4868 3373 4900 ι
3411 4847 3574 4904 Οῦτω
3609 4847 3668 4902 δέ
3696 4865 3786 4900 σου

2200 4938 2341 5007 διψῶ
2387 4939 2486 5008 τὴν
2540 4937 2816 5011 βοήθειαν,
2860 4941 3111 5013 καθάπερ
3161 4937 3195 5011 ἠ
3242 4941 3467 5011 ἄνυδρος
3497 4942 3570 5011 γῆ
3618 4956 3786 5011 προσο

2206 5031 2354 5103 μένει
2371 5030 2460 5084 τὸν
2490 5030 2664 5088 ὑετόν.

2274 5123 2338 5189 ζ’.
2397 5144 2414 5175 r
2449 5126 2600 5196 Ταχὺ
2659 5128 2984 5182 είσάκουσὸν
3030 5147 3153 5200 μου.
3207 5127 3403 5202 Κύριε,
3451 5129 3671 5195 ἐξέλιπε
3727 5129 3784 5182 τὸ

2210 5216 2429 5287 πνεῦμά
2460 5235 2582 5288 μου.
2617 5238 2634 5271 ι
2669 5219 2780 5292 Τὴν
2810 5221 3118 5293 ὑπερϐολὴν
3146 5222 3383 5293 ἀθυμίας
3396 5222 3442 5254 ⁵³
3471 5222 3561 5276 διά
3586 5223 3788 5276 τούτων

525 5299 846 5369 expressit:
885 5311 1011 5351 nam
1061 5298 1219 5353 valde
1253 5298 1558 5354 dolentium
1596 5303 1815 5373 propria
1868 5313 1953 5358 est
1991 5306 2100 5360 hzrc

2211 5309 2443 5379 ἐδήλωσε
2468 5327 2482 5340 ·
2525 5311 2634 5365 τῶν
2670 5313 2780 5385 γὰρ
2823 5314 2945 5369 λίαν
2995 5315 3372 5385 ἀσχαλλόντων
3408 5315 3542 5369 ἴδιον
3573 5315 3694 5369 τόδε
3732 5315 3786 5366 τὲ

527 5387 765 5444 all'ectio.
799 5405 814 5438 ι
842 5385 960 5440 Non
993 5395 1209 5442 avertas
1235 5387 1428 5444 faciem
1460 5399 1609 5445 tuam
1635 5407 1664 5446 a
1692 5409 1800 5461 me,
1827 5404 1881 5450 et
1912 5397 2100 5451 similis

2211 5402 2404 5465 πάθος.
2462 5405 2602 5474 «Μὴ
2663 5407 3014 5479 ἀποστρέψῃς
3067 5408 3126 5461 τὸ
3191 5408 3484 5480 πρόσωπόν
3547 5426 3639 5462 σου
3699 5410 3792 5462 ἀπ’

1609 5569 1845 5628 VARIA".
1890 5572 2274 5634 LECTIONES
2313 5577 2402 5635 ΕΤ
2433 5578 2668 5636 ΝΟΤίΕ.

638 5679 988 5770 ⁵³⁸⁷ίὶιεῖιικι)ι1ἐ
1030 5687 1048 5739 l
1087 5701 1273 5770 prium.
1307 5686 1395 5739 δι’.
1477 5687 1521 5769 ⁸]
1553 5688 1686 5744 Ibid.
1721 5689 2050 5757 ὑπακοῦσαι,
2083 5710 2100 5748 :1

2211 5696 2314 5765 ipta
2349 5707 2526 5754 tamen
2567 5699 2737 5756 altera
2770 5701 3018 5758 lectione.
3091 5704 3134 5733 “
3162 5700 3282 5756 τῶν
3308 5700 3557 5770 Ἰωσήφ.
3588 5699 3702 5754 Des.
3732 5698 3778 5753 iu

530 5757 653 5805 συί.
697 5755 738 5808 l.
824 5756 867 5786 “
898 5755 1197 5818 ‘Aﬂmtilb.
1234 5773 1418 5821 pra-tn.
1453 5758 1574 5827 τῆς.
