3996 6488
221 339 359 410 turn

1563 340 1645 402 IN
1679 340 1882 402 PSAL.
1931 339 2160 400 CXLII.

3358 335 3492 398 l958

213 463 378 533 ἐμοῦ,
442 460 539 518 καὶ
586 459 999 533 ὀμοιωθήσομαι
1062 462 1177 524 τοῖς
1244 455 1666 512 καταϐαίνουσιν
1725 457 1805 520 εἰς

1920 465 2006 505 ero
2034 450 2499 508 descendentibus
2537 453 2591 508 in
2627 452 2828 509 lacum.
2864 473 2880 506 ι
2928 451 3064 509 Nam
3113 455 3159 509 si
3207 461 3493 508 aversatus
3570 458 3573 461 '

213 553 443 611 λάκκον.
478 575 497 606 ι
552 553 617 607 Ei
658 552 767 625 γὰρ
810 551 1092 624 βδελύξαιό
1142 568 1244 623 μου
1291 550 1396 622 τὴν
1431 550 1671 604 ἱκετείαν
1712 550 1802 605 διὰ

210 644 317 714 τὴν
349 644 651 716 ἁμαρτίαν,
696 643 1017 716 παραυτίκα
1057 641 1136 715 τῷ
1176 642 1396 714 Θανάτῳ
1422 641 1802 715 παραδοθήσο-

216 752 341 807 pm.
374 734 482 788 Τὸν
529 735 641 806 γὰρ
676 734 909 790 θάνατον
942 734 1182 789 λάκκον
1224 734 1456 789 ὲκάλεσε
1499 733 1799 807 τροπικῶς.

213 824 490 898 Καθάπερ
521 826 629 896 γὰρ
661 824 753 879 τὸν
785 825 1189 896 καθειργμένον
1227 826 1287 879 ὲν
1316 824 1506 897 λάκκῳ
1556 825 1658 879 οὐκ
1685 824 1805 878 ἔστι

211 917 339 988 δίχα
363 918 476 971 τῶν
503 918 945 988 ἐπικουρούντων
969 917 1280 987 διαφυγεῖν,
1307 902 1481 983 οὕτως
1502 917 1807 972 ἀναϐιῶναι

211 1012 310 1066 τὸν
339 1011 648 1081 τεθνηκότα
691 1012 799 1065 τῶν
831 1011 1134 1077 ἀδυνάτων,
1180 1010 1255 1083 μὴ
1281 1011 1613 1082 βουλομένω
1639 1009 1801 1066 Θεοῦ.

284 1111 360 1175 η’.
402 1123 422 1157 ι
463 1104 757 1159 ’Δκουστὸν
816 1105 1039 1176 ποίησόν
1092 1122 1183 1175 μοι
1230 1106 1291 1159 τὸ
1337 1103 1488 1175 πρωῒ
1536 1104 1599 1159 τὸ
1654 1106 1805 1168 ἔλεός

214 1214 315 1251 σου
336 1237 354 1261 ,
390 1197 477 1251 δτι
506 1198 598 1251 ἐπὶ
631 1198 715 1251 σοὶ
745 1197 973 1269 ἤλπισα.
1003 1218 1023 1250 ι
1068 1197 1180 1269 Τὴν
1212 1200 1313 1269 σήν
1357 1216 1449 1269 μοι
1495 1197 1805 1269 φιλανθρω-

212 1288 373 1351 πίαν,
404 1289 578 1359 φησι,
609 1290 874 1359 μήνυσον,
922 1288 1019 1343 καὶ
1059 1289 1159 1360 τῆς
1201 1289 1419 1353 ἐλπίδος
1464 1290 1540 1361 μὴ
1568 1290 1804 1362 διαμάρ-

212 1398 396 1451 τοιμι.
460 1382 617 1449 Πρωτ
667 1382 777 1453 γάρ
837 1381 1076 1437 ἐνταῦθα
1134 1383 1198 1437 τὸ
1253 1382 1482 1452 ταχέως
1547 1382 1800 1438 ἐκάλεσε.

218 1472 549 1545 ιλΓνὼρισόν
586 1491 702 1543 μοι,
727 1475 922 1547 Κύριε,
956 1475 1078 1529 ὁδὸν
1112 1475 1171 1529 ιν
1297 1474 1638 1546 πορεύσομαι
1665 1515 1680 1536 .
1718 1475 1805 1529 ὅτι

214 1566 360 1639 πρὸς
407 1567 468 1621 σὲ
501 1561 614 1638 ἦρα
649 1567 750 1636 τὴν
782 1566 967 1638 ψυχήν
1022 1583 1146 1638 μου.
1177 1584 1197 1618 ι
1250 1565 1414 1621 Γενοῦ
1462 1581 1591 1637 μοι,
1643 1566 1802 1637 φησὶ,

215 1656 463 1729 ποδηγδς
486 1697 502 1723 ,
538 1659 632 1711 καὶ
661 1658 759 1728 τὴν
803 1658 1020 1712 εὐθεῖαν
1064 1658 1292 1730 πορείαν
1323 1656 1623 1724 ὑπόδειξον.
1658 1657 1805 1710 Πάν-

1904 543 2079 598 tueris
2109 558 2258 598 meas
2284 559 2475 615 preces
2502 545 2573 601 ob
2600 556 2911 615 peccatum,
2940 548 3127 605 subito
3150 560 3332 603 morte
3352 549 3491 604 mul-

1906 638 2062 695 tabor
2094 656 2108 694 :
2140 650 2372 695 mortem
2421 643 2568 697 enim
2618 642 2794 698 lacum
2827 646 3040 715 tropice
3076 644 3315 700 vocavit:
3349 641 3486 699 Nam

1905 734 2371 801 quemadmodum
2408 735 2454 790 is
2479 775 2494 798 ,
2529 736 2622 805 qui
2666 736 2721 791 in
2765 736 2885 791 lacu
2919 737 3173 792 detentus
3211 744 3334 802 est,
3378 752 3488 790 non

1906 834 2086 896 potest
2139 827 2262 883 sine
2324 827 2671 897 adjutoribus
2731 831 3017 886 evadere:
3058 832 3140 887 sic
3200 830 3315 884 ﬂeri
3381 843 3488 884 non

1906 926 2123 985 potest,
2197 927 2258 973 ut
2322 928 2576 975 mortuus
2640 919 2694 974 in
2760 923 2927 975 vitam
2992 923 3212 988 redeat,
3268 923 3490 977 nolente

1908 1010 2041 1064 Deo.

1982 1099 2146 1156 Vens.
2168 1102 2223 1157 8.
2253 1121 2271 1154 ι
2292 1102 2545 1158 Auditam
2571 1104 2661 1161 fac
2684 1105 2817 1160 mihi
2848 1106 3284 1162 misericordiam
3312 1119 3486 1173 tuam,

1905 1195 2035 1265 quia
2090 1197 2142 1249 in
2190 1205 2242 1250 te
2284 1198 2519 1267 speravi.
2556 1214 2574 1249 ι
2614 1196 2811 1264 Tuam,-
2862 1199 3060 1269 inquit,
3098 1201 3487 1271 benignitatem

1907 1287 2088 1343 iudica
2130 1289 2286 1351 mihi,
2339 1288 2548 1360 1551
2602 1299 2656 1343 et
2689 1292 2756 1345 de
2788 1307 2887 1361 spe
2929 1308 2997 1347 ne
3033 1293 3303 1347 decidam.
3349 1293 3486 1361 Diam

1907 1396 2063 1434 niane
2086 1381 2189 1436 hoc
2218 1382 2339 1435 loco
2369 1397 2467 1451 pro
2491 1381 2737 1436 celeriter
2755 1383 2913 1441 dixit.
2947 1402 2965 1436 ι
2997 1383 3188 1440 Notam
3218 1386 3306 1440 fac
3328 1385 3485 1451 mihi,

1908 1468 2157 1534 Domine,
2189 1471 2358 1535 viam,
2397 1471 2450 1524 in
2483 1486 2592 1539 qua
2628 1472 2934 1538 ambulem,
2966 1475 3093 1541 quia
3132 1477 3197 1527 ad
3230 1486 3280 1528 te
3315 1474 3486 1529 levavi

1906 1562 2149 1617 animam
2183 1578 2384 1617 meam.
2424 1581 2443 1616 ι
2480 1562 2610 1617 Esto
2639 1564 2801 1629 mihi,
2838 1564 3035 1634 inquit,
3076 1565 3184 1619 dux
3208 1609 3221 1630 ,
3251 1576 3489 1620 rectum-

1907 1673 2015 1727 que
2042 1659 2142 1711 iter
2175 1659 2307 1713 mihi
2340 1658 2589 1713 ostende.
2624 1658 2705 1713 Ab
2730 1660 2985 1714 clunibus
3016 1661 3161 1713 enim
3195 1662 3357 1716 rebus
3387 1661 3490 1714 hu-

214 1766 332 1807 των
370 1750 483 1821 γὰρ
524 1750 635 1804 τῶν
680 1750 1103 1821 ἀνθρωπίνων⁶⁶
1153 1748 1254 1822 τὴν
1301 1749 1440 1820 ἐμὴν
1484 1749 1805 1821 ἀποστήσας

1920 1749 2088 1804 manis
2114 1765 2288 1804 meam
2322 1750 2601 1807 ahducens
2637 1750 2907 1817 animam,
2930 1766 3048 1806 eam
3074 1752 3194 1819 tibi,
3236 1751 3486 1820 Domine,

211 1840 426 1914 ψυχὴν.
459 1842 544 1894 σοὶ
567 1839 776 1911 ταύτην
810 1840 1188 1911 προσήγαγον,
1222 1840 1495 1893 Δέσποτα.

283 1934 356 1988 θ’.
397 1952 418 1986 ι
440 1930 655 1998 Ἐξελοῦ
687 1948 757 2002 με
782 1934 849 1986 ἐκ
873 1931 981 1985 τῶν
1008 1932 1218 2003 ἐχθρῶν
1246 1949 1373 2003 μου,
1389 1931 1583 2002 Κύριε.
1603 1929 1738 2002 πρὸς
1756 1930 1797 1963 ⁸⁷

215 2026 278 2085 σε
322 2026 656 2094 κατέφυγον.
690 2044 710 2076 ο
763 2023 986 2093 Φεύγων
1033 2026 1161 2088 τοὺς
1192 2024 1487 2096 πολεμίους
1528 2024 1589 2078 σὲ
1635 2041 1805 2079 κατα-

216 2116 404 2185 φυγῆς
440 2118 608 2169 τόπον
650 2113 760 2185 ἔχω
784 2154 799 2179 ,
844 2116 942 2168 καὶ
968 2114 1066 2184 τῆς
1094 2113 1317 2168 ἐκείνων
1348 2115 1645 2186 ἐπιϐουλῆς
1688 2117 1802 2170 ἀπ-

215 2204 524 2275 αλλαγῆναι
553 2202 878 2276 παρακαλῶ.

289 2304 342 2350 ι’.
385 2317 404 2349 ι
440 2297 663 2362 Δίδαξόν
698 2316 765 2368 με
797 2300 892 2353 τοῦ
920 2305 1094 2355 ποιεὶν
1120 2300 1184 2353 τδ
1205 2298 1423 2370 Θέλημά
1463 2316 1556 2353 σου
1578 2340 1591 2359 .
1620 2300 1703 2353 ὅτι
1734 2300 1799 2353 σὺ

218 2387 266 2445 εἷ
295 2393 326 2445 δ
357 2391 494 2456 Θεὸς
525 2408 651 2462 μου.
684 2410 705 2444 ι
752 2392 1004 2446 Ἰκετεύω
1030 2393 1089 2446 δὲ
1116 2391 1267 2446 xui.“
1298 2392 1479 2457 τοῦτο,
1533 2392 1607 2463 μὴ
1641 2394 1805 2463 μόνον

214 2484 418 2538 εἰδέναι
465 2484 518 2537 τί
564 2483 773 2550 θέλεις,
826 2483 963 2538 ἀλλά
1013 2485 1107 2540 καί¹
1156 2486 1420 2556 πράττειν
1460 2484 1497 2538 ἃ
1529 2484 1701 2548 θέλεις
1719 2486 1800 2518 δ’·

218 2580 411 2651 ιπειδὴ
446 2578 508 2633 σὲ
539 2579 675 2633 Θεὸν
726 2578 972 2650 ἐμαυτοῦ
1006 2579 1101 2632 καὶ
1150 2579 1432 2651 Δεσπότην
1474 2579 1799 2650 ἐπίσταμαι.

222 2692 240 2724 ι
279 2670 357 2725 Τὸ
397 2670 619 2742 πνεῦμά
656 2687 749 2725 σου
797 2670 858 2725 τὸ
905 2670 1111 2741 ἀγαθὸν
1154 2671 1412 2742 ὁδηγήσει
1462 2688 1530 2742 με
1564 2673 1622 2725 ὲν
1666 2676 1737 2743 γῇ
1757 2673 1802 2705 ⁵ο

218 2761 430 2832 εὐθείᾳ.
463 2780 483 2814 ι
535 2761 647 2815 Καὶ
688 2760 937 2815 ὶντεῦθεν
993 2761 1094 2832 τὴν
1137 2760 1294 2827 ἀξίαν
1341 2761 1435 2815 τοῦ
1494 2762 1805 2833 πνεύματος

216 2853 607 2926 ἐδιδάχθημεν.
640 2854 855 2923 Ὠσπερ
884 2854 993 2923 τάρ
1035 2855 1063 2906 ὁ
1109 2853 1245 2917 Θεὸς
1274 2854 1501 2922 ἀγαθὸς,
1531 2853 1677 2908 οὕτω
1709 2856 1805 2909 καὶ

216 2948 278 3000 τὸ
302 2945 533 3017 Πνεῦμα
553 2945 865 3015 ὠνόμασται
894 2944 1100 3015 ἀγαθόν
1119 2962 1135 2978 ο
1160 2945 1254 3000 καὶ
1283 2946 1536 3018 καθάπερ
1559 2947 1650 3001 τὸν
1670 2948 1804 3001 Θεὸν

215 3037 491 3110 δδηγῆσαι
523 3038 686 3091 αὐτὸν
719 3037 1016 3100 ἱκέτευσεν,
1048 3036 1191 3092 οὕτω
1233 3039 1329 3092 καὶ⁵
1354 3039 1457 3109 τῆς
1483 3039 1578 3093 τοῦ
1637 3040 1805 3094 lived-

221 3145 396 3200 ματος
421 3129 647 3199 ὁδηγίας
680 3129 987 3185 ἀπολαῦσαι
1019 3129 1328 3203 παρακαλεί
1347 3169 1363 3195 ,
1391 3130 1467 3195 ὡς
1499 3130 1665 3201 μηδὲν
1707 3133 1808 3186 αὒ-

1908 1842 2131 1900 adduxL

1980 1932 2145 1989 Vens.
2176 1933 2230 1991 9.
2272 1949 2291 1986 ι
2331 1934 2495 2003 Eripe
2536 1950 2623 1989 me
2666 1936 2736 1992 de
2782 1935 3028 1991 inimicis
3049 1938 3211 2001 meis,
3237 1934 3489 2001 Domine,

1910 2025 1976 2080 ad
2008 2035 2059 2079 te
2092 2025 2343 2095 confugi.
2383 2046 2402 2077 ι
2436 2028 2454 2046 ⁸
2482 2024 2725 2096 Fugiens
2759 2027 2970 2090 hostes,
3004 2036 3055 2081 te
3085 2025 3278 2095 refugii
3307 2027 3489 2081 locum

1911 2115 2110 2181 habeo,
2148 2125 2203 2171 et
2242 2125 2300 2170 ut
2332 2115 2401 2171 ab
2431 2114 2653 2171 illorum
2687 2116 2906 2171 insidiis
2936 2116 3135 2171 liberer
3162 2131 3380 2185 precor.

1981 2298 2149 2354 Vens.
2186 2300 2272 2355 lO.
2317 2318 2335 2351 ι
2373 2301 2515 2355 Doce
2562 2316 2649 2355 me
2693 2299 2877 2356 facere
2921 2300 3259 2357 voluntatem
3301 2310 3488 2368 tuam,

1910 2393 2037 2462 quia
2084 2392 2227 2447 Dens
2258 2409 2415 2447 meus
2439 2409 2500 2448 es
2534 2404 2612 2448 tu.
2650 2412 2668 2446 ι
2704 2394 2975 2449 Cancrum
3005 2396 3258 2462 oliseero,
3291 2406 3349 2450 ut
3380 2412 3490 2451 non

1912 2484 2076 2537 modo
2123 2485 2296 2537 sciam
2347 2483 2475 2553 quid
2524 2486 2680 2548 velis,
2727 2500 2917 2539 verum
2961 2487 3128 2541 etiam
3181 2498 3239 2541 ut
3292 2487 3491 2542 fat-iam

1911 2594 2032 2647 quae
2069 2578 2227 2639 Veiis,
2263 2576 2527 2646 quoniam
2571 2588 2623 2631 te
2672 2576 2841 2631 Deum
2890 2592 3069 2630 mcutn
3104 2585 3159 2631 et
3197 2576 3490 2651 Dominum

1911 2671 2047 2727 scio.
2102 2689 2119 2719 ι
2158 2668 2399 2739 Spiritus
2429 2678 2556 2723 tuus
2589 2670 2767 2723 bonus
2797 2668 3031 2723 deducet
3072 2685 3160 2722 me.
3192 2670 3245 2724 in
3287 2678 3489 2724 terram

1912 2775 2139 2818 rectam.
2177 2782 2195 2811 ι
2238 2760 2375 2815 Hinc
2420 2761 2585 2815 etiam
2647 2762 2876 2830 spiritus
2927 2761 3249 2832 dignitatem
3295 2762 3497 2817 didici‘

1913 2870 2055 2909 mus.
2106 2852 2263 2906 Sicut
2298 2854 2445 2906 enim
2485 2852 2626 2907 Deus
2667 2852 2886 2916 bonus,
2931 2854 3011 2907 sic
3040 2853 3206 2907 etiam
3254 2852 3494 2923 Spiritus

1912 2944 2225 2999 tmmiuatus
2281 2952 2366 2997 est
2422 2944 2602 2997 bontts
2645 2960 2658 2995 :
2698 2952 2751 2996 et
2798 2944 3261 3011 quemadmodum
3320 2944 3491 2999 Deum

1912 3034 2217 3087 obsecravit
2251 3042 2310 3085 ut
2345 3032 2526 3101 ipsum
2554 3032 2873 3093 deduceret.
2908 3033 2989 3086 sic
3012 3034 3180 3087 etiam
3215 3045 3492 3102 precatur,

1914 3135 1972 3180 ut
2017 3125 2259 3194 Spiritus
2313 3125 2489 3178 sancti
2545 3124 2773 3178 ductum
2810 3137 3209 3195 consequatur,
3263 3138 3322 3180 ut
3357 3127 3494 3181 nihil

219 3221 299 3293 τῷ
330 3223 569 3293 φανῆναι
600 3223 929 3294 πρόσαντες,
966 3223 1103 3293 μηδὲ
1130 3224 1413 3295 δυσχερὲς,
1446 3226 1563 3280 ἀλλ’
1589 3225 1805 3281 εὐθεῖαν

1920 3220 2017 3291 ipsi
2053 3220 2287 3273 arduum
2314 3229 2367 3272 et
2397 3218 2620 3272 iliﬂicile
2648 3226 2930 3287 appareat,
2958 3220 3050 3273 sed
3083 3228 3292 3274 rectam
3320 3220 3490 3284 viam,

219 3312 320 3385 τὴν
372 3312 493 3369 ὁδὸν
534 3312 761 3381 ὁδεύειν,
792 3315 889 3369 καὶ
922 3314 1096 3381 λείαν,
1125 3316 1284 3370 xui“
1319 3316 1532 3387 πλάνης
1560 3318 1808 3389 ἀπηλλα-

221 3407 460 3479 γμένην.

289 3496 385 3557 ια’.
418 3497 677 3553 «Ἕνεκεν
702 3496 799 3553 τοῦ
822 3498 1083 3570 ὀνόματός
1113 3515 1229 3564 σου,
1250 3500 1646 3573 Κύριε,ζήσεις
1681 3521 1767 3573 με.
1784 3523 1803 3555 υ

221 3590 294 3644 Σύ
330 3607 400 3661 με
446 3590 752 3662 προεδάλου
795 3590 1055 3663 βασιλέα’
1100 3592 1204 3663 τῆς
1252 3596 1348 3666 σῆς
1391 3594 1451 3647 δὲ
1496 3596 1681 3667 ψήφου
1717 3599 1815 3650 καὶ·

219 3682 563 3754 χειροτονίας
606 3682 924 3755 ἀπήλαυσα,
958 3686 1051 3739 καὶ
1086 3685 1236 3741 δέδια
1264 3686 1339 3756 μὴ
1376 3688 1678 3757 παροφθεὶς
1704 3688 1810 3743 ὑπὸ

221 3773 321 3828 σοῦ
360 3773 719 3845 βλασφημίας
756 3774 1017 3845 πρόξενος
1044 3775 1127 3846 τῷ
1157 3775 1237 3848 σῷ
1265 3778 1493 3846 ὀνόματι
1536 3779 1805 3847 γένωμαι.

220 3866 319 3936 Μὴ
347 3865 435 3929 είς
460 3864 561 3937 τὴν
599 3864 743 3937 ἐμὴν
768 3866 951 3920 τοίνυν
978 3867 1297 3941 ἀποϐλέψεις
1335 3868 1515 3933 ἀξίαν,
1553 3868 1691 3923 ἀλλά
1718 3868 1811 3923 διὰ

218 3958 327 4027 τὴν
368 3956 467 4011 τοῦ
518 3957 613 4011 σοῦ
661 3957 931 4026 ὀνόματος
980 3958 1259 4030 εὐφημίαν
1305 3960 1539 4031 μετάδος
1590 3979 1681 4033 μοι
1711 3963 1825 4032 τῆς·

224 4051 507 4121 σωτηρίας
524 4050 593 4104 ⁸⁸.
635 4069 654 4103 ι
696 4049 786 4103 Ἑν
814 4054 881 4123 τῇ
908 4051 1226 4124 δικαιοσύνῃ
1250 4070 1345 4107 σου
1376 4054 1587 4121 ἐξάξεις
1612 4058 1675 4108 ἐκ
1699 4054 1823 4108 Θλίέ

221 4141 375 4211 ψεως
406 4140 505 4212 τὴν
532 4140 713 4214 ψυχήν
763 4159 896 4211 μου.
930 4161 948 4194 ι
1001 4144 1154 4213 Ἐμοὶ
1201 4144 1310 4215 γὰρ
1344 4144 1440 4198 καὶ
1482 4148 1598 4211 τοῖς
1647 4146 1812 4201 πολε-

1909 3326 1964 3368 et
2000 3314 2249 3383 planam,
2300 3321 2355 3366 et
2383 3311 2453 3365 ab
2483 3325 2674 3365 errore
2706 3311 2937 3365 liberam
2970 3322 3260 3381 sequatur.

1984 3491 2152 3546 Vens.
2187 3492 2276 3547 Η.
2318 3511 2337 3543 ι
2374 3492 2606 3561 Propter
2638 3505 2841 3546 nomen
2886 3499 3065 3556 tuum,
3089 3490 3340 3559 Domine,
3359 3492 3500 3546 vivi-
3547 3514 3550 3517 λ

1914 3586 2104 3641 lieabis
2157 3602 2263 3640 mc.
2303 3604 2321 3636 ι
2371 3586 2453 3640 Tu
2500 3601 2693 3654 regem-
2725 3599 2812 3639 me
2845 3587 3068 3646 creasti,
3122 3593 3279 3640 tuum
3314 3595 3494 3640 autem

1915 3678 2237 3747 suffragium
2283 3687 2338 3730 et
2368 3676 2848 3745 inaugurationem
2884 3690 3006 3728 sum
3037 3685 3370 3731 consecutus
3402 3686 3498 3730 :et

1914 3773 2105 3833 timeo,
2146 3786 2213 3825 ne
2243 3785 2274 3824 a
2303 3780 2355 3823 te
2385 3768 2699 3837 despectus,
2735 3774 2931 3820 auctor
2960 3766 3065 3820 sint
3108 3778 3167 3820 ut
3201 3776 3355 3821 tuum
3393 3776 3498 3822 ιιοὲ

1914 3879 2038 3917 men
2085 3862 2227 3915 male
2271 3860 2483 3914 audiat.
2536 3858 2614 3913 Ne
2667 3857 2830 3927 igitur
2862 3857 2928 3911 ad
2958 3872 3132 3912 meam
3174 3858 3503 3928 dignitatem;

1915 3953 2199 4023 respicias,
2234 3951 2331 4006 sed
2364 3951 2436 4004 oh
2471 3949 2847 4004 celebritatem
2879 3948 3122 4003 nominis
3157 3950 3232 4003 tui
3263 3951 3497 4009 salutem

1914 4046 2048 4102 mihi
2078 4044 2322 4111 imperti.
2358 4061 2378 4093 ι
2418 4042 2476 4097 lu
2513 4042 2771 4112 aequitate
2802 4052 2894 4097 tua
2931 4042 3133 4097 educes
3165 4042 3232 4097 de
3266 4045 3497 4098 tribula-

1916 4140 2063 4194 tione
2116 4136 2356 4191 animam
2411 4151 2668 4189 meamn
2726 4133 2860 4188 Nam
2910 4149 3034 4187 cum
3075 4150 3163 4188 me
3209 4143 3264 4188 et
3311 4135 3499 4189 hostes

227 4232 377 4303 μίοις
405 4231 660 4296 δικάσας,
687 4232 913 4296 δικαίως
945 4232 1054 4286 τῶν
1078 4234 1169 4286 ὑπ’
1193 4234 1421 4288 ἐκείνων
1447 4236 1805 4306 ἀπαγομένων

1920 4231 2267 4303 iudicaveris,
2312 4228 2462 4297 juste
2510 4227 2724 4311 1552
2762 4244 2790 4282 a
2826 4228 3237 4284 calamitatibus
3277 4231 3346 4285 ab
3389 4231 3498 4286 illis

222 4324 562 4391 ἀπαλλάξεις
598 4342 668 4396 με
694 4325 1015 4399 συμφορῶν.

301 4417 394 4489 ιβ’.
455 4436 475 4471 ι
509 4419 624 4473 Καὶ
673 4421 735 4472 ὲν
781 4418 861 4490 τῷ
905 4419 1047 4473 ἐλέει
1101 4437 1196 4473 σου
1235 4420 1651 4492 ὲξολοθρεύσειςν
1684 4424 1812 4487 τοὺς

1915 4321 2173 4393 irrogatis
2209 4335 2293 4375 me
2329 4318 2609 4374 liherabis.

1986 4414 2152 4469 Vens.
2206 4412 2297 4468 12.
2352 4429 2371 4464 ι
2414 4410 2479 4465 Et
2527 4413 2581 4465 in
2634 4411 3008 4465 misericordia
3068 4421 3158 4466 tua
3217 4404 3500 4480 disperdes

225 4508 462 4583 ἐχθρούς
485 4528 611 4579 μου,
636 4511 734 4564 καὶ
762 4510 985 4575 ἀπολεῖς
1014 4512 1223 4575 πάντας
1251 4513 1381 4575 τοὺς
1400 4511 1682 4577 θλίδοντας
1709 4514 1805 4585 τὴν

1920 4509 2169 4564 inimicos
2201 4522 2355 4562 meos
2387 4515 2486 4560 :rct
2520 4504 2713 4575 perdes
2741 4519 2937 4557 omnes
2962 4505 3052 4569 qui
3085 4504 3350 4558 tribulant
3375 4506 3501 4558 ani:

222 4604 411 4673 ψυχήν
450 4619 576 4673 μου,
607 4603 690 4656 ὅτι
720 4600 833 4671 ἐγὼ
861 4600 1048 4664 δοῦλός
1076 4602 1171 4656 σού
1209 4604 1348 4674 είμι.
1382 4623 1401 4656 ι
1430 4600 1605 4659 Τοῦτο
1632 4607 1726 4660 καὶ
1755 4608 1814 4664 ἐν

224 4693 309 4763 τῷ
338 4693 447 4764 ρλε¹
488 4693 593 4765 ἔφη
620 4692 847 4765 ψαλμῷ,
879 4712 899 4747 ι
928 4693 1020 4764 Τῷ
1068 4694 1371 4759 πατάξαντι
1409 4695 1683 4764 Αἴγυπτον
1715 4700 1814 4755 σὺν

226 4789 346 4850 τοῖς
382 4787 752 4857 πρωτοτόκοις
782 4786 949 4843 αὐτοῦ
971 4828 988 4853 ,
1019 4788 1103 4843 ὅτι
1131 4791 1214 4852 είς
1244 4789 1335 4843 τὸν
1366 4788 1541 4844 αἰῶνα
1574 4791 1638 4845 τὸ
1665 4791 1815 4857 ἕλεος

227 4881 420 4938 αὐτοῦ.
462 4900 481 4933 ι
518 4882 631 4935 Καὶ
676 4880 914 4936 ενταῦθα
953 4880 1058 4951 ἔφη
1086 4920 1103 4945 ,
1153 4899 1176 4934 ι
1222 4882 1309 4935 Ἐν
1335 4882 1383 4915 ⁸³
1416 4882 1495 4954 τῷ
1538 4884 1678 4937 ἐλέει
1717 4901 1813 4938 σου

228 4970 645 5044 ὲξολσθρεύσεις
670 4971 801 5035 τοὺς
834 4970 1066 5043 ἐχθρούς
1098 4987 1219 5043 μου.
1260 4971 1386 5025 1'0
1420 4972 1533 5044 γὰρ
1562 4974 1693 5044 περὶ
1718 4974 1813 5027 τὸν

227 5065 593 5137 ἀδικούμενον
620 5066 774 5129 ιλεος
799 5065 998 5133 ίπάγει
1028 5064 1108 5135 τῷ
1134 5064 1410 5121 ἀδικοῦντι
1437 5066 1532 5121 τὸν
1564 5065 1808 5139 ὄλεθρον.

230 5160 397 5215 Οὕτω
453 5159 551 5213 καὶ
603 5156 851 5230 γεωργὸς
905 5156 1131 5229 ἀριστος
1177 5155 1513 5229 προρρίζους
1567 5161 1666 5229 μιν
1714 5157 1817 5221 τὰς

231 5249 481 5314 ἀκάνθας
510 5249 786 5321 ἐκτέμνει,
821 5247 977 5321 ἄρδει
1000 5247 1059 5302 δὲ
1088 5249 1182 5301 καὶ
1212 5250 1452 5319 γεωργεῖ
1478 5249 1544 5303 τά
1579 5248 1740 5318 φυτά.

343 5497 373 5526 ι
408 5487 553 5546 Pent.
597 5505 799 5557 σχειν,
832 5491 922 5545 t0.

1916 4614 2061 4655 mam
2099 4614 2301 4661 meam,
2329 4596 2598 4665 quoniam
2636 4610 2737 4665 ego
2770 4608 2959 4647 servus
2991 4603 3119 4649 tuus
3156 4609 3300 4649 sum.
3335 4613 3353 4646 ι
3388 4594 3501 4652 Hoc

1915 4694 2079 4747 etiam
2114 4693 2169 4746 in
2216 4689 2519 4746 centesimo
2551 4687 2833 4741 tricesimo
2861 4687 3057 4754 quinto
3096 4690 3308 4755 psalmo
3334 4687 3492 4744 dixit.

1922 4806 1940 4838 ι
1983 4785 2087 4852 Qui
2139 4783 2415 4855 percussit
2457 4778 2754 4851 Egyptum
2806 4794 2931 4834 cum
2981 4780 3360 4851 primogenitis
3403 4797 3500 4837 eo-

1917 4894 2062 4942 rum,
2099 4876 2362 4946 quoniam
2415 4874 2467 4926 in
2504 4883 2769 4926 aeternum
2822 4871 3198 4926 misericordia
3246 4873 3367 4942 ejus
3394 4880 3441 4928 ι.
3472 4891 3503 4927 ι

1918 4970 1980 5022 Et
2021 4969 2127 5022 hoc
2156 4968 2211 5021 in
2248 4967 2370 5020 loco
2398 4965 2476 5019 ait
2510 4980 2524 5017 :
2555 4981 2573 5015 ι
2608 4963 2664 5016 in
2692 4963 3072 5018 misericordia
3100 4972 3189 5018 tua
3214 4964 3501 5035 disperde:

1919 5060 2174 5115 inimicos
2204 5072 2380 5114 meos.
2416 5074 2433 5108 ι
2464 5052 2596 5109 Nam
2622 5054 3006 5109 misericordia
3026 5069 3154 5126 erga
3178 5070 3304 5110 eum
3338 5054 3500 5111 adhic

1918 5153 2048 5216 hita,
2098 5151 2193 5222 qui
2242 5150 2441 5218 injuria
2485 5146 2739 5210 allicitur,
2773 5146 2976 5216 injuria
3007 5144 3259 5202 aﬂicienti
3308 5148 3499 5202 interi-

1919 5254 2032 5300 tum
2081 5244 2296 5314 inﬂigit.
2347 5242 2440 5298 Sic
2496 5240 2661 5296 etiam
2716 5239 2960 5309 Optimus
3008 5240 3253 5312 agricola
3299 5240 3500 5295 radici-

1925 5343 2014 5390 tus
2055 5335 2277 5404 quidem
2321 5333 2512 5404 spinas
2557 5329 2798 5394 excidit,
2844 5328 3037 5401 irrigat
3081 5338 3261 5385 autem
3292 5338 3345 5386 et
3373 5331 3502 5386 colit

1925 5427 2157 5499 plantas.

1340 5578 1573 5638 VARIE
1609 5579 2011 5639 LECTIONES'
2028 5580 2114 5638 ET
2146 5582 2381 5642 ΝΟΤᾸΞ.

304 5677 353 5709 ⁸⁸
384 5678 508 5733 Τῶν
542 5678 711 5747 ἀνθρ.
741 5676 864 5732 θοίιο
902 5675 926 5730 1
979 5672 1302 5747 ἀνθρώἶτων·

232 5752 278 5785 δ’
313 5750 537 5818 Θέλεις.
564 5748 699 5803 Ibid.
731 5747 910 5818 θέμις.

218 5851 303 5906 .-
333 5835 471 5903 σου.
508 5817 630 5881 Dee.
668 5819 719 5873 in
754 5817 874 5874 ccci.
928 5817 977 5869 Ι.

1404 5674 1449 5743 ξτ
1481 5675 1658 5743 Πρός.
1707 5674 1762 5729 In
1794 5684 1940 5729 textu
2008 5672 2117 5728 τῶν
2169 5676 2222 5728 0¹

1024 5742 1209 5815 ’θΤῇ.
1242 5744 1362 5802 cod.
1396 5742 1567 5800 Vatic.
1609 5746 1693 5815 τῇ.
1774 5746 1813 5777 ⁸¹
1848 5746 1978 5803 Καί.
2004 5743 2167 5802 Abest
2193 5761 2222 5801 a
2256 5742 2438 5804 cod.l.

2823 5671 3028 5727 “Kal.
3071 5670 3195 5727 cod.
3258 5670 3279 5727 t
3343 5670 3503 5741 πρός.

2288 5674 2543 5745 praet-edit
2593 5674 2697 5745 ὃτι.

3332 5743 3377 5774 ⁸³
3402 5743 3507 5795 ἐν

2525 5746 2570 5777 ⁸⁸
2601 5740 2743 5799 Sciit.
2781 5742 2857 5798 ib.
2890 5760 3078 5815 prtem.
3120 5744 3245 5813 σῆς.
