3996 6460
262 297 393 364 1961

1586 315 1662 375 [Ν
1702 315 1910 377 PSAL.
1943 316 2206 382 CXLIII.

3395 347 3534 416 1962

260 389 353 437 καὶ
376 386 754 458 περιέφραξας
782 391 1213 465 πολεμούμενον.
1244 398 1337 451 καὶ
1378 398 1595 471 ἐρῤύσω
1629 403 1815 474 πολιορ

3396 386 3533 416 ιυυζ.

1951 406 2181 471 petitum
2237 414 2569 485 munivistiy
2601 431 2656 477 et
2705 423 2993 483 obsessum
3051 429 3293 488 liberasti
3329 454 3345 490 :
3378 438 3432 493 in
3482 433 3542 494 te

256 477 546 548 κούμενον.
582 481 692 551 Τὴν
726 484 806 548 εἰς
838 486 897 538 σὲ
928 487 1108 542 τοίνυν
1144 489 1337 545 ἐλπίδα
1374 493 1563 563 σχήσω
1593 494 1840 564 βεϐαίαν.

259 587 279 619 ι
324 568 386 622 '0
425 569 753 627 ὑποτάσσων
782 576 873 629 τὸν
911 578 1039 632 λαόν
1079 598 1181 650 μου
1214 582 1305 636 ὑπ’
1336 584 1456 653 ἐμέ.
1500 605 1518 635 ι
1565 585 1734 639 Τοῦτο
1760 588 1840 657 τῷ

251 659 563 727 Ζοροϐάϐελ
591 664 878 736 ἁρμόττει,
906 670 1001 723 καὶ
1049 672 1223 744 Ἰησοῦ
1251 674 1331 745 τῷ
1357 678 1521 748 ἱερεῖο
1551 671 1695 733 οὗτοι
1731 681 1839 753 γὰρ

250 748 483 818 ἡγοῦντο
519 754 614 807 τοῦ
644 757 773 811 λαοῦ
804 762 1128 831 τηνικαῦτα.

318 849 422 912 γ¹.‹
449 845 645 918 Κύριε,
667 852 721 903 τί
738 854 885 906 ἐστιν
906 855 1212 928 ἅνθρωπος,
1241 860 1321 914 ὅτι
1351 861 1631 936 ἐγνώσθης
1653 864 1833 937 αὐτῷς

246 932 279 1003 ἢ
330 935 447 999 υίὸς
486 938 799 1011 ἀνθρώπου,
856 946 938 998 ὅτι
993 948 1187 1022 λογίζῃ
1242 953 1437 1020 αὑτόν;
1490 974 1509 1007 ι
1568 958 1713 1011 Ἀντὶ
1741 959 1835 1012 τοῦ

243 1026 575 1098 ἐγνώσθης,
603 1036 849 1104 γνωρίζῃ
872 1040 898 1092 ό
921 1039 1215 1114 Σύμμαχος
1237 1048 1571 1117 ἡρμήνευσε.
1597 1052 1832 1123 Σφόδρα,

244 1123 433 1190 φησὶν,
475 1125 689 1196 ἄγαμαι
738 1131 838 1201 τὴν
880 1131 1120 1206 ἄμετρόν
1160 1156 1252 1191 σου
1288 1140 1719 1213 φιλανθρωπίαν⁸
1752 1148 1834 1201 ὅτι

243 1210 379 1277 Θεὸς
428 1214 524 1281 ὣν,
577 1220 813 1274 καὶτῶν
851 1225 1111 1280 ἁπάντων
1154 1210 1508 1302 δημιουργὸς,
1562 1239 1833 1310 τοσαύτην

239 1304 335 1358 τοῦ
363 1302 617 1375 εὐτελοῦς
641 1312 835 1369 τούτου
862 1317 1003 1381 ζὼου
1040 1323 1367 1394 κηδεμονίαν
1395 1332 1523 1401 ποιῇ
1542 1346 1553 1360 ’
1580 1326 1699 1388 εἶτα
1733 1334 1831 1406 τῆς

239 1396 461 1467 φύσεως
487 1403 547 1455 τὸ
577 1407 841 1478 ἐπίκηρον
865 1411 1123 1468 δεικνύει.

302 1493 373 1548 δ’.
403 1513 423 1546 ‹
463 1496 785 1570 Ἀνθρωπος
831 1508 1154 1579 ματαιότητι
1195 1512 1475 1586 ὡμοιώθη,
1520 1517 1576 1570 al
1624 1518 1828 1589 ἡμέραι

232 1584 406 1639 αὑτοῦ
438 1587 571 1641 ὡσεὶ
614 1593 745 1647 σκιὰ
792 1599 1157 1668 παράγουσιν.
1193 1624 1211 1656 ι
1257 1606 1315 1659 '0
1349 1607 1663 1677 Θεοδοτίων,
1700 1614 1831 1677 ’.ειν-τ

233 1680 494 1747 θρωπος,
525 1685 711 1754 φησὶν,
744 1688 944 1758 ἀτμίδι
978 1693 1274 1765 ὡμοιώθηο
1328 1701 1356 1753 ό
1401 1702 1458 1754 δὲ
1505 1703 1824 1775 Σύμμαχος.

231 1770 420 1838 ἀτμῷ.
474 1774 671 1846 Ἀτμοῦ
718 1778 828 1850 γὰρ
856 1781 900 1812 ⁸⁸
938 1784 1096 1855 δίκην
1131 1792 1524 1860 συνισταμένου
1570 1770 1665 1848 καὶ
1711 1770 1826 1852 δια-

232 1860 500 1933 λυομένου
535 1867 734 1940 ῥᾳδίως
768 1872 1049 1943 φθείρεται
1093 1878 1205 1959 τῶν
1233 1883 1538 1955 ἀνθρώπων
1574 1888 1606 1959 ἡ
1638 1889 1819 1958 φύσις,

216 1954 330 2007 καὶ
366 1960 496 2027 σκιᾷ
526 1960 734 2015 τούτων
760 1966 788 2017 ό
826 1966 941 2036 βίος
975 1956 1374 2044 παραπλησίως
1401 1954 1605 2033 ὁδεύει·⁷
1633 1954 1820 2057 ἐπειδὴ

228 2046 377 2101 οὕτω
398 2049 445 2082 ⁸⁸
482 2051 638 2122 μέλει
666 2072 750 2109 σοι
777 2059 886 2112 τῶν
915 2064 1199 2135 ἐπικήρων
1226 2066 1551 2142 ἀνθρώπων.

299 2167 362 2215 ε’.
406 2183 425 2214 ι
457 2165 651 2236 Κύριε,
686 2168 865 2225 κλῖνον
900 2176 1163 2247 οὐρανούς
1187 2197 1302 2245 σου,
1328 2163 1435 2237 ⁸καὶ
1464 2187 1753 2259 κατάϐηθι.
1793 2209 1812 2244 ι

241 2253 628 2326 Ἀνθρωπίνως
666 2264 779 2326 τοῖς
810 2263 989 2333 λόγοις
1018 2270 1309 2341 ἐχρήσατο,
1348 2276 1446 2331 οὐκ
1479 2253 1691 2352 ούρανιίὸ
1717 2300 1818 2337 πε·-

227 2351 688 2421 ριγεγραμμένην
716 2354 814 2425 τὴν
841 2356 991 2412 θείαν
1016 2363 1177 2430 φύσιν
1203 2367 1380 2431 εἰδὼς,
1404 2370 1520 2423 ἀλλ’
1542 2374 1621 2436 εἰς
1643 2351 1817 2444 τιμωο

226 2441 353 2509 ρίαν
397 2442 507 2496 τῶν
543 2447 818 2519 πολεμίων
841 2452 885 2483 ⁸⁷
915 2455 1093 2507 καλῶν
1116 2457 1207 2510 τὸν
1237 2462 1552 2533 ἐπίκουρον.
1598 2485 1617 2517 ι
1646 2468 1816 2538 “Anim

224 2532 334 2585 τῶν
362 2536 556 2606 ὀρέων,
585 2540 679 2593 καὶ
712 2545 1194 2617 καπνισθήσονται.
1241 2571 1260 2604 ι
1298 2554 1469 2610 Τοῦτο
1499 2559 1607 2631 γὰρ
1632 2564 1726 2615 καὶ
1755 2565 1814 2618 ἑν

220 2622 301 2693 τῷ
331 2625 462 2697 Σινᾷ
493 2630 710 2698 ἐγένετο
735 2632 870 2705 δρει.
905 2636 977 2691 Τό
1007 2641 1119 2709 γὰρ
1155 2642 1317 2711 ὄρος,
1350 2622 1531 2719 φησὶν,
1562 2622 1813 2710 datumd-

221 2713 366 2774 ζετο.

292 2839 369 2896 ς’.
408 2851 426 2884 ι
455 2835 769 2909 ’Δστραψον
798 2843 1108 2917 ἀστραπὴν,
1151 2850 1248 2905 καὶ
1277 2861 1557 2927 σκορπιεῖς
1590 2862 1807 2930 αὐτοὺς,

220 2924 607 2989 ἐξαπέστειλαν
632 2932 700 2984 τὰ
725 2932 854 3006 βέλη
897 2954 1015 3003 σου,
1048 2943 1140 2993 καὶ
1171 2924 1442 3018 συνταρᾶξ

221 3019 507 3086 Εὐκτικῶς
526 3025 625 3093 μὲν
646 3030 974 3098 σχηματίζει
996 3036 1122 3099 τοὺς
1143 3036 1335 3106 λόγους
1351 3057 1365 3071 ο
1395 3045 1648 3115 προλέγει
1669 3019 1809 3104 δὲτὰ

218 3113 480 3181 ἐσόμενα,
527 3116 562 3170 ἃ
592 3116 678 3171 διὰ
698 3120 741 3151 ⁶⁸
773 3122 865 3175 τοῦ
916 3130 1199 3200 προφήτου
1250 3113 1507 3208 Ἰεζεκιῆλ
1552 3113 1810 3213 προείρη-

220 3220 314 3265 κεν
341 3208 370 3258 ὁ
402 3206 535 3271 Θεός
557 3225 570 3237 ’
606 3208 751 3265 οὕτω
780 3213 889 3285 γὰρ
924 3218 1169 3286 ἐκείνους
1209 3222 1455 3293 ἅπαντας

218 3309 251 3347 σ
255 3311 333 3353 εν.

1500 3233 1811 3288 κατανάλω-

288 3412 357 3477 ζ’.
389 3430 410 3465 t
453 3415 866 3482 Ἑξαπόστειλον
895 3422 994 3495 τὴν
1033 3429 1192 3499 χεῖρά
1225 3449 1318 3485 σου
1348 3433 1409 3499 ἐξ
1435 3434 1622 3506 ὕψους.
1657 3461 1675 3491 ι
1720 3444 1810 3496 Δια

216 3500 436 3555 δάσκων
467 3504 544 3569 ὡς
586 3508 780 3579 ἀρκεῖς
810 3512 854 3544 ⁶⁹
897 3514 1069 3568 νεύων
1110 3526 1416 3593 παρασχεῖν
1447 3500 1561 3593 τοῖς
1582 3500 1809 3586 *αἰτοῦσι

217 3595 315 3664 τὴν
347 3599 648 3670 σωτηρίαν.
682 3602 855 3672 Χεῷα
886 3606 943 3660 δέ
979 3609 1079 3680 τὴν
1103 3611 1387 3683 ἐνέργειαν
1418 3619 1698 3687 ἐκάλεσεν,
1734 3623 1810 3688 ὡς

217 3685 487 3752 πολλάκις
513 3690 839 3765 εἰρήκαμεν.
878 3716 897 3748 ι
950 3697 1164 3767 Ἐξελοῦ
1203 3721 1295 3774 με,
1323 3708 1418 3761 καὶ
1447 3710 1611 3779 ρὖαί
1648 3685 1714 3784 με
1749 3685 1811 3781 et:

217 3781 431 3835 ὑδάτων
463 3784 696 3841 πολλῶν.
737 3792 990 3846 »ηολλά
1030 3794 1221 3851 ὕδατα
1266 3802 1328 3853 τδ
1380 3801 1587 3873 πλῆθος
1646 3781 1808 3860 πολε·-

217 3874 361 3943 μίων
379 3876 427 3906 7°
462 3877 741 3938 ἐκάλεσεν.
776 3882 933 3939 Οὕτω
970 3887 1063 3940 καὶ
1085 3890 1144 3942 ἐν
1178 3891 1255 3963 τῷ
1294 3901 1413 3966 ρκγ¹
1441 3896 1547 3967 ἔφη
1583 3898 1805 3972 ψαλμῷ,

221 3984 241 4019 t
279 3968 602 4042 Χείμαρρον
624 3974 667 4004 ⁷¹
703 3974 916 4047 διῆλθεν
945 3981 977 4051 ἡ
1009 3981 1154 4056 ψυχὴ
1193 3987 1370 4058 ἡμῶν,
1408 3992 1468 4045 τὸ
1506 3991 1649 4065 ὕδωρ
1666 3968 1711 4026 τί
1746 3968 1808 4050 τὸ

214 4058 615 4116 ἀνυπόστατον.
674 4083 690 4115 ι
749 4066 858 4119 Καὶ
913 4068 1182 4129 διδάσκων
1237 4078 1318 4131 ὅτι
1361 4082 1639 4151 τροπικῶς
1680 4089 1807 4152 τοὺς

214 4150 450 4221 ἐχθροὺς
490 4154 661 4210 ὕδατα
704 4159 986 4228 ἐκάλεσεν,
1039 4167 1355 4239 ἐπήγαγεν·
1409 4193 1427 4226 ι
1488 4176 1584 4230 Ἐκ
1626 4150 1821 4251 χειρὸς

215 4244 353 4298 υἱῶν
379 4246 704 4320 ἀλλοτρίων.
732 4272 750 4305 ι
773 4254 1115 4328 Ἀλλοτρίους
1140 4261 1197 4315 δὲ
1230 4265 1447 4333 αὐτοὺς,
1480 4269 1577 4341 οὐχ
1712 4244 1807 4327 citit-

213 4334 504 4405 λοφύλους,
533 4340 649 4393 ἀλλ’
677 4341 752 4406 ὡς
774 4343 1055 4412 δυσσεϐεῖς
1082 4355 1541 4426 προσηγόρευσεν,

1942 495 2109 563 igitur
2142 500 2354 559 ﬁrmam
2389 523 2541 577 spem
2580 512 2759 584 ﬁgam.
2815 536 2834 569 ι
2877 518 2978 586 Qui
3030 525 3217 579 subdit
3266 532 3529 598 populum

1943 603 2126 645 meum
2158 596 2263 650 sub
2290 614 2397 653 me.
2431 621 2449 652 ι
2482 602 2594 661 Hoc
2616 606 2942 667 Zorobabeli
2968 619 3240 687 congruit,
3271 596 3532 699 otiosum

1941 686 2218 743 sacerdoti
2252 708 2266 745 :
2303 691 2357 744 hi
2393 697 2538 752 enim
2574 708 2706 757 tunc
2734 707 2997 775 populum
3028 714 3313 781 regebant.

2013 856 2181 915 Vens.
2213 862 2266 917 5.
2310 884 2329 915 ‹
2370 864 2619 938 Domine,
2650 876 2781 945 quid
2827 892 2911 934 est
2958 882 3143 951 homo,
3186 889 3314 958 quia
3364 892 3526 948 inno-

1940 949 2091 1004 tuisti
2130 952 2220 1007 ei?
2260 966 2356 1010 aut
2385 959 2529 1017 ﬁlius
2568 964 2830 1035 hominis,
2876 973 3000 1043 quia
3048 991 3267 1047 reputas
3295 985 3462 1038 eum?
3499 1006 3517 1038 ι

1940 1038 2046 1095 Pro
2079 1043 2389 1114 innotuisti,
2431 1051 2794 1123 Symmachus
2831 1070 3162 1134 cognosceris
3194 1070 3524 1145 interpreta-

1938 1140 2024 1188 tus
2058 1145 2161 1192 est.
2196 1139 2546 1215 Magnopere,
2584 1152 2679 1215 ait,
2711 1154 3037 1214 immensam
3090 1173 3239 1219 tuam
3269 1167 3524 1241 benigni-

1937 1231 2104 1281 tatem
2137 1231 2377 1289 admiror
2406 1256 2420 1293 ;
2450 1244 2596 1308 quod
2630 1261 2752 1299 cum
2801 1249 2944 1305 Deus
2997 1255 3108 1319 sis,
3164 1261 3523 1333 omniumque

1936 1319 2141 1388 opifex,
2197 1326 2357 1383 talem
2408 1330 2477 1387 de
2528 1334 2843 1405 hujusmodi
2906 1343 3000 1398 vili
3054 1349 3279 1406 animali
3330 1370 3520 1413 curam

1934 1427 2115 1480 geras.
2146 1415 2350 1475 Deinde
2383 1433 2594 1481 naturae
2625 1429 3056 1492 imbecillitatem
3086 1446 3347 1501 ostendit.

2009 1522 2172 1582 Vens.
2207 1530 2260 1585 4.
2310 1553 2328 1585 ι
2365 1534 2542 1594 Homo
2568 1544 2797 1599 vanitati
2828 1548 3030 1607 similis
3060 1552 3237 1612 factus
3268 1569 3371 1623 est,
3398 1560 3518 1619 dies

1932 1616 2053 1686 ejus
2082 1621 2225 1678 sicut
2255 1627 2451 1685 umbra
2485 1647 2836 1701 praetereunt.
2881 1661 2897 1692 ι
2939 1642 3284 1706 Theodotio:
3318 1648 3514 1724 Homo,

1861 1750 1904 1805 Β
1936 1709 2134 1780 inquit,
2159 1717 2491 1776 exhalationi
2518 1727 2713 1782 similis
2740 1742 2856 1796 est;
2893 1730 3278 1810 Symmachus,
3311 1750 3515 1816 vapori.

1931 1800 2066 1859 Nam
2116 1807 2294 1864 instar
2324 1816 2545 1884 vaporis
2577 1823 2890 1890 conglobati
2930 1800 2985 1881 et
3016 1830 3299 1903 dissoluti,
3334 1800 3518 1895 homi-

1929 1913 2057 1951 num
2100 1910 2296 1959 natura
2343 1908 2503 1964 facile
2533 1918 2938 1987 corrumpitur,
2986 1931 3042 1978 et
3091 1928 3302 1984 umbrae
3340 1932 3517 1989 instar

1924 1987 2123 2045 borum
2168 1994 2278 2049 vita
2322 1997 2569 2057 incedit:
2599 2009 2859 2076 quoniam
2904 2014 2983 2069 sic
3034 2017 3132 2073 tibi
3172 2022 3364 2080 caduci
3408 2027 3510 2081 lio—

1921 2080 2103 2139 mines
2136 2100 2281 2143 cura:
2312 2102 2460 2147 sunt.

1991 2196 2159 2255 Vens.
2193 2203 2246 2256 5.
2286 2222 2306 2256 ι
2346 2203 2597 2276 Domine,
2645 2213 2848 2271 inclina
2904 2221 3075 2276 caelos
3127 2233 3271 2292 tuos,
3305 2237 3361 2283 et
3409 2231 3515 2288 dti-~

1918 2294 2139 2349 scende.
2177 2314 2195 2346 ι
2255 2298 2554 2357 Hominum
2609 2322 2760 2363 more
2794 2310 3012 2368 locutus
3049 2326 3169 2379 est,
3220 2335 3328 2375 non
3365 2325 3510 2379 caelo

1919 2383 2160 2440 divinam
2200 2400 2455 2448 naturam
2490 2396 2964 2471 circumscriptam
3013 2423 3136 2463 esse
3168 2412 3369 2478 sciens,
3412 2416 3505 2471 sed

1918 2475 2224 2545 implorans
2304 2485 2614 2555 adjutoretn
2700 2493 2769 2547 ad
2838 2495 3082 2553 hostium
3148 2504 3503 2574 supplicium.

1922 2586 1941 2619 ι
1978 2568 2167 2643 Tange
2208 2588 2425 2633 montes
2451 2622 2465 2645 ,
2523 2591 2576 2637 et
2620 2582 2994 2656 fumigabunt.
3030 2611 3048 2642 ι
3103 2568 3397 2653 Hoc-enim
3450 2602 3505 2656 in

1916 2660 2067 2718 Sinai
2100 2678 2289 2725 monte
2336 2669 2542 2729 factum
2596 2687 2701 2733 est.
2751 2670 2893 2734 Nam
2945 2701 3115 2752 mons,
3153 2689 3266 2755 ait,
3320 2692 3505 2759 fuma-

1914 2753 2024 2809 bat.

1984 2872 2151 2933 Vens.
2184 2876 2238 2931 6.
2298 2896 2315 2930 ι
2348 2878 2586 2949 Fulgura
2638 2882 2826 2940 emitte
2877 2886 3087 2961 1555
3129 2907 3395 2965 corusca,
3450 2911 3506 2957 et

1446 2968 1527 3015 εις
1554 2955 1768 3021 αὐτούς.
1782 2979 1804 3011 ι

1932 2966 2208 3038 lissipabis
2258 2986 2398 3026 eos:
2434 2974 2623 3029 emitte
2665 2977 2894 3047 sagittas
2947 2990 3107 3047 tuas,
3176 2996 3230 3041 et
3280 2999 3505 3047 contur-

1840 3093 1884 3149 ο
1918 3056 2073 3112 babis
2114 3074 2229 3117 eos.
2272 3080 2290 3112 ι
2344 3059 2596 3132 Optando
2629 3054 2941 3123 sermonem
2983 3070 3207 3129 format.
3252 3074 3505 3139 Praadicit

1918 3162 2095 3206 autem
2154 3154 2377 3219 futura,
2434 3172 2557 3225 qua:
2611 3174 2709 3227 per
2769 3162 3095 3232 prophetam
3155 3166 3503 3244 Ezechielem

1917 3241 2055 3297 Deus
2087 3245 2353 3315 prazdixit.
2383 3246 2473 3302 Sic
2494 3248 2638 3304 enim
2672 3251 2791 3307 illos
2814 3268 3003 3310 onmes
3029 3263 3393 3334 consumpsit.

1991 3441 2157 3497 Vens.
2190 3442 2242 3498 7.
2291 3463 2309 3495 ι
2346 3443 2546 3502 Emitte
2582 3464 2806 3505 manum
2849 3464 2993 3509 tuam
3033 3473 3102 3513 ex
3133 3460 3269 3516 alto.
3328 3481 3347 3514 ι
3399 3463 3507 3520 Do-

1914 3551 2044 3592 cens
2081 3545 2133 3592 te
2168 3538 2289 3593 solo
2325 3548 2460 3594 nutu
2516 3557 2680 3612 posse
2723 3546 2956 3603 salutem
2990 3552 3235 3620 praebere
3267 3560 3505 3627 petenti-

1914 3628 2038 3685 bus.
2092 3629 2317 3685 Manum
2351 3644 2534 3689 autem
2578 3636 2684 3691 vim
2740 3639 2933 3710 agendi
2976 3644 3305 3715 appellavit,
3358 3652 3503 3709 sicut

1916 3738 2060 3793 saepe
2080 3723 2342 3780 diximus.
2380 3746 2398 3777 ι
2437 3724 2599 3795 Eripe
2641 3744 2765 3793 me,
2801 3741 2855 3784 et
2887 3732 3057 3787 libera
3112 3751 3200 3791 me
3234 3736 3302 3794 de
3341 3744 3501 3811 aquis

1915 3804 2123 3871 multis.
2164 3836 2182 3867 ι
2216 3817 2417 3873 Multas
2437 3835 2605 3889 aquas
2624 3819 2762 3875 dixit
2793 3822 3033 3879 hostium
3068 3828 3497 3890 multitudinem.

1916 3894 2008 3963 Sic
2034 3908 2197 3963 etiam
2230 3909 2284 3964 in
2319 3912 2625 3966 centesimo
2660 3914 2924 3972 vicesimo
2954 3918 3117 3974 tertio
3148 3922 3365 3990 psalmo
3387 3925 3497 3982 ait:

1920 4018 1938 4051 ι
1979 3998 2302 4056 Torrentem
2353 4004 2709 4073 pertransivit
2764 4007 2949 4065 anima
3012 4020 3242 4077 nostra,
3298 4030 3500 4102 aquam

1915 4086 2391 4148 intolerabilem'.
2432 4113 2450 4146 ›
2491 4092 2559 4148 Et
2594 4093 2798 4151 docens
2850 4112 2912 4153 se
2944 4113 3046 4169 per
3079 4086 3498 4160 similitudinem

1917 4183 2104 4239 hostes
2131 4198 2306 4254 aquas
2332 4201 2599 4253 vocasse,
2642 4188 2918 4245 subdidit:
2957 4208 2975 4242 ‹
3021 4190 3096 4245 Ex
3135 4207 3301 4248 manu
3352 4196 3499 4252 ﬁlio-

1913 4292 2034 4332 rum
2070 4278 2395 4335 alienorum.
2444 4300 2462 4332 ι
2498 4279 2727 4336 Alienos
2759 4297 2887 4337 vero
2910 4282 3052 4350 illos,
3088 4300 3200 4340 non
3238 4295 3498 4359 tanquam

1916 4367 2275 4438 alienigenas,
2309 4370 2402 4424 sed
2438 4383 2699 4442 tanquam
2739 4374 3203 4444 impios-vocavit.

284 4434 359 4496 η’.
387 4447 405 4481 ι
434 4421 535 4483 Ὧν
562 4430 624 4483 τὸ
645 4434 821 4505 στόμα
842 4437 1074 4511 ὲλάλησε
1107 4421 1468 4530 ματα-ιότητα.
1502 4468 1521 4501 ι
1556 4450 1808 4525 Βλασφη-

1977 4421 2008 4422 η
2309 4421 2401 4424 _-_
2441 4421 2699 4442 m1"---
2739 4421 2938 4444 ---γαν
2979 4421 3203 4435 ,νυ-η..

1985 4462 2153 4520 Vens.
2188 4464 2249 4519 8.
2291 4483 2308 4516 ι
2350 4464 2594 4532 Quorum
2632 4483 2695 4522 os
2728 4469 2969 4525 locutum
3003 4481 3087 4527 est
3125 4474 3441 4531 vanitatem.
3477 4497 3495 4531 ι

215 4517 397 4586 μίαις,
444 4523 599 4591 φησὶ,
632 4526 898 4592 Δέσποτα,
918 4532 1015 4602 τῆς
1040 4533 1085 4565 ⁷³
1132 4534 1234 4605 σῆς
1273 4528 1580 4611 ἐχρήσαντο

220 4626 239 4659 ι
278 4610 391 4663 Καὶ
426 4612 460 4682 ἡ
489 4611 641 4680 δεξιὰ
675 4616 876 4685 αὐτῶν,
904 4620 1055 4686 δεξιὰ
1081 4624 1348 4690 ἀδικίας.)
1387 4610 1514 4696 Τοῖς
1542 4634 1597 4689 δὲ
1624 4610 1806 4707 λόγοις

215 4701 512 4770 συμϐαίνει
557 4705 626 4758 τὰ
678 4708 1006 4777 πράγματα.
1039 4714 1251 4788 ’Ὠσπερ
1305 4722 1413 4791 γὰρ
1462 4726 1577 4787 τοῖς
1625 4701 1808 4796 λόγοις

214 4791 657 4865 βλασφημοῦσιν,
687 4800 830 4853 οὕτω
855 4806 967 4867 τοῖς
996 4804 1179 4875 ἔργοις
1207 4810 1502 4867 ἀδικοῦσιν.
1529 4815 1676 4889 Αὕτη

214 4887 403 4940 αὐτῶν
436 4890 469 4959 ἠ
500 4889 653 4956 δεξιὰ
688 4892 846 4948 οὐδὲν
885 4897 1181 4970 ἐργάζεται
1212 4903 1404 4974 δεξιὸν,
1435 4906 1549 4960 ἀλλ’
1590 4887 1805 4976 ἀδικίας

214 4979 462 5051 πέφηνεν
490 4982 741 5054 δργανον.

286 5179 354 5235 θ’.
395 5199 412 5232 ι
434 5179 497 5234 ’0
518 5179 672 5249 Θεὸς,
692 5182 835 5257 ᾠδὴν
863 5187 1054 5258 καινὴν
1085 5189 1287 5263 ᾅσομαί
1311 5210 1413 5258 σοι,
1434 5197 1491 5250 ὲν
1520 5197 1803 5275 ψαλτηρίῳ

212 5395 235 5423 ι
272 5382 422 5440 Psal.
460 5400 660 5453 cum,
689 5388 757 5454 4,
801 5388 858 5444 5.

1919 4558 1935 4577 "
1964 4554 2349 4625 Blasphemiis,
2384 4558 2599 4627 inquit,
2653 4558 2917 4627 Domine,
2964 4564 3232 4622 adversus
3266 4568 3498 4638 gloriam

1918 4656 2066 4701 tuam
2104 4647 2189 4702 usi
2222 4657 2369 4702 sunt.
2396 4668 2415 4700 ι
2454 4647 2520 4703 Ει
2548 4649 2771 4706 dextera
2799 4667 3016 4719 eorum,
3041 4655 3265 4713 dextera
3296 4659 3503 4729 iniqui-

1912 4739 2064 4793 tatis.
2126 4758 2145 4790 ι
2200 4736 2394 4794 Verbis
2466 4749 2648 4796 autem
2706 4744 3042 4813 respondent
3087 4761 3277 4817 opera.
3347 4748 3505 4808 Sicut

1916 4831 2062 4885 enim
2097 4831 2279 4886 verbis
2324 4832 2662 4903 blasphemis
2691 4835 3074 4906 detestantur,
3117 4841 3200 4897 sic
3237 4843 3502 4912 operibus

1910 4920 2112 4990 injuria
2164 4922 2426 4978 alliciunt.
2477 4923 2597 4995 ipsa
2655 4927 2805 4981 enim
2842 4944 3033 4985 eorum
3088 4932 3313 4989 dextera
3359 4934 3505 4990 nihil

1912 5018 2200 5072 dexterum
2266 5017 2476 5085 eiIicit,
2551 5020 2647 5075 sed
2713 5022 2996 5092 injustitiae
3066 5027 3504 5086 instrumentum

1909 5120 2013 5167 est.

1984 5200 2152 5258 Vens.
2188 5201 2243 5257 9.
2277 5219 2298 5255 ι
2351 5200 2497 5257 Deus
2538 5203 2816 5261 canticum
2866 5222 3072 5265 novum
3105 5211 3344 5268 cantabo
3375 5212 3496 5279 tibi,

1311 5553 1546 5610 VARIE
1588 5556 1972 5617 LECTIONES
2026 5562 2122 5615 ET
2164 5560 2399 5619 ΝΟΤᾸΕ.

286 5665 331 5700 ⁸⁵
360 5667 506 5736 reip.
569 5668 689 5723 cod.
913 5670 986 5749 _“
1016 5668 1214 5749 ρῦτω.ἒ
1348 5674 1793 5749 ρι’κιιημτοίνυν.

1948 5677 2084 5749 ,Τῶν
2134 5684 2347 5749 πτολεμ.
2382 5681 2505 5735 Des.
2556 5682 2607 5736 in
2666 5685 2790 5739 cod.
2822 5686 2873 5739 1.
2942 5684 2992 5718 ³⁸
3022 5686 3142 5739 Διά.
3195 5685 3252 5740 In
3309 5687 3487 5747 cod.l

250 5739 538 5810 rtemsatai.
628 5740 673 5771 ⁸⁸
738 5740 870 5794 ibid.
903 5739 1083 5809 ἀρκεῖ.
1172 5740 1437 5810 "ﬂosz

1446 5780 1460 5794 .
1479 5812 1483 5813 ν
1502 5742 1633 5797 ibid.
1667 5760 1855 5813 prtem.
1888 5748 2021 5804 τῶν.

2122 5750 2163 5781 ⁷³
2190 5751 2264 5806 ib.
2313 5752 2677 5826 χειμάρρουν.
2757 5756 2802 5788 τ’
2841 5756 2910 5811 Τὸ
2941 5755 3121 5824 ὕδωρ.
3153 5758 3230 5812 ib.
3297 5774 3466 5829 prth

250 5824 321 5879 ρα
368 5807 651 5881 διῆλθενὴ
705 5810 854 5882 ψυχὴ
886 5807 1062 5881 ἡμῶν.
1142 5810 1189 5842 ⁷⁸
1220 5809 1359 5877 Τῆς.
1391 5807 1512 5869 cod.
1558 5817 1581 5867 i
1623 5807 1810 5885 praem.
1860 5820 2020 5873 κατά.

613 5903 893 5966 Pnnoe.
925 5903 1042 5965 Gn.
1075 5904 1317 5970 LXXX.

3128 5914 3208 5980 62
